{"host":"3jjxuhjpio8e4zkv","time":1609466242,"event":{"mods":["BaseMod","Colored Map","Highlight Path","Minty Spire (QoL Compilation)","Permanent Neow","Relic Stats","StSLib"],"gold_per_floor":[119,130,142,160,210,210,222,232,232,247,279,291,317,361,373,385,385],"floor_reached":16,"playtime":536,"items_purged":[],"score":232,"play_id":"f06136ea-6444-4253-9746-c4793fb9d08c","local_time":"20201231205722","is_ascension_mode":true,"campfire_choices":[{"data":"Crippling Poison","floor":6,"key":"SMITH"},{"floor":12,"key":"REST"},{"data":"Dagger Spray","floor":15,"key":"SMITH"}],"circlet_count":0,"master_deck":["AscendersBane","Strike_G","Strike_G","Strike_G","Strike_G","Strike_G","Defend_G","Defend_G","Defend_G","Defend_G","Defend_G","Survivor","Neutralize","Flechettes","Crippling Poison+1","Bouncing Flask","Footwork","Noxious Fumes","Dagger Spray+1","Riddle With Holes"],"relics":["Ring of the Snake","Regal Pillow","Akabeko","MawBank","Nunchaku"],"acts_visited":["Exordium"],"potions_floor_usage":[3,4,11,14,14],"damage_taken":[{"damage":4,"enemies":"Jaw Worm","floor":1,"turns":6},{"damage":0,"enemies":"Cultist","floor":2,"turns":4},{"damage":1,"enemies":"Small Slimes","floor":3,"turns":3},{"damage":4,"enemies":"Red Slaver","floor":4,"turns":4},{"damage":4,"enemies":"Blue Slaver","floor":7,"turns":4},{"damage":6,"enemies":"Gremlin Gang","floor":8,"turns":3},{"damage":0,"enemies":"2 Fungi Beasts","floor":10,"turns":3},{"damage":18,"enemies":"Lagavulin","floor":11,"turns":5},{"damage":8,"enemies":"Lots of Slimes","floor":13,"turns":3},{"damage":8,"enemies":"Gremlin Nob","floor":14,"turns":3},{"damage":36,"enemies":"Slime Boss","floor":16,"turns":6}],"seed_played":"8154311721701616869","potions_obtained":[{"floor":1,"key":"FearPotion"},{"floor":2,"key":"Fire Potion"},{"floor":3,"key":"Dexterity Potion"},{"floor":7,"key":"DistilledChaos"},{"floor":10,"key":"Fire Potion"},{"floor":11,"key":"GamblersBrew"}],"is_trial":false,"path_per_floor":["M","M","M","M","?","R","M","M","T","M","E","R","M","E","R","B"],"character_chosen":"THE_SILENT","items_purchased":[],"campfire_rested":1,"item_purchase_floors":[],"current_hp_per_floor":[55,55,54,50,44,44,40,34,34,34,16,50,42,34,34,0,0],"gold":385,"neow_bonus":"RANDOM_COMMON_RELIC","is_daily":false,"chose_seed":false,"campfire_upgraded":2,"win_rate":0.0,"timestamp":1609466242,"path_taken":["M","M","M","M","?","R","M","M","T","M","E","R","?","E","R","BOSS"],"items_purchased_type":[],"build_version":"2020-12-22","purchased_purges":0,"victory":false,"max_hp_per_floor":[66,66,66,66,66,66,66,66,66,66,66,66,66,66,66,66,66],"relic_stats":{"Regal Pillow":15,"Nunchaku":[0],"counters":[11,44],"MawBank":60,"obtain_stats":[{"Regal Pillow":0,"Nunchaku":14,"MawBank":11,"Akabeko":9,"Ring of the Snake":0},{"Regal Pillow":0,"Nunchaku":10,"MawBank":8,"Akabeko":6,"Ring of the Snake":0},{"Regal Pillow":0,"Nunchaku":38,"MawBank":32,"Akabeko":24,"Ring of the Snake":0}],"Ring of the Snake":[22]},"card_choices":[{"not_picked":["Calculated Gamble","PiercingWail","Outmaneuver"],"picked":"SKIP","floor":1},{"not_picked":["Heel Hook","Accuracy"],"picked":"Flechettes","floor":2},{"not_picked":["Underhanded Strike","Concentrate","Choke"],"picked":"SKIP","floor":3},{"not_picked":["Bane","Caltrops"],"picked":"Crippling Poison","floor":4},{"not_picked":["All Out Attack","Prepared"],"picked":"Bouncing Flask","floor":7},{"not_picked":["Underhanded Strike","Deflect"],"picked":"Footwork","floor":8},{"not_picked":["Endless Agony","Poisoned Stab","Choke"],"picked":"SKIP","floor":10},{"not_picked":["Tactician","Flying Knee"],"picked":"Noxious Fumes","floor":11},{"not_picked":["Dodge and Roll","Outmaneuver"],"picked":"Dagger Spray","floor":13},{"not_picked":["Prepared","Bullet Time"],"picked":"Riddle With Holes","floor":14}],"player_experience":1152485,"relics_obtained":[{"floor":9,"key":"Akabeko"},{"floor":11,"key":"MawBank"},{"floor":14,"key":"Nunchaku"}],"event_choices":[{"damage_healed":0,"gold_gain":50,"player_choice":"Touch","damage_taken":6,"max_hp_gain":0,"max_hp_loss":0,"event_name":"FaceTrader","floor":5,"gold_loss":0}],"is_beta":false,"boss_relics":[],"items_purged_floors":[],"is_endless":false,"potions_floor_spawned":[1,2,3,7,10,11],"killed_by":"Slime Boss","ascension_level":20}}