{"host":"z9811rt50ti81n54","time":1609505954,"event":{"mods":["BaseMod","Minty Spire (QoL Compilation)","Relic Stats"],"gold_per_floor":[115,290,290,20,35,35,103,103,103,12,12,77,77,91,91,91,91],"floor_reached":16,"playtime":284,"items_purged":["Doubt"],"score":86,"play_id":"88b5bc3b-b052-49c7-aaac-4af89b1f06fb","local_time":"20210101215914","is_ascension_mode":false,"campfire_choices":[{"data":"Combust","floor":6,"key":"SMITH"},{"data":"Rupture","floor":8,"key":"SMITH"},{"data":"Rampage","floor":13,"key":"SMITH"},{"data":"Armaments","floor":15,"key":"SMITH"}],"circlet_count":0,"master_deck":["Strike_R","Strike_R","Defend_R","Defend_R","Defend_R","Defend_R","Bash","Rupture+1","Combust+1","Second Wind","Hemokinesis","Fire Breathing","Wild Strike","Rampage+1","Bloodletting","Shrug It Off","Thunderclap","Armaments+1"],"relics":["Burning Blood","Juzu Bracelet","Regal Pillow"],"acts_visited":["Exordium"],"potions_floor_usage":[16],"damage_taken":[{"damage":1,"enemies":"Small Slimes","floor":1,"turns":3},{"damage":4,"enemies":"2 Louse","floor":5,"turns":2},{"damage":40,"enemies":"Lagavulin Event","floor":12,"turns":6},{"damage":3,"enemies":"Cultist","floor":14,"turns":2},{"damage":38,"enemies":"The Guardian","floor":16,"turns":4}],"seed_played":"-5481518189817204269","potions_obtained":[{"floor":14,"key":"Weak Potion"}],"is_trial":false,"path_per_floor":["M","?","?","$","M","R","?","R","T","$","?","?","R","M","R","B"],"character_chosen":"IRONCLAD","items_purchased":["Hemokinesis","Fire Breathing","Wild Strike","Bloodletting","Shrug It Off"],"campfire_rested":0,"item_purchase_floors":[4,4,4,10,10],"current_hp_per_floor":[61,61,66,66,68,68,68,68,68,68,68,34,34,37,37,0,0],"gold":91,"neow_bonus":"TRANSFORM_TWO_CARDS","is_daily":false,"chose_seed":false,"campfire_upgraded":4,"win_rate":0.0,"timestamp":1609505954,"path_taken":["M","?","?","$","M","R","?","R","T","$","?","?","R","M","R","BOSS"],"items_purchased_type":["Card","Card","Card","Card","Card"],"build_version":"2020-12-22","purchased_purges":1,"victory":false,"max_hp_per_floor":[80,80,85,85,85,85,85,85,85,85,85,85,85,85,85,85,85],"relic_stats":{"Regal Pillow":0,"counters":[5,17],"Juzu Bracelet":1,"obtain_stats":[{"Regal Pillow":12,"Juzu Bracelet":9,"Burning Blood":0},{"Regal Pillow":3,"Juzu Bracelet":2,"Burning Blood":0},{"Regal Pillow":11,"Juzu Bracelet":5,"Burning Blood":0}],"Burning Blood":24},"card_choices":[{"not_picked":["Flex","Fire Breathing"],"picked":"Second Wind","floor":1},{"not_picked":["Second Wind","Warcry"],"picked":"Rampage","floor":5},{"not_picked":["True Grit","Blood for Blood"],"picked":"Thunderclap","floor":12},{"not_picked":["Thunderclap","Flex"],"picked":"Armaments","floor":14}],"player_experience":266350,"relics_obtained":[{"floor":9,"key":"Juzu Bracelet"},{"floor":12,"key":"Regal Pillow"}],"event_choices":[{"damage_healed":0,"gold_gain":175,"player_choice":"AGREE","damage_taken":0,"max_hp_gain":0,"max_hp_loss":0,"event_name":"Liars Game","floor":2,"gold_loss":0,"cards_obtained":["Doubt"]},{"damage_healed":0,"gold_gain":0,"player_choice":"Donut","damage_taken":0,"max_hp_gain":5,"max_hp_loss":0,"event_name":"Big Fish","floor":3,"gold_loss":0},{"damage_healed":0,"gold_gain":68,"player_choice":"Gained Gold","damage_taken":0,"max_hp_gain":0,"max_hp_loss":0,"event_name":"Golden Wing","floor":7,"gold_loss":0},{"cards_removed":["Strike_R"],"damage_healed":0,"gold_gain":0,"player_choice":"Purged","damage_taken":0,"max_hp_gain":0,"max_hp_loss":0,"event_name":"Purifier","floor":11,"gold_loss":0},{"damage_healed":0,"gold_gain":0,"player_choice":"Searched \u00271\u0027 times","damage_taken":0,"max_hp_gain":0,"max_hp_loss":0,"event_name":"Dead Adventurer","floor":12,"gold_loss":0}],"is_beta":false,"boss_relics":[],"items_purged_floors":[4],"is_endless":false,"potions_floor_spawned":[14],"killed_by":"The Guardian","ascension_level":0}}