{"host":"u7lm8z2rvb4dg2oo","time":1609484324,"event":{"mods":["AchievementEnabler","BaseMod","Colored Map","Colored Powertips","Curses Come First","Googly Eyes","Highlight Path","Minty Spire (QoL Compilation)","Quick Restart","StSLib"],"gold_per_floor":[113,131,231,242,258,258,116,116,116,116,144,75,105,119,119,214,214,224,244,4,4,4,4],"floor_reached":22,"playtime":724,"items_purged":["Strike_P"],"score":274,"play_id":"e0e62c06-407f-4e0c-86d2-122911fdbd65","local_time":"20210101015844","is_ascension_mode":true,"campfire_choices":[{"data":"Tantrum","floor":6.0,"key":"SMITH"},{"data":"Ragnarok","floor":8.0,"key":"SMITH"},{"data":"Eruption","floor":10.0,"key":"SMITH"},{"data":"Vault","floor":15.0,"key":"SMITH"}],"circlet_count":0,"master_deck":["Strike_P","Strike_P","Strike_P","Defend_P","Defend_P","Defend_P","Defend_P","Eruption+1","Vigilance","SandsOfTime","Tantrum+1","Ragnarok+1","Wireheading","WindmillStrike","Vault+1","WreathOfFlame","DevaForm","CutThroughFate+1"],"relics":["PureWater","NeowsBlessing","Ornamental Fan","Shovel","Shuriken","Runic Pyramid","Bottled Flame","MutagenicStrength"],"acts_visited":["Exordium","TheCity"],"potions_floor_usage":[],"damage_taken":[{"damage":0.0,"enemies":"Cultist","floor":1.0,"turns":1.0},{"damage":0.0,"enemies":"Jaw Worm","floor":2.0,"turns":1.0},{"damage":0.0,"enemies":"2 Louse","floor":4.0,"turns":1.0},{"damage":0.0,"enemies":"Blue Slaver","floor":5.0,"turns":4.0},{"damage":0.0,"enemies":"3 Sentries","floor":11.0,"turns":3.0},{"damage":30.0,"enemies":"Lagavulin","floor":13.0,"turns":3.0},{"damage":0.0,"enemies":"Large Slime","floor":14.0,"turns":2.0},{"damage":29.0,"enemies":"The Guardian","floor":16.0,"turns":7.0},{"damage":9.0,"enemies":"Shell Parasite","floor":18.0,"turns":3.0},{"damage":21.0,"enemies":"2 Thieves","floor":19.0,"turns":4.0},{"damage":18,"enemies":"Centurion and Healer","floor":22,"turns":3}],"seed_played":"-4771571164750319878","potions_obtained":[{"floor":1.0,"key":"StancePotion"},{"floor":2.0,"key":"Block Potion"},{"floor":13.0,"key":"Ancient Potion"},{"floor":14.0,"key":"Swift Potion"}],"is_trial":false,"path_per_floor":["M","M","?","M","M","R","$","R","T","R","E","$","E","M","R","B",null,"M","M","$","?","M"],"character_chosen":"WATCHER","items_purchased":["Ragnarok","WindmillStrike","Bottled Flame"],"campfire_rested":0,"item_purchase_floors":[7,12,20],"current_hp_per_floor":[72,72,72,72,72,72,72,72,72,72,72,72,42,42,42,13,57,48,27,27,27,9,9],"gold":4,"neow_bonus":"THREE_ENEMY_KILL","is_daily":false,"chose_seed":false,"campfire_upgraded":4,"win_rate":0.0,"timestamp":1609484324,"path_taken":["M","?","?","?","M","R","?","R","T","R","E","$","E","M","R","BOSS","M","M","$","?","M"],"items_purchased_type":["Card","Card","Relic"],"build_version":"2020-12-22","purchased_purges":1,"victory":false,"max_hp_per_floor":[72,72,72,72,72,72,72,72,72,72,72,72,72,72,72,72,72,72,72,72,72,72,72],"card_choices":[{"not_picked":["Nirvana","LikeWater","WaveOfTheHand"],"picked":"SKIP","floor":1.0},{"not_picked":["BowlingBash","SignatureMove","LikeWater"],"picked":"SKIP","floor":2.0},{"not_picked":["Worship","Prostrate"],"picked":"SandsOfTime","floor":4.0},{"not_picked":["JustLucky","FollowUp"],"picked":"Tantrum","floor":5.0},{"not_picked":["SignatureMove","CrushJoints"],"picked":"Wireheading","floor":11.0},{"not_picked":["PathToVictory","FlyingSleeves"],"picked":"Vault","floor":13.0},{"not_picked":["SashWhip","Evaluate"],"picked":"WreathOfFlame","floor":14.0},{"not_picked":["Judgement","Alpha"],"picked":"DevaForm","floor":16.0},{"not_picked":["FlurryOfBlows+1","Meditate+1"],"picked":"CutThroughFate+1","floor":18.0},{"not_picked":["CutThroughFate","BowlingBash","Perseverance+1"],"picked":"SKIP","floor":19.0}],"player_experience":1023881,"relics_obtained":[{"floor":9.0,"key":"Ornamental Fan"},{"floor":11.0,"key":"Shovel"},{"floor":13.0,"key":"Shuriken"}],"event_choices":[{"damage_healed":0.0,"max_hp_gain":0.0,"max_hp_loss":0.0,"gold_gain":100.0,"event_name":"Golden Shrine","player_choice":"Pray","floor":3.0,"gold_loss":0.0,"damage_taken":0.0},{"damage_healed":0.0,"max_hp_gain":0.0,"max_hp_loss":0.0,"gold_gain":0.0,"event_name":"Drug Dealer","player_choice":"Inject Mutagens","floor":21.0,"gold_loss":0.0,"damage_taken":0.0,"relics_obtained":["MutagenicStrength"]}],"is_beta":false,"boss_relics":[{"not_picked":["Tiny House","Cursed Key"],"picked":"Runic Pyramid"}],"items_purged_floors":[7],"is_endless":false,"potions_floor_spawned":[1,2,13,14],"killed_by":"Centurion and Healer","ascension_level":5}}