{"host":"2se5dq1do2gp0x9k","time":1609477480,"event":{"mods":["AchievementEnabler","BaseMod","Block Reminder","Colored Map","Colored Powertips","Minty Spire (QoL Compilation)","Relic Stats","StSLib","SuperFastMode"],"gold_per_floor":[361,361,228,248,248,278,278,308,308,308,339,354,354,365,365,436,436,455,455,474,524,57,57,112,112,112,172,207,243,243,285,285,383,383,402,402,467,184,244,244,244],"floor_reached":40,"playtime":1583,"items_purged":["Normality","Strike_B","Strike_B"],"score":938,"play_id":"ed090b9a-555d-4532-b688-cad6b739d29a","local_time":"20201231210440","is_ascension_mode":true,"campfire_choices":[{"data":"Beam Cell","floor":7.0,"key":"SMITH"},{"data":"Barrage","floor":10.0,"key":"SMITH"},{"floor":13.0,"key":"REST"},{"data":"Zap","floor":15.0,"key":"SMITH"},{"data":"HandOfGreed","floor":23.0,"key":"SMITH"},{"data":"Coolheaded","floor":25.0,"key":"SMITH"},{"floor":30.0,"key":"RECALL"},{"floor":32.0,"key":"REST"}],"circlet_count":0,"master_deck":["AscendersBane","Strike_B","Defend_B","Defend_B","Defend_B","Defend_B","Zap+1","Dualcast","Barrage+1","Cold Snap","Barrage","Undo","Beam Cell+1","Glacier","Rebound","Ball Lightning","Turbo","Echo Form","Coolheaded+1","HandOfGreed+1","Force Field","Electrodynamics","Defragment","Doom and Gloom"],"relics":["Cracked Core","Symbiotic Virus","Boot","Bag of Marbles","Pen Nib","Snecko Eye","Enchiridion","Lee\u0027s Waffle","Singing Bowl","Ornamental Fan","Potion Belt","SlaversCollar"],"acts_visited":["Exordium","TheCity","TheBeyond"],"potions_floor_usage":[33,33,40],"damage_taken":[{"damage":7.0,"enemies":"Small Slimes","floor":1.0,"turns":3.0},{"damage":6.0,"enemies":"2 Louse","floor":4.0,"turns":3.0},{"damage":27.0,"enemies":"3 Sentries","floor":6.0,"turns":8.0},{"damage":6.0,"enemies":"Gremlin Nob","floor":8.0,"turns":3.0},{"damage":5.0,"enemies":"3 Sentries","floor":11.0,"turns":5.0},{"damage":0.0,"enemies":"Cultist","floor":12.0,"turns":3.0},{"damage":6.0,"enemies":"Looter","floor":14.0,"turns":2.0},{"damage":19.0,"enemies":"The Guardian","floor":16.0,"turns":10.0},{"damage":19.0,"enemies":"Shell Parasite","floor":18.0,"turns":4.0},{"damage":3.0,"enemies":"Spheric Guardian","floor":20.0,"turns":3.0},{"damage":17.0,"enemies":"Slavers","floor":24.0,"turns":4.0},{"damage":5.0,"enemies":"Book of Stabbing","floor":27.0,"turns":4.0},{"damage":15.0,"enemies":"Snake Plant","floor":28.0,"turns":4.0},{"damage":1.0,"enemies":"Centurion and Healer","floor":29.0,"turns":5.0},{"damage":16.0,"enemies":"Sentry and Sphere","floor":31.0,"turns":5.0},{"damage":45,"enemies":"Automaton","floor":33,"turns":10},{"damage":20,"enemies":"3 Darklings","floor":35,"turns":8},{"damage":0,"enemies":"3 Shapes","floor":37,"turns":4},{"damage":8,"enemies":"Sphere and 2 Shapes","floor":39,"turns":8},{"damage":95,"enemies":"Giant Head","floor":40,"turns":9}],"seed_played":"211692146220374478","potions_obtained":[{"floor":1.0,"key":"Swift Potion"},{"floor":6.0,"key":"FearPotion"},{"floor":11.0,"key":"Explosive Potion"},{"floor":20.0,"key":"Ancient Potion"},{"floor":28.0,"key":"FocusPotion"},{"floor":29.0,"key":"SteroidPotion"},{"floor":33,"key":"Regen Potion"},{"floor":36,"key":"Swift Potion"},{"floor":36,"key":"ColorlessPotion"}],"is_trial":false,"path_per_floor":["M","?","$","M","?","E","R","E","T","R","E","M","R","M","R","B",null,"M","?","M","?","$","R","E","R","T","E","M","M","R","M","R","B",null,"M","?","M","$","M","E"],"character_chosen":"DEFECT","items_purchased":["Cold Snap","Lee\u0027s Waffle","HandOfGreed","Defragment","Doom and Gloom"],"campfire_rested":2,"item_purchase_floors":[3,22,22,38,38],"current_hp_per_floor":[57,62,62,56,56,29,29,23,23,23,18,18,40,34,34,15,61,42,21,18,18,83,83,68,68,68,65,50,51,51,37,64,19,73,55,55,57,57,51,0,0],"gold":244,"neow_bonus":"TWO_FIFTY_GOLD","is_daily":false,"chose_seed":false,"campfire_upgraded":5,"win_rate":0.0,"timestamp":1609477480,"path_taken":["M","?","$","M","?","E","R","E","T","R","E","M","R","M","R","BOSS","M","?","M","?","$","R","E","R","T","E","M","M","R","?","R","BOSS","M","?","M","$","M","E"],"items_purchased_type":["Card","Relic","Card","Card","Card"],"build_version":"2020-12-22","purchased_purges":3,"victory":false,"max_hp_per_floor":[71,76,76,76,76,76,76,76,76,76,76,76,76,76,76,76,76,76,76,76,76,83,83,85,85,85,87,87,89,89,91,91,91,91,93,93,95,95,97,97,97],"relic_stats":{"Lee\u0027s Waffle":65,"Singing Bowl":14,"counters":[20,105],"Ornamental Fan":[60],"Snecko Eye":[121,118,101,112],"Pen Nib":[13],"Boot":[42],"obtain_stats":[{"Potion Belt":27,"SlaversCollar":34,"Lee\u0027s Waffle":22,"Singing Bowl":24,"Ornamental Fan":26,"Snecko Eye":17,"Enchiridion":19,"Pen Nib":11,"Bag of Marbles":9,"Cracked Core":0,"Symbiotic Virus":6,"Boot":8},{"Potion Belt":12,"SlaversCollar":16,"Lee\u0027s Waffle":10,"Singing Bowl":11,"Ornamental Fan":11,"Snecko Eye":8,"Enchiridion":9,"Pen Nib":5,"Bag of Marbles":4,"Cracked Core":0,"Symbiotic Virus":3,"Boot":4},{"Potion Belt":52,"SlaversCollar":76,"Lee\u0027s Waffle":44,"Singing Bowl":48,"Ornamental Fan":48,"Snecko Eye":37,"Enchiridion":41,"Pen Nib":22,"Bag of Marbles":17,"Cracked Core":0,"Symbiotic Virus":14,"Boot":17}]},"card_choices":[{"not_picked":["Go for the Eyes","BootSequence"],"picked":"Barrage","floor":1.0},{"not_picked":["Undo","FTL"],"picked":"Barrage","floor":4.0},{"not_picked":["Go for the Eyes","Reprogram"],"picked":"Beam Cell","floor":6.0},{"not_picked":["Barrage","Beam Cell"],"picked":"Glacier","floor":8.0},{"not_picked":["Heatsinks","Redo"],"picked":"Rebound","floor":11.0},{"not_picked":["Genetic Algorithm","Storm"],"picked":"Ball Lightning","floor":12.0},{"not_picked":["Redo","Darkness"],"picked":"Turbo","floor":14.0},{"not_picked":["Machine Learning","Seek"],"picked":"Echo Form","floor":16.0},{"not_picked":["Go for the Eyes","White Noise","Ball Lightning"],"picked":"SKIP","floor":18.0},{"not_picked":["Streamline","Reprogram"],"picked":"Coolheaded","floor":20.0},{"not_picked":["Storm","Steam Power","Tempest"],"picked":"Singing Bowl","floor":24.0},{"not_picked":["Scrape","Aggregate","Rebound"],"picked":"Singing Bowl","floor":27.0},{"not_picked":["Ball Lightning","Conserve Battery"],"picked":"Force Field","floor":28.0},{"not_picked":["Gash","Coolheaded","White Noise"],"picked":"Singing Bowl","floor":29.0},{"not_picked":["Gash","Hyperbeam","Cold Snap"],"picked":"Singing Bowl","floor":31.0},{"not_picked":["Multi-Cast","Core Surge"],"picked":"Electrodynamics","floor":33},{"not_picked":["Compile Driver","Beam Cell","Scrape"],"picked":"Singing Bowl","floor":35},{"not_picked":["Lockon+1","Conserve Battery","Scrape"],"picked":"Singing Bowl","floor":37},{"not_picked":["Cold Snap+1","Leap","Steam"],"picked":"Singing Bowl","floor":39}],"player_experience":3684714,"relics_obtained":[{"floor":6.0,"key":"Symbiotic Virus"},{"floor":8.0,"key":"Boot"},{"floor":9.0,"key":"Bag of Marbles"},{"floor":11.0,"key":"Pen Nib"},{"floor":19.0,"key":"Enchiridion"},{"floor":24.0,"key":"Singing Bowl"},{"floor":26.0,"key":"Ornamental Fan"},{"floor":27.0,"key":"Potion Belt"}],"event_choices":[{"damage_healed":0.0,"max_hp_gain":5.0,"max_hp_loss":0.0,"gold_gain":0.0,"event_name":"Big Fish","player_choice":"Donut","floor":2.0,"gold_loss":0.0,"damage_taken":0.0},{"damage_healed":0.0,"max_hp_gain":0.0,"max_hp_loss":0.0,"gold_gain":0.0,"cards_transformed":["Strike_B"],"event_name":"Living Wall","player_choice":"Change","floor":5.0,"gold_loss":0.0,"damage_taken":0.0,"cards_obtained":["Undo"]},{"damage_healed":0.0,"max_hp_gain":0.0,"max_hp_loss":0.0,"gold_gain":0.0,"event_name":"Cursed Tome","player_choice":"Obtained Book","floor":19.0,"gold_loss":0.0,"damage_taken":21.0},{"damage_healed":0.0,"max_hp_gain":0.0,"max_hp_loss":0.0,"gold_gain":100.0,"event_name":"The Joust","player_choice":"Bet on Murderer","floor":21.0,"gold_loss":50.0,"damage_taken":0.0},{"damage_healed":0,"gold_gain":0,"player_choice":"Got Potions","damage_taken":0,"max_hp_gain":0,"max_hp_loss":0,"event_name":"Lab","floor":36,"gold_loss":0}],"is_beta":false,"boss_relics":[{"not_picked":["Fusion Hammer","Astrolabe"],"picked":"Snecko Eye"},{"not_picked":["Runic Dome","Philosopher\u0027s Stone"],"picked":"SlaversCollar"}],"items_purged_floors":[3,22,38],"is_endless":false,"potions_floor_spawned":[1,6,8,11,20,28,29,31,33],"killed_by":"Giant Head","ascension_level":20}}