{"host":"31s8hzukbhz1k6i6","time":1609460530,"event":{"mods":["AchievementEnabler","BaseMod","Bestiary","Colored Map","Filter the Spire","Minty Spire (QoL Compilation)","Relic Stats","UnlockEverythingMod","ojb\u0027s Info Mod"],"gold_per_floor":[110,120,120,134,8,8,39,39,93,113,113,113,63,95,95,191,191,206,223,65,65,78,78,105,105,151,151,184,184,184],"floor_reached":29,"playtime":1152,"items_purged":["Strike_R"],"score":404,"play_id":"8c534272-db06-4a5e-b6de-d54fb4659294","local_time":"20201231162210","is_ascension_mode":true,"campfire_choices":[{"data":"Juggernaut","floor":6,"key":"SMITH"},{"data":"Pommel Strike","floor":8,"key":"SMITH"},{"data":"Rage","floor":12,"key":"SMITH"},{"data":"Shrug It Off","floor":15,"key":"SMITH"},{"data":"Offering","floor":23,"key":"SMITH"}],"circlet_count":0,"master_deck":["AscendersBane","Defend_R","Defend_R","Bash","Brutality+1","Shockwave+1","Iron Wave+1","Dropkick","Shrug It Off+1","Juggernaut+1","Pommel Strike+1","Rage+1","Dropkick","Reaper","Offering+1","Disarm+1","Pommel Strike+1"],"relics":["Astrolabe","CultistMask","Ancient Tea Set","Pen Nib","Bag of Preparation","Empty Cage","Ginger","PreservedInsect"],"acts_visited":["Exordium","TheCity"],"potions_floor_usage":[16],"damage_taken":[{"damage":7,"enemies":"2 Louse","floor":1,"turns":4},{"damage":0,"enemies":"Cultist","floor":2,"turns":3},{"damage":6,"enemies":"Small Slimes","floor":4,"turns":4},{"damage":14,"enemies":"Lagavulin","floor":7,"turns":7},{"damage":4,"enemies":"Exordium Thugs","floor":10,"turns":3},{"damage":7,"enemies":"Gremlin Nob","floor":14,"turns":3},{"damage":7,"enemies":"Hexaghost","floor":16,"turns":6},{"damage":9,"enemies":"Spheric Guardian","floor":18,"turns":4},{"damage":28,"enemies":"Chosen","floor":19,"turns":5},{"damage":8,"enemies":"Centurion and Healer","floor":22,"turns":4},{"damage":9,"enemies":"Gremlin Leader","floor":24,"turns":2},{"damage":15,"enemies":"Book of Stabbing","floor":28,"turns":4},{"damage":45,"enemies":"Snake Plant","floor":29,"turns":3}],"seed_played":"-7346144695217600179","potions_obtained":[{"floor":1,"key":"ColorlessPotion"},{"floor":2,"key":"BlessingOfTheForge"},{"floor":10,"key":"DuplicationPotion"},{"floor":18,"key":"GamblersBrew"}],"is_trial":false,"path_per_floor":["M","M","?","M","$","R","E","R","T","M","?","R","?","E","R","B",null,"M","M","$","?","M","R","E","?","T","?","E","M"],"character_chosen":"IRONCLAD","items_purchased":["Pommel Strike","Offering"],"campfire_rested":0,"item_purchase_floors":[5,20],"current_hp_per_floor":[65,65,65,59,59,59,45,45,45,41,41,41,41,34,34,27,67,62,42,42,42,46,46,41,41,41,41,32,0,0],"gold":184,"neow_bonus":"BOSS_RELIC","is_daily":false,"chose_seed":false,"campfire_upgraded":5,"win_rate":0.0,"timestamp":1609460530,"path_taken":["M","M","?","M","?","R","E","R","T","M","?","R","?","E","R","BOSS","M","M","$","?","M","R","E","?","T","?","E","?"],"items_purchased_type":["Card","Card"],"build_version":"2020-12-22","purchased_purges":1,"victory":false,"max_hp_per_floor":[80,80,80,80,80,80,80,80,80,80,80,80,80,80,80,80,80,80,80,80,80,80,80,80,80,80,80,80,80,80],"relic_stats":{"counters":[13,52],"Astrolabe":["Brutality","Shockwave","Iron Wave"],"Pen Nib":[8],"PreservedInsect":0,"Bag of Preparation":[14],"Ginger":[2],"obtain_stats":[{"Astrolabe":0,"CultistMask":3,"Pen Nib":9,"PreservedInsect":28,"Bag of Preparation":14,"Ginger":24,"Ancient Tea Set":7,"Empty Cage":17,"Burning Blood":0},{"Astrolabe":0,"CultistMask":2,"Pen Nib":4,"PreservedInsect":12,"Bag of Preparation":6,"Ginger":11,"Ancient Tea Set":4,"Empty Cage":7,"Burning Blood":0},{"Astrolabe":0,"CultistMask":7,"Pen Nib":18,"PreservedInsect":49,"Bag of Preparation":24,"Ginger":45,"Ancient Tea Set":18,"Empty Cage":30,"Burning Blood":0}]},"card_choices":[{"not_picked":["Iron Wave","Twin Strike"],"picked":"Dropkick","floor":1},{"not_picked":["Iron Wave","Cleave"],"picked":"Shrug It Off","floor":2},{"not_picked":["Iron Wave","Headbutt"],"picked":"Juggernaut","floor":4},{"not_picked":["Clash","Disarm"],"picked":"Rage","floor":7},{"not_picked":["Wild Strike","Headbutt","Clash"],"picked":"SKIP","floor":10},{"not_picked":["Limit Break","Anger"],"picked":"Dropkick","floor":14},{"not_picked":["Bludgeon","Barricade"],"picked":"Reaper","floor":16},{"not_picked":["Heavy Blade+1","Body Slam","Iron Wave"],"picked":"SKIP","floor":18},{"not_picked":["Armaments","Flame Barrier","Searing Blow+1"],"picked":"SKIP","floor":19},{"not_picked":["Havoc","Cleave","Rupture"],"picked":"SKIP","floor":22},{"not_picked":["Infernal Blade+1","Twin Strike"],"picked":"Disarm+1","floor":24},{"not_picked":["Havoc","Flex"],"picked":"Pommel Strike+1","floor":28}],"player_experience":122103,"relics_obtained":[{"floor":7,"key":"Ancient Tea Set"},{"floor":9,"key":"Pen Nib"},{"floor":14,"key":"Bag of Preparation"},{"floor":24,"key":"Ginger"},{"floor":28,"key":"PreservedInsect"}],"event_choices":[{"damage_healed":0,"gold_gain":0,"player_choice":"Trade","damage_taken":0,"relics_obtained":["CultistMask"],"max_hp_gain":0,"max_hp_loss":0,"event_name":"FaceTrader","floor":3,"gold_loss":0},{"damage_healed":0,"gold_gain":0,"player_choice":"Ignored","damage_taken":0,"max_hp_gain":0,"max_hp_loss":0,"event_name":"Liars Game","floor":11,"gold_loss":0},{"cards_removed":["Defend_R"],"damage_healed":0,"gold_gain":0,"player_choice":"Card Removal","damage_taken":0,"max_hp_gain":0,"max_hp_loss":0,"event_name":"The Cleric","floor":13,"gold_loss":50},{"damage_healed":0,"gold_gain":0,"player_choice":"Ignored","damage_taken":0,"max_hp_gain":0,"max_hp_loss":0,"event_name":"Vampires","floor":25,"gold_loss":0},{"damage_healed":0,"gold_gain":0,"player_choice":"Ignored","damage_taken":0,"max_hp_gain":0,"max_hp_loss":0,"event_name":"NoteForYourself","floor":27,"gold_loss":0}],"is_beta":false,"boss_relics":[{"not_picked":["Sozu","Fusion Hammer"],"picked":"Empty Cage"}],"items_purged_floors":[5],"is_endless":false,"potions_floor_spawned":[1,2,10,18],"killed_by":"Snake Plant","ascension_level":10}}