{"host":"pfy6u49v5s5r680p","time":1609469523,"event":{"mods":["BaseMod","Colored Map","DeckTracker","Highlight Path","Keyboard Shortcuts","Minty Spire (QoL Compilation)","Permanent Neow","Quick Restart","StSLib","SuperFastMode","everything is the same but u backflip on backflip"],"gold_per_floor":[116,116,126,28,38,38,73,84,111,145,145,78,78,88,88,192,192,212,112,126,1,1,28,44,61,61,61,76,76,90,108,108,206,206,225,235,235,235],"floor_reached":37,"playtime":1394,"items_purged":["Strike_R","Strike_R","Strike_R"],"score":560,"play_id":"15f5df76-19da-4051-8656-65a3cc6d04a8","local_time":"20210101115203","is_ascension_mode":true,"campfire_choices":[{"data":"Rampage","floor":6.0,"key":"SMITH"},{"data":"Reaper","floor":11.0,"key":"SMITH"},{"floor":15.0,"key":"REST"},{"data":"Double Tap","floor":27.0,"key":"SMITH"},{"floor":29.0,"key":"REST"},{"floor":32.0,"key":"REST"}],"circlet_count":0,"master_deck":["Strike_R","Strike_R","Defend_R","Defend_R","Defend_R","Defend_R","Bash","Limit Break","Pommel Strike","Decay","Rampage+1","Shrug It Off","Reaper+1","Clothesline","Battle Trance","Inflame","Battle Trance","Iron Wave","Double Tap+1","Headbutt+1","Whirlwind","Armaments+1","Thunderclap","Spot Weakness","True Grit+1","Headbutt+1","Offering","Rupture+1"],"relics":["Burning Blood","Bag of Marbles","Happy Flower","Dream Catcher","Sozu","Ice Cream","Blue Candle","Runic Cube"],"acts_visited":["Exordium","TheCity","TheBeyond"],"potions_floor_usage":[],"damage_taken":[{"damage":10.0,"enemies":"Small Slimes","floor":1.0,"turns":4.0},{"damage":6.0,"enemies":"Cultist","floor":3.0,"turns":3.0},{"damage":11.0,"enemies":"2 Louse","floor":5.0,"turns":2.0},{"damage":43.0,"enemies":"3 Sentries","floor":7.0,"turns":8.0},{"damage":22.0,"enemies":"Large Slime","floor":8.0,"turns":7.0},{"damage":10.0,"enemies":"Gremlin Nob","floor":10.0,"turns":3.0},{"damage":0.0,"enemies":"3 Sentries","floor":13.0,"turns":1.0},{"damage":8.0,"enemies":"Looter","floor":14.0,"turns":3.0},{"damage":47.0,"enemies":"Hexaghost","floor":16.0,"turns":10.0},{"damage":25.0,"enemies":"3 Byrds","floor":18.0,"turns":7.0},{"damage":56.0,"enemies":"Shell Parasite","floor":20.0,"turns":6.0},{"damage":0.0,"enemies":"Snake Plant","floor":22.0,"turns":1.0},{"damage":20.0,"enemies":"Gremlin Leader","floor":23.0,"turns":5.0},{"damage":40.0,"enemies":"3 Cultists","floor":24.0,"turns":6.0},{"damage":25.0,"enemies":"Centurion and Healer","floor":25.0,"turns":5.0},{"damage":14.0,"enemies":"Snecko","floor":28.0,"turns":3.0},{"damage":20.0,"enemies":"Snake Plant","floor":30.0,"turns":3.0},{"damage":0.0,"enemies":"Sentry and Sphere","floor":31.0,"turns":2.0},{"damage":73.0,"enemies":"Collector","floor":33.0,"turns":8.0},{"damage":22.0,"enemies":"Orb Walker","floor":35.0,"turns":3.0},{"damage":41.0,"enemies":"3 Darklings","floor":36.0,"turns":4.0},{"damage":19,"enemies":"Jaw Worm Horde","floor":37,"turns":1}],"seed_played":"-3483864427928615914","potions_obtained":[{"floor":3.0,"key":"Dexterity Potion"},{"floor":5.0,"key":"LiquidBronze"},{"floor":7.0,"key":"SmokeBomb"},{"floor":16.0,"key":"SmokeBomb"}],"is_trial":false,"path_per_floor":["M","?","M","$","M","R","E","M","T","E","R","$","E","M","R","B",null,"M","$","M","$","M","E","M","M","T","R","M","R","M","M","R","B",null,"M","M","M"],"character_chosen":"IRONCLAD","items_purchased":["Shrug It Off","Inflame"],"campfire_rested":3,"item_purchase_floors":[4,12],"current_hp_per_floor":[68,68,68,68,63,63,26,18,18,20,20,20,26,31,55,21,65,55,55,18,18,24,10,30,25,25,25,17,41,27,33,57,18,65,49,14,0,0],"gold":235,"neow_bonus":"ONE_RANDOM_RARE_CARD","is_daily":false,"chose_seed":false,"campfire_upgraded":3,"win_rate":0.0,"timestamp":1609469523,"path_taken":["M","?","M","$","M","R","E","M","T","E","R","?","E","M","R","BOSS","M","$","M","$","M","E","M","M","T","R","M","R","M","M","R","BOSS","M","M","M"],"items_purchased_type":["Card","Card"],"build_version":"2020-12-22","purchased_purges":3,"victory":false,"max_hp_per_floor":[80,80,80,80,80,80,80,80,80,80,80,80,80,80,80,80,80,80,80,80,80,80,80,80,80,80,80,80,80,80,80,80,80,80,80,80,80,80],"card_choices":[{"not_picked":["Evolve","Seeing Red"],"picked":"Pommel Strike","floor":1.0},{"not_picked":["Armaments","Perfected Strike"],"picked":"Rampage","floor":3.0},{"not_picked":["Twin Strike","Wild Strike","Clash"],"picked":"SKIP","floor":5.0},{"not_picked":["Thunderclap","Wild Strike"],"picked":"Reaper","floor":7.0},{"not_picked":["Iron Wave","Warcry"],"picked":"Clothesline","floor":8.0},{"not_picked":["True Grit","Reaper"],"picked":"Battle Trance","floor":10.0},{"not_picked":["Havoc","Thunderclap"],"picked":"Battle Trance","floor":14.0},{"not_picked":["Intimidate","Dual Wield"],"picked":"Iron Wave","floor":15.0},{"not_picked":["Bludgeon","Juggernaut"],"picked":"Double Tap","floor":16.0},{"not_picked":["Twin Strike+1","True Grit","Battle Trance"],"picked":"SKIP","floor":18.0},{"not_picked":["Body Slam+1","Shockwave"],"picked":"Headbutt+1","floor":20.0},{"not_picked":["Armaments","Combust+1"],"picked":"Whirlwind","floor":23.0},{"not_picked":["Cleave","Intimidate+1"],"picked":"Armaments+1","floor":24.0},{"not_picked":["Sentinel","Fire Breathing","Uppercut"],"picked":"SKIP","floor":25.0},{"not_picked":["Warcry","Shrug It Off","Body Slam"],"picked":"SKIP","floor":28.0},{"not_picked":["Hemokinesis","Perfected Strike"],"picked":"Thunderclap","floor":29.0},{"not_picked":["True Grit","Blood for Blood"],"picked":"Spot Weakness","floor":30.0},{"not_picked":["Warcry","Sword Boomerang"],"picked":"True Grit+1","floor":31.0},{"not_picked":["Sword Boomerang+1","Bludgeon"],"picked":"Headbutt+1","floor":32.0},{"not_picked":["Reaper","Corruption"],"picked":"Offering","floor":33.0},{"not_picked":["Flame Barrier+1","Clothesline+1","Clash+1"],"picked":"SKIP","floor":35.0},{"not_picked":["Sentinel+1","Body Slam"],"picked":"Rupture+1","floor":36.0}],"player_experience":77835,"relics_obtained":[{"floor":7.0,"key":"Bag of Marbles"},{"floor":9.0,"key":"Happy Flower"},{"floor":10.0,"key":"Dream Catcher"},{"floor":23.0,"key":"Ice Cream"},{"floor":26.0,"key":"Blue Candle"}],"event_choices":[{"damage_healed":0.0,"max_hp_gain":0.0,"max_hp_loss":0.0,"gold_gain":0.0,"event_name":"Wheel of Change","player_choice":"Cursed","floor":2.0,"gold_loss":0.0,"damage_taken":0.0,"cards_obtained":["Decay"]}],"is_beta":false,"boss_relics":[{"not_picked":["Snecko Eye","Mark of Pain"],"picked":"Sozu"},{"not_picked":["Busted Crown","Fusion Hammer"],"picked":"Runic Cube"}],"items_purged_floors":[4,19,21],"is_endless":false,"potions_floor_spawned":[3,5,7,16,22,23,31,35],"killed_by":"Jaw Worm Horde","ascension_level":7}}