{"host":"jm9833yuloeli2yd","time":1609464864,"event":{"mods":["AchievementEnabler","BaseMod","Better Altar","Better Match","Better Note","Better Sensory Stone","Better Skull","Better Third Choice","Better Vampires","BetterRewards","Colored Map","Colored Powertips","DeckTracker","Marked Mod","Minty Spire (QoL Compilation)","Permanent Neow","Quick Restart","StSLib","SuperFastMode"],"gold_per_floor":[117,267,267,342,358,383,383,348,348,366,366,23,39,70,70,142,142,156,5,5,18,18,44,44,58,58,58,85,0,26,45,45,118,118,129,129,177,177,192,192,192],"floor_reached":40,"playtime":1543,"items_purged":["Doubt"],"score":910,"play_id":"90ed4437-a808-4fca-9707-9f3636fc96a3","local_time":"20201231203424","is_ascension_mode":true,"campfire_choices":[{"data":"Defragment","floor":7.0,"key":"SMITH"},{"data":"Zap","floor":11.0,"key":"SMITH"},{"data":"Dualcast","floor":15.0,"key":"SMITH"},{"data":"White Noise","floor":24.0,"key":"SMITH"},{"data":"Fusion","floor":27.0,"key":"SMITH"},{"floor":32.0,"key":"REST"}],"circlet_count":0,"master_deck":["AscendersBane","Zap+1","Dualcast+1","Sweeping Beam+1","Cold Snap","Defragment+1","Reinforced Body","FTL","Fusion+1","Compile Driver","Scrape","Meteor Strike","Buffer","Self Repair","Auto Shields","Consume","Multi-Cast","Recycle","Glacier+1","Conserve Battery","Flash of Steel","Scrape","White Noise+1","Conserve Battery","Seek","Coolheaded","Turbo+1","Hologram","Echo Form","Dark Shackles","Chrysalis","Turbo+1","Double Energy"],"relics":["Cracked Core","NeowsBlessing","Ice Cream","Pantograph","Gambling Chip","Pandora\u0027s Box","GremlinMask","Art of War","Letter Opener","Emotion Chip","Akabeko","Bronze Scales","Philosopher\u0027s Stone","TungstenRod"],"acts_visited":["Exordium","TheCity","TheBeyond"],"potions_floor_usage":[40],"damage_taken":[{"damage":0.0,"enemies":"Jaw Worm","floor":1.0,"turns":1.0},{"damage":0.0,"enemies":"2 Louse","floor":5.0,"turns":1.0},{"damage":0.0,"enemies":"Gremlin Nob","floor":6.0,"turns":1.0},{"damage":10.0,"enemies":"Small Slimes","floor":10.0,"turns":3.0},{"damage":5.0,"enemies":"Exordium Wildlife","floor":13.0,"turns":3.0},{"damage":26.0,"enemies":"3 Sentries","floor":14.0,"turns":7.0},{"damage":40.0,"enemies":"Hexaghost","floor":16.0,"turns":9.0},{"damage":7.0,"enemies":"2 Thieves","floor":18.0,"turns":3.0},{"damage":6.0,"enemies":"3 Byrds","floor":21.0,"turns":5.0},{"damage":21.0,"enemies":"Book of Stabbing","floor":23.0,"turns":7.0},{"damage":0.0,"enemies":"3 Cultists","floor":25.0,"turns":5.0},{"damage":37.0,"enemies":"Gremlin Leader","floor":28.0,"turns":9.0},{"damage":3.0,"enemies":"Snecko","floor":31.0,"turns":5.0},{"damage":68.0,"enemies":"Collector","floor":33.0,"turns":15.0},{"damage":6.0,"enemies":"Orb Walker","floor":35.0,"turns":4.0},{"damage":65.0,"enemies":"2 Orb Walkers","floor":37.0,"turns":7.0},{"damage":20.0,"enemies":"3 Shapes","floor":39.0,"turns":2.0},{"damage":52,"enemies":"Reptomancer","floor":40,"turns":2}],"seed_played":"478266932401560572","potions_obtained":[{"floor":6.0,"key":"PowerPotion"},{"floor":13.0,"key":"LiquidBronze"},{"floor":18.0,"key":"Dexterity Potion"},{"floor":37.0,"key":"SkillPotion"}],"is_trial":false,"path_per_floor":["M","?","?","?","M","E","R","?","T","M","R","$","M","E","R","B",null,"M","$","?","M","?","E","R","M","T","R","E","?","T","M","R","B",null,"M","?","?","?","M","E"],"character_chosen":"DEFECT","items_purchased":["Fruit Juice","FTL","Fusion","Conserve Battery","Flash of Steel"],"campfire_rested":1,"item_purchase_floors":[12,12,12,19,19],"current_hp_per_floor":[64,64,64,53,53,53,53,70,70,60,60,60,60,34,34,19,62,55,55,55,49,49,42,42,49,49,49,19,19,19,23,45,9,59,67,67,2,62,49,0,0],"gold":192,"neow_bonus":"THREE_ENEMY_KILL","is_daily":false,"chose_seed":false,"campfire_upgraded":5,"win_rate":0.0,"timestamp":1609464864,"path_taken":["M","?","?","?","M","E","R","?","T","M","R","$","M","E","R","BOSS","M","$","?","M","?","E","R","?","T","R","E","?","?","M","R","BOSS","M","?","?","?","?","E"],"items_purchased_type":["Potion","Card","Card","Card","Card"],"build_version":"2020-12-22","purchased_purges":1,"victory":false,"max_hp_per_floor":[71,71,71,71,71,71,71,71,71,71,71,71,76,76,76,76,76,76,76,76,76,76,76,76,76,76,76,76,76,76,76,76,76,76,76,76,76,62,62,62,62],"card_choices":[{"not_picked":["Conserve Battery","Redo"],"picked":"Sweeping Beam","floor":1.0},{"not_picked":["Double Energy","Conserve Battery"],"picked":"Cold Snap","floor":5.0},{"not_picked":["Compile Driver","Rip and Tear"],"picked":"Defragment","floor":6.0},{"not_picked":["Streamline","Hello World"],"picked":"Reinforced Body","floor":10.0},{"not_picked":["Chill","Steam Power"],"picked":"Compile Driver","floor":13.0},{"not_picked":["Reinforced Body","Compile Driver"],"picked":"Scrape","floor":14.0},{"not_picked":["Reboot","Thunder Strike"],"picked":"Meteor Strike","floor":16.0},{"not_picked":["Conserve Battery","Hologram"],"picked":"Glacier+1","floor":18.0},{"not_picked":["Go for the Eyes","Stack"],"picked":"Conserve Battery","floor":21.0},{"not_picked":["Stack","Glacier+1"],"picked":"Seek","floor":23.0},{"not_picked":["Gash","Compile Driver"],"picked":"Coolheaded","floor":25.0},{"not_picked":["Go for the Eyes","Redo"],"picked":"Turbo+1","floor":28.0},{"not_picked":["Stack","Scrape"],"picked":"Hologram","floor":31.0},{"not_picked":["Rainbow","Fission"],"picked":"Echo Form","floor":33.0},{"not_picked":["Cold Snap","Rebound","Scrape+1"],"picked":"SKIP","floor":35.0},{"not_picked":["Purity","Trip"],"picked":"Dark Shackles","floor":36.0},{"not_picked":["Metamorphosis","Forethought"],"picked":"Chrysalis","floor":36.0},{"not_picked":["Cold Snap","Beam Cell+1"],"picked":"Turbo+1","floor":37.0},{"not_picked":["Gash","Beam Cell"],"picked":"Double Energy","floor":39.0}],"player_experience":1220001,"relics_obtained":[{"floor":6.0,"key":"Ice Cream"},{"floor":9.0,"key":"Pantograph"},{"floor":14.0,"key":"Gambling Chip"},{"floor":23.0,"key":"Art of War"},{"floor":26.0,"key":"Letter Opener"},{"floor":28.0,"key":"Emotion Chip"},{"floor":30.0,"key":"Bronze Scales"},{"floor":37.0,"key":"TungstenRod"}],"event_choices":[{"damage_healed":0.0,"max_hp_gain":0.0,"max_hp_loss":0.0,"gold_gain":150.0,"event_name":"betterThird:BetterSerpent","player_choice":"AGREE","floor":2.0,"gold_loss":0.0,"damage_taken":117.0},{"damage_healed":0.0,"max_hp_gain":0.0,"max_hp_loss":0.0,"gold_gain":0.0,"event_name":"Living Wall","player_choice":"Grow","floor":3.0,"gold_loss":0.0,"damage_taken":0.0,"cards_upgraded":["Sweeping Beam"]},{"damage_healed":0.0,"max_hp_gain":0.0,"max_hp_loss":0.0,"gold_gain":75.0,"event_name":"betterThird:BetterGoop","player_choice":"Gold","floor":4.0,"gold_loss":0.0,"damage_taken":11.0},{"damage_healed":17.0,"max_hp_gain":0.0,"max_hp_loss":0.0,"gold_gain":0.0,"event_name":"The Cleric","player_choice":"Healed","floor":8.0,"gold_loss":35.0,"damage_taken":0.0},{"damage_healed":0.0,"max_hp_gain":0.0,"max_hp_loss":0.0,"gold_gain":0.0,"cards_transformed":["Rip and Tear","Hyperbeam"],"event_name":"Drug Dealer","player_choice":"Became Test Subject","floor":20.0,"gold_loss":0.0,"damage_taken":0.0,"cards_obtained":["Scrape","White Noise"]},{"damage_healed":0.0,"max_hp_gain":0.0,"max_hp_loss":0.0,"gold_gain":0.0,"event_name":"FaceTrader","player_choice":"Trade","floor":22.0,"gold_loss":0.0,"damage_taken":0.0,"relics_obtained":["GremlinMask"]},{"damage_healed":0.0,"max_hp_gain":0.0,"max_hp_loss":0.0,"gold_gain":0.0,"event_name":"Addict","player_choice":"Obtained Relic","floor":29.0,"gold_loss":85.0,"damage_taken":0.0,"relics_obtained":["Akabeko"]},{"damage_healed":0.0,"max_hp_gain":0.0,"max_hp_loss":0.0,"gold_gain":3.0,"event_name":"betterStone:BetterStone","player_choice":"1","floor":36.0,"gold_loss":0.0,"damage_taken":0.0},{"damage_healed":0.0,"max_hp_gain":0.0,"max_hp_loss":0.0,"gold_gain":0.0,"event_name":"Mysterious Sphere","player_choice":"Fight","floor":37.0,"gold_loss":0.0,"damage_taken":0.0},{"damage_healed":62.0,"max_hp_gain":0.0,"max_hp_loss":14.0,"gold_gain":0.0,"event_name":"The Moai Head","player_choice":"Heal","floor":38.0,"gold_loss":0.0,"damage_taken":0.0}],"is_beta":false,"boss_relics":[{"not_picked":["Busted Crown","Runic Pyramid"],"picked":"Pandora\u0027s Box"},{"not_picked":["FrozenCore","Fusion Hammer"],"picked":"Philosopher\u0027s Stone"}],"items_purged_floors":[12],"is_endless":false,"potions_floor_spawned":[6,13,18,37],"killed_by":"Reptomancer","ascension_level":20}}