{"host":"g1wmg2w41xhsnw8g","time":1609475855,"event":{"mods":["2.2 Compatiblity","Act Like it!","Aspiration","BaseMod","Better Altar","Better Match","Better Note","Better Sensory Stone","Better Skull","Better Third Choice","BetterRewards","Booster Modes","CapriCore","CatGirl Mod","Colored Map","Colored Powertips","Curses Come First","Defuse TimeMaze Blight","Displayed Cursed Tome","Evolution","Friendly Minions","GifTheSpireLib","Googly Eyes","Infinite Spire","Minty Spire (QoL Compilation)","Red Circlet Mod","Relic Sorter","SCP261 Mod","Shop Mod","Spicy Shops","StSLib","The Sage","Transform Curses","Wandering Minibosses","????"],"gold_per_floor":[118,137,153,122,122,122,122,122],"floor_reached":7,"playtime":357,"items_purged":[],"score":68,"play_id":"c88e9b8c-0fdb-435b-9b27-33e28a65c1e8","local_time":"20201231233735","daily_mods":["SealedDeck","Specialized","Heirloom","Elite Swarm"],"is_ascension_mode":true,"campfire_choices":[{"data":"Worship","floor":6,"key":"SMITH"}],"circlet_count":0,"master_deck":["Indignation","Indignation","Indignation","Indignation","Indignation","Worship+1","Meditate","FollowUp","EmptyBody","SashWhip","FlurryOfBlows","FlurryOfBlows","Consecrate","Prostrate","Adaptation","Halt","EmptyBody","Injury"],"relics":["PureWater","EVO:Axolotl","Ice Cream","betterThird:SlimedRelic","Golden Idol"],"acts_visited":["Exordium"],"potions_floor_usage":[7],"damage_taken":[{"damage":6,"enemies":"Cultist","floor":1,"turns":3},{"damage":2,"enemies":"Jaw Worm","floor":2,"turns":3},{"damage":0,"enemies":"Small Slimes","floor":3,"turns":1},{"damage":56,"enemies":"Lagavulin","floor":7,"turns":3}],"seed_played":"2129812007393002703","potions_obtained":[{"floor":3,"key":"PowerPotion"}],"is_trial":true,"path_per_floor":["M","M","M","?","?","R","E"],"character_chosen":"WATCHER","items_purchased":[],"campfire_rested":0,"item_purchase_floors":[],"current_hp_per_floor":[66,64,64,53,53,53,0,0],"gold":122,"neow_bonus":"","is_daily":false,"chose_seed":false,"campfire_upgraded":1,"win_rate":0.0,"timestamp":1609475855,"path_taken":["M","?","M","?","?","R","E"],"items_purchased_type":[],"build_version":"2020-12-22","purchased_purges":0,"victory":false,"max_hp_per_floor":[72,72,72,72,72,72,72,72],"card_choices":[{"not_picked":["FlyingSleeves","MentalFortress"],"picked":"Halt","floor":1},{"not_picked":["BowlingBash","Protect","MentalFortress"],"picked":"SKIP","floor":2},{"not_picked":["Prostrate","WreathOfFlame"],"picked":"EmptyBody","floor":3}],"player_experience":972627,"relics_obtained":[],"event_choices":[{"damage_healed":0,"gold_gain":0,"player_choice":"Slimed","damage_taken":11,"max_hp_gain":0,"max_hp_loss":0,"event_name":"betterThird:BetterGoop","floor":4,"gold_loss":31},{"damage_healed":0,"gold_gain":0,"player_choice":"Take Wound","damage_taken":0,"relics_obtained":["Golden Idol"],"max_hp_gain":0,"max_hp_loss":0,"event_name":"Golden Idol","floor":5,"gold_loss":0,"cards_obtained":["Injury"]}],"is_beta":false,"boss_relics":[],"items_purged_floors":[],"is_endless":false,"potions_floor_spawned":[3],"killed_by":"Lagavulin","ascension_level":1}}