{"host":"1c52r9kaxdyo25eq","time":1609535652,"event":{"mods":["AchievementEnabler","BaseMod","Minty Spire (QoL Compilation)","Rare Cards Sparkle","SuperFastMode","everything is the same but u backflip on backflip"],"gold_per_floor":[114,129,147,147,164,164,181,71,97,113,113,37,37,55,55,154,154,165,165,65,76,76,76,91,108,159,170,170,170,170,170],"floor_reached":30,"playtime":782,"items_purged":["Strike_R","Strike_R"],"score":349,"play_id":"145668cd-729a-4361-bff6-d561a4e17fb3","local_time":"20210102061412","is_ascension_mode":true,"campfire_choices":[{"data":"Battle Trance","floor":6.0,"key":"SMITH"},{"data":"Heavy Blade","floor":11.0,"key":"SMITH"},{"data":"Rupture","floor":13.0,"key":"SMITH"},{"data":"Second Wind","floor":15.0,"key":"SMITH"},{"data":"Limit Break","floor":23.0,"key":"SMITH"}],"circlet_count":0,"master_deck":["Strike_R","Strike_R","Strike_R","Defend_R","Defend_R","Defend_R","Defend_R","Bash","Limit Break+1","Battle Trance+1","Shrug It Off","Evolve","Heavy Blade+1","Rupture+1","Second Wind+1","Demon Form"],"relics":["Burning Blood","Centennial Puzzle","Oddly Smooth Stone","Coffee Dripper","Smiling Mask"],"acts_visited":["Exordium","TheCity"],"potions_floor_usage":[25,27,30],"damage_taken":[{"damage":1.0,"enemies":"2 Louse","floor":1.0,"turns":5.0},{"damage":11.0,"enemies":"Cultist","floor":2.0,"turns":4.0},{"damage":13.0,"enemies":"Jaw Worm","floor":3.0,"turns":5.0},{"damage":16.0,"enemies":"Looter","floor":5.0,"turns":4.0},{"damage":12.0,"enemies":"Exordium Thugs","floor":7.0,"turns":6.0},{"damage":14.0,"enemies":"Blue Slaver","floor":10.0,"turns":7.0},{"damage":6.0,"enemies":"2 Fungi Beasts","floor":14.0,"turns":5.0},{"damage":30.0,"enemies":"Hexaghost","floor":16.0,"turns":8.0},{"damage":2.0,"enemies":"Spheric Guardian","floor":18.0,"turns":3.0},{"damage":22.0,"enemies":"2 Thieves","floor":21.0,"turns":5.0},{"damage":27,"enemies":"Chosen and Byrds","floor":24,"turns":5},{"damage":22,"enemies":"Snake Plant","floor":25,"turns":4},{"damage":19,"enemies":"Sentry and Sphere","floor":27,"turns":5},{"damage":0,"enemies":"Colosseum Slavers","floor":30,"turns":2}],"seed_played":"-3355516086494495733","potions_obtained":[{"floor":1.0,"key":"Fire Potion"},{"floor":3.0,"key":"Explosive Potion"},{"floor":7.0,"key":"Energy Potion"},{"floor":14.0,"key":"PowerPotion"},{"floor":16.0,"key":"SteroidPotion"},{"floor":18.0,"key":"ColorlessPotion"},{"floor":25,"key":"BloodPotion"},{"floor":27,"key":"Energy Potion"}],"is_trial":false,"path_per_floor":["M","M","M","?","M","R","M","$","T","M","R","$","R","M","R","B",null,"M","?","$","M","?","R","M","M","T","M","?","?","?"],"character_chosen":"IRONCLAD","items_purchased":["Evolve","Rupture"],"campfire_rested":0,"item_purchase_floors":[8,12],"current_hp_per_floor":[77,72,65,65,55,55,49,49,49,41,41,41,41,41,41,17,64,68,68,68,52,52,52,31,15,15,18,3,3,3,3],"gold":170,"neow_bonus":"ONE_RANDOM_RARE_CARD","is_daily":false,"chose_seed":false,"campfire_upgraded":5,"win_rate":0.0,"timestamp":1609535652,"path_taken":["M","M","M","?","M","R","M","?","T","M","R","?","R","M","R","BOSS","M","?","?","M","?","R","M","M","T","M","?","?","?"],"items_purchased_type":["Card","Card"],"build_version":"2020-12-22","purchased_purges":2,"victory":false,"max_hp_per_floor":[80,80,80,80,80,80,80,80,80,80,80,80,80,80,80,80,80,80,80,80,80,80,80,80,80,80,80,85,85,85,85],"card_choices":[{"not_picked":["Dropkick","Twin Strike"],"picked":"Battle Trance","floor":1.0},{"not_picked":["Armaments","Flex","Seeing Red"],"picked":"SKIP","floor":2.0},{"not_picked":["Cleave","Dark Embrace","Armaments"],"picked":"SKIP","floor":3.0},{"not_picked":["Sword Boomerang","Searing Blow"],"picked":"Shrug It Off","floor":5.0},{"not_picked":["Feel No Pain","Infernal Blade","Headbutt"],"picked":"SKIP","floor":7.0},{"not_picked":["Rampage","Pommel Strike"],"picked":"Heavy Blade","floor":10.0},{"not_picked":["Disarm","Wild Strike"],"picked":"Second Wind","floor":14.0},{"not_picked":["Impervious","Limit Break"],"picked":"Demon Form","floor":16.0},{"not_picked":["Pommel Strike+1","Warcry","Searing Blow"],"picked":"SKIP","floor":18.0},{"not_picked":["True Grit","Pommel Strike+1","Ghostly Armor+1"],"picked":"SKIP","floor":21.0},{"not_picked":["Thunderclap","Sword Boomerang+1","Heavy Blade"],"picked":"SKIP","floor":24},{"not_picked":["Uppercut","Warcry","Anger"],"picked":"SKIP","floor":25},{"not_picked":["Armaments+1","Iron Wave+1","Exhume"],"picked":"SKIP","floor":27},{"not_picked":["Armaments+1","Iron Wave+1","Exhume"],"picked":"SKIP","floor":27}],"player_experience":538312,"relics_obtained":[{"floor":9.0,"key":"Oddly Smooth Stone"},{"floor":26,"key":"Smiling Mask"}],"event_choices":[{"damage_healed":0.0,"max_hp_gain":0.0,"max_hp_loss":0.0,"gold_gain":0.0,"event_name":"WeMeetAgain","player_choice":"Gave Potion","floor":4.0,"gold_loss":0.0,"damage_taken":0.0,"relics_obtained":["Centennial Puzzle"]},{"damage_healed":0.0,"max_hp_gain":0.0,"max_hp_loss":0.0,"gold_gain":0.0,"event_name":"Vampires","player_choice":"Ignored","floor":19.0,"gold_loss":0.0,"damage_taken":0.0},{"damage_healed":0.0,"max_hp_gain":0.0,"max_hp_loss":0.0,"gold_gain":0.0,"event_name":"Ghosts","player_choice":"Ignored","floor":22.0,"gold_loss":0.0,"damage_taken":0.0},{"damage_healed":0,"gold_gain":0,"player_choice":"Shed Blood","damage_taken":20,"max_hp_gain":5,"max_hp_loss":0,"event_name":"Forgotten Altar","floor":28,"gold_loss":0},{"damage_healed":0,"gold_gain":0,"player_choice":"Ignored","damage_taken":0,"max_hp_gain":0,"max_hp_loss":0,"event_name":"The Mausoleum","floor":29,"gold_loss":0},{"damage_healed":0,"gold_gain":0,"player_choice":"Fight","damage_taken":0,"max_hp_gain":0,"max_hp_loss":0,"event_name":"Colosseum","floor":30,"gold_loss":0}],"is_beta":false,"boss_relics":[{"not_picked":["Cursed Key","Runic Cube"],"picked":"Coffee Dripper"}],"items_purged_floors":[8,20],"is_endless":false,"potions_floor_spawned":[1,3,7,14,16,18,25,27],"killed_by":"Colosseum Slavers","ascension_level":8}}