{"host":"982s3gyyw86tgeig","time":1609471576,"event":{"mods":["AchievementEnabler","Act Like it!","Aspiration","BaseMod","Colored Powertips","Evolution","GifTheSpireLib","Hermit","Hubris","Minty Spire (QoL Compilation)","Pale of the Ancients","Rare Cards Sparkle","Relic Stats","Replay The Spire","StSLib","Stuff the Spire","The IronCluck","vexMod"],"gold_per_floor":[113,126,126,66,66,97,11,43,70,70,70],"floor_reached":10,"playtime":493,"items_purged":["StuffTheSpire:Injection"],"score":99,"play_id":"4c15db22-2fac-4df6-82b0-a7f0cff1a9ea","local_time":"20201231192616","is_ascension_mode":false,"campfire_choices":[],"circlet_count":0,"master_deck":["hermit:Strike_Hermit","hermit:Strike_Hermit","hermit:Strike_Hermit","hermit:Strike_Hermit","hermit:Defend_Hermit","hermit:Defend_Hermit","hermit:Defend_Hermit","hermit:Defend_Hermit","hermit:Snapshot","Phantasmal Killer","StuffTheSpire:Injection","hermit:BigShot+1","hermit:WideOpen","hermit:Determination","hermit:TakeAim","Pot Of Greed","Pot Of Greed"],"relics":["hermit:Momento","EVO:Axolotl","NeowsBlessing","hubris:Icosahedron","Smiling Mask","Lantern","Grinning Jar"],"acts_visited":["Exordium"],"potions_floor_usage":[8,8],"damage_taken":[{"damage":0,"enemies":"Small Slimes","floor":1,"turns":1},{"damage":0,"enemies":"Jaw Worm","floor":2,"turns":1},{"damage":0,"enemies":"3 Sentries","floor":6,"turns":1},{"damage":46,"enemies":"Lagavulin","floor":8,"turns":7},{"damage":46,"enemies":"Gremlin Nob","floor":10,"turns":4}],"seed_played":"2443876733057300183","potions_obtained":[{"floor":6,"key":"FearPotion"}],"is_trial":false,"path_per_floor":["M","M","?","$","?","E","$","E","T","E"],"character_chosen":"HERMIT","items_purchased":["hermit:BigShot+1","hermit:Determination"],"campfire_rested":0,"item_purchase_floors":[4,7],"current_hp_per_floor":[75,75,75,75,75,75,75,29,29,0,0],"gold":70,"neow_bonus":"THREE_ENEMY_KILL","is_daily":false,"chose_seed":false,"campfire_upgraded":0,"win_rate":0.0,"timestamp":1609471576,"path_taken":["M","M","?","$","?","E","$","E","T","E"],"items_purchased_type":["Card","Card"],"build_version":"2020-12-22","purchased_purges":1,"victory":false,"max_hp_per_floor":[75,75,75,75,75,75,75,75,75,75,75],"relic_stats":{"counters":[5,14],"Smiling Mask":25,"obtain_stats":[{"Lantern":8,"hubris:Icosahedron":5,"NeowsBlessing":0,"EVO:Axolotl":0,"Grinning Jar":9,"Smiling Mask":6,"hermit:Momento":0},{"Lantern":4,"hubris:Icosahedron":2,"NeowsBlessing":0,"EVO:Axolotl":0,"Grinning Jar":4,"Smiling Mask":3,"hermit:Momento":0},{"Lantern":10,"hubris:Icosahedron":2,"NeowsBlessing":0,"EVO:Axolotl":0,"Grinning Jar":10,"Smiling Mask":3,"hermit:Momento":0}]},"card_choices":[{"not_picked":["hermit:Combo","hermit:NoHoldsBarred"],"picked":"hermit:CalledShot","floor":1},{"not_picked":["hermit:NoHoldsBarred","hermit:Showdown"],"picked":"hermit:PistolWhip","floor":2},{"not_picked":["hermit:LoneWolf","hermit:NoHoldsBarred"],"picked":"hermit:WideOpen","floor":6},{"not_picked":["hermit:Coalescence","hermit:HighCaliber"],"picked":"hermit:TakeAim","floor":8}],"player_experience":36091,"relics_obtained":[{"floor":6,"key":"Smiling Mask"},{"floor":8,"key":"Lantern"},{"floor":9,"key":"Grinning Jar"}],"event_choices":[],"is_beta":false,"boss_relics":[],"items_purged_floors":[7],"is_endless":false,"potions_floor_spawned":[6],"killed_by":"Gremlin Nob","ascension_level":0}}