{"host":"tpad8qsc9e0g0pa5","time":1609479803,"event":{"mods":["BaseMod","Minty Spire (QoL Compilation)","Quick Restart","StSLib","The Bug Knight","The Servant 0.9.4"],"gold_per_floor":[115,160,160,160,11,11,37,37,37,37,51,62,62,62,62,166,166,179,64,64,80,5,5,5,31,31,50,61,73,73,73],"floor_reached":30,"playtime":3161,"items_purged":[],"score":423,"play_id":"32f9e1ad-b422-4040-87c5-e5b08d39a5c2","local_time":"20210101134323","is_ascension_mode":true,"campfire_choices":[{"data":"HollowMod:BrokenVessel","floor":6.0,"key":"SMITH"},{"floor":8.0,"key":"REST"},{"floor":10.0,"key":"REST"},{"data":"HollowMod:NewJinnsSoul","floor":15.0,"key":"SMITH"},{"floor":23.0,"key":"REST"}],"circlet_count":0,"master_deck":["HollowMod:QuickDashStart+1","HollowMod:FocusHealStart+1","HollowMod:PogoStrike","HollowMod:InfectedAttack","HollowMod:BrokenVessel+1","HollowMod:LuriensSpire","HollowMod:HerrahsAnger","HollowMod:HornetsHelp","HollowMod:MothsMistake","HollowMod:InfectionAssault","HollowMod:NewJinnsSoul+1","HollowMod:Hiveblood","HollowMod:InfectedAttack+1","HollowMod:MantisMark","HollowMod:VengefulSpirit","J.A.X.","Ghostly","Ghostly","Ghostly","Ghostly","Ghostly","HollowMod:GrimmsGift+1","HollowMod:CornifersMapStart"],"relics":["HollowMod:VesselMask","War Paint","HollowMod:PaleOreRelic","Mercury Hourglass","Empty Cage","HollowMod:QueensCombRelic","Gambling Chip"],"acts_visited":["Exordium","TheCity"],"potions_floor_usage":[],"damage_taken":[{"damage":1.0,"enemies":"Cultist","floor":1.0,"turns":4.0},{"damage":37.0,"enemies":"Lagavulin","floor":7.0,"turns":5.0},{"damage":3.0,"enemies":"2 Louse","floor":11.0,"turns":1.0},{"damage":7.0,"enemies":"Small Slimes","floor":12.0,"turns":2.0},{"damage":42.0,"enemies":"Slime Boss","floor":16.0,"turns":5.0},{"damage":16.0,"enemies":"Spheric Guardian","floor":18.0,"turns":5.0},{"damage":51.0,"enemies":"HollowMod:HuskSentry","floor":21.0,"turns":5.0},{"damage":31.0,"enemies":"Slavers","floor":25.0,"turns":7.0},{"damage":18.0,"enemies":"Snecko","floor":27.0,"turns":6.0},{"damage":16.0,"enemies":"Chosen and Byrds","floor":28.0,"turns":5.0},{"damage":15,"enemies":"3 Cultists","floor":29,"turns":4},{"damage":38,"enemies":"Snecko","floor":30,"turns":3}],"seed_played":"4710988750825692034","potions_obtained":[{"floor":7.0,"key":"Energy Potion"},{"floor":25.0,"key":"GamblersBrew"},{"floor":29,"key":"Energy Potion"}],"is_trial":false,"path_per_floor":["M","T","?","?","$","R","E","R","T","R","M","M","?","?","R","B",null,"M","$","?","M","?","R","?","E","T","M","M","M","M"],"character_chosen":"THE_BUGKNIGHT","items_purchased":["HollowMod:HornetsHelp","HollowMod:MothsMistake","HollowMod:MantisMark","HollowMod:VengefulSpirit"],"campfire_rested":3,"item_purchase_floors":[5,5,19,19],"current_hp_per_floor":[53,53,53,53,53,53,16,38,38,60,63,62,62,62,62,26,75,59,59,59,28,28,50,37,17,17,9,11,9,0,0],"gold":73,"neow_bonus":"TRANSFORM_TWO_CARDS","is_daily":false,"chose_seed":false,"campfire_upgraded":2,"win_rate":0.0,"timestamp":1609479803,"path_taken":["M","?","?","?","$","R","E","R","T","R","M","?","?","?","R","BOSS","M","$","?","M","?","R","?","E","T","M","M","?","?"],"items_purchased_type":["Card","Card","Card","Card"],"build_version":"2020-12-22","purchased_purges":0,"victory":false,"max_hp_per_floor":[75,75,75,75,75,75,75,75,75,75,75,75,75,75,75,75,75,75,75,75,75,75,75,37,24,24,24,24,24,24,24],"card_choices":[{"not_picked":["HollowMod:VengefulVoid","HollowMod:MothsMistake"],"picked":"HollowMod:LuriensSpire","floor":1.0},{"not_picked":["HollowMod:DashSlash","HollowMod:SharpenedShadows"],"picked":"HollowMod:InfectionAssault","floor":7.0},{"not_picked":["HollowMod:ShadowDash","HollowMod:DreamGate"],"picked":"HollowMod:NewJinnsSoul","floor":11.0},{"not_picked":["HollowMod:HowlingWraiths","HollowMod:VengefulVoid","HollowMod:DashSlash"],"picked":"SKIP","floor":12.0},{"not_picked":["HollowMod:WhiteLadysBlessing","HollowMod:VoidDash"],"picked":"HollowMod:Hiveblood","floor":16.0},{"not_picked":["HollowMod:CloakDash","HollowMod:ShadowDash"],"picked":"HollowMod:InfectedAttack+1","floor":18.0},{"not_picked":["HollowMod:PureVessel","HollowMod:DoubleDash","HollowMod:FastStrike"],"picked":"SKIP","floor":21.0},{"not_picked":["HollowMod:ShadowDash+1","HollowMod:LuriensSpire"],"picked":"HollowMod:GrimmsGift+1","floor":25.0},{"not_picked":["HollowMod:HeavyBlow","HollowMod:RecoilStrike+1","HollowMod:DoubleDash"],"picked":"SKIP","floor":27.0},{"not_picked":["HollowMod:FastStrike+1","HollowMod:SiblingsSouls"],"picked":"HollowMod:CornifersMapStart","floor":28.0},{"not_picked":["HollowMod:FallenFury","HollowMod:DesolateDive","HollowMod:DoubleDash"],"picked":"SKIP","floor":29}],"player_experience":307320,"relics_obtained":[{"floor":2.0,"key":"War Paint"},{"floor":7.0,"key":"HollowMod:PaleOreRelic"},{"floor":9.0,"key":"Mercury Hourglass"},{"floor":25.0,"key":"HollowMod:QueensCombRelic"},{"floor":26.0,"key":"Gambling Chip"}],"event_choices":[{"damage_healed":0.0,"max_hp_gain":0.0,"max_hp_loss":0.0,"gold_gain":0.0,"event_name":"Liars Game","player_choice":"Ignored","floor":3.0,"gold_loss":0.0,"damage_taken":0.0},{"damage_healed":0.0,"max_hp_gain":0.0,"max_hp_loss":0.0,"gold_gain":0.0,"cards_transformed":["HollowMod:NailStrikeStart"],"event_name":"Transmorgrifier","player_choice":"Transformed","floor":4.0,"gold_loss":0.0,"damage_taken":0.0,"cards_obtained":["HollowMod:HerrahsAnger"]},{"damage_healed":0.0,"max_hp_gain":0.0,"max_hp_loss":0.0,"gold_gain":0.0,"event_name":"Dead Adventurer","player_choice":"Searched \u00270\u0027 times","floor":13.0,"gold_loss":0.0,"damage_taken":0.0},{"cards_removed":["HollowMod:QuickDashStart"],"damage_healed":0.0,"max_hp_gain":0.0,"max_hp_loss":0.0,"gold_gain":0.0,"event_name":"Purifier","player_choice":"Purged","floor":14.0,"gold_loss":0.0,"damage_taken":0.0},{"damage_healed":0.0,"max_hp_gain":0.0,"max_hp_loss":0.0,"gold_gain":0.0,"event_name":"Drug Dealer","player_choice":"Obtain J.A.X.","floor":20.0,"gold_loss":0.0,"damage_taken":0.0,"cards_obtained":["J.A.X."]},{"cards_removed":["HollowMod:NailStrikeStart"],"damage_healed":0.0,"max_hp_gain":0.0,"max_hp_loss":0.0,"gold_gain":0.0,"event_name":"Beggar","player_choice":"Gave Gold","floor":22.0,"gold_loss":75.0,"damage_taken":0.0},{"damage_healed":0.0,"max_hp_gain":0.0,"max_hp_loss":38.0,"gold_gain":0.0,"event_name":"Ghosts","player_choice":"Became a Ghost","floor":24.0,"gold_loss":0.0,"damage_taken":0.0,"cards_obtained":["Ghostly","Ghostly","Ghostly","Ghostly","Ghostly"]}],"is_beta":false,"boss_relics":[{"not_picked":["Fusion Hammer","Tiny House"],"picked":"Empty Cage"}],"items_purged_floors":[],"is_endless":false,"potions_floor_spawned":[7,25,29],"killed_by":"Snecko","ascension_level":3}}