{"host":"y76clbnovzmw9ubx","time":1609465093,"event":{"mods":["AchievementEnabler","BaseMod","Minty Spire (QoL Compilation)","Permanent Neow","Relic Stats"],"gold_per_floor":[99,34,34,34,34,34,34,34,34,34,34,34,34,0,0,0,0,0,0,0,0,0,0,0,0,0,0,0,0],"floor_reached":28,"playtime":1140,"items_purged":[],"score":564,"play_id":"a4cdce2c-5e93-4b0f-a71f-37d8194d4af8","local_time":"20201231203813","is_ascension_mode":true,"campfire_choices":[{"data":"Heavy Blade","floor":15,"key":"SMITH"},{"data":"Double Tap","floor":24,"key":"SMITH"}],"circlet_count":0,"master_deck":["AscendersBane","Strike_R","Strike_R","Strike_R","Strike_R","Strike_R","Defend_R","Defend_R","Defend_R","Defend_R","Bash","Cleave","Dropkick","Double Tap+1","Spot Weakness","True Grit","Heavy Blade+1","Impervious","Shrug It Off","Sever Soul","Fiend Fire","Sentinel+1","Sword Boomerang","Shame","Dual Wield","Corruption"],"relics":["Ectoplasm","Meat on the Bone","Ginger","Bottled Flame","Runic Pyramid","MawBank","Du-Vu Doll","Bronze Scales","Smiling Mask","The Courier"],"acts_visited":["Exordium","TheCity"],"potions_floor_usage":[21,23],"damage_taken":[{"damage":3.0,"enemies":"Small Slimes","floor":1.0,"turns":4.0},{"damage":2.0,"enemies":"Jaw Worm","floor":4.0,"turns":3.0},{"damage":2.0,"enemies":"2 Louse","floor":5.0,"turns":2.0},{"damage":8.0,"enemies":"Gremlin Nob","floor":6.0,"turns":3.0},{"damage":8.0,"enemies":"Red Slaver","floor":7.0,"turns":3.0},{"damage":35.0,"enemies":"3 Sentries","floor":8.0,"turns":7.0},{"damage":0.0,"enemies":"2 Fungi Beasts","floor":10.0,"turns":3.0},{"damage":0.0,"enemies":"Exordium Wildlife","floor":11.0,"turns":4.0},{"damage":8.0,"enemies":"Gremlin Nob","floor":12.0,"turns":4.0},{"damage":3.0,"enemies":"Blue Slaver","floor":13.0,"turns":3.0},{"damage":7.0,"enemies":"Looter","floor":14.0,"turns":4.0},{"damage":18,"enemies":"The Guardian","floor":16,"turns":8},{"damage":16,"enemies":"Spheric Guardian","floor":18,"turns":4},{"damage":6,"enemies":"2 Thieves","floor":21,"turns":3},{"damage":24,"enemies":"Slavers","floor":23,"turns":3},{"damage":18,"enemies":"Book of Stabbing","floor":25,"turns":4},{"damage":17,"enemies":"Snake Plant","floor":27,"turns":2},{"damage":24,"enemies":"Masked Bandits","floor":28,"turns":3}],"seed_played":"7470517423291160598","potions_obtained":[{"floor":1.0,"key":"Strength Potion"},{"floor":6.0,"key":"LiquidMemories"},{"floor":11.0,"key":"GamblersBrew"},{"floor":12.0,"key":"DistilledChaos"},{"floor":21,"key":"ElixirPotion"}],"is_trial":false,"path_per_floor":["M","?","?","M","M","E","M","E","T","M","M","E","M","M","R","B",null,"M","?","?","M","T","E","R","E","T","M","?"],"character_chosen":"IRONCLAD","items_purchased":[],"campfire_rested":0,"item_purchase_floors":[],"current_hp_per_floor":[65,65,65,63,61,53,45,22,22,34,46,38,47,40,40,34,65,49,49,49,43,43,31,31,25,25,20,0,0],"gold":0,"neow_bonus":"BOSS_RELIC","is_daily":false,"chose_seed":false,"campfire_upgraded":2,"win_rate":0.0,"timestamp":1609465093,"path_taken":["M","?","?","M","M","E","M","E","T","M","M","E","M","M","R","BOSS","M","?","?","M","?","E","R","E","T","M","?"],"items_purchased_type":[],"build_version":"2020-12-22","purchased_purges":0,"victory":false,"max_hp_per_floor":[75,75,75,75,75,75,75,75,75,75,75,75,75,75,75,75,75,75,75,75,75,75,75,75,75,75,75,75,75],"relic_stats":{"counters":[18,67],"Bronze Scales":[41],"Ectoplasm":598,"Ginger":[7],"MawBank":0,"Smiling Mask":0,"obtain_stats":[{"Du-Vu Doll":22,"Bottled Flame":12,"Bronze Scales":23,"Ectoplasm":0,"The Courier":26,"Ginger":8,"MawBank":20,"Smiling Mask":25,"Burning Blood":0,"Meat on the Bone":6,"Runic Pyramid":17},{"Du-Vu Doll":14,"Bottled Flame":9,"Bronze Scales":15,"Ectoplasm":0,"The Courier":16,"Ginger":6,"MawBank":13,"Smiling Mask":16,"Burning Blood":0,"Meat on the Bone":4,"Runic Pyramid":12},{"Du-Vu Doll":55,"Bottled Flame":33,"Bronze Scales":58,"Ectoplasm":0,"The Courier":62,"Ginger":22,"MawBank":52,"Smiling Mask":62,"Burning Blood":0,"Meat on the Bone":12,"Runic Pyramid":48}],"Meat on the Bone":96},"card_choices":[{"not_picked":["Flex","Anger"],"picked":"Cleave","floor":1.0},{"not_picked":["Warcry","Sword Boomerang"],"picked":"Dropkick","floor":4.0},{"not_picked":["Clash","Reckless Charge","Iron Wave"],"picked":"SKIP","floor":5.0},{"not_picked":["Burning Pact","Thunderclap"],"picked":"Double Tap","floor":6.0},{"not_picked":["Flex","Heavy Blade"],"picked":"Spot Weakness","floor":7.0},{"not_picked":["Cleave","Spot Weakness"],"picked":"True Grit","floor":8.0},{"not_picked":["True Grit","Body Slam"],"picked":"Heavy Blade","floor":10.0},{"not_picked":["Flex","Blood for Blood"],"picked":"Impervious","floor":11.0},{"not_picked":["Flex","Thunderclap"],"picked":"Shrug It Off","floor":12.0},{"not_picked":["Pommel Strike","Heavy Blade","Flex"],"picked":"SKIP","floor":13.0},{"not_picked":["Thunderclap","Cleave"],"picked":"Sever Soul","floor":14.0},{"not_picked":["Immolate","Exhume"],"picked":"Fiend Fire","floor":16},{"not_picked":["Entrench","Warcry"],"picked":"Sentinel+1","floor":18},{"not_picked":["Pommel Strike","Armaments","Fire Breathing"],"picked":"SKIP","floor":21},{"not_picked":["Perfected Strike","Twin Strike+1"],"picked":"Dual Wield","floor":23},{"not_picked":["Thunderclap","Bloodletting"],"picked":"Corruption","floor":25},{"not_picked":["Infernal Blade+1","True Grit","Thunderclap"],"picked":"SKIP","floor":27}],"player_experience":3025113,"relics_obtained":[{"floor":6.0,"key":"Meat on the Bone"},{"floor":8.0,"key":"Ginger"},{"floor":12.0,"key":"Bottled Flame"},{"floor":22,"key":"Du-Vu Doll"},{"floor":23,"key":"Bronze Scales"},{"floor":25,"key":"Smiling Mask"},{"floor":26,"key":"The Courier"}],"event_choices":[{"damage_healed":0.0,"max_hp_gain":0.0,"max_hp_loss":0.0,"gold_gain":0.0,"event_name":"World of Goop","player_choice":"Left Gold","floor":2.0,"gold_loss":65.0,"damage_taken":0.0},{"damage_healed":0.0,"max_hp_gain":0.0,"max_hp_loss":0.0,"gold_gain":0.0,"event_name":"Scrap Ooze","player_choice":"Fled","floor":3.0,"gold_loss":0.0,"damage_taken":0.0},{"damage_healed":0,"gold_gain":0,"player_choice":"Read","damage_taken":0,"max_hp_gain":0,"max_hp_loss":0,"event_name":"The Library","floor":19,"gold_loss":0,"cards_obtained":["Sword Boomerang"]},{"damage_healed":0,"gold_gain":0,"player_choice":"Stole Relic","damage_taken":0,"relics_obtained":["MawBank"],"max_hp_gain":0,"max_hp_loss":0,"event_name":"Addict","floor":20,"gold_loss":0,"cards_obtained":["Shame"]},{"damage_healed":0,"gold_gain":0,"player_choice":"Fought Bandits","damage_taken":0,"max_hp_gain":0,"max_hp_loss":0,"event_name":"Masked Bandits","floor":28,"gold_loss":0}],"is_beta":false,"boss_relics":[{"not_picked":["Velvet Choker","Philosopher\u0027s Stone"],"picked":"Runic Pyramid"}],"items_purged_floors":[],"is_endless":false,"potions_floor_spawned":[1,6,11,12,13,14,16,21],"killed_by":"Masked Bandits","ascension_level":20}}