{"host":"tiwza2kisyyrpq7h","time":1609509893,"event":{"mods":["BaseMod","Colored Powertips","Minty Spire (QoL Compilation)","Quick Restart","Rare Cards Sparkle","StSLib","SuperFastMode","The Servant 0.9.4","óô»ðÖ¸ÄÏ"],"gold_per_floor":[114,127,202,202,219,219,63,63,63,63,99,99,99,24,24,109,109,135,144,172,172,172],"floor_reached":21,"playtime":477,"items_purged":["Pain"],"score":306,"play_id":"3fc7b4ae-84af-4c2d-857d-e16a2e917695","local_time":"20210101220453","is_ascension_mode":true,"campfire_choices":[{"data":"Eruption","floor":6.0,"key":"SMITH"},{"floor":12.0,"key":"DIG"},{"floor":15.0,"key":"DIG"}],"circlet_count":0,"master_deck":["AscendersBane","Strike_P","Strike_P","Defend_P","Defend_P","Defend_P","Defend_P","Eruption+1","Vigilance","FlyingSleeves+1","Collect+1","Wallop","MentalFortress","ConjureBlade","Alpha","Establishment","Study","MentalFortress","EmptyMind"],"relics":["PureWater","Blood Vial","WarpedTongs","Shovel","CeramicFish","Bronze Scales","Incense Burner","Black Star"],"acts_visited":["Exordium","TheCity"],"potions_floor_usage":[21],"damage_taken":[{"damage":2.0,"enemies":"Cultist","floor":1.0,"turns":3.0},{"damage":6.0,"enemies":"Jaw Worm","floor":2.0,"turns":5.0},{"damage":5.0,"enemies":"2 Louse","floor":5.0,"turns":3.0},{"damage":6.0,"enemies":"Gremlin Nob","floor":11.0,"turns":4.0},{"damage":4.0,"enemies":"Hexaghost","floor":16.0,"turns":6.0},{"damage":23.0,"enemies":"2 Thieves","floor":18.0,"turns":4.0},{"damage":22.0,"enemies":"Shell Parasite","floor":20.0,"turns":5.0},{"damage":23,"enemies":"3 Cultists","floor":21,"turns":4}],"seed_played":"-5325859167630360858","potions_obtained":[{"floor":2.0,"key":"Ancient Potion"},{"floor":20.0,"key":"Weak Potion"}],"is_trial":false,"path_per_floor":["M","M","?","?","M","R","$","?","T","?","E","R","$","?","R","B",null,"M","?","M","M"],"character_chosen":"WATCHER","items_purchased":["MentalFortress"],"campfire_rested":0,"item_purchase_floors":[7],"current_hp_per_floor":[61,57,46,46,43,43,43,43,43,23,19,19,19,19,19,17,55,34,34,14,0,0],"gold":172,"neow_bonus":"RANDOM_COMMON_RELIC","is_daily":false,"chose_seed":false,"campfire_upgraded":1,"win_rate":0.0,"timestamp":1609509893,"path_taken":["M","?","?","?","?","R","$","?","T","?","E","R","?","?","R","BOSS","M","?","M","M"],"items_purchased_type":["Card"],"build_version":"2020-12-22","purchased_purges":1,"victory":false,"max_hp_per_floor":[68,68,68,68,68,68,68,68,68,68,68,68,68,68,68,68,68,68,68,68,68,68],"card_choices":[{"not_picked":["JustLucky","CrushJoints"],"picked":"FlyingSleeves","floor":1.0},{"not_picked":["EmptyBody","Consecrate"],"picked":"Collect","floor":2.0},{"not_picked":["Protect","Worship"],"picked":"Wallop","floor":5.0},{"not_picked":["SignatureMove","Protect"],"picked":"Alpha","floor":11.0},{"not_picked":["Scrawl","SpiritShield"],"picked":"Establishment","floor":16.0},{"not_picked":["CrushJoints","JustLucky"],"picked":"Study","floor":18.0},{"not_picked":["MentalFortress","Prostrate"],"picked":"EmptyMind","floor":20.0}],"player_experience":904923,"relics_obtained":[{"floor":9.0,"key":"Shovel"},{"floor":11.0,"key":"CeramicFish"},{"floor":12.0,"key":"Bronze Scales"},{"floor":15.0,"key":"Incense Burner"}],"event_choices":[{"damage_healed":0.0,"max_hp_gain":0.0,"max_hp_loss":0.0,"gold_gain":75.0,"event_name":"World of Goop","player_choice":"Gather Gold","floor":3.0,"gold_loss":0.0,"damage_taken":11.0},{"damage_healed":0.0,"max_hp_gain":0.0,"max_hp_loss":0.0,"gold_gain":0.0,"event_name":"Accursed Blacksmith","player_choice":"Rummage","floor":4.0,"gold_loss":0.0,"damage_taken":0.0,"relics_obtained":["WarpedTongs"],"cards_obtained":["Pain"]},{"damage_healed":0.0,"max_hp_gain":0.0,"max_hp_loss":0.0,"gold_gain":0.0,"cards_transformed":["Strike_P"],"event_name":"Living Wall","player_choice":"Change","floor":8.0,"gold_loss":0.0,"damage_taken":0.0,"cards_obtained":["ConjureBlade"]},{"damage_healed":0.0,"max_hp_gain":0.0,"max_hp_loss":0.0,"gold_gain":0.0,"event_name":"Shining Light","player_choice":"Entered Light","floor":10.0,"gold_loss":0.0,"damage_taken":20.0,"cards_upgraded":["FlyingSleeves","Collect"]},{"cards_removed":["Strike_P"],"damage_healed":0.0,"max_hp_gain":0.0,"max_hp_loss":0.0,"gold_gain":0.0,"event_name":"The Cleric","player_choice":"Card Removal","floor":14.0,"gold_loss":75.0,"damage_taken":0.0},{"damage_healed":0.0,"max_hp_gain":0.0,"max_hp_loss":0.0,"gold_gain":0.0,"event_name":"The Library","player_choice":"Read","floor":19.0,"gold_loss":0.0,"damage_taken":0.0,"cards_obtained":["MentalFortress"]}],"is_beta":false,"boss_relics":[{"not_picked":["Calling Bell","Philosopher\u0027s Stone"],"picked":"Black Star"}],"items_purged_floors":[7],"is_endless":false,"potions_floor_spawned":[2,20],"killed_by":"3 Cultists","ascension_level":15}}