{"host":"uy3vg6glkp8m6iit","time":1609515120,"event":{"mods":["AchievementEnabler","BaseMod","Colored Map","DeckTracker","Highlight Path","Keyboard Shortcuts","Minty Spire (QoL Compilation)","Quick Restart","Random Character Button","Rare Cards Sparkle","Relic Stats","StSLib","everything is the same but u backflip on backflip"],"gold_per_floor":[118,132,132,57,68,68,41,58,58,86,86,144,176,22,22,117,117,134,59,6,6,22,22,41,41,93,110,136,136,151,98,98,198,198,218,66,81,93,93,93,119,137,190,224,224,250,301,319,319,319,319,319,17,42,42],"floor_reached":56,"playtime":2177,"items_purged":["Decay"],"score":1684,"play_id":"f7dfc3be-789d-42d8-9ffb-95b9ae1e1dbf","local_time":"20210102003200","is_ascension_mode":true,"campfire_choices":[{"data":"Choke","floor":6.0,"key":"SMITH"},{"data":"Cloak And Dagger","floor":11.0,"key":"SMITH"},{"data":"Neutralize","floor":15.0,"key":"SMITH"},{"data":"Phantasmal Killer","floor":23.0,"key":"SMITH"},{"floor":29.0,"key":"REST"},{"data":"Well Laid Plans","floor":32.0,"key":"SMITH"},{"data":"Blade Dance","floor":40.0,"key":"SMITH"},{"data":"Blade Dance","floor":45.0,"key":"SMITH"},{"floor":49.0,"key":"RECALL"},{"data":"After Image","floor":52.0,"key":"SMITH"}],"circlet_count":0,"master_deck":["Strike_G","Strike_G","Strike_G","Defend_G","Defend_G","Defend_G","Defend_G","Survivor","Neutralize+1","Cloak And Dagger+1","Choke+1","Footwork","PiercingWail","Well Laid Plans+1","Endless Agony","Phantasmal Killer+1","Burst+1","Sucker Punch+1","Endless Agony+1","Heel Hook+1","Accuracy","Terror+1","Backflip+1","Deflect","Acrobatics","Finisher+1","Blade Dance+1","Storm of Steel","Blade Dance+1","Reflex","Shame","After Image+1","Escape Plan","Finisher+1","Phantasmal Killer"],"relics":["Ring of the Snake","Unceasing Top","White Beast Statue","Ninja Scroll","Pen Nib","Happy Flower","Astrolabe","Vajra","Question Card","Cursed Key","PreservedInsect","Mummified Hand","Toy Ornithopter","Pear","Blue Candle","Turnip","Orrery","Lantern"],"acts_visited":["Exordium","TheCity","TheBeyond","TheEnding"],"potions_floor_usage":[55,55,55,55,55,55],"damage_taken":[{"damage":1.0,"enemies":"2 Louse","floor":1.0,"turns":4.0},{"damage":0.0,"enemies":"Small Slimes","floor":2.0,"turns":6.0},{"damage":1.0,"enemies":"Jaw Worm","floor":5.0,"turns":4.0},{"damage":1.0,"enemies":"2 Fungi Beasts","floor":8.0,"turns":5.0},{"damage":24.0,"enemies":"3 Sentries","floor":10.0,"turns":11.0},{"damage":3.0,"enemies":"Lagavulin","floor":13.0,"turns":6.0},{"damage":29.0,"enemies":"Slime Boss","floor":16.0,"turns":13.0},{"damage":5.0,"enemies":"2 Thieves","floor":18.0,"turns":3.0},{"damage":0.0,"enemies":"Shell Parasite","floor":22.0,"turns":4.0},{"damage":10.0,"enemies":"Snake Plant","floor":24.0,"turns":2.0},{"damage":2.0,"enemies":"Centurion and Healer","floor":27.0,"turns":3.0},{"damage":35.0,"enemies":"Slavers","floor":28.0,"turns":6.0},{"damage":13.0,"enemies":"Sentry and Sphere","floor":30.0,"turns":4.0},{"damage":44.0,"enemies":"Champ","floor":33.0,"turns":7.0},{"damage":0.0,"enemies":"Orb Walker","floor":35.0,"turns":3.0},{"damage":10.0,"enemies":"3 Darklings","floor":37.0,"turns":5.0},{"damage":0.0,"enemies":"Spire Growth","floor":38.0,"turns":2.0},{"damage":3.0,"enemies":"Giant Head","floor":41.0,"turns":5.0},{"damage":0.0,"enemies":"Transient","floor":42.0,"turns":5.0},{"damage":0.0,"enemies":"Nemesis","floor":44.0,"turns":3.0},{"damage":13.0,"enemies":"Giant Head","floor":46.0,"turns":3.0},{"damage":1.0,"enemies":"2 Orb Walkers","floor":47.0,"turns":3.0},{"damage":0.0,"enemies":"Sphere and 2 Shapes","floor":48.0,"turns":2.0},{"damage":47.0,"enemies":"Awakened One","floor":50.0,"turns":8.0},{"damage":5.0,"enemies":"Shield and Spear","floor":54.0,"turns":3.0},{"damage":91,"enemies":"The Heart","floor":55,"turns":6}],"seed_played":"9007971278910924591","potions_obtained":[{"floor":1.0,"key":"Ancient Potion"},{"floor":8.0,"key":"Poison Potion"},{"floor":10.0,"key":"CunningPotion"},{"floor":13.0,"key":"Explosive Potion"},{"floor":16.0,"key":"SpeedPotion"},{"floor":18.0,"key":"FearPotion"},{"floor":22.0,"key":"BlessingOfTheForge"},{"floor":27.0,"key":"Fruit Juice"},{"floor":28.0,"key":"SkillPotion"},{"floor":30.0,"key":"LiquidBronze"},{"floor":33.0,"key":"SkillPotion"},{"floor":35.0,"key":"Strength Potion"},{"floor":37.0,"key":"Strength Potion"},{"floor":38.0,"key":"AttackPotion"},{"floor":46.0,"key":"EntropicBrew"},{"floor":47.0,"key":"EntropicBrew"},{"floor":48.0,"key":"LiquidBronze"},{"floor":54,"key":"FearPotion"}],"is_trial":false,"path_per_floor":["M","M","?","$","M","R","$","M","T","E","R","?","E","$","R","B",null,"M","$","?","$","M","R","M","?","T","M","E","R","M","$","R","B",null,"M","$","M","M","?","R","E","M","T","E","R","E","?","M","R","B",null,"R","$","E","B",null],"character_chosen":"THE_SILENT","items_purchased":["PiercingWail","Happy Flower","Accuracy","Blade Dance","PreservedInsect","Orrery","Lantern"],"campfire_rested":1,"item_purchase_floors":[7,14,19,31,36,53,53],"current_hp_per_floor":[62,62,67,67,66,66,66,65,65,41,41,41,38,38,38,9,59,54,54,54,54,54,54,44,75,75,73,38,60,47,47,47,3,57,62,62,52,52,52,52,49,49,49,59,59,51,55,60,60,28,75,75,75,70,5],"gold":42,"neow_bonus":"ONE_RARE_RELIC","is_daily":false,"chose_seed":false,"campfire_upgraded":8,"win_rate":0.0,"timestamp":1609515120,"path_taken":["M","M","?","$","M","R","$","M","T","E","R","?","E","?","R","BOSS","M","$","?","?","?","R","M","?","T","M","E","R","M","$","R","BOSS","M","$","M","?","?","R","E","M","T","E","R","E","?","M","R","BOSS","R","$","E","BOSS"],"items_purchased_type":["Card","Relic","Card","Card","Relic","Relic","Relic"],"build_version":"2020-12-22","purchased_purges":1,"victory":true,"max_hp_per_floor":[70,70,75,75,75,75,75,75,75,75,75,75,75,75,75,75,75,75,75,75,75,75,75,75,75,75,75,75,75,75,75,75,75,75,80,80,80,80,80,80,80,80,80,90,90,90,90,90,90,90,90,90,90,90,90],"relic_stats":{"Happy Flower":[30],"counters":[26,126],"Astrolabe":["Burst","Sucker Punch","Endless Agony"],"Blue Candle":[3],"Pen Nib":[38],"PreservedInsect":365,"Question Card":18,"Cursed Key":1,"Mummified Hand":[18],"Turnip":[2],"obtain_stats":[{"Lantern":53,"Pear":44,"Happy Flower":14,"Astrolabe":17,"Blue Candle":46,"Vajra":20,"Pen Nib":13,"PreservedInsect":36,"Question Card":28,"Cursed Key":34,"White Beast Statue":9,"Ninja Scroll":10,"Mummified Hand":41,"Orrery":53,"Turnip":47,"Unceasing Top":0,"Toy Ornithopter":43,"Ring of the Snake":0},{"Lantern":24,"Pear":20,"Happy Flower":6,"Astrolabe":7,"Blue Candle":21,"Vajra":8,"Pen Nib":6,"PreservedInsect":15,"Question Card":12,"Cursed Key":14,"White Beast Statue":4,"Ninja Scroll":5,"Mummified Hand":18,"Orrery":24,"Turnip":22,"Unceasing Top":0,"Toy Ornithopter":19,"Ring of the Snake":0},{"Lantern":117,"Pear":101,"Happy Flower":36,"Astrolabe":49,"Blue Candle":104,"Vajra":52,"Pen Nib":36,"PreservedInsect":81,"Question Card":67,"Cursed Key":78,"White Beast Statue":19,"Ninja Scroll":30,"Mummified Hand":93,"Orrery":117,"Turnip":107,"Unceasing Top":0,"Toy Ornithopter":98,"Ring of the Snake":0}],"Unceasing Top":[30],"Toy Ornithopter":56,"Ring of the Snake":[49]},"card_choices":[{"not_picked":["Poisoned Stab","Dodge and Roll"],"picked":"Cloak And Dagger","floor":1.0},{"not_picked":["Blade Dance","Dodge and Roll"],"picked":"Choke","floor":2.0},{"not_picked":["Blade Dance","Caltrops"],"picked":"Footwork","floor":5.0},{"not_picked":["Acrobatics","Bane"],"picked":"Tactician","floor":8.0},{"not_picked":["Deadly Poison","Cloak And Dagger"],"picked":"Well Laid Plans","floor":10.0},{"not_picked":["Tools of the Trade","Eviscerate"],"picked":"Endless Agony","floor":13.0},{"not_picked":["Venomology","After Image"],"picked":"Phantasmal Killer","floor":16.0},{"not_picked":["Dodge and Roll","Well Laid Plans"],"picked":"Heel Hook+1","floor":18.0},{"not_picked":["Dagger Spray","Outmaneuver"],"picked":"Terror+1","floor":22.0},{"not_picked":["Setup","Heel Hook"],"picked":"Backflip+1","floor":24.0},{"not_picked":["Sucker Punch","Terror+1"],"picked":"Deflect","floor":27.0},{"not_picked":["Noxious Fumes","Dodge and Roll"],"picked":"Acrobatics","floor":28.0},{"not_picked":["Bouncing Flask","Cloak And Dagger","Skewer"],"picked":"Finisher+1","floor":30.0},{"not_picked":["Unload","Phantasmal Killer","Grand Finale"],"picked":"Storm of Steel","floor":33.0},{"not_picked":["Poisoned Stab","Dash+1","Caltrops"],"picked":"Blade Dance","floor":35.0},{"not_picked":["Poisoned Stab+1","Prepared+1","Backflip+1","Bane+1"],"picked":"SKIP","floor":37.0},{"not_picked":["Masterful Stab","Deadly Poison+1","Expertise+1"],"picked":"Reflex","floor":38.0},{"not_picked":["PiercingWail+1","Catalyst","Bane","Deadly Poison+1"],"picked":"SKIP","floor":41.0},{"not_picked":["Outmaneuver+1","Acrobatics+1","Night Terror","Leg Sweep"],"picked":"SKIP","floor":42.0},{"not_picked":["Backflip","Outmaneuver+1","Skewer+1","Prepared+1"],"picked":"SKIP","floor":44.0},{"not_picked":["Bane","Blade Dance","Concentrate+1"],"picked":"After Image","floor":46.0},{"not_picked":["Poisoned Stab+1","Slice+1","Underhanded Strike","Dash"],"picked":"SKIP","floor":48.0},{"not_picked":["Bouncing Flask+1","Dagger Spray","Crippling Poison"],"picked":"Escape Plan","floor":53.0},{"not_picked":["Bouncing Flask+1","Quick Slash","Slice"],"picked":"Finisher+1","floor":53.0},{"not_picked":["Blur","Backflip+1","Underhanded Strike+1"],"picked":"Phantasmal Killer","floor":54}],"player_experience":1447985,"relics_obtained":[{"floor":9.0,"key":"White Beast Statue"},{"floor":10.0,"key":"Ninja Scroll"},{"floor":13.0,"key":"Pen Nib"},{"floor":28.0,"key":"Question Card"},{"floor":41.0,"key":"Mummified Hand"},{"floor":43.0,"key":"Toy Ornithopter"},{"floor":44.0,"key":"Pear"},{"floor":46.0,"key":"Blue Candle"},{"floor":47.0,"key":"Turnip"}],"event_choices":[{"damage_healed":0.0,"max_hp_gain":5.0,"max_hp_loss":0.0,"gold_gain":0.0,"event_name":"Big Fish","player_choice":"Donut","floor":3.0,"gold_loss":0.0,"damage_taken":0.0},{"damage_healed":0.0,"max_hp_gain":0.0,"max_hp_loss":0.0,"gold_gain":58.0,"event_name":"Golden Wing","player_choice":"Gained Gold","floor":12.0,"gold_loss":0.0,"damage_taken":0.0},{"damage_healed":0.0,"max_hp_gain":0.0,"max_hp_loss":0.0,"gold_gain":0.0,"event_name":"WeMeetAgain","player_choice":"Paid Gold","floor":20.0,"gold_loss":53.0,"damage_taken":0.0,"relics_obtained":["Vajra"]},{"cards_removed":["Tactician"],"damage_healed":31.0,"max_hp_gain":0.0,"max_hp_loss":0.0,"gold_gain":0.0,"event_name":"Bonfire Elementals","player_choice":"Offered Uncommon","floor":25.0,"gold_loss":0.0,"damage_taken":0.0},{"damage_healed":0.0,"max_hp_gain":0.0,"max_hp_loss":0.0,"gold_gain":0.0,"event_name":"Tomb of Lord Red Mask","player_choice":"Ignored","floor":39.0,"gold_loss":0.0,"damage_taken":0.0},{"damage_healed":0.0,"max_hp_gain":0.0,"max_hp_loss":0.0,"gold_gain":0.0,"event_name":"Mysterious Sphere","player_choice":"Fight","floor":47.0,"gold_loss":0.0,"damage_taken":0.0}],"is_beta":false,"boss_relics":[{"not_picked":["HoveringKite","WristBlade"],"picked":"Astrolabe"},{"not_picked":["Runic Pyramid","Busted Crown"],"picked":"Cursed Key"}],"items_purged_floors":[4],"is_endless":false,"potions_floor_spawned":[1,8,10,13,16,18,22,24,27,28,30,33,35,37,38,41,42,44,46,47,48,54],"ascension_level":7}}