{"host":"g76rhe4j5kh9hdf9","time":1609537356,"event":{"mods":["Act Like it!","BaseMod","Better Third Choice","GifTheSpireLib","Minty Spire (QoL Compilation)","Relic Stats","Spicy Shops","StSLib","TheSwordswoman"],"gold_per_floor":[118,69,0,15,15,15,41,54,54,54,54,54,71,71,71,176,176,189,205,220,232,87,120,120,120,169,169,61,61,79,96,96,191,191,204,204,204,214,231,262,282,309,388,402,431,431,431,481,481,481,481,481,5,36,36],"floor_reached":56,"playtime":4330,"items_purged":["Regret"],"score":1405,"play_id":"71020a66-5d3f-49fe-b992-b0bd4b800ac1","local_time":"20210101134236","is_ascension_mode":false,"campfire_choices":[{"data":"Enlightenment","floor":6.0,"key":"SMITH"},{"data":"blazmod:PhysicalEndurance","floor":10.0,"key":"SMITH"},{"data":"blazmod:BladeOfEnlightenment","floor":12.0,"key":"SMITH"},{"data":"blazmod:TravelJournal","floor":15.0,"key":"SMITH"},{"data":"blazmod:Kyokasuigetsu","floor":27,"key":"SMITH"},{"data":"blazmod:TrueOfHeart","floor":29,"key":"SMITH"},{"data":"blazmod:ButterFlutter","floor":32,"key":"SMITH"},{"floor":49,"key":"RECALL"},{"data":"blazmod:DawnflutterDance","floor":52,"key":"SMITH"}],"circlet_count":0,"master_deck":["blazmod:Defend","blazmod:Defend","blazmod:Defend","blazmod:Defend","blazmod:ButterflyEffect","blazmod:Kyokasuigetsu+1","blazmod:ButterFlutter+1","Enlightenment+1","blazmod:LoveAndHonor","blazmod:BladeOfEnlightenment+1","blazmod:PhysicalEndurance+1","blazmod:TravelJournal+1","blazmod:EightLifePilgrimage","blazmod:KatanaStrike","blazmod:KatanaStrike+1","blazmod:DanceOfTheGods","blazmod:FancifulFlutter","blazmod:ButterflyForm","blazmod:TrueOfHeart+1","blazmod:ButterFlutter+1","blazmod:DawnflutterDance+1","blazmod:ButterflyForm+1","blazmod:ButterFlutter+1","blazmod:StanceChange+1","blazmod:Contingency","Flash of Steel","blazmod:StanceChange+1","blazmod:DevilDivine+1","blazmod:PerennialBeauty+1","blazmod:Trasient+1","blazmod:MirrorImage","blazmod:LoveAndHonor","blazmod:DrippingWaterHollowsStone","blazmod:TravelJournal","blazmod:DrippingWaterHollowsStone","blazmod:UnderPurifyingWaters","blazmod:RevolvingPhoenix","blazmod:Trasient+1"],"relics":["blazmod:Venustas","NeowsBlessing","betterThird:SlimedRelic","Bronze Scales","Bottled Lightning","Mummified Hand","Matryoshka","Runic Pyramid","Eternal Feather","Regal Pillow","Toy Ornithopter","Astrolabe","Gremlin Horn","Potion Belt","The Courier","Molten Egg 2","Bottled Flame","Gambling Chip","Letter Opener"],"acts_visited":["Exordium","TheCity","TheBeyond","TheEnding"],"potions_floor_usage":[23,50,55,55,55,55,55],"damage_taken":[{"damage":0.0,"enemies":"Small Slimes","floor":1.0,"turns":1.0},{"damage":0.0,"enemies":"2 Louse","floor":4.0,"turns":2.0},{"damage":0.0,"enemies":"Gremlin Nob","floor":7.0,"turns":2.0},{"damage":14.0,"enemies":"Jaw Worm","floor":8.0,"turns":6.0},{"damage":0.0,"enemies":"Red Slaver","floor":13.0,"turns":4.0},{"damage":7.0,"enemies":"Hexaghost","floor":16.0,"turns":11.0},{"damage":0,"enemies":"3 Byrds","floor":18,"turns":2},{"damage":0,"enemies":"Shell Parasite","floor":19,"turns":5},{"damage":11,"enemies":"Snake Plant","floor":20,"turns":3},{"damage":0,"enemies":"Snecko","floor":21,"turns":3},{"damage":1,"enemies":"Slavers","floor":23,"turns":3},{"damage":0,"enemies":"Shelled Parasite and Fungi","floor":30,"turns":4},{"damage":0,"enemies":"Cultist and Chosen","floor":31,"turns":3},{"damage":0,"enemies":"Automaton","floor":33,"turns":6},{"damage":10,"enemies":"Orb Walker","floor":35,"turns":5},{"damage":7,"enemies":"3 Darklings","floor":38,"turns":4},{"damage":0,"enemies":"Maw","floor":39,"turns":8},{"damage":0,"enemies":"Nemesis","floor":40,"turns":7},{"damage":1,"enemies":"4 Shapes","floor":41,"turns":2},{"damage":11,"enemies":"Giant Head","floor":42,"turns":8},{"damage":0,"enemies":"3 Darklings","floor":44,"turns":4},{"damage":22,"enemies":"Nemesis","floor":45,"turns":7},{"damage":0,"enemies":"Nemesis","floor":47,"turns":2},{"damage":0,"enemies":"Mind Bloom Boss Battle","floor":48,"turns":3},{"damage":0,"enemies":"Donu and Deca","floor":50,"turns":4},{"damage":0,"enemies":"Shield and Spear","floor":54,"turns":2},{"damage":5,"enemies":"The Heart","floor":55,"turns":5}],"seed_played":"8755043646842666450","potions_obtained":[{"floor":7.0,"key":"FearPotion"},{"floor":8.0,"key":"LiquidBronze"},{"floor":13.0,"key":"LiquidMemories"},{"floor":20,"key":"FearPotion"},{"floor":23,"key":"EssenceOfSteel"},{"floor":47,"key":"SkillPotion"},{"floor":48,"key":"Strength Potion"},{"floor":54,"key":"ColorlessPotion"}],"is_trial":false,"path_per_floor":["M","?","?","M","?","R","E","M","T","R","$","R","M","T","R","B",null,"M","M","M","M","$","E","?","?","T","R","$","R","M","M","R","B",null,"M","?","?","M","M","E","M","E","T","M","E","?","?","?","R","B",null,"R","$","E","B",null],"character_chosen":"THE_SWORDSWOMAN","items_purchased":["blazmod:FancifulFlutter","blazmod:TrueOfHeart","blazmod:MirrorImage","blazmod:LoveAndHonor","blazmod:DrippingWaterHollowsStone","blazmod:TravelJournal","blazmod:DrippingWaterHollowsStone","blazmod:UnderPurifyingWaters","blazmod:RevolvingPhoenix"],"campfire_rested":0,"item_purchase_floors":[22,28,53,53,53,53,53,53,53],"current_hp_per_floor":[40,29,35,35,35,35,35,21,21,21,21,21,21,21,21,14,46,46,46,43,46,46,45,45,45,45,46,46,46,46,46,46,46,46,36,26,26,27,35,43,45,42,42,42,24,24,32,40,46,46,46,46,46,46,43],"gold":36,"neow_bonus":"THREE_ENEMY_KILL","is_daily":false,"chose_seed":false,"campfire_upgraded":8,"win_rate":0.0,"timestamp":1609537356,"path_taken":["M","?","?","M","?","R","E","?","T","R","?","R","M","?","R","BOSS","M","M","?","M","$","E","?","?","T","R","?","R","M","M","R","BOSS","M","?","?","M","M","E","M","E","T","M","E","?","?","?","R","BOSS","R","$","E","BOSS"],"items_purchased_type":["Card","Card","Card","Card","Card","Card","Card","Card","Card"],"build_version":"2020-12-22","purchased_purges":1,"victory":true,"max_hp_per_floor":[40,40,46,46,46,46,46,46,46,46,46,46,46,46,46,46,46,46,46,46,46,46,46,46,46,46,46,46,46,46,46,46,46,46,46,46,46,46,46,46,46,46,46,46,46,46,46,46,46,46,46,46,46,46,46],"relic_stats":{"Regal Pillow":0,"Gremlin Horn":[4,4],"counters":[27,116],"Mummified Hand":[158],"Bronze Scales":[408],"Astrolabe":["blazmod:ButterflyForm","blazmod:ButterFlutter","blazmod:StanceChange"],"Gambling Chip":[1],"Eternal Feather":7,"Letter Opener":[20],"obtain_stats":[{"Potion Belt":42,"Regal Pillow":24,"NeowsBlessing":0,"Gremlin Horn":40,"Astrolabe":34,"Eternal Feather":23,"The Courier":43,"Letter Opener":54,"blazmod:Venustas":0,"Bottled Flame":45,"Matryoshka":14,"Mummified Hand":9,"betterThird:SlimedRelic":2,"Bronze Scales":5,"Gambling Chip":48,"Molten Egg 2":43,"Bottled Lightning":7,"Toy Ornithopter":26,"Runic Pyramid":17},{"Potion Belt":20,"Regal Pillow":11,"NeowsBlessing":0,"Gremlin Horn":18,"Astrolabe":14,"Eternal Feather":11,"The Courier":20,"Letter Opener":26,"blazmod:Venustas":0,"Bottled Flame":22,"Matryoshka":5,"Mummified Hand":4,"betterThird:SlimedRelic":1,"Bronze Scales":2,"Gambling Chip":24,"Molten Egg 2":20,"Bottled Lightning":3,"Toy Ornithopter":11,"Runic Pyramid":6},{"Potion Belt":89,"Regal Pillow":42,"NeowsBlessing":0,"Gremlin Horn":79,"Astrolabe":55,"Eternal Feather":42,"The Courier":89,"Letter Opener":111,"blazmod:Venustas":0,"Bottled Flame":100,"Matryoshka":15,"Mummified Hand":11,"betterThird:SlimedRelic":1,"Bronze Scales":3,"Gambling Chip":105,"Molten Egg 2":89,"Bottled Lightning":5,"Toy Ornithopter":42,"Runic Pyramid":26}],"Toy Ornithopter":0},"card_choices":[{"not_picked":["blazmod:FleetOfFoot","blazmod:FlashRock"],"picked":"blazmod:ButterFlutter","floor":1.0},{"not_picked":["blazmod:MentalFocus","blazmod:ButterFlutter"],"picked":"blazmod:LoveAndHonor","floor":4.0},{"not_picked":["blazmod:Crosscut","blazmod:FlashRock"],"picked":"blazmod:BladeOfEnlightenment","floor":7.0},{"not_picked":["blazmod:Valiance","blazmod:Crosscut"],"picked":"blazmod:PhysicalEndurance","floor":8.0},{"not_picked":["blazmod:Crosscut","blazmod:MentalFocus"],"picked":"blazmod:TravelJournal","floor":13.0},{"not_picked":["blazmod:MindAtPeace","blazmod:TrueSelf"],"picked":"blazmod:EightLifePilgrimage","floor":16.0},{"not_picked":["blazmod:SidewaySolace","blazmod:FleetOfFoot","blazmod:FlashRock+1"],"picked":"SKIP","floor":18},{"not_picked":["blazmod:SidewaySolace","blazmod:OpenSpirit"],"picked":"blazmod:KatanaStrike","floor":19},{"not_picked":["blazmod:StanceChange","blazmod:Crosscut+1"],"picked":"blazmod:KatanaStrike+1","floor":20},{"not_picked":["blazmod:MentalFocus","blazmod:ButterFlutter"],"picked":"blazmod:DanceOfTheGods","floor":21},{"not_picked":["blazmod:FlyFlyAgain","blazmod:Swordstorm"],"picked":"blazmod:ButterflyForm","floor":23},{"not_picked":["blazmod:BoulderFlash","blazmod:KatanaStrike"],"picked":"blazmod:ButterFlutter+1","floor":30},{"not_picked":["blazmod:KatanaStrike","blazmod:ButterFlutter","blazmod:MoonlightBlossoms"],"picked":"SKIP","floor":31},{"not_picked":["blazmod:ButterflyForm","blazmod:PerennialBeauty"],"picked":"blazmod:DawnflutterDance","floor":33},{"not_picked":["blazmod:SidewaySolace+1","blazmod:MyEverything+1"],"picked":"blazmod:Contingency","floor":35},{"not_picked":["Discovery","Blind"],"picked":"Flash of Steel","floor":36},{"not_picked":["Trip","Swift Strike"],"picked":"Purity","floor":36},{"not_picked":["blazmod:Crosscut+1","blazmod:OpenSpirit+1","blazmod:ButterFlutter"],"picked":"SKIP","floor":38},{"not_picked":["blazmod:KatanaStrike","blazmod:FlashRock","blazmod:Valiance+1"],"picked":"SKIP","floor":39},{"not_picked":["blazmod:KatanaStrike","blazmod:StanceChange","blazmod:FlashRock+1"],"picked":"SKIP","floor":40},{"not_picked":["blazmod:SidewaySolace","blazmod:Valiance"],"picked":"blazmod:StanceChange+1","floor":41},{"not_picked":["blazmod:DawnflutterDance","blazmod:SidewaySolace+1","blazmod:Quickdraw+1"],"picked":"SKIP","floor":42},{"not_picked":["blazmod:Crosscut+1","blazmod:FlashRock"],"picked":"blazmod:DevilDivine+1","floor":44},{"not_picked":["blazmod:Crosscut+1","blazmod:KatanaStrike+1"],"picked":"blazmod:PerennialBeauty+1","floor":45},{"not_picked":["blazmod:FortifiedVigor+1","blazmod:Valiance"],"picked":"blazmod:Trasient+1","floor":48},{"not_picked":["blazmod:CrescentMoon+1","blazmod:SidewaySolace+1"],"picked":"blazmod:Trasient+1","floor":54}],"player_experience":450052,"relics_obtained":[{"floor":7.0,"key":"Bottled Lightning"},{"floor":9.0,"key":"Mummified Hand"},{"floor":14.0,"key":"Matryoshka"},{"floor":23,"key":"Eternal Feather"},{"floor":26,"key":"Toy Ornithopter"},{"floor":40,"key":"Gremlin Horn"},{"floor":42,"key":"Potion Belt"},{"floor":43,"key":"The Courier"},{"floor":43,"key":"Molten Egg 2"},{"floor":45,"key":"Bottled Flame"},{"floor":48,"key":"Gambling Chip"},{"floor":54,"key":"Letter Opener"}],"event_choices":[{"damage_healed":0.0,"max_hp_gain":0.0,"max_hp_loss":0.0,"gold_gain":0.0,"event_name":"betterThird:BetterGoop","player_choice":"Slimed","floor":2.0,"gold_loss":49.0,"damage_taken":11.0},{"damage_healed":0.0,"max_hp_gain":0.0,"max_hp_loss":0.0,"gold_gain":0.0,"event_name":"betterThird:BetterSerpent","player_choice":"RENOUNCE","floor":3.0,"gold_loss":69.0,"damage_taken":69.0,"cards_obtained":["Enlightenment"]},{"damage_healed":0.0,"max_hp_gain":0.0,"max_hp_loss":0.0,"gold_gain":0.0,"event_name":"Big Fish","player_choice":"Box","floor":5.0,"gold_loss":0.0,"damage_taken":0.0,"relics_obtained":["Bronze Scales"],"cards_obtained":["Regret"]},{"damage_healed":0,"gold_gain":0,"player_choice":"Opened","damage_taken":0,"relics_obtained":["Regal Pillow"],"max_hp_gain":0,"max_hp_loss":0,"event_name":"The Mausoleum","floor":24,"gold_loss":0},{"damage_healed":0,"gold_gain":0,"player_choice":"Ignored","damage_taken":0,"max_hp_gain":0,"max_hp_loss":0,"event_name":"Ghosts","floor":25,"gold_loss":0},{"damage_healed":0,"gold_gain":0,"player_choice":"Memory 3","damage_taken":10,"max_hp_gain":0,"max_hp_loss":0,"event_name":"SensoryStone","floor":36,"gold_loss":0},{"cards_removed":["Purity"],"damage_healed":0,"gold_gain":0,"player_choice":"Removed Skill","damage_taken":0,"max_hp_gain":0,"max_hp_loss":0,"event_name":"Falling","floor":37,"gold_loss":0},{"damage_healed":0,"gold_gain":0,"player_choice":"Ignored","damage_taken":0,"max_hp_gain":0,"max_hp_loss":0,"event_name":"Tomb of Lord Red Mask","floor":46,"gold_loss":0},{"damage_healed":0,"gold_gain":0,"player_choice":"Fight","damage_taken":0,"max_hp_gain":0,"max_hp_loss":0,"event_name":"MindBloom","floor":48,"gold_loss":0}],"is_beta":false,"boss_relics":[{"not_picked":["Black Star","Empty Cage"],"picked":"Runic Pyramid"},{"not_picked":["blazmod:SamuraiSword","Tiny House"],"picked":"Astrolabe"}],"items_purged_floors":[22],"is_endless":false,"potions_floor_spawned":[7,8,13,20,23,30,38,39,47,48,54],"ascension_level":0}}