{"host":"e5u7qs1emxzejr12","time":1609470603,"event":{"mods":["2.2 Compatiblity","Act Like it!","Arknights The Spire","BaseMod","Card Forge","Custom Start","Hermit","Highlight Path","Luminous","Minty Spire (QoL Compilation)","Quick Restart","Reimu£®≤©¿ˆ¡È√Œ£©","Replay The Spire","Shop Mod","StSLib","SuperFastMode","UnlockEverythingMod"],"gold_per_floor":[153,153,192,342,167,242,338,419,446,551,636,648,762,864,876,1119,1131,1176,1188,1296,457,556,661,754,850,900,993,866,947,947,977,977,1208,1208,1250,735,765,804,939,1017,1017,1122,1122,1221,1317,1317,926,559,559,559,559,559,559,128,227,227],"floor_reached":57,"playtime":4333,"items_purged":[],"score":3473,"play_id":"06654608-f661-4f95-a04b-9a51ad0f63a0","local_time":"20210101111003","daily_mods":["Heirloom","Flight","DeadlyEvents","Elite Swarm","Midas"],"is_ascension_mode":true,"campfire_choices":[{"floor":15,"key":"DIG"},{"floor":32,"key":"RECALL"},{"floor":41,"key":"REST"},{"floor":46,"key":"REST"},{"floor":49,"key":"REST"}],"circlet_count":0,"master_deck":["AscendersBane","hermit:Covet+1","hermit:Midnight+1","hermit:Glare+1","hermit:ShadowCloak+1","Deep Breath+1","hermit:OverwhelmingPower+1","hermit:Reprieve+1","hermit:Gambit+1","hermit:FatalDesire+1","AbeCurse","hermit:Manifest+1","hermit:Spite+1","hermit:TakeAim+1","hermit:FatalDesire+1","hermit:FinalCanter+1","hermit:Magnum+1","Secret Technique+1","hermit:FinalCanter+1","hermit:Midnight+1","hermit:Spite+1","hermit:Spite+1","Madness+1","hermit:Roulette+1","Discovery+1","Secret Weapon+1"],"relics":["hermit:Momento","Hammer of Thor","Seething Fire","Anvil of the Gods","CaptainsWheel","ats:Originium","Singing Bowl","Akabeko","Counterbalance","Replay:Baseball","MawBank","Sundial","Incense Burner","Whetstone","hermit:Horseshoe","Abe\u0027s Treasure","Red Mask","Blue Doll","TheAbacus","Gambling Chip","Bag of Preparation","ReplayTheSpireMod:TigerMarble","Replay:Bottled Eggs","Orichalcum","Replay:Bottled Flurry","Replay:Rubber Ducky","Enchiridion","Painkiller Herb","Strange Spoon","Simple Rune","Torii","Chameleon Ring","Oddly Smooth Stone","Molten Egg 2","FossilizedHelix","Onion Ring","Membership Card","Boot","Frozen Egg 2","Strawberry","Thread and Needle","BargainBundle","Lantern","HornCleat","Lee\u0027s Waffle","Bronze Scales"],"acts_visited":["Exordium","TheCity","TheBeyond","TheEnding"],"potions_floor_usage":[],"damage_taken":[{"damage":0.0,"enemies":"2 Louse","floor":1.0,"turns":2.0},{"damage":0.0,"enemies":"Cultist","floor":3.0,"turns":4.0},{"damage":14.0,"enemies":"Gremlin Nob","floor":6.0,"turns":4.0},{"damage":11.0,"enemies":"3 Sentries","floor":7.0,"turns":6.0},{"damage":11.0,"enemies":"Gremlin Nob","floor":8.0,"turns":4.0},{"damage":5.0,"enemies":"Lagavulin","floor":10.0,"turns":4.0},{"damage":14.0,"enemies":"3 Sentries","floor":13.0,"turns":4.0},{"damage":0.0,"enemies":"Gremlin Nob","floor":14.0,"turns":4.0},{"damage":19,"enemies":"Fading Forest","floor":16,"turns":13},{"damage":8,"enemies":"Chosen","floor":18,"turns":7},{"damage":15,"enemies":"Masked Bandits","floor":20,"turns":4},{"damage":13,"enemies":"Slavers","floor":22,"turns":7},{"damage":26,"enemies":"Gremlin Leader","floor":23,"turns":4},{"damage":17,"enemies":"Slavers","floor":24,"turns":9},{"damage":2,"enemies":"Replay:Snechameleon","floor":25,"turns":3},{"damage":3,"enemies":"Book of Stabbing","floor":27,"turns":4},{"damage":2,"enemies":"Replay:Snechameleon","floor":29,"turns":3},{"damage":1,"enemies":"2 Thieves","floor":31,"turns":3},{"damage":11,"enemies":"Collector","floor":33,"turns":7},{"damage":8,"enemies":"3 Shapes","floor":35,"turns":2},{"damage":0,"enemies":"Orb Walker","floor":37,"turns":2},{"damage":2,"enemies":"Jaw Worm Horde","floor":38,"turns":3},{"damage":0,"enemies":"2 Orb Walkers","floor":39,"turns":3},{"damage":8,"enemies":"R_Hoarder","floor":40,"turns":5},{"damage":8,"enemies":"Reptomancer","floor":42,"turns":4},{"damage":2,"enemies":"Nemesis","floor":44,"turns":3},{"damage":2,"enemies":"Reptomancer","floor":45,"turns":2},{"damage":12,"enemies":"Time Eater","floor":50,"turns":6},{"damage":9,"enemies":"Replay:Hell Engine","floor":51,"turns":5},{"damage":0,"enemies":"Shield and Spear","floor":55,"turns":3},{"damage":29,"enemies":"The Heart","floor":56,"turns":8}],"seed_played":"2739256696467328677","potions_obtained":[{"floor":6.0,"key":"DuplicationPotion"},{"floor":7.0,"key":"LifebloodPotion"},{"floor":13.0,"key":"LifebloodPotion"},{"floor":20,"key":"Fire Potion"}],"is_trial":true,"path_per_floor":["M","?","M","?","$","E","E","E","T","E","T","$","E","E","R","B",null,"M","$","?","$","E","E","E","E","T","E","$","E","?","M","R","B",null,"?","T","?","?","?","E","T","E","T","E","E","T","T","T","T","B","B",null,"T","T","E","B",null],"character_chosen":"HERMIT","items_purchased":["hermit:ShadowCloak","Deep Breath","hermit:Spite","hermit:TakeAim","Blue Doll","TheAbacus","Gambling Chip","Secret Technique+1","Strange Spoon","hermit:Midnight","hermit:Spite","Simple Rune","Madness","Membership Card","Boot","Frozen Egg 2","Strawberry","Thread and Needle","BargainBundle","hermit:Roulette+1","Lantern","HornCleat","Lee\u0027s Waffle","Discovery+1","Secret Weapon"],"campfire_rested":3,"item_purchase_floors":[5,5,21,21,21,21,21,28,36,36,36,36,36,47,47,47,48,48,48,48,54,54,54,54,54],"current_hp_per_floor":[64,64,64,64,64,50,39,28,28,23,23,23,19,19,19,14,60,64,64,63,63,62,51,79,79,79,76,76,81,60,65,65,76,83,77,77,79,79,93,85,93,87,87,87,87,99,99,106,106,100,104,106,106,113,115,112],"gold":227,"neow_bonus":"","is_daily":false,"chose_seed":false,"campfire_upgraded":0,"win_rate":0.0,"timestamp":1609470603,"path_taken":["M","?","?","?","$","E","E","E","T","E","?","$","E","E","R","BOSS","M","$","?","?","?","E","E","E","T","E","$","E","?","M","R","BOSS","?","T","?","?","?","E","T","E","T","E","E","T","T","T","T","BOSS","BOSS","T","T","E","BOSS"],"items_purchased_type":["Card","Card","Card","Card","Relic","Relic","Relic","Card","Relic","Card","Card","Relic","Card","Relic","Relic","Relic","Relic","Relic","Relic","Card","Relic","Relic","Relic","Card","Card"],"build_version":"2020-12-22","purchased_purges":0,"victory":true,"max_hp_per_floor":[71,71,71,71,71,71,71,71,71,71,71,71,73,73,73,75,75,75,75,77,77,77,77,79,81,81,81,81,81,81,83,83,85,85,87,87,89,91,93,93,93,95,95,97,99,99,99,106,106,106,106,106,106,113,115,115],"card_choices":[{"not_picked":["hermit:Coalescence","hermit:FlashPowder"],"picked":"hermit:Dive","floor":1.0},{"not_picked":["hermit:TrackingShot","hermit:BodyArmor"],"picked":"hermit:Glare","floor":3.0},{"not_picked":["hermit:Magnum","hermit:Gambit"],"picked":"hermit:RoundhouseKick","floor":6.0},{"not_picked":["hermit:FinalCanter","hermit:EternalForm"],"picked":"hermit:OverwhelmingPower","floor":7.0},{"not_picked":["hermit:RoundhouseKick","hermit:Adapt"],"picked":"hermit:Reprieve","floor":8.0},{"not_picked":["hermit:RoundhouseKick","hermit:HighNoon"],"picked":"hermit:Gambit","floor":10.0},{"not_picked":["hermit:Gambit","hermit:Purgatory","hermit:Adapt"],"picked":"Singing Bowl","floor":13.0},{"not_picked":["hermit:Magnum","hermit:FromBeyond"],"picked":"hermit:FatalDesire","floor":14.0},{"not_picked":["hermit:Gambit","hermit:BlackWind","hermit:DeadOrAlive"],"picked":"Singing Bowl","floor":16},{"not_picked":["hermit:FlashPowder+1","hermit:Determination"],"picked":"hermit:Manifest","floor":18},{"not_picked":["hermit:ItchyTrigger","hermit:TakeCover","hermit:Brawl"],"picked":"Singing Bowl","floor":20},{"not_picked":["hermit:Reprieve","hermit:HeroicBravado"],"picked":"hermit:FatalDesire","floor":22},{"not_picked":["hermit:RoundhouseKick","hermit:Adapt"],"picked":"hermit:FinalCanter","floor":23},{"not_picked":["hermit:Reprieve","hermit:OverwhelmingPower","hermit:Adapt"],"picked":"Singing Bowl","floor":24},{"not_picked":["hermit:FatalDesire","hermit:EternalForm","hermit:Reprieve"],"picked":"Singing Bowl","floor":25},{"not_picked":["hermit:DeadOrAlive","hermit:Roughhouse"],"picked":"hermit:Magnum","floor":27},{"not_picked":["hermit:Dissolve","hermit:OverwhelmingPower"],"picked":"hermit:FinalCanter","floor":29},{"not_picked":["hermit:Cheat","hermit:Quickdraw+1","hermit:TrackingShot"],"picked":"Singing Bowl","floor":31},{"not_picked":["hermit:FromBeyond","hermit:EternalForm","hermit:Adapt"],"picked":"Singing Bowl","floor":33},{"not_picked":["hermit:CursedWeapon","hermit:Vantage","hermit:Misfire+1"],"picked":"Singing Bowl","floor":35},{"not_picked":["hermit:LowProfile","hermit:Glare+1","hermit:Feint+1"],"picked":"Singing Bowl","floor":37},{"not_picked":["hermit:NoHoldsBarred+1","hermit:WideOpen","hermit:CursedWeapon"],"picked":"Singing Bowl","floor":38},{"not_picked":["hermit:Shortfuse+1","hermit:Misfire","hermit:Scavenge"],"picked":"Singing Bowl","floor":39},{"not_picked":["hermit:BlackWind","hermit:RoundhouseKick"],"picked":"hermit:Dissolve","floor":40},{"not_picked":["hermit:EternalForm","hermit:HighNoon","hermit:HeroicBravado"],"picked":"Singing Bowl","floor":42},{"not_picked":["hermit:Dissolve","hermit:DeadOrAlive+1","hermit:Purgatory+1"],"picked":"Singing Bowl","floor":44},{"not_picked":["hermit:Reprieve","hermit:HighNoon","hermit:DeadOrAlive+1"],"picked":"Singing Bowl","floor":45},{"not_picked":["hermit:Roughhouse+1","hermit:FatalDesire+1","hermit:HighNoon+1"],"picked":"Singing Bowl","floor":55}],"player_experience":43994,"relics_obtained":[{"floor":6.0,"key":"ats:Originium"},{"floor":6.0,"key":"Singing Bowl"},{"floor":7.0,"key":"ats:Originium"},{"floor":7.0,"key":"Akabeko"},{"floor":8.0,"key":"ats:Originium"},{"floor":8.0,"key":"Counterbalance"},{"floor":9.0,"key":"Replay:Baseball"},{"floor":10.0,"key":"MawBank"},{"floor":11.0,"key":"Sundial"},{"floor":13.0,"key":"Incense Burner"},{"floor":14.0,"key":"Whetstone"},{"floor":15,"key":"hermit:Horseshoe"},{"floor":20,"key":"Red Mask"},{"floor":22,"key":"Bag of Preparation"},{"floor":23,"key":"ReplayTheSpireMod:TigerMarble"},{"floor":24,"key":"Replay:Bottled Eggs"},{"floor":25,"key":"Orichalcum"},{"floor":27,"key":"Replay:Bottled Flurry"},{"floor":29,"key":"Replay:Rubber Ducky"},{"floor":30,"key":"Enchiridion"},{"floor":39,"key":"Torii"},{"floor":40,"key":"Chameleon Ring"},{"floor":42,"key":"Oddly Smooth Stone"},{"floor":43,"key":"Molten Egg 2"},{"floor":44,"key":"FossilizedHelix"},{"floor":45,"key":"Onion Ring"},{"floor":55,"key":"Bronze Scales"}],"event_choices":[{"damage_healed":0.0,"max_hp_gain":0.0,"max_hp_loss":0.0,"gold_gain":0.0,"event_name":"Match and Keep!","player_choice":"1 cards matched","floor":2.0,"gold_loss":0.0,"damage_taken":0.0,"cards_obtained":["hermit:Midnight"]},{"damage_healed":0.0,"max_hp_gain":0.0,"max_hp_loss":0.0,"gold_gain":0.0,"event_name":"Match and Keep!","player_choice":"1 cards matched","floor":2.0,"gold_loss":0.0,"damage_taken":0.0,"cards_obtained":["hermit:Midnight"]},{"damage_healed":0.0,"max_hp_gain":0.0,"max_hp_loss":0.0,"gold_gain":150.0,"event_name":"Liars Game","player_choice":"AGREE","floor":4.0,"gold_loss":0.0,"damage_taken":0.0,"cards_obtained":["Doubt"]},{"damage_healed":0,"gold_gain":0,"player_choice":"Fought Bandits","damage_taken":0,"max_hp_gain":0,"max_hp_loss":0,"event_name":"Masked Bandits","floor":20,"gold_loss":0},{"damage_healed":0,"gold_gain":0,"player_choice":"Obtained Book","damage_taken":21,"max_hp_gain":0,"max_hp_loss":0,"event_name":"Cursed Tome","floor":30,"gold_loss":0},{"damage_healed":0,"gold_gain":0,"player_choice":"Fight","damage_taken":0,"max_hp_gain":0,"max_hp_loss":0,"event_name":"Mysterious Sphere","floor":39,"gold_loss":0}],"is_beta":false,"boss_relics":[{"not_picked":["hermit:BartenderGlass","SlaversCollar"],"picked":"Abe\u0027s Treasure"},{"not_picked":["Runic Dome","Runic Pyramid"],"picked":"Painkiller Herb"}],"items_purged_floors":[],"is_endless":false,"potions_floor_spawned":[6,7,13,20,23,25,27,33,35,37,44,55],"ascension_level":20}}