{"host":"7hpq7e8rzvzbnf1s","time":1609491451,"event":{"mods":["Arknights The Spire","BaseMod","Minty Spire (QoL Compilation)","Quick Restart","StSLib","Waifu the Spire"],"gold_per_floor":[117,67,67,81,100,120,120,135,135,210,210,227,247,260,260,260,260],"floor_reached":16,"playtime":484,"items_purged":[],"score":96,"play_id":"3ce70d5c-b992-49b9-963a-3f3fa65f05b4","local_time":"20210101165731","is_ascension_mode":false,"campfire_choices":[{"data":"ats:Rapid Magazine","floor":7,"key":"SMITH"},{"floor":11,"key":"REST"},{"floor":15,"key":"REST"}],"circlet_count":0,"master_deck":["ats:Strike C","ats:Strike G","ats:Strike S","ats:Armor Crushing Shot","ats:Defend","ats:Defend","ats:Defend","ats:Defend","ats:Emotion Absorption+1","ats:Rapid Magazine+1","ats:Poison Spread","ats:Poison Spread","ats:Powerful Strike","ats:Hammer On","ats:Hook Shot","ats:Soul Absorption"],"relics":["ats:Sanity","CaptainsWheel"],"acts_visited":["Exordium"],"potions_floor_usage":[],"damage_taken":[{"damage":6,"enemies":"Jaw Worm","floor":1,"turns":3},{"damage":17,"enemies":"Small Slimes","floor":4,"turns":5},{"damage":0,"enemies":"2 Louse","floor":5,"turns":3},{"damage":10,"enemies":"Looter","floor":6,"turns":3},{"damage":19,"enemies":"Blue Slaver","floor":8,"turns":3},{"damage":13,"enemies":"Large Slime","floor":12,"turns":5},{"damage":7,"enemies":"3 Louse","floor":13,"turns":3},{"damage":7,"enemies":"2 Fungi Beasts","floor":14,"turns":3},{"damage":37,"enemies":"Hexaghost","floor":16,"turns":7}],"seed_played":"2805048785826186648","potions_obtained":[{"floor":5,"key":"SteroidPotion"},{"floor":6,"key":"CultistPotion"},{"floor":12,"key":"SmokeBomb"},{"floor":13,"key":"FearPotion"}],"is_trial":false,"path_per_floor":["M","?","?","M","M","M","R","M","T","?","R","M","M","M","R","B"],"character_chosen":"DOCTOR_CLASS","items_purchased":[],"campfire_rested":2,"item_purchase_floors":[],"current_hp_per_floor":[66,66,71,54,54,44,44,25,25,14,37,24,17,10,33,0,0],"gold":260,"neow_bonus":"UPGRADE_CARD","is_daily":false,"chose_seed":false,"campfire_upgraded":1,"win_rate":0.0,"timestamp":1609491451,"path_taken":["M","?","?","M","M","M","R","M","T","?","R","M","M","M","R","BOSS"],"items_purchased_type":[],"build_version":"2020-12-22","purchased_purges":0,"victory":false,"max_hp_per_floor":[72,72,77,77,77,77,77,77,77,77,77,77,77,77,77,77,77],"card_choices":[{"not_picked":["ats:Consecutive Shot Auto","ats:Healing Strengthening"],"picked":"ats:Rapid Magazine","floor":1},{"not_picked":["ats:Hammer On","ats:Directed Diagnosis"],"picked":"ats:Poison Spread","floor":4},{"not_picked":["ats:Shadow Raid","ats:Explosion Area Strengthen"],"picked":"ats:Poison Spread","floor":5},{"not_picked":["ats:Cat Scratch","ats:Apocalypse"],"picked":"ats:Powerful Strike","floor":6},{"not_picked":["ats:Cat Scratch","ats:Powerful Strike","ats:True Silver Slash"],"picked":"SKIP","floor":8},{"not_picked":["ats:Counter Healing Mode","ats:Leaping Hammer"],"picked":"ats:Hammer On","floor":12},{"not_picked":["ats:Leaping Hammer","ats:Ignite"],"picked":"ats:Hook Shot","floor":13},{"not_picked":["ats:Apocalypse","ats:Childhood Dance"],"picked":"ats:Soul Absorption","floor":14}],"player_experience":183080,"relics_obtained":[{"floor":9,"key":"CaptainsWheel"}],"event_choices":[{"cards_removed":["ats:Strike V"],"damage_healed":0,"gold_gain":0,"player_choice":"Card Removal","damage_taken":0,"max_hp_gain":0,"max_hp_loss":0,"event_name":"The Cleric","floor":2,"gold_loss":50},{"damage_healed":0,"gold_gain":0,"player_choice":"Donut","damage_taken":0,"max_hp_gain":5,"max_hp_loss":0,"event_name":"Big Fish","floor":3,"gold_loss":0},{"damage_healed":0,"gold_gain":75,"player_choice":"Gather Gold","damage_taken":11,"max_hp_gain":0,"max_hp_loss":0,"event_name":"World of Goop","floor":10,"gold_loss":0}],"is_beta":false,"boss_relics":[],"items_purged_floors":[],"is_endless":false,"potions_floor_spawned":[5,6,12,13],"killed_by":"Hexaghost","ascension_level":0}}