{"host":"yiit85oc4oi3nqs8","time":1609505333,"event":{"mods":["AchievementEnabler","BaseMod","Better Third Choice","Block Reminder","DeckTracker","Highlight Path","Keyboard Shortcuts","Minty Spire (QoL Compilation)","MonsterHotkey","Quick Restart","Random Character Button","Relic Stats","StSLib"],"gold_per_floor":[116,128,128,139,64,64,64,78,98,98,98,98,123,141,141,191,191,191,191,207,225,225,125,145,145,145,145,145,157,157,171,171,171,243,243,253,239,239,164,164,164,174,174,200,200,200,200],"floor_reached":46,"playtime":1239,"items_purged":["Strike_R","Strike_R"],"score":633,"play_id":"0b051c4e-6c75-4723-a040-00ad65222b46","local_time":"20210101214853","is_ascension_mode":true,"campfire_choices":[{"data":"Dramatic Entrance","floor":12.0,"key":"SMITH"},{"data":"Double Tap","floor":15.0,"key":"SMITH"},{"data":"Clothesline","floor":17.0,"key":"SMITH"},{"data":"Bash","floor":32.0,"key":"SMITH"},{"floor":33.0,"key":"RECALL"},{"data":"Juggernaut","floor":43.0,"key":"SMITH"},{"data":"Defend_R","floor":45.0,"key":"SMITH"}],"circlet_count":0,"master_deck":["AscendersBane","Strike_R","Defend_R","Defend_R","Defend_R","Defend_R+1","Bash+1","Dramatic Entrance+1","Clothesline+1","Double Tap+1","Juggernaut+1","Metallicize+1","Shrug It Off+1"],"relics":["Black Blood","Letter Opener","Matryoshka","MealTicket","Blue Candle","Juzu Bracelet","Incense Burner","Gremlin Horn","The Courier"],"acts_visited":["Exordium","TheCity"],"potions_floor_usage":[46],"damage_taken":[{"damage":1.0,"enemies":"Cultist","floor":1.0,"turns":4.0},{"damage":10.0,"enemies":"Small Slimes","floor":2.0,"turns":3.0},{"damage":14.0,"enemies":"Looter","floor":4.0,"turns":3.0},{"damage":10.0,"enemies":"Exordium Thugs","floor":8.0,"turns":5.0},{"damage":25.0,"enemies":"Large Slime","floor":9.0,"turns":9.0},{"damage":37.0,"enemies":"3 Sentries","floor":13.0,"turns":10.0},{"damage":0.0,"enemies":"Exordium Thugs","floor":14.0,"turns":4.0},{"damage":0.0,"enemies":"Gremlin Gang","floor":20.0,"turns":1.0},{"damage":7.0,"enemies":"Large Slime","floor":21.0,"turns":3.0},{"damage":0.0,"enemies":"Gremlin Gang","floor":24.0,"turns":1.0},{"damage":10.0,"enemies":"Red Slaver","floor":29.0,"turns":3.0},{"damage":12.0,"enemies":"Exordium Wildlife","floor":31.0,"turns":3.0},{"damage":39.0,"enemies":"The Guardian","floor":34.0,"turns":13.0},{"damage":32.0,"enemies":"Chosen","floor":36.0,"turns":5.0},{"damage":30.0,"enemies":"2 Thieves","floor":37.0,"turns":4.0},{"damage":10.0,"enemies":"Centurion and Healer","floor":42.0,"turns":8.0},{"damage":31.0,"enemies":"Gremlin Leader","floor":44.0,"turns":7.0},{"damage":40,"enemies":"Book of Stabbing","floor":46,"turns":7}],"seed_played":"-1587391656686480186","potions_obtained":[{"floor":2.0,"key":"ColorlessPotion"},{"floor":4.0,"key":"Regen Potion"},{"floor":13.0,"key":"PowerPotion"},{"floor":44.0,"key":"EssenceOfSteel"}],"is_trial":false,"path_per_floor":["M","M","?","M","$","M","?","M","M","?","M","R","E","M","R","?","R","T","T","M","M","?","$","M","?","?","T","$","M","?","M","R","R","B",null,"M","M","?","?","$","$","M","R","E","R","E"],"character_chosen":"IRONCLAD","items_purchased":[],"campfire_rested":0,"item_purchase_floors":[],"current_hp_per_floor":[73,69,69,61,61,61,61,57,38,63,63,63,32,38,38,31,31,31,31,37,36,36,51,57,72,65,65,75,71,75,69,69,69,36,65,45,27,27,27,42,57,59,59,40,40,0,0],"gold":200,"neow_bonus":"RANDOM_COLORLESS","is_daily":false,"chose_seed":false,"campfire_upgraded":6,"win_rate":0.0,"timestamp":1609505333,"path_taken":["M","?","?","M","$","M","?","?","M","?","M","R","E","M","R","?","R","T","T","?","M","?","?","M","?","?","?","?","M","?","M","R","R","BOSS","M","M","?","?","$","$","M","R","E","R","E"],"items_purchased_type":[],"build_version":"2020-12-22","purchased_purges":2,"victory":false,"max_hp_per_floor":[75,75,75,75,75,75,75,75,75,75,75,75,75,75,75,75,75,75,75,75,75,75,75,75,75,75,75,75,75,75,75,75,75,75,75,75,75,75,75,75,75,75,75,75,75,75,75],"relic_stats":{"Gremlin Horn":[5,5],"counters":[18,93],"Blue Candle":[1],"Black Blood":126,"MealTicket":74,"Juzu Bracelet":1,"Letter Opener":[40],"obtain_stats":[{"Matryoshka":18,"Gremlin Horn":38,"Blue Candle":19,"Black Blood":35,"MealTicket":19,"The Courier":44,"Juzu Bracelet":27,"Incense Burner":27,"Letter Opener":13,"Burning Blood":0},{"Matryoshka":7,"Gremlin Horn":15,"Blue Candle":7,"Black Blood":13,"MealTicket":7,"The Courier":17,"Juzu Bracelet":10,"Incense Burner":10,"Letter Opener":6,"Burning Blood":0},{"Matryoshka":38,"Gremlin Horn":71,"Blue Candle":38,"Black Blood":62,"MealTicket":38,"The Courier":86,"Juzu Bracelet":43,"Incense Burner":43,"Letter Opener":34,"Burning Blood":0}]},"card_choices":[{"not_picked":["Madness","Trip"],"picked":"Dramatic Entrance","floor":0.0},{"not_picked":["Blood for Blood","Flex","Sentinel"],"picked":"SKIP","floor":1.0},{"not_picked":["Pommel Strike","Thunderclap"],"picked":"Clothesline","floor":2.0},{"not_picked":["Carnage","Anger","Twin Strike"],"picked":"SKIP","floor":4.0},{"not_picked":["Disarm","Blood for Blood","Havoc"],"picked":"SKIP","floor":8.0},{"not_picked":["Sentinel","Dual Wield","Perfected Strike"],"picked":"SKIP","floor":9.0},{"not_picked":["Sever Soul","Clash"],"picked":"Double Tap","floor":13.0},{"not_picked":["Shrug It Off","Second Wind","Pommel Strike"],"picked":"SKIP","floor":14.0},{"not_picked":["Armaments","Entrench","Clothesline"],"picked":"SKIP","floor":20.0},{"not_picked":["Fiend Fire","Evolve","Sword Boomerang"],"picked":"SKIP","floor":21.0},{"not_picked":["Flex","Havoc","Body Slam"],"picked":"SKIP","floor":24.0},{"not_picked":["Headbutt","Intimidate","Clash"],"picked":"SKIP","floor":29.0},{"not_picked":["Seeing Red","Sword Boomerang","Havoc"],"picked":"SKIP","floor":31.0},{"not_picked":["Impervious","Offering"],"picked":"Juggernaut","floor":34.0},{"not_picked":["Combust","Armaments"],"picked":"Metallicize+1","floor":36.0},{"not_picked":["Pommel Strike","Cleave","True Grit"],"picked":"SKIP","floor":37.0},{"not_picked":["Pommel Strike","Havoc"],"picked":"Shrug It Off+1","floor":42.0},{"not_picked":["Brutality","Thunderclap+1","Blood for Blood"],"picked":"SKIP","floor":44.0}],"player_experience":416479,"relics_obtained":[{"floor":13.0,"key":"Letter Opener"},{"floor":18.0,"key":"Matryoshka"},{"floor":19.0,"key":"MealTicket"},{"floor":19.0,"key":"Blue Candle"},{"floor":27.0,"key":"Juzu Bracelet"},{"floor":27.0,"key":"Incense Burner"},{"floor":38.0,"key":"Gremlin Horn"},{"floor":44.0,"key":"The Courier"}],"event_choices":[{"damage_healed":0.0,"max_hp_gain":0.0,"max_hp_loss":0.0,"gold_gain":0.0,"event_name":"Lab","player_choice":"Got Potions","floor":7.0,"gold_loss":0.0,"damage_taken":0.0},{"damage_healed":25.0,"max_hp_gain":0.0,"max_hp_loss":0.0,"gold_gain":0.0,"event_name":"Big Fish","player_choice":"Banana","floor":10.0,"gold_loss":0.0,"damage_taken":0.0},{"damage_healed":0.0,"max_hp_gain":0.0,"max_hp_loss":0.0,"gold_gain":50.0,"event_name":"FaceTrader","player_choice":"Touch","floor":16.0,"gold_loss":0.0,"damage_taken":7.0},{"cards_removed":["Strike_R"],"damage_healed":0.0,"max_hp_gain":0.0,"max_hp_loss":0.0,"gold_gain":0.0,"event_name":"Golden Wing","player_choice":"Card Removal","floor":26.0,"gold_loss":0.0,"damage_taken":7.0},{"damage_healed":0.0,"max_hp_gain":0.0,"max_hp_loss":0.0,"gold_gain":0.0,"event_name":"Wheel of Change","player_choice":"Relic","floor":38.0,"gold_loss":0.0,"damage_taken":0.0},{"cards_removed":["Strike_R"],"damage_healed":0.0,"max_hp_gain":0.0,"max_hp_loss":0.0,"gold_gain":0.0,"event_name":"Beggar","player_choice":"Gave Gold","floor":39.0,"gold_loss":75.0,"damage_taken":0.0}],"is_beta":false,"boss_relics":[{"not_picked":["Velvet Choker","SacredBark"],"picked":"Black Blood"}],"items_purged_floors":[5,23],"is_endless":false,"potions_floor_spawned":[2,4,13,21,29,34,36,37,44],"killed_by":"Book of Stabbing","ascension_level":16}}