{"host":"naykp6d9ulahlwib","time":1609534845,"event":{"mods":["BaseMod","Highlight Path","Minty Spire (QoL Compilation)","Shop Mod","StSLib"],"gold_per_floor":[116,116,41,41,41,41,56,56,106,31,46,64,64,64,64,138,138,155,155,155,175,195,195,209,209,209],"floor_reached":25,"playtime":1614,"items_purged":["Strike_P"],"score":382,"play_id":"0fc08dd6-8fa7-4fec-ae3a-dc05fe86e69b","local_time":"20210101150045","is_ascension_mode":true,"campfire_choices":[{"data":"Eruption","floor":6.0,"key":"SMITH"},{"data":"MasterReality","floor":8.0,"key":"SMITH"},{"floor":15.0,"key":"REST"},{"floor":23,"key":"REST"}],"circlet_count":0,"master_deck":["AscendersBane","Strike_P","Strike_P","Defend_P+1","Defend_P","Defend_P","Eruption+1","Vigilance+1","MasterReality+1","TalkToTheHand","EmptyBody","Alpha","Protect+1","WaveOfTheHand"],"relics":["PureWater","Art of War","Cursed Key"],"acts_visited":["Exordium","TheCity"],"potions_floor_usage":[21],"damage_taken":[{"damage":2.0,"enemies":"Small Slimes","floor":1.0,"turns":3.0},{"damage":0.0,"enemies":"2 Louse","floor":7.0,"turns":3.0},{"damage":0.0,"enemies":"Cultist","floor":11.0,"turns":3.0},{"damage":0.0,"enemies":"Looter","floor":12.0,"turns":3.0},{"damage":33.0,"enemies":"The Guardian","floor":16.0,"turns":12.0},{"damage":15.0,"enemies":"2 Thieves","floor":18.0,"turns":4.0},{"damage":20,"enemies":"3 Byrds","floor":21,"turns":4},{"damage":10,"enemies":"Snecko","floor":22,"turns":6},{"damage":10,"enemies":"Chosen and Byrds","floor":24,"turns":5},{"damage":29,"enemies":"Shelled Parasite and Fungi","floor":25,"turns":4}],"seed_played":"-4641267517604776997","potions_obtained":[{"floor":1.0,"key":"PowerPotion"},{"floor":12.0,"key":"GamblersBrew"},{"floor":21,"key":"SteroidPotion"}],"is_trial":false,"path_per_floor":["M","?","?","$","?","R","M","R","T","$","M","M","?","?","R","B",null,"M","?","?","M","M","R","M","M"],"character_chosen":"WATCHER","items_purchased":[],"campfire_rested":2,"item_purchase_floors":[],"current_hp_per_floor":[59,39,39,39,39,39,39,39,39,39,39,39,39,32,52,19,56,41,41,41,21,11,31,21,0,0],"gold":209,"neow_bonus":"ONE_RANDOM_RARE_CARD","is_daily":false,"chose_seed":false,"campfire_upgraded":2,"win_rate":0.0,"timestamp":1609534845,"path_taken":["M","?","?","$","?","R","M","R","T","$","?","M","?","?","R","BOSS","M","?","?","M","M","R","M","M"],"items_purchased_type":[],"build_version":"2020-12-22","purchased_purges":1,"victory":false,"max_hp_per_floor":[68,68,68,68,68,68,68,68,68,68,68,68,68,68,68,68,68,68,68,68,68,68,68,68,68,68],"card_choices":[{"not_picked":["Evaluate","FollowUp"],"picked":"TalkToTheHand","floor":1.0},{"not_picked":["FlyingSleeves","FollowUp","Prostrate"],"picked":"SKIP","floor":7.0},{"not_picked":["Vengeance","FollowUp","Adaptation"],"picked":"SKIP","floor":11.0},{"not_picked":["ThirdEye","Crescendo"],"picked":"EmptyBody","floor":12.0},{"not_picked":["Blasphemy","Establishment"],"picked":"Alpha","floor":16.0},{"not_picked":["ClearTheMind","Crescendo","Meditate"],"picked":"SKIP","floor":18.0},{"not_picked":["FlyingSleeves","WreathOfFlame"],"picked":"Protect+1","floor":21},{"not_picked":["SignatureMove","Consecrate","Nirvana"],"picked":"SKIP","floor":22},{"not_picked":["CutThroughFate","FlyingSleeves+1"],"picked":"WaveOfTheHand","floor":24}],"player_experience":953726,"relics_obtained":[{"floor":9.0,"key":"Art of War"}],"event_choices":[{"damage_healed":0.0,"max_hp_gain":0.0,"max_hp_loss":0.0,"gold_gain":0.0,"event_name":"Shining Light","player_choice":"Entered Light","floor":2.0,"gold_loss":0.0,"damage_taken":20.0,"cards_upgraded":["Vigilance","Defend_P"]},{"cards_removed":["Strike_P"],"damage_healed":0.0,"max_hp_gain":0.0,"max_hp_loss":0.0,"gold_gain":0.0,"event_name":"The Cleric","player_choice":"Card Removal","floor":3.0,"gold_loss":75.0,"damage_taken":0.0},{"damage_healed":0.0,"max_hp_gain":0.0,"max_hp_loss":0.0,"gold_gain":0.0,"event_name":"Transmorgrifier","player_choice":"Ignored","floor":5.0,"gold_loss":0.0,"damage_taken":0.0},{"damage_healed":0.0,"max_hp_gain":0.0,"max_hp_loss":0.0,"gold_gain":0.0,"event_name":"Scrap Ooze","player_choice":"Fled","floor":13.0,"gold_loss":0.0,"damage_taken":0.0},{"cards_removed":["Defend_P"],"damage_healed":0.0,"max_hp_gain":0.0,"max_hp_loss":0.0,"gold_gain":0.0,"event_name":"Golden Wing","player_choice":"Card Removal","floor":14.0,"gold_loss":0.0,"damage_taken":7.0},{"damage_healed":0.0,"max_hp_gain":0.0,"max_hp_loss":0.0,"gold_gain":0.0,"event_name":"Vampires","player_choice":"Ignored","floor":19.0,"gold_loss":0.0,"damage_taken":0.0},{"damage_healed":0,"gold_gain":0,"player_choice":"Ignored","damage_taken":0,"max_hp_gain":0,"max_hp_loss":0,"event_name":"The Mausoleum","floor":20,"gold_loss":0}],"is_beta":false,"boss_relics":[{"not_picked":["Coffee Dripper","Busted Crown"],"picked":"Cursed Key"}],"items_purged_floors":[10],"is_endless":false,"potions_floor_spawned":[1,12,21],"killed_by":"Shelled Parasite and Fungi","ascension_level":20}}