{"host":"ko4b5atusvmax52d","time":1609510630,"event":{"mods":["AchievementEnabler","Act Like it!","Aspiration","BaseMod","Better Third Choice","BetterRewards","Friendly Minions","Hermit","Hubris","Infinite Spire","Koishi","Marisa????????","Minty Spire (QoL Compilation)","Rare Cards Sparkle","Replay The Spire","Shade Mod","Spicy Shops","StSLib","SuperFastMode","The Animator","The Bug Knight","The Wild Card","Wandering Minibosses","vexMod"],"gold_per_floor":[111,111,122,122,49,75,75,122,149,178,178,143,143,175,175,273,273,291,291,291,310,326,356,376,392,467,479,509,524,551,569,569,667,667,682,682,701,701,711,738,738,738,783,783,798,814,289,302,302,302,302],"floor_reached":50,"playtime":1952,"items_purged":["animator:Strike","animator:Defend"],"score":712,"play_id":"4d617feb-08db-4589-b59e-f5c65a09f648","local_time":"20210101151710","is_ascension_mode":false,"campfire_choices":[{"data":"animator:ItamiYouji","floor":7,"key":"SMITH"},{"data":"theWildCard:PaleRider","floor":13,"key":"SMITH"},{"data":"animator:KrulTepes","floor":15,"key":"SMITH"},{"floor":41,"key":"RECALL"},{"floor":49,"key":"REST"}],"circlet_count":0,"master_deck":["animator:Strike_AccelWorld","animator:Defend_AccelWorld","animator:Strike+1","animator:Defend","animator:Defend+1","animator:Kuroyukihime","animator:LimeBell","animator:TukaLunaMarceau","animator:KrulTepes+1","animator:ItamiYouji+1","animator:Entoma+3","animator:DolaStephanie","theWildCard:PaleRider+1","animator:FeridBathory","animator:Elesis","animator:FeridBathory","infinitespire:Collect","infinitespire:Gouge","infinitespire:Punishment","infinitespire:Fortify","animator:FielNirvalen+1","animator:CowGirl","animator:DolaStephanie","animator:PinaCoLada","animator:Ara+1","infinitespire:Collect","animator:Togame","animator:Kyubey","animator:ItamiYouji+1","animator:DolaStephanie"],"relics":["animator:LivingPicture","animator:TheMissingPiece","animator:PurgingStone","NeowsBlessing","Blood Vial","infinitespire:EmpoweringShard","vexMod:InvisibilityCloak","Nunchaku","ReplayTheSpireMod:Shallot","HollowMod:PaleOreRelic","Blood Vial","hubris:VirtuousBlindfold","animator:Buoy","hubris:ScarierMask","CaptainsWheel","Blood Vial","Strawberry","Blood Vial","Centennial Puzzle","Fusion Hammer","animator:WornHelmet","animator:OldCoffin","Regal Pillow","aspiration:Nostalgia","m_TsuchinokoRing","Replay:Rubber Ducky","DollysMirror"],"acts_visited":["Exordium","TheCity","TheBeyond"],"potions_floor_usage":[10,16,30,30],"damage_taken":[{"damage":0,"enemies":"Cultist","floor":1,"turns":1},{"damage":0,"enemies":"2 Louse","floor":3,"turns":2},{"damage":0,"enemies":"Lagavulin","floor":6,"turns":1},{"damage":17,"enemies":"Gremlin Nob","floor":8,"turns":5},{"damage":17,"enemies":"Lagavulin","floor":10,"turns":6},{"damage":15,"enemies":"3 Sentries","floor":14,"turns":6},{"damage":4,"enemies":"Slime Boss","floor":16,"turns":9},{"damage":0,"enemies":"Shell Parasite","floor":18,"turns":5},{"damage":0,"enemies":"Chosen","floor":21,"turns":2},{"damage":1,"enemies":"Snake Plant","floor":22,"turns":4},{"damage":3,"enemies":"Book of Stabbing","floor":23,"turns":6},{"damage":0,"enemies":"Centurion and Healer","floor":24,"turns":1},{"damage":0,"enemies":"Shelled Parasite and Fungi","floor":25,"turns":1},{"damage":0,"enemies":"3 Cultists","floor":27,"turns":3},{"damage":0,"enemies":"animator:HornedBat","floor":28,"turns":4},{"damage":0,"enemies":"Sentry and Sphere","floor":29,"turns":2},{"damage":13,"enemies":"Nightmare","floor":30,"turns":6},{"damage":0,"enemies":"Cultist and Chosen","floor":31,"turns":2},{"damage":32,"enemies":"Collector","floor":33,"turns":8},{"damage":0,"enemies":"Orb Walker","floor":35,"turns":2},{"damage":0,"enemies":"3 Darklings","floor":37,"turns":3},{"damage":0,"enemies":"Sphere and 2 Shapes","floor":39,"turns":1},{"damage":0,"enemies":"Reptomancer","floor":40,"turns":4},{"damage":3,"enemies":"Spire Growth","floor":45,"turns":3},{"damage":7,"enemies":"Jaw Worm Horde","floor":46,"turns":3},{"damage":0,"enemies":"Transient","floor":48,"turns":5},{"damage":171,"enemies":"Time Eater","floor":50,"turns":3}],"seed_played":"1034761909409365393","potions_obtained":[{"floor":8,"key":"Venom Potion"},{"floor":10,"key":"SpeedPotion"},{"floor":14,"key":"PowerPotion"},{"floor":24,"key":"Fire Potion"},{"floor":27,"key":"Adrenaline Potion"},{"floor":31,"key":"Dexterity Potion"},{"floor":33,"key":"SpeedPotion"},{"floor":48,"key":"EssenceOfSteel"}],"is_trial":false,"path_per_floor":["M","?","M","?","$","E","R","E","T","E","?","?","R","E","R","B",null,"M","?","AVR","M","M","E","M","M","T","M","E","M","NM","M","R","B",null,"M","?","M","?","M","E","R","T","T","?","M","M","$","M","R","B"],"character_chosen":"THE_ANIMATOR","items_purchased":["animator:KrulTepes","aspiration:Nostalgia","Replay:Rubber Ducky","DollysMirror"],"campfire_rested":1,"item_purchase_floors":[5,47,47,47],"current_hp_per_floor":[66,66,66,53,53,53,53,38,38,23,23,39,39,26,26,24,66,66,66,66,66,65,63,66,66,66,68,75,75,62,70,70,43,75,75,75,75,57,67,75,75,75,75,75,74,72,72,79,79,0,0],"gold":302,"neow_bonus":"THREE_ENEMY_KILL","is_daily":false,"chose_seed":false,"campfire_upgraded":3,"win_rate":0.0,"timestamp":1609510630,"path_taken":["M","?","M","?","$","E","R","E","T","E","?","?","R","E","R","BOSS","M","?","AVR","M","M","E","M","M","T","M","E","M","NM","M","R","BOSS","M","?","M","?","M","E","R","?","T","?","M","M","$","M","R","BOSS"],"items_purchased_type":["Card","Relic","Relic","Relic"],"build_version":"2020-12-22","purchased_purges":2,"victory":false,"max_hp_per_floor":[66,66,66,66,66,66,66,66,66,66,66,66,66,66,66,66,66,66,66,66,66,66,66,66,66,66,68,75,75,75,75,75,75,75,75,75,75,75,77,77,77,77,77,77,77,79,79,79,79,79,79],"card_choices":[{"not_picked":["animator:DolaSchwi","animator:IrohaTamaki","animator:YuiTsuruno"],"picked":"SKIP","floor":1},{"not_picked":["animator:Priestess","animator:Benimaru"],"picked":"animator:TukaLunaMarceau","floor":3},{"not_picked":["animator:Shichika","animator:Melzalgald"],"picked":"animator:ItamiYouji","floor":6},{"not_picked":["animator:Cocytus","animator:Sebas"],"picked":"animator:Entoma","floor":8},{"not_picked":["animator:ShinjiMatou","animator:TukaLunaMarceau"],"picked":"animator:DolaStephanie","floor":10},{"not_picked":["animator:SayakaMiki","animator:Chung"],"picked":"animator:FeridBathory","floor":14},{"not_picked":["animator:Guren","animator:ChaikaTrabant"],"picked":"animator:Elesis","floor":16},{"not_picked":["animator:Sebas","animator:Witch","animator:Lu"],"picked":"SKIP","floor":18},{"not_picked":["animator:YaoHaDucy","animator:Togame","animator:OrikoMikuni"],"picked":"SKIP","floor":22},{"not_picked":["animator:ShinjiMatou","animator:YaoHaDucy+1"],"picked":"animator:FielNirvalen+1","floor":23},{"not_picked":["animator:MaesHughes","animator:Mikaela","animator:DolaRiku"],"picked":"SKIP","floor":24},{"not_picked":["animator:PandorasActor","animator:TsurugaMeisai","animator:Illya"],"picked":"SKIP","floor":27},{"not_picked":["animator:Vesta","animator:Aqua","animator:Mitsurugi"],"picked":"SKIP","floor":28},{"not_picked":["animator:Geryuganshoop+1","animator:Sora"],"picked":"animator:CowGirl","floor":29},{"not_picked":["animator:DolaCouronne","animator:ChlammyZell"],"picked":"animator:DolaStephanie","floor":30},{"not_picked":["animator:Yuuichirou","animator:Shinoa","animator:Mikaela"],"picked":"SKIP","floor":31},{"not_picked":["animator:Shiro","animator:Shizu"],"picked":"animator:PinaCoLada","floor":33},{"not_picked":["animator:Nanami","animator:SakuraMatou"],"picked":"animator:Ara+1","floor":35},{"not_picked":["animator:HiiragiShinya","animator:Pride","animator:Ara+1"],"picked":"SKIP","floor":37},{"not_picked":["infinitespire:SealOfDarkness+","infinitespire:FinalStrike"],"picked":"infinitespire:Collect","floor":38},{"not_picked":["animator:ShinjiMatou+1","animator:DolaRiku","animator:Add"],"picked":"SKIP","floor":40},{"not_picked":["animator:MamiTomoe","animator:YuiTsuruno+1"],"picked":"animator:Kyubey","floor":45},{"not_picked":["animator:Nanami","animator:LizardPriest","animator:UneriGinkaku+1"],"picked":"SKIP","floor":46},{"not_picked":["animator:IzunaHatsuse","animator:DolaRiku"],"picked":"animator:DolaStephanie","floor":48}],"player_experience":261149,"relics_obtained":[{"floor":6,"key":"Blood Vial"},{"floor":6,"key":"infinitespire:EmpoweringShard"},{"floor":8,"key":"vexMod:InvisibilityCloak"},{"floor":9,"key":"Nunchaku"},{"floor":10,"key":"ReplayTheSpireMod:Shallot"},{"floor":14,"key":"HollowMod:PaleOreRelic"},{"floor":16,"key":"Blood Vial"},{"floor":23,"key":"CaptainsWheel"},{"floor":28,"key":"Blood Vial"},{"floor":28,"key":"Strawberry"},{"floor":30,"key":"Blood Vial"},{"floor":30,"key":"Centennial Puzzle"},{"floor":40,"key":"animator:WornHelmet"},{"floor":42,"key":"animator:OldCoffin"},{"floor":43,"key":"Regal Pillow"}],"event_choices":[{"damage_healed":66,"gold_gain":0,"player_choice":"Upgrade","damage_taken":13,"max_hp_gain":0,"max_hp_loss":66,"event_name":"betterThird:BetterShining","floor":4,"gold_loss":0,"cards_upgraded":["animator:Defend","animator:Strike"]},{"damage_healed":16,"gold_gain":0,"player_choice":"Healed","damage_taken":0,"max_hp_gain":0,"max_hp_loss":0,"event_name":"The Cleric","floor":12,"gold_loss":35},{"damage_healed":0,"gold_gain":0,"player_choice":"Copied","damage_taken":0,"max_hp_gain":0,"max_hp_loss":0,"event_name":"Duplicator","floor":19,"gold_loss":0,"cards_obtained":["animator:FeridBathory"]},{"cards_removed":["Iron Wave"],"damage_healed":0,"gold_gain":0,"player_choice":"Took Card","damage_taken":0,"max_hp_gain":0,"max_hp_loss":0,"event_name":"NoteForYourself","floor":32,"gold_loss":0,"cards_obtained":["Iron Wave"]},{"cards_removed":["animator:Strike"],"damage_healed":0,"gold_gain":0,"player_choice":"Removed Attack","damage_taken":0,"max_hp_gain":0,"max_hp_loss":0,"event_name":"Falling","floor":36,"gold_loss":0}],"is_beta":false,"boss_relics":[{"not_picked":["Velvet Choker","Runic Dome"],"picked":"hubris:VirtuousBlindfold"},{"not_picked":["Cursed Key","vexMod:ImprovementManual"],"picked":"Fusion Hammer"}],"items_purged_floors":[20,47],"is_endless":true,"potions_floor_spawned":[8,10,14,24,27,31,33,37,39,46,48],"killed_by":"Time Eater","ascension_level":0}}