{"host":"e5u7qs1emxzejr12","time":1609466111,"event":{"mods":["2.2 Compatiblity","Act Like it!","Arknights The Spire","BaseMod","Card Forge","Custom Start","Hermit","Highlight Path","Luminous","Minty Spire (QoL Compilation)","Quick Restart","Reimu£®≤©¿ˆ¡È√Œ£©","Replay The Spire","Shop Mod","StSLib","SuperFastMode","UnlockEverythingMod"],"gold_per_floor":[138,138,288,288,318,318,318],"floor_reached":6,"playtime":136,"items_purged":[],"score":68,"play_id":"8db1f9b3-4e13-406e-8a1d-d1312e9e8880","local_time":"20210101095511","daily_mods":["Heirloom","Flight","DeadlyEvents","Elite Swarm","Midas"],"is_ascension_mode":true,"campfire_choices":[],"circlet_count":0,"master_deck":["AscendersBane","hermit:Strike_Hermit+1","hermit:Strike_Hermit+1","hermit:Strike_Hermit+1","hermit:Strike_Hermit+1","hermit:Defend_Hermit+1","hermit:Defend_Hermit+1","hermit:Defend_Hermit+1","hermit:Snapshot+1","hermit:Covet+1","hermit:Determination+1","Doubt","hermit:Combo+1"],"relics":["hermit:Momento","Hammer of Thor","Seething Fire","Anvil of the Gods","Counterbalance","Toy Ornithopter"],"acts_visited":["Exordium"],"potions_floor_usage":[],"damage_taken":[{"damage":0.0,"enemies":"Jaw Worm","floor":1.0,"turns":2.0},{"damage":0.0,"enemies":"Small Slimes","floor":5.0,"turns":3.0},{"damage":0,"enemies":"3 Sentries","floor":6,"turns":1}],"seed_played":"241676961316987189","potions_obtained":[],"is_trial":true,"path_per_floor":["M","?","?","?","M","E"],"character_chosen":"HERMIT","items_purchased":[],"campfire_rested":0,"item_purchase_floors":[],"current_hp_per_floor":[64,46,46,46,46,46,46],"gold":318,"neow_bonus":"","is_daily":false,"chose_seed":false,"campfire_upgraded":0,"win_rate":0.0,"timestamp":1609466111,"path_taken":["M","?","?","?","M","E"],"items_purchased_type":[],"build_version":"2020-12-22","purchased_purges":0,"victory":false,"max_hp_per_floor":[71,71,71,71,71,71,71],"card_choices":[{"not_picked":["hermit:CalledShot","hermit:Horror"],"picked":"hermit:Determination","floor":1.0},{"not_picked":["hermit:HighCaliber","hermit:BigShot"],"picked":"hermit:Combo","floor":5.0}],"player_experience":43783,"relics_obtained":[],"event_choices":[{"damage_healed":0.0,"max_hp_gain":0.0,"max_hp_loss":0.0,"gold_gain":0.0,"event_name":"Scrap Ooze","player_choice":"Success","floor":2.0,"gold_loss":0.0,"damage_taken":18.0,"relics_obtained":["Toy Ornithopter"]},{"damage_healed":0.0,"max_hp_gain":0.0,"max_hp_loss":0.0,"gold_gain":150.0,"event_name":"Liars Game","player_choice":"AGREE","floor":3.0,"gold_loss":0.0,"damage_taken":0.0,"cards_obtained":["Doubt"]},{"cards_removed":["hermit:Defend_Hermit"],"damage_healed":0.0,"max_hp_gain":0.0,"max_hp_loss":0.0,"gold_gain":0.0,"event_name":"Bonfire Elementals","player_choice":"Offered Basic","floor":4.0,"gold_loss":0.0,"damage_taken":0.0}],"is_beta":false,"boss_relics":[],"items_purged_floors":[],"is_endless":false,"potions_floor_spawned":[],"killed_by":"3 Sentries","ascension_level":20}}