{"host":"vq5i29tex7kibjh3","time":1609478499,"event":{"mods":["A Magickal Journey","AchievementEnabler","Act Like it!","Arknights The Spire","BaseMod","Better Altar","Better Match","Better Note","Better Sensory Stone","Better Skull","Better Third Choice","ChefMod","Conspire","Downfall","Gensokyo","Halation","Hermit","Hubris","Ironclad Rager","LagranYue(???·?)","Mari Mod (Legacy)","Mari\u0027s V1 Patch","Marisa????????","Minty Spire (QoL Compilation)","Pale of the Ancients","Permanent Neow","Relic Stats","Remilia??????","Replay The Spire","Robot Space Explorer","Spicy Shops","StSLib","The Bladedancer","The Blue Laboratory","The Caster","The Cursed","The Factory","The Gatherer","The Hierophant","The Marked","TheHero","TheLocksmith","Yuri Mod"],"gold_per_floor":[99,115,135,135,135,147,158,158,184,196,211,226,36,36,56,41,56,151,201,126,145,145,156,156,176,247,247,258,183,198,208,219,252,270,270,270,270],"floor_reached":35,"playtime":2554,"items_purged":["Slimebound:Defend_Slimebound","Slimebound:Strike_Slimebound"],"score":302,"play_id":"e0892195-9388-4d3e-bcc7-248d38c04412","local_time":"20201231212139","is_ascension_mode":false,"campfire_choices":[{"data":"Slimebound:SplitLeeching","floor":1.0,"key":"SMITH"},{"data":"Slimebound:SplitBruiser","floor":8.0,"key":"SMITH"},{"data":"Slimebound:SplitBruiser","floor":14.0,"key":"SMITH"},{"data":"Slimebound:SplitLeeching","floor":20.0,"key":"SMITH"},{"floor":27,"key":"RECALL"},{"data":"Slimebound:Split","floor":29,"key":"SMITH"}],"circlet_count":1,"master_deck":["Slimebound:Strike_Slimebound","Slimebound:Strike_Slimebound","Slimebound:Tackle","Slimebound:Defend_Slimebound","Slimebound:Defend_Slimebound","Slimebound:Defend_Slimebound","Slimebound:Split+1","Slimebound:CorrosiveSpit","Slimebound:SplitLeeching+1","Slimebound:PressTheAttack","Slimebound:SplitAcid","Slimebound:SplitBruiser+1","Slimebound:SplitMire","Slimebound:SplitBruiser+1","Slimebound:LeechingTouch","Slimebound:OneTwoCombo","Slimebound:LeechEnergy+1","Slimebound:Prepare","Slimebound:Overexert","Slimebound:SplitLeeching+1","Slimebound:SamplingLick+1","Slimebound:LeechEnergy","Slimebound:Repurpose"],"relics":["Slimebound:AbsorbEndCombat","LagranYue:RandomDrawCardRelic","Tiny House","downfall:HeartBlessingBlue","downfall:RedIOU","conspire:BottledYoYo","downfall:HeartBlessingRed","ats:Originium","Circlet"],"acts_visited":["Exordium","TheCity"],"potions_floor_usage":[34,35],"damage_taken":[{"damage":4.0,"enemies":"conspire:RoseBush","floor":2.0,"turns":3.0},{"damage":4.0,"enemies":"2 Louse","floor":3.0,"turns":2.0},{"damage":6.0,"enemies":"Cultist","floor":6.0,"turns":4.0},{"damage":12.0,"enemies":"Blue Slaver","floor":7.0,"turns":3.0},{"damage":25.0,"enemies":"3 Louse","floor":10.0,"turns":2.0},{"damage":16.0,"enemies":"Large Slime","floor":11.0,"turns":2.0},{"damage":6.0,"enemies":"Exordium Wildlife","floor":12.0,"turns":2.0},{"damage":25.0,"enemies":"downfall:FleeingMerchant","floor":13.0,"turns":4.0},{"damage":25.0,"enemies":"Lots of Slimes","floor":15.0,"turns":2.0},{"damage":35.0,"enemies":"downfall:FleeingMerchant","floor":16.0,"turns":4.0},{"damage":6.0,"enemies":"Red Slaver","floor":17.0,"turns":3.0},{"damage":49.0,"enemies":"downfall:Ironclad","floor":18.0,"turns":4.0},{"damage":12.0,"enemies":"downfall:FleeingMerchant","floor":21.0,"turns":1.0},{"damage":20,"enemies":"conspire:FuzzyDice","floor":23,"turns":2},{"damage":30,"enemies":"Snecko","floor":25,"turns":4},{"damage":26,"enemies":"Centurion and Healer","floor":28,"turns":4},{"damage":28,"enemies":"Sentry and Sphere","floor":30,"turns":3},{"damage":24,"enemies":"Snake Plant","floor":31,"turns":3},{"damage":26,"enemies":"Cultist and Chosen","floor":32,"turns":3},{"damage":30,"enemies":"Replay:Snechameleon","floor":33,"turns":3},{"damage":43,"enemies":"Shelled Parasite and Fungi","floor":34,"turns":3},{"damage":115,"enemies":"downfall:Silent","floor":35,"turns":7}],"seed_played":"-7342923918910589357","potions_obtained":[{"floor":3.0,"key":"Ancient Potion"},{"floor":7.0,"key":"Slimebound:ThreeZeroPotion"},{"floor":10.0,"key":"blueLaboratory:HorrorPotion"},{"floor":12.0,"key":"ColorlessPotion"},{"floor":15.0,"key":"conspire:TimeTravelPotion"},{"floor":19.0,"key":"Weak Potion"},{"floor":25,"key":"Elixir"},{"floor":32,"key":"blueLaboratory:RememoryPotion"},{"floor":34,"key":"SneckoOil"}],"is_trial":false,"path_per_floor":["R","M","M","PTL","PTL","M","M","R","T","M","M","M","$","R","M","$","M","B",null,"R","$","?","M","?","M","T","R","M","R","M","M","M","E","M","B"],"character_chosen":"SLIMEBOUND","items_purchased":["hubris:Spice"],"campfire_rested":0,"item_purchase_floors":[21],"current_hp_per_floor":[60,60,60,60,60,60,60,60,60,51,60,60,56,56,47,53,60,43,65,75,83,83,83,83,65,65,65,75,75,83,67,81,73,64,0,0,0],"gold":270,"neow_bonus":"THREE_CARDS","is_daily":false,"chose_seed":false,"campfire_upgraded":5,"win_rate":0.0,"timestamp":1609478499,"path_taken":["R","M","M","PTL","PTL","M","M","R","T","?","M","M","$","R","M","$","M","BOSS","R","$","?","M","?","M","T","R","M","R","M","M","M","E","M","BOSS"],"items_purchased_type":["Relic"],"build_version":"2020-12-22","purchased_purges":2,"victory":false,"max_hp_per_floor":[60,60,60,60,60,60,60,60,60,60,60,60,60,60,60,60,60,60,65,75,83,83,83,83,83,83,83,83,83,83,83,83,83,83,83,83,83],"relic_stats":{"counters":[22,66],"obtain_stats":[{"Tiny House":19,"LagranYue:RandomDrawCardRelic":0,"downfall:HeartBlessingRed":29,"ats:Originium":33,"downfall:HeartBlessingBlue":20,"hubris:Spice":21,"Circlet":33,"downfall:RedIOU":24,"Slimebound:AbsorbEndCombat":0,"conspire:BottledYoYo":26},{"Tiny House":12,"LagranYue:RandomDrawCardRelic":0,"downfall:HeartBlessingRed":16,"ats:Originium":20,"downfall:HeartBlessingBlue":12,"hubris:Spice":13,"Circlet":20,"downfall:RedIOU":14,"Slimebound:AbsorbEndCombat":0,"conspire:BottledYoYo":15},{"Tiny House":35,"LagranYue:RandomDrawCardRelic":0,"downfall:HeartBlessingRed":45,"ats:Originium":56,"downfall:HeartBlessingBlue":35,"hubris:Spice":36,"Circlet":56,"downfall:RedIOU":38,"Slimebound:AbsorbEndCombat":0,"conspire:BottledYoYo":41}]},"card_choices":[{"not_picked":["Slimebound:LeadByExample","Slimebound:Chomp"],"picked":"Slimebound:SplitLeeching","floor":0.0},{"not_picked":["Slimebound:ComboTackle","Slimebound:DisruptingSlam"],"picked":"Slimebound:PressTheAttack","floor":2.0},{"not_picked":["Slimebound:RollThrough","Slimebound:FinishingTackle"],"picked":"Slimebound:SplitAcid","floor":3.0},{"not_picked":["Slimebound:Repurpose","Slimebound:ComboTackle"],"picked":"Slimebound:SplitBruiser","floor":6.0},{"not_picked":["Slimebound:RollThrough","Slimebound:GoopSpray"],"picked":"Slimebound:SplitMire","floor":7.0},{"not_picked":["Slimebound:SlimeBrawl","Slimebound:LivingWall"],"picked":"Slimebound:SplitBruiser","floor":10.0},{"not_picked":["Slimebound:ProtectTheBoss","Slimebound:LeechEnergy"],"picked":"Slimebound:LeechingTouch","floor":11.0},{"not_picked":["Slimebound:GrowthPunch","Slimebound:RainOfGoop"],"picked":"Slimebound:OneTwoCombo","floor":12.0},{"not_picked":["Slimebound:SplitLeeching","Slimebound:HauntingLick","Slimebound:Prepare"],"picked":"SKIP","floor":13.0},{"not_picked":["Slimebound:SplitMire","Slimebound:SamplingLick","Slimebound:RollThrough"],"picked":"SKIP","floor":15.0},{"not_picked":["Slimebound:ComboTackle","Slimebound:WasteNot"],"picked":"Slimebound:LeechEnergy","floor":16.0},{"not_picked":["Slimebound:LeechingTouch","Slimebound:SpikyOuterGoop"],"picked":"Slimebound:Prepare","floor":17.0},{"not_picked":["Slimebound:MinionMaster","Slimebound:MassRepurpose"],"picked":"Slimebound:Overexert","floor":18.0},{"not_picked":["Slimebound:FinishingTackle","Slimebound:FlameTackle"],"picked":"Slimebound:SplitLeeching","floor":19.0},{"not_picked":["Slimebound:ComboTackle+1","Slimebound:BestDefense+1"],"picked":"Slimebound:SamplingLick+1","floor":23},{"not_picked":["Slimebound:GrowthPunch","Slimebound:SplitMire"],"picked":"Slimebound:LeechEnergy","floor":25},{"not_picked":["Slimebound:FinishingTackle","Slimebound:RejuvenatingLick","Slimebound:SlimeSlap"],"picked":"SKIP","floor":28},{"not_picked":["Slimebound:LeadByExample+1","Slimebound:SplitAcid","Slimebound:BestDefense"],"picked":"SKIP","floor":30},{"not_picked":["Slimebound:BestDefense+1","Slimebound:GrowthPunch","Slimebound:ViciousTackle"],"picked":"SKIP","floor":31},{"not_picked":["Slimebound:Schlurp","Slimebound:Chomp","Slimebound:SlimeSpikes"],"picked":"SKIP","floor":32},{"not_picked":["Slimebound:LeechEnergy","Slimebound:SlimeSpikes"],"picked":"Slimebound:Repurpose","floor":33},{"not_picked":["Slimebound:RainOfGoop","Slimebound:LeechingTouch","Slimebound:LeechEnergy"],"picked":"SKIP","floor":34}],"player_experience":218535,"relics_obtained":[{"floor":26,"key":"conspire:BottledYoYo"},{"floor":33,"key":"ats:Originium"},{"floor":33,"key":"Circlet"}],"event_choices":[{"cards_removed":["Slimebound:Defend_Slimebound"],"damage_healed":0,"gold_gain":0,"player_choice":"Give","damage_taken":0,"max_hp_gain":0,"max_hp_loss":0,"event_name":"betterNote:BetterNote","floor":22,"gold_loss":0,"cards_obtained":["None"]}],"is_beta":false,"boss_relics":[{"not_picked":["conspire:SeveredTorchhead","halation:Yufonium"],"picked":"Tiny House"}],"items_purged_floors":[13,13],"is_endless":false,"potions_floor_spawned":[3,7,10,12,15,25,32,34],"killed_by":"downfall:Silent","ascension_level":0}}