{"host":"x5anfo2w8aotfuta","time":1609541966,"event":{"mods":["AchievementEnabler","BaseMod","Bestiary","Block Reminder","Colored Map","Colored Powertips","DeckTracker","Highlight Path","Minty Spire (QoL Compilation)","Quick Restart","Rare Cards Sparkle","Relic Stats","StSLib"],"gold_per_floor":[114,130,140,120,133,133,133,143,190,215,242,38,38,48,48,150,150,161,161,177,194,41,41,71,90,90,15,15,15,27,44,44,141,141,153,166,166,184,184,184,201,213,213,245,245,245,245,245],"floor_reached":47,"playtime":4971,"items_purged":["Strike_G"],"score":756,"play_id":"b75c00f6-f4ae-4a9a-9a8f-018a35dc0134","local_time":"20210101145926","is_ascension_mode":true,"campfire_choices":[{"data":"Neutralize","floor":6,"key":"SMITH"},{"floor":15,"key":"REST"},{"data":"PiercingWail","floor":23,"key":"SMITH"},{"floor":28,"key":"REST"},{"data":"Bouncing Flask","floor":32,"key":"SMITH"},{"data":"Skewer","floor":40,"key":"SMITH"},{"floor":45,"key":"RECALL"}],"circlet_count":0,"master_deck":["AscendersBane","Strike_G","Strike_G","Strike_G","Defend_G","Defend_G","Defend_G","Defend_G","Defend_G","Survivor","Neutralize+1","Secret Weapon","Skewer+1","PiercingWail+1","Well Laid Plans","Flying Knee","Bouncing Flask+1","Corpse Explosion","Acrobatics+1","Blur+1","Backflip","Backflip","Dash","Malaise","Backflip+1","Blur+1","Bouncing Flask","Blur+1","Writhe"],"relics":["Ring of the Snake","Happy Flower","Odd Mushroom","Bottled Flame","ClockworkSouvenir","Velvet Choker","Snake Skull","MealTicket","Akabeko","Cursed Key","Singing Bowl"],"acts_visited":["Exordium","TheCity","TheBeyond"],"potions_floor_usage":[5,5,11,11,16,16,21,33,42,47],"damage_taken":[{"damage":0,"enemies":"Small Slimes","floor":1,"turns":6},{"damage":0,"enemies":"Cultist","floor":2,"turns":4},{"damage":4,"enemies":"Jaw Worm","floor":3,"turns":4},{"damage":0,"enemies":"Blue Slaver","floor":5,"turns":4},{"damage":5,"enemies":"Exordium Wildlife","floor":8,"turns":4},{"damage":18,"enemies":"The Mushroom Lair","floor":10,"turns":5},{"damage":23,"enemies":"Gremlin Nob","floor":11,"turns":6},{"damage":3,"enemies":"Looter","floor":14,"turns":3},{"damage":27,"enemies":"The Guardian","floor":16,"turns":12},{"damage":0,"enemies":"3 Byrds","floor":18,"turns":4},{"damage":17,"enemies":"2 Thieves","floor":20,"turns":4},{"damage":2,"enemies":"Chosen and Byrds","floor":21,"turns":6},{"damage":26,"enemies":"Slavers","floor":24,"turns":5},{"damage":9,"enemies":"Centurion and Healer","floor":25,"turns":6},{"damage":6,"enemies":"Shelled Parasite and Fungi","floor":30,"turns":8},{"damage":3,"enemies":"Snake Plant","floor":31,"turns":3},{"damage":24,"enemies":"Collector","floor":33,"turns":7},{"damage":0,"enemies":"3 Darklings","floor":35,"turns":5},{"damage":0,"enemies":"3 Shapes","floor":36,"turns":3},{"damage":3,"enemies":"Maw","floor":38,"turns":8},{"damage":1,"enemies":"Spire Growth","floor":41,"turns":5},{"damage":0,"enemies":"4 Shapes","floor":42,"turns":6},{"damage":0,"enemies":"Nemesis","floor":44,"turns":8},{"damage":74,"enemies":"Giant Head","floor":47,"turns":11}],"seed_played":"8025096096646282863","potions_obtained":[{"floor":1,"key":"DistilledChaos"},{"floor":3,"key":"SpeedPotion"},{"floor":4,"key":"BlessingOfTheForge"},{"floor":10,"key":"EssenceOfSteel"},{"floor":14,"key":"ColorlessPotion"},{"floor":18,"key":"Strength Potion"},{"floor":20,"key":"SteroidPotion"},{"floor":31,"key":"PowerPotion"},{"floor":38,"key":"GamblersBrew"},{"floor":42,"key":"Dexterity Potion"}],"is_trial":false,"path_per_floor":["M","M","M","?","M","R","?","M","T","?","E","$","?","M","R","B",null,"M","?","M","M","$","R","E","M","T","$","R","?","M","M","R","B",null,"M","M","?","M","?","R","M","M","T","E","R","?","E"],"character_chosen":"THE_SILENT","items_purchased":["ClockworkSouvenir","SkillPotion","Snake Skull"],"campfire_rested":2,"item_purchase_floors":[12,12,22],"current_hp_per_floor":[45,45,41,41,41,41,64,59,59,41,18,18,18,15,36,9,55,55,55,38,36,36,36,10,1,1,16,37,37,31,28,28,4,54,54,54,54,51,51,51,50,50,50,50,50,68,0,0],"gold":245,"neow_bonus":"RANDOM_COLORLESS_2","is_daily":false,"chose_seed":false,"campfire_upgraded":4,"win_rate":0.0,"timestamp":1609541966,"path_taken":["M","M","M","?","?","R","?","M","T","?","E","?","?","M","R","BOSS","M","?","M","?","$","R","E","M","T","$","R","?","M","M","R","BOSS","M","M","?","M","?","R","M","M","T","E","R","?","E"],"items_purchased_type":["Relic","Potion","Relic"],"build_version":"2020-12-22","purchased_purges":1,"victory":false,"max_hp_per_floor":[70,70,70,70,70,70,70,70,70,70,70,70,70,70,70,70,70,70,70,70,70,70,70,70,70,70,70,70,70,70,70,70,70,70,70,70,70,70,70,70,70,70,70,70,70,70,70,70],"relic_stats":{"Happy Flower":[38],"Singing Bowl":0,"counters":[24,137],"MealTicket":15,"Snake Skull":[74],"Cursed Key":0,"obtain_stats":[{"Bottled Flame":11,"Happy Flower":9,"Singing Bowl":44,"Velvet Choker":17,"MealTicket":24,"Snake Skull":22,"Odd Mushroom":10,"Cursed Key":34,"Akabeko":29,"Ring of the Snake":0,"ClockworkSouvenir":12},{"Bottled Flame":7,"Happy Flower":5,"Singing Bowl":23,"Velvet Choker":9,"MealTicket":13,"Snake Skull":12,"Odd Mushroom":6,"Cursed Key":17,"Akabeko":14,"Ring of the Snake":0,"ClockworkSouvenir":7},{"Bottled Flame":33,"Happy Flower":22,"Singing Bowl":126,"Velvet Choker":48,"MealTicket":67,"Snake Skull":62,"Odd Mushroom":27,"Cursed Key":91,"Akabeko":73,"Ring of the Snake":0,"ClockworkSouvenir":33}],"Ring of the Snake":[48]},"card_choices":[{"not_picked":["Transmutation","Violence"],"picked":"Secret Weapon","floor":0},{"not_picked":["Bane","Catalyst"],"picked":"Skewer","floor":1},{"not_picked":["Blade Dance","Backflip"],"picked":"PiercingWail","floor":2},{"not_picked":["Bane","Underhanded Strike","Cloak And Dagger"],"picked":"SKIP","floor":3},{"not_picked":["Acrobatics","Doppelganger"],"picked":"Slice","floor":5},{"not_picked":["Setup","Outmaneuver"],"picked":"Well Laid Plans","floor":8},{"not_picked":["Expertise","Blade Dance"],"picked":"Flying Knee","floor":10},{"not_picked":["Dagger Spray","Underhanded Strike"],"picked":"Bouncing Flask","floor":11},{"not_picked":["Prepared","Blade Dance","Dagger Throw"],"picked":"SKIP","floor":14},{"not_picked":["Wraith Form v2","Glass Knife"],"picked":"Corpse Explosion","floor":16},{"not_picked":["Choke","Flying Knee+1"],"picked":"Acrobatics+1","floor":18},{"not_picked":["Prepared+1","Underhanded Strike"],"picked":"Blur+1","floor":20},{"not_picked":["Deflect+1","Deadly Poison+1"],"picked":"Backflip","floor":21},{"not_picked":["Blade Dance","Masterful Stab","Prepared"],"picked":"SKIP","floor":24},{"not_picked":["Quick Slash+1","Heel Hook"],"picked":"Backflip","floor":25},{"not_picked":["Well Laid Plans","Flying Knee","Cloak And Dagger"],"picked":"SKIP","floor":30},{"not_picked":["Grand Finale","Predator"],"picked":"Dash","floor":31},{"not_picked":["Venomology","Adrenaline"],"picked":"Malaise","floor":33},{"not_picked":["Backstab","Quick Slash+1"],"picked":"Backflip+1","floor":35},{"not_picked":["Prepared+1","Flying Knee+1","Outmaneuver"],"picked":"SKIP","floor":36},{"not_picked":["Poisoned Stab","Endless Agony+1"],"picked":"Blur+1","floor":38},{"not_picked":["Blur+1","Sucker Punch+1"],"picked":"Bouncing Flask","floor":41},{"not_picked":["Accuracy","Heel Hook+1","Endless Agony"],"picked":"SKIP","floor":42},{"not_picked":["Reflex+1","Bane"],"picked":"Blur+1","floor":44}],"player_experience":426719,"relics_obtained":[{"floor":9,"key":"Happy Flower"},{"floor":10,"key":"Odd Mushroom"},{"floor":11,"key":"Bottled Flame"},{"floor":24,"key":"MealTicket"},{"floor":44,"key":"Singing Bowl"}],"event_choices":[{"damage_healed":0,"gold_gain":0,"player_choice":"Bought 1 Potion","damage_taken":0,"max_hp_gain":0,"max_hp_loss":0,"event_name":"The Woman in Blue","floor":4,"gold_loss":0},{"damage_healed":23,"gold_gain":0,"player_choice":"Banana","damage_taken":0,"max_hp_gain":0,"max_hp_loss":0,"event_name":"Big Fish","floor":7,"gold_loss":0},{"damage_healed":0,"gold_gain":0,"player_choice":"Fought Mushrooms","damage_taken":0,"max_hp_gain":0,"max_hp_loss":0,"event_name":"Mushrooms","floor":10,"gold_loss":0},{"damage_healed":0,"gold_gain":0,"player_choice":"Fled","damage_taken":0,"max_hp_gain":0,"max_hp_loss":0,"event_name":"Scrap Ooze","floor":13,"gold_loss":0},{"cards_removed":["Strike_G"],"damage_healed":0,"gold_gain":0,"player_choice":"Offered Basic","damage_taken":0,"max_hp_gain":0,"max_hp_loss":0,"event_name":"Bonfire Elementals","floor":19,"gold_loss":0},{"damage_healed":0,"gold_gain":0,"player_choice":"Opened","damage_taken":0,"relics_obtained":["Akabeko"],"max_hp_gain":0,"max_hp_loss":0,"event_name":"The Mausoleum","floor":29,"gold_loss":0},{"damage_healed":0,"gold_gain":0,"player_choice":"Ignored","damage_taken":0,"max_hp_gain":0,"max_hp_loss":0,"event_name":"Mysterious Sphere","floor":37,"gold_loss":0},{"cards_removed":["Slice"],"damage_healed":0,"gold_gain":0,"player_choice":"Removed Attack","damage_taken":0,"max_hp_gain":0,"max_hp_loss":0,"event_name":"Falling","floor":39,"gold_loss":0},{"damage_healed":18,"gold_gain":0,"player_choice":"Writhe","damage_taken":0,"max_hp_gain":0,"max_hp_loss":0,"event_name":"Winding Halls","floor":46,"gold_loss":0,"cards_obtained":["Writhe"]}],"is_beta":false,"boss_relics":[{"not_picked":["WristBlade","Empty Cage"],"picked":"Velvet Choker"},{"not_picked":["Ring of the Serpent","Calling Bell"],"picked":"Cursed Key"}],"items_purged_floors":[27],"is_endless":false,"potions_floor_spawned":[1,3,10,14,18,20,31,38,42],"killed_by":"Giant Head","ascension_level":10}}