{"host":"dculp0u5sf459im8","time":1609506280,"event":{"mods":["BaseMod","Downfall","Infinite Spire","Jedi Mod","Minty Spire (QoL Compilation)","Replay The Spire","StSLib","The Bug Knight","The Construct","The Cursed","The Jungle"],"gold_per_floor":[99,111,111,129,14,14,38,38,38,38,38,38,56,88,88,108,121,219,219,144,144,144,162,0,17,43,54,54,54,72,107,207,217,230,333,333,258,258,278,278,291,291,338,473,488,499,499,514,514,529,541,636,636,561,595,595,14,26,26,26,26,26,43,43,403,403,422,433,537,587,587,601,601,601,620,637,666,686,704,715,715,715,715,715],"floor_reached":82,"playtime":15274,"items_purged":["champ:Strike","champ:Defend","champ:Defend","champ:Defend","CommonCold"],"score":1376,"play_id":"0f34554e-681c-4a10-96a1-18db1b00d2ca","local_time":"20210101210440","is_ascension_mode":false,"campfire_choices":[{"floor":1.0,"key":"RECALL"},{"data":"champ:TornadoPunch","floor":6.0,"key":"SMITH"},{"data":"champ:GladiatorsShout","floor":8.0,"key":"SMITH"},{"data":"champ:BerserkerStyle","floor":10.0,"key":"SMITH"},{"data":"champ:StrikeOfGenius","floor":20.0,"key":"SMITH"},{"data":"champ:IronFortress","floor":29.0,"key":"SMITH"},{"data":"Reaper","floor":37.0,"key":"SMITH"},{"floor":47.0,"key":"REST"},{"floor":49.0,"key":"REST"},{"data":"infinitespire:Menacing","floor":54,"key":"SMITH"},{"data":"champ:Taunt","floor":59,"key":"SMITH"},{"data":"champ:Execute","floor":62,"key":"SMITH"},{"data":"champ:AdrenalArmor","floor":66,"key":"SMITH"},{"data":"infinitespire:Fortify","floor":71,"key":"SMITH"}],"circlet_count":0,"master_deck":["champ:Strike","champ:Strike+1","champ:Execute+1","champ:Taunt+1","champ:GutPunch+1","Iron Wave","champ:BerserkerStyle+1","champ:TornadoPunch+1","champ:GladiatorsShout+1","champ:AdrenalArmor+1","champ:RecklessLeap","champ:FlashCut","champ:IronFortress+1","champ:StrikeOfGenius+1","champ:Encircle+1","champ:Backstep+1","champ:Circumvent+1","champ:AdrenalArmor+1","champ:SkillfulDodge+1","champ:DefensiveShout+1","champ:PerfectedStrike+1","Reaper+1","infinitespire:Menacing+1","champ:ArenaPreparation","champ:FanOfKnives+1","champ:HeartStrike+1","champ:FalseCounter+1","champ:CalledShot+1","infinitespire:Fortify+1","champ:ShieldThrow"],"relics":["Prayer Wheel","jedi:HeartOfTheCards","construct:Cogwheel","Replay:Wanted Poster","Bloody Idol","Snack Pack","HollowMod:JonisBlessing","downfall:RedIOUUpgrade","Replay:M_SmolderingBlood","infinitespire:Chaos","construct:WeddingRing","downfall:HeartBlessingRed","ReplayTheSpireMod:CursedCoin","downfall:HeartBlessingBlue","Incense Burner","Whetstone","ReplayTheSpireMod:Shallot","champ:LiftRelic","Tiny House","Kunai"],"acts_visited":["Exordium","TheCity","TheBeyond","Exordium"],"potions_floor_usage":[55,65,68,72,75,77,82],"damage_taken":[{"damage":9.0,"enemies":"Cultist","floor":2.0,"turns":5.0},{"damage":7.0,"enemies":"Jaw Worm","floor":4.0,"turns":4.0},{"damage":9.0,"enemies":"downfall:FleeingMerchant","floor":5.0,"turns":4.0},{"damage":2.0,"enemies":"2 Louse","floor":13.0,"turns":2.0},{"damage":27.0,"enemies":"Replay:BlueRogue","floor":14.0,"turns":6.0},{"damage":37.0,"enemies":"Red Slaver","floor":16.0,"turns":3.0},{"damage":37.0,"enemies":"Gremlin Gang","floor":17.0,"turns":3.0},{"damage":50.0,"enemies":"downfall:Ironclad","floor":18.0,"turns":9.0},{"damage":38.0,"enemies":"3 Byrds","floor":23.0,"turns":4.0},{"damage":22.0,"enemies":"downfall:FleeingMerchant","floor":24.0,"turns":4.0},{"damage":30.0,"enemies":"Centurion and Healer","floor":25.0,"turns":4.0},{"damage":27.0,"enemies":"Chosen and Byrds","floor":27.0,"turns":5.0},{"damage":24.0,"enemies":"Snake Plant","floor":30.0,"turns":5.0},{"damage":41.0,"enemies":"Nightmare","floor":31.0,"turns":7.0},{"damage":14.0,"enemies":"3 Cultists","floor":33.0,"turns":5.0},{"damage":31.0,"enemies":"Centurion and Healer","floor":34.0,"turns":6.0},{"damage":43.0,"enemies":"downfall:Watcher","floor":35.0,"turns":7.0},{"damage":5.0,"enemies":"Orb Walker","floor":39.0,"turns":5.0},{"damage":25.0,"enemies":"3 Darklings","floor":41.0,"turns":4.0},{"damage":17.0,"enemies":"downfall:FleeingMerchant","floor":44.0,"turns":4.0},{"damage":0.0,"enemies":"Transient","floor":45.0,"turns":1.0},{"damage":58.0,"enemies":"Sphere and 2 Shapes","floor":46.0,"turns":5.0},{"damage":22.0,"enemies":"Jaw Worm Horde","floor":48.0,"turns":5.0},{"damage":12.0,"enemies":"Transient","floor":50.0,"turns":5.0},{"damage":27.0,"enemies":"Maw","floor":51.0,"turns":8.0},{"damage":35.0,"enemies":"downfall:Silent","floor":52.0,"turns":10.0},{"damage":26,"enemies":"3 Sentries","floor":55,"turns":6},{"damage":0,"enemies":"downfall:FleeingMerchant","floor":57,"turns":6},{"damage":4,"enemies":"Jaw Worm","floor":58,"turns":2},{"damage":0,"enemies":"Cultist","floor":63,"turns":2},{"damage":0,"enemies":"downfall:FleeingMerchant","floor":65,"turns":3},{"damage":0,"enemies":"2 Louse","floor":67,"turns":2},{"damage":5,"enemies":"Large Slime","floor":68,"turns":5},{"damage":29,"enemies":"Fading Forest","floor":69,"turns":11},{"damage":0,"enemies":"theJungle:Flameango_and_Byrd","floor":72,"turns":5},{"damage":0,"enemies":"theJungle:5_Spyders","floor":75,"turns":6},{"damage":17,"enemies":"theJungle:JungleHuntersEncounter","floor":76,"turns":5},{"damage":65,"enemies":"theJungle:2_Phrogs","floor":77,"turns":7},{"damage":7,"enemies":"theJungle:Snecko_Cultist_And_Trap","floor":78,"turns":6},{"damage":14,"enemies":"theJungle:2_Snecko_Cultists","floor":79,"turns":4},{"damage":0,"enemies":"theJungle:JungleHuntersEncounter","floor":80,"turns":5},{"damage":39,"enemies":"theJungle:2_Flameangoes","floor":82,"turns":2}],"seed_played":"-6104801953929289828","potions_obtained":[{"floor":2.0,"key":"Languid Potion"},{"floor":16.0,"key":"Reflective Coating"},{"floor":17.0,"key":"EssenceOfSteel"},{"floor":18.0,"key":"jedi:StrikingPotion"},{"floor":31.0,"key":"Swift Potion"},{"floor":33.0,"key":"jedi:wingpotion"},{"floor":34.0,"key":"champ:TechniquePotion"},{"floor":39.0,"key":"CultistPotion"},{"floor":46.0,"key":"ColorlessPotion"},{"floor":48.0,"key":"sneckomod:MuddlingPotion"},{"floor":50.0,"key":"LiquidBronze"},{"floor":52.0,"key":"SkillPotion"},{"floor":55,"key":"LifebloodPotion"},{"floor":67,"key":"Regen Potion"},{"floor":68,"key":"Adrenaline Potion"},{"floor":70,"key":"LiquidBronze"},{"floor":76,"key":"SpeedPotion"},{"floor":77,"key":"Explosive Potion"}],"is_trial":false,"path_per_floor":["R","M","?","M","$","R","T","R","T","R","PTL","PTL","M","E","?","M","M","B",null,"R","?","?","M","$","M","T","M","?","R","M","NM","AVR","M","M","B",null,"R","AVR","M","?","M","?","T","$","M","M","R","M","R","M","M","B",null,"R","E","?","$","M","R","T","?","R","M","?","$","R","M","M","B",null,"R","M","?","?","M","M","E","M","M","M","AVR","M"],"character_chosen":"THE_CHAMP","items_purchased":["champ:GladiatorsShout","Vajra","ReplayTheSpireMod:CursedCoin","Incense Burner","Whetstone"],"campfire_rested":2,"item_purchase_floors":[5,24,44,57,57],"current_hp_per_floor":[99,95,95,93,93,93,93,93,93,93,93,93,93,93,93,90,82,75,99,99,99,99,99,97,93,93,93,93,93,93,93,93,84,58,20,99,99,99,99,99,79,79,84,72,77,24,53,36,65,58,36,6,99,109,88,88,88,89,89,89,89,89,94,91,91,91,96,96,72,114,114,114,114,114,114,102,42,40,31,36,36,0,0,0],"gold":715,"neow_bonus":"TEN_PERCENT_HP_BONUS","is_daily":false,"chose_seed":false,"campfire_upgraded":11,"win_rate":0.0,"timestamp":1609506280,"path_taken":["R","M","?","?","$","R","T","R","?","R","PTL","PTL","M","E","?","M","M","BOSS","R","?","?","?","$","M","T","M","?","R","M","NM","AVR","M","M","BOSS","R","AVR","M","?","M","?","T","?","M","M","R","M","R","M","M","BOSS","R","?","?","?","?","R","T","?","R","M","?","$","R","M","M","BOSS","R","M","?","?","M","M","E","M","?","M","AVR","M"],"items_purchased_type":["Card","Relic","Relic","Relic","Relic"],"build_version":"2020-12-22","purchased_purges":5,"victory":false,"max_hp_per_floor":[99,99,99,99,99,99,99,99,99,99,99,99,99,99,99,99,99,99,99,99,99,99,99,99,99,99,99,99,99,99,99,99,99,99,99,99,99,99,99,99,99,99,99,99,99,99,99,99,99,99,99,99,99,109,109,109,109,109,109,109,109,109,109,109,109,109,109,109,109,114,114,114,114,114,114,114,114,114,114,114,114,114,114,114],"card_choices":[{"not_picked":["champ:Duel","champ:CrookedStrike"],"picked":"champ:GutPunch","floor":2.0},{"not_picked":["champ:Circumvent","champ:BringItOn"],"picked":"champ:BerserkerStyle","floor":4.0},{"not_picked":["champ:BladeFlurry","champ:ViciousMockery"],"picked":"champ:TornadoPunch","floor":5.0},{"not_picked":["champ:BerserkersShout","champ:GutPunch"],"picked":"champ:AdrenalArmor","floor":13.0},{"not_picked":["champ:GladiatorsShout","champ:Backstep"],"picked":"champ:RecklessLeap","floor":14.0},{"not_picked":["champ:StanceDance","champ:BerserkersShout"],"picked":"champ:FlashCut","floor":16.0},{"not_picked":["champ:DefensiveStyle","champ:StanceDance"],"picked":"champ:IronFortress","floor":17.0},{"not_picked":["champ:IgnorePain","champ:CrownThrow"],"picked":"champ:StrikeOfGenius","floor":18.0},{"not_picked":["champ:DefensiveShout","champ:FanOfKnives"],"picked":"champ:Encircle","floor":23.0},{"not_picked":["champ:BringItOn","champ:AdrenalArmor"],"picked":"champ:Backstep+1","floor":24.0},{"not_picked":["champ:Backstep","champ:FocusedDefense"],"picked":"champ:Circumvent+1","floor":25.0},{"not_picked":["champ:Backstep","champ:ShieldWall"],"picked":"champ:AdrenalArmor+1","floor":27.0},{"not_picked":["champ:FocusedBerserking","champ:GutPunch"],"picked":"champ:SkillfulDodge+1","floor":30.0},{"not_picked":["champ:GladiatorsShout","champ:FanOfKnives"],"picked":"champ:DefensiveShout+1","floor":31.0},{"not_picked":["FlyingSleeves","Halt+1","CrushJoints"],"picked":"SKIP","floor":33.0},{"not_picked":["Clash","Halt+1","champ:AdrenalArmor"],"picked":"SKIP","floor":33.0},{"not_picked":["champ:IronFortress+1","Clash"],"picked":"champ:PerfectedStrike+1","floor":34.0},{"not_picked":["champ:FlashCut","champ:GladiatorsShout","champ:GladiatorStyle"],"picked":"SKIP","floor":34.0},{"not_picked":["champ:HeavySlash","champ:Devastate"],"picked":"Reaper","floor":35.0},{"not_picked":["champ:RisingSlash","champ:PreciseThrust"],"picked":"champ:ArenaPreparation","floor":39.0},{"not_picked":["champ:FlashCut","champ:TornadoPunch","champ:DefensiveShout+1"],"picked":"SKIP","floor":39.0},{"not_picked":["champ:GutPunch+1","champ:PreciseThrust"],"picked":"champ:FanOfKnives+1","floor":41.0},{"not_picked":["champ:FanOfKnives","champ:GutPunch+1","champ:DeathBlow"],"picked":"SKIP","floor":41.0},{"not_picked":["champ:TornadoPunch+1","champ:AdrenalArmor"],"picked":"champ:HeartStrike+1","floor":44.0},{"not_picked":["champ:DefensiveStyle+1","champ:TornadoPunch+1"],"picked":"champ:FalseCounter+1","floor":45.0},{"not_picked":["champ:Backstep","champ:FightOn"],"picked":"champ:CalledShot+1","floor":45.0},{"not_picked":["champ:AdrenalArmor+1","champ:MurderStrike","champ:GutPunch"],"picked":"SKIP","floor":46.0},{"not_picked":["champ:Backstep","champ:FaceSlap","champ:BerserkersShout+1"],"picked":"SKIP","floor":46.0},{"not_picked":["champ:PreciseThrust","champ:GladiatorsShout","champ:FanOfKnives+1"],"picked":"SKIP","floor":48.0},{"not_picked":["champ:RecklessLeap","champ:SwordThrow","champ:Circumvent+1"],"picked":"SKIP","floor":48.0},{"not_picked":["champ:Shatter","champ:DefensiveShout+1","champ:GutPunch"],"picked":"SKIP","floor":50.0},{"not_picked":["champ:CrookedStrike","champ:ShieldWall+1","champ:StanceDance+1"],"picked":"SKIP","floor":50.0},{"not_picked":["champ:FocusedBerserking+1","champ:StanceDance+1","champ:MurderStrike"],"picked":"SKIP","floor":51.0},{"not_picked":["champ:EndlessRage","champ:Duel","champ:DefensiveStyle+1"],"picked":"SKIP","floor":51.0},{"not_picked":["CrushJoints","champ:FlashCut","Clash"],"picked":"SKIP","floor":55},{"not_picked":["champ:RapidStrikes","champ:FocusedGladiator","Halt"],"picked":"SKIP","floor":57},{"not_picked":["Uppercut","champ:BringItOn","Infernal Blade"],"picked":"SKIP","floor":58},{"not_picked":["champ:FaceSlap","champ:ShieldWall","champ:TornadoPunch"],"picked":"SKIP","floor":58},{"not_picked":["champ:DefensiveShout","champ:ViciousMockery","champ:FocusedDefense"],"picked":"SKIP","floor":63},{"not_picked":["champ:TornadoPunch","Crescendo","CrushJoints"],"picked":"SKIP","floor":63},{"not_picked":["champ:HeartStrike","champ:FanOfKnives","champ:GutPunch"],"picked":"SKIP","floor":65},{"not_picked":["Uppercut","champ:RisingSlash","champ:AdrenalArmor"],"picked":"SKIP","floor":67},{"not_picked":["Tantrum","FlyingSleeves","CrushJoints"],"picked":"SKIP","floor":67},{"not_picked":["champ:BringItOn","FollowUp","CrushJoints"],"picked":"SKIP","floor":68},{"not_picked":["champ:EndlessRage","champ:GladiatorsShout","champ:IronFortress"],"picked":"SKIP","floor":68},{"not_picked":["Replay:Fractal Strike","infinitespire:Collect"],"picked":"infinitespire:Fortify","floor":69},{"not_picked":["champ:MurderStrike","champ:SwordThrow"],"picked":"champ:ShieldThrow","floor":69},{"not_picked":["champ:BerserkersShout","champ:FanOfKnives","champ:FightOn"],"picked":"SKIP","floor":72},{"not_picked":["champ:GladiatorsShout","champ:FanOfKnives+1","champ:BringItOn"],"picked":"SKIP","floor":72},{"not_picked":["champ:Backstep","champ:DeathBlow","champ:StanceDance"],"picked":"SKIP","floor":75},{"not_picked":["champ:FanOfKnives","champ:FalseCounter","champ:PerfectedStrike+1"],"picked":"SKIP","floor":75},{"not_picked":["champ:TornadoPunch+1","champ:BerserkersShout+1","champ:FlashCut"],"picked":"SKIP","floor":76},{"not_picked":["champ:StanceDance","champ:CalledShot","champ:Backstep"],"picked":"SKIP","floor":76},{"not_picked":["champ:DefensiveStyle","champ:MurderStrike","champ:DefensiveShout"],"picked":"SKIP","floor":77},{"not_picked":["champ:EndlessRage","champ:BerserkersShout+1","champ:AdrenalArmor"],"picked":"SKIP","floor":78},{"not_picked":["champ:BringItOn","champ:FanOfKnives","champ:Circumvent+1"],"picked":"SKIP","floor":78},{"not_picked":["champ:TornadoPunch","champ:CheapShot","champ:FlashCut"],"picked":"SKIP","floor":79},{"not_picked":["champ:SkillfulDodge+1","champ:HeartStrike","champ:AdrenalArmor"],"picked":"SKIP","floor":79},{"not_picked":["champ:StanceDance","champ:FlashCut+1","champ:FightOn"],"picked":"SKIP","floor":80},{"not_picked":["champ:CalledShot","champ:FanOfKnives","champ:DefensiveShout"],"picked":"SKIP","floor":80}],"player_experience":262956,"relics_obtained":[{"floor":7.0,"key":"Toy Ornithopter"},{"floor":9.0,"key":"Iron Hammer"},{"floor":14.0,"key":"ReplayTheSpireMod:Ninjato"},{"floor":26.0,"key":"Replay:Rubber Ducky"},{"floor":31.0,"key":"jedi:HeartOfTheCards"},{"floor":60,"key":"ReplayTheSpireMod:Shallot"}],"event_choices":[{"cards_removed":["champ:Defend"],"damage_healed":0.0,"max_hp_gain":0.0,"max_hp_loss":0.0,"gold_gain":0.0,"event_name":"NoteForYourself","player_choice":"Took Card","floor":3.0,"gold_loss":0.0,"damage_taken":0.0,"cards_obtained":["Iron Wave"]},{"cards_removed":["champ:Strike"],"damage_healed":0.0,"max_hp_gain":0.0,"max_hp_loss":0.0,"gold_gain":0.0,"event_name":"Bonfire Elementals","player_choice":"Offered Basic","floor":15.0,"gold_loss":0.0,"damage_taken":0.0},{"damage_healed":0,"gold_gain":0,"player_choice":"Fled","damage_taken":3,"max_hp_gain":0,"max_hp_loss":0,"event_name":"Scrap Ooze","floor":64,"gold_loss":0},{"damage_healed":0,"gold_gain":0,"player_choice":"Ignored","damage_taken":0,"max_hp_gain":0,"max_hp_loss":0,"event_name":"NoteForYourself","floor":74,"gold_loss":0}],"is_beta":false,"boss_relics":[{"not_picked":["Sozu","Replay:Drink Me"],"picked":"SacredBark"},{"not_picked":["jedi:hotpepper","Kintsugi"],"picked":"construct:WeddingRing"},{"not_picked":["Painkiller Herb","Honey Jar","jedi:paperlyon"]},{"not_picked":["Replay:Bronze Core","Cursed Key"],"picked":"Tiny House"}],"items_purged_floors":[5,32,38,57,81],"is_endless":true,"potions_floor_spawned":[2,16,17,18,31,33,34,39,46,48,50,52,55,67,68,76,77],"killed_by":"theJungle:2_Flameangoes","ascension_level":0}}