{"host":"1wc1t0a2rk7esptd","time":1609497101,"event":{"mods":["ATMod(阿瑾Mod)","Act Like it!","Arknights The Spire","Aspiration","Bard","BaseMod","Downfall","Friendly Minions","FutureSeer","Gensokyo","Gremlin Mod","Hermit","KinomotoSakuraMod(木之本樱)","Kiyohime（清姬）","Koishi","LagranYue(拉格朗・月)","Lobotomy","Mari Mod (Legacy)","Mari\u0027s V1 Patch","Marisa（F雨　魔理沙）","Minty Spire (QoL Compilation)","Pale of the Ancients","Remilia_Scarlet Moed（蕾米莉亚・斯卡雷特）3.3.5","Replay The Spire","Robot Space Explorer","RumiaBox-露米娅的神秘盒子","SOS（斯巴达之子）","StSLib","The Administrix","The Alterego","The Animator","The Bladedancer","The Bug Knight","The Construct","The Cursed","The Gatherer","The Hierophant","The Marked","The Mystic","The Poker Player","The Runesmith","Yakumo Yukari mod","Youmu（魂魄妖梦）","Yuyuko","【功能Mod】混沌之环修复补丁","【功能Mod】聪明的最终Boss","【角色mod】十八桐人","【遗物卡牌】REMEMod"],"gold_per_floor":[132,151,168,188,204,204,204,204,223,223,223],"floor_reached":10,"playtime":1434,"items_purged":[],"score":62,"play_id":"bfaa792f-20fb-4ac5-817d-504425a54395","local_time":"20210101183141","is_ascension_mode":false,"campfire_choices":[{"floor":8,"key":"REST"}],"circlet_count":0,"master_deck":["AT_purpleEX","AT_purpleEX","AT_purpleEX","AT_purpleEX","Defend_purpleEX","Defend_purpleEX","Defend_purpleEX","Defend_purpleEX","Observe_purple_1","Observe_purple_2","ReplayTheSpireMod:Necrogeddon","Shallow_ocean_purpleEX","Mirror_Drifter_purple","DimensionStaggered_purple","Line_surface_state_purple","Mirror_FormAndEmptin_purple","Boundary_DreamRealityDamnation_purple"],"relics":["Boundary_crack","Memoryfragments_purpleEX","AT_ATBox","REME_ComplimentaryCards","LagranYue:RandomDrawCardRelic","aspiration:DSix","LagranYue:ReturningEmperorRelic","MagicDraw2"],"acts_visited":["Exordium"],"potions_floor_usage":[10],"damage_taken":[{"damage":1,"enemies":"Cultist","floor":1,"turns":4},{"damage":0,"enemies":"Small Slimes","floor":2,"turns":4},{"damage":5,"enemies":"2 Louse","floor":3,"turns":2},{"damage":9,"enemies":"Blue Slaver","floor":4,"turns":6},{"damage":11,"enemies":"Large Slime","floor":5,"turns":9},{"damage":22,"enemies":"Exordium Wildlife","floor":9,"turns":7},{"damage":40,"enemies":"HollowMod:MossKnight","floor":10,"turns":23}],"seed_played":"-8392301454545276756","potions_obtained":[{"floor":1,"key":"Strength Potion"}],"is_trial":false,"path_per_floor":["M","M","M","M","M","PTL","PTL","R","M","E"],"character_chosen":"Youkari","items_purchased":[],"campfire_rested":1,"item_purchase_floors":[],"current_hp_per_floor":[70,70,66,62,56,56,56,70,53,13,13],"gold":223,"neow_bonus":"DSIX","is_daily":false,"chose_seed":false,"campfire_upgraded":0,"win_rate":0.0,"timestamp":1609497101,"path_taken":["M","M","M","?","M","PTL","PTL","R","M","E"],"items_purchased_type":[],"build_version":"2020-12-22","purchased_purges":0,"victory":false,"max_hp_per_floor":[70,70,70,70,70,70,70,70,70,70,70],"card_choices":[{"not_picked":["Boundary_LightAndDark_purple","OmniscientAndOmnipotent_Monster_purple"],"picked":"Shallow_ocean_purpleEX","floor":1},{"not_picked":["RealityDreamConfluencek_purple","Yakumo_Ran_purple"],"picked":"Mirror_Drifter_purple","floor":2},{"not_picked":["MetroBOOM_purple","SharpContractionReality_purple"],"picked":"DimensionStaggered_purple","floor":3},{"not_picked":["ExistenceContinue_purple","MetroBOOM_purple"],"picked":"Line_surface_state_purple","floor":4},{"not_picked":["Boundary_DynamicStaticEquilibrium_purple","Erosivefilter_purple"],"picked":"Mirror_FormAndEmptin_purple","floor":5},{"not_picked":["Mirror_Drifter_purple","Charmbait_purple"],"picked":"Boundary_DreamRealityDamnation_purple","floor":9}],"player_experience":72184,"relics_obtained":[{"floor":1,"key":"LagranYue:ReturningEmperorRelic"},{"floor":1,"key":"MagicDraw2"}],"event_choices":[],"is_beta":false,"boss_relics":[],"items_purged_floors":[],"is_endless":false,"potions_floor_spawned":[1],"killed_by":"HollowMod:MossKnight","ascension_level":0}}