{"host":"vm8b3ptwl81uq21f","time":1609524933,"event":{"mods":["Aspiration","BaseMod","BetterRewards","Colored Map","Colored Powertips","Downfall","GifTheSpireLib","Googly Eyes","GungeonMod","Halation","Hubris","Infinite Spire","Minty Spire (QoL Compilation)","Quick Restart","Rare Cards Sparkle","Replay The Spire","Shop Mod","StSLib","Stuff the Spire","The Bug Knight","The IronCluck","[IsaacMod]????"],"gold_per_floor":[118,72,147,147,160,190,39,39,39,39,214,244,271,96,96,197,197,217,234,134,169,207,207,207,207,255,329,339,339,367,394,394,496,496,545,545,594,633,633,633,699,699,731,791,791,858,15,65,65,65],"floor_reached":51,"playtime":2424,"items_purged":["Doubt","DemoMod:CrossBow","DemoMod:RustySidearm","DemoMod:ThirdPartyController"],"score":1020,"play_id":"1c851788-3d3e-480c-8bdf-273b3be32708","local_time":"20210101131533","is_ascension_mode":false,"campfire_choices":[{"data":"DemoMod:AbyssalTentacle","floor":8,"key":"SMITH"},{"data":"DemoMod:ManualReload","floor":10,"key":"SMITH"},{"data":"DemoMod:FastSwitch","floor":15,"key":"SMITH"},{"data":"DemoMod:FinishedGun","floor":23,"key":"SMITH"},{"data":"StuffTheSpire:Vigor","floor":25,"key":"SMITH"},{"data":"DemoMod:FastSwitch","floor":29,"key":"SMITH"},{"data":"expansioncontent:DashGenerateEvil","floor":32,"key":"SMITH"},{"data":"DemoMod:SniperShot","floor":40,"key":"SMITH"},{"data":"DemoMod:BattleInHaste","floor":42,"key":"SMITH"},{"data":"DemoMod:BattleInHaste","floor":45,"key":"SMITH"},{"data":"DemoMod:EasyReloadBullets","floor":49,"key":"SMITH"}],"circlet_count":0,"master_deck":["DemoMod:Strike_Huntress","DemoMod:Strike_Huntress","DemoMod:Strike_Huntress","DemoMod:Defend_Huntress","DemoMod:Defend_Huntress","DemoMod:Defend_Huntress","DemoMod:Defend_Huntress","DemoMod:Roll","DemoMod:ManualReload+1","DemoMod:HardPowerCard","DemoMod:Unmoved","DemoMod:AbyssalTentacle+1","DemoMod:SAA","StuffTheSpire:Vigor+1","DemoMod:FeignSurrender","DemoMod:AbyssalTentacle+1","DemoMod:FastSwitch+1","DemoMod:Eureka","DemoMod:SniperShot+1","DemoMod:FinishedGun+1","DemoMod:BattleInHaste+1","DemoMod:Unmoved","DemoMod:BattleInHaste+1","sneckomod:QuickBite","DemoMod:FastSwitch+1","BettingIsNotGood","expansioncontent:DashGenerateEvil+1","Replay:Dark Deal","Anger+1","DemoMod:EasyReloadBullets+1","DemoMod:HardPowerCard","Secret Weapon","expansioncontent:LastStand"],"relics":["DemoMod:Dog","HushsDoor","GuppysHead","NeowsBlessing","DemoMod:ChaffGrenade","DemoMod:GlassGuonStoneRelic","aspiration:HummingbirdHeart","HollowMod:LifeEnderRelic","Honey Jar","DemoMod:CrisisStone","infinitespire:EvilPickle","DemoMod:Wolf","Centennial Puzzle","DemoMod:PartiallyEatenCheese","MerchantsRug","Orichalcum","halation:LostSnail"],"acts_visited":["Exordium","TheCity","TheBeyond"],"potions_floor_usage":[50,50,50,50],"damage_taken":[{"damage":0,"enemies":"Cultist","floor":1,"turns":1},{"damage":0,"enemies":"Jaw Worm","floor":5,"turns":1},{"damage":0,"enemies":"Gremlin Nob","floor":6,"turns":1},{"damage":0,"enemies":"Small Slimes","floor":12,"turns":3},{"damage":0,"enemies":"3 Sentries","floor":13,"turns":6},{"damage":0,"enemies":"Hexaghost","floor":16,"turns":6},{"damage":0,"enemies":"Spheric Guardian","floor":18,"turns":6},{"damage":0,"enemies":"Snecko","floor":19,"turns":4},{"damage":0,"enemies":"3 Cultists","floor":21,"turns":5},{"damage":0,"enemies":"Chosen and Byrds","floor":22,"turns":4},{"damage":0,"enemies":"Gremlin Leader","floor":27,"turns":3},{"damage":0,"enemies":"Centurion and Healer","floor":28,"turns":4},{"damage":0,"enemies":"HollowMod:Nosk","floor":30,"turns":4},{"damage":0,"enemies":"Cultist and Chosen","floor":31,"turns":4},{"damage":0,"enemies":"Pondfish","floor":33,"turns":9},{"damage":0,"enemies":"3 Shapes","floor":35,"turns":3},{"damage":0,"enemies":"3 Darklings","floor":37,"turns":3},{"damage":0,"enemies":"Spire Growth","floor":38,"turns":6},{"damage":0,"enemies":"Spire Growth","floor":41,"turns":3},{"damage":0,"enemies":"Sphere and 2 Shapes","floor":43,"turns":6},{"damage":0,"enemies":"Sphere and 2 Shapes","floor":44,"turns":3},{"damage":0,"enemies":"4 Shapes","floor":46,"turns":2},{"damage":0,"enemies":"Transient","floor":48,"turns":5},{"damage":0,"enemies":"Replay:Hell Engine","floor":50,"turns":4}],"seed_played":"-5629651258329138770","potions_obtained":[{"floor":5,"key":"champ:CounterPotion"},{"floor":18,"key":"Reflective Coating"},{"floor":27,"key":"Swift Potion"},{"floor":30,"key":"Death Potion"},{"floor":31,"key":"Elixir"},{"floor":41,"key":"DemoMod:LeadSkinPotion"},{"floor":44,"key":"LiquidBronze"},{"floor":46,"key":"FearPotion"}],"is_trial":false,"path_per_floor":["M","$","?","?","M","E","$","R","T","R","?","M","E","$","R","B",null,"M","M","$","M","M","R","?","R","T","E","M","R","E","M","R","B",null,"M","?","M","?","?","R","M","R","T","M","R","M","$","M","R","B",null],"character_chosen":"HUNTRESS","items_purchased":["DemoMod:Unmoved","StuffTheSpire:Saxophone","DemoMod:AbyssalTentacle+1","DemoMod:FastSwitch","DemoMod:PartiallyEatenCheese","MerchantsRug","DemoMod:EasyReloadBullets","Orichalcum","halation:LostSnail","DemoMod:HardPowerCard","Secret Weapon","expansioncontent:LastStand"],"campfire_rested":0,"item_purchase_floors":[2,7,14,14,47,47,47,47,47,47,47,47],"current_hp_per_floor":[70,70,59,41,41,41,41,41,41,41,41,41,41,41,41,41,70,70,70,70,70,70,70,62,62,62,62,62,62,62,62,62,62,65,65,65,65,65,65,65,65,65,65,65,65,65,65,65,65,65],"gold":65,"neow_bonus":"THREE_ENEMY_KILL","is_daily":false,"chose_seed":false,"campfire_upgraded":11,"win_rate":0.0,"timestamp":1609524933,"path_taken":["M","?","?","?","M","E","?","R","T","R","?","M","E","$","R","BOSS","M","M","$","M","M","R","?","R","T","E","M","R","E","?","R","BOSS","M","?","M","?","?","R","M","R","T","?","R","M","$","M","R","BOSS"],"items_purchased_type":["Card","Relic","Card","Card","Relic","Relic","Card","Relic","Relic","Card","Card","Card"],"build_version":"2020-12-22","purchased_purges":4,"victory":true,"max_hp_per_floor":[70,70,70,70,70,70,70,70,70,70,70,70,70,70,70,70,70,70,70,70,70,70,70,70,70,70,70,70,70,70,70,70,70,65,65,65,65,65,65,65,65,65,65,65,65,65,65,65,65,65],"card_choices":[{"not_picked":["DemoMod:BattleInHaste","DemoMod:ZorGun"],"picked":"DemoMod:HardPowerCard","floor":1},{"not_picked":["DemoMod:Camera","DemoMod:FastSwitch"],"picked":"DemoMod:AbyssalTentacle","floor":5},{"not_picked":["DemoMod:PotionOfGunFriendShip","DemoMod:DirectionalPad"],"picked":"DemoMod:SAA","floor":6},{"not_picked":["DemoMod:DirectionalPad","DemoMod:RadGun"],"picked":"DemoMod:ThirdPartyController","floor":12},{"not_picked":["DemoMod:SAA","DemoMod:CombinedRifle"],"picked":"DemoMod:FeignSurrender","floor":13},{"not_picked":["DemoMod:BlankBullets","DemoMod:FinishedGun"],"picked":"DemoMod:Eureka","floor":16},{"not_picked":["DemoMod:PotionOfGunFriendShip+1","DemoMod:ConditionalReflex+1","DemoMod:LifeOrb"],"picked":"DemoMod:SniperShot","floor":18},{"not_picked":["DemoMod:Ejector+1","DemoMod:JK47+1","DemoMod:Rummage"],"picked":"DemoMod:FinishedGun","floor":19},{"not_picked":["DemoMod:Casey","DemoMod:BoxingGlove","DemoMod:HuntsMan"],"picked":"DemoMod:BattleInHaste","floor":21},{"not_picked":["DemoMod:TeaPot","DemoMod:DirectionalPad+1","DemoMod:BSG"],"picked":"DemoMod:Unmoved","floor":22},{"not_picked":["DemoMod:ZorGun+1","DemoMod:FeignSurrender","DemoMod:FortunesFavor"],"picked":"DemoMod:BattleInHaste","floor":24},{"not_picked":["sneckomod:UnknownClassGREEN","Slimebound:Teamwork","champ:TornadoPunch+1"],"picked":"sneckomod:QuickBite","floor":27},{"not_picked":["Redo","HollowMod:DescendingDark","Dagger Spray"],"picked":"DemoMod:FastSwitch","floor":28},{"not_picked":["StuffTheSpire:Injection","DemoMod:Ejector","sneckomod:UnknownClassBUGKNIGHT_GRAY_COLOR+1"],"picked":"BettingIsNotGood","floor":30},{"not_picked":["champ:Haymaker","StuffTheSpire:Slingshot","ReplayTheSpireMod:System Scan"],"picked":"expansioncontent:DashGenerateEvil","floor":31},{"not_picked":["DemoMod:FightSabre","Guardian:GemFire","Die Die Die"],"picked":"Replay:Dark Deal","floor":33},{"not_picked":["Heel Hook+1","Sword Boomerang","sneckomod:UnknownClassHEXA_GHOST_PURPLE"],"picked":"Anger+1","floor":35},{"not_picked":["HollowMod:Hiveblood","champ:FocusedBerserking+1","HollowMod:DescendingDark+1","HollowMod:BrokenVessel"],"picked":"SKIP","floor":37},{"not_picked":["Bane+1","sneckomod:UnknownClassTHE_CHAMP_GRAY","Heavy Blade+1","HollowMod:NewJinnsSoul"],"picked":"SKIP","floor":38},{"not_picked":["HollowMod:SoulShaman","Worship","Conclude+1","champ:FocusedDefense"],"picked":"SKIP","floor":41},{"not_picked":["Guardian:PrimingBeam+1","Slimebound:Schlurp","champ:BringItOn+1","DemoMod:BattleInHaste"],"picked":"SKIP","floor":43},{"not_picked":["DemoMod:JK47","Finesse","Guardian:RollAttack+1","champ:Encircle+1"],"picked":"SKIP","floor":44},{"not_picked":["Body Slam+1","Twin Strike","Barrage+1","Meteor Strike"],"picked":"SKIP","floor":46},{"not_picked":["DemoMod:ShadowBullets+1","DemoMod:GunstockTap","DemoMod:HardPowerCard+1","DemoMod:SkilledReload"],"picked":"SKIP","floor":48}],"player_experience":342906,"relics_obtained":[{"floor":6,"key":"PokeGo"},{"floor":9,"key":"aspiration:HummingbirdHeart"},{"floor":13,"key":"HollowMod:LifeEnderRelic"},{"floor":24,"key":"PrismaticShard"},{"floor":26,"key":"DemoMod:Metronome"},{"floor":27,"key":"DemoMod:CrisisStone"},{"floor":28,"key":"ReplayFunnel"},{"floor":30,"key":"TuHaoJin"},{"floor":38,"key":"Centennial Puzzle"},{"floor":43,"key":"infinitespire:Eraser"}],"event_choices":[{"damage_healed":0,"gold_gain":75,"player_choice":"Gather Gold","damage_taken":11,"max_hp_gain":0,"max_hp_loss":0,"event_name":"World of Goop","floor":3,"gold_loss":0},{"damage_healed":0,"gold_gain":0,"player_choice":"Success","damage_taken":18,"relics_obtained":["DemoMod:ChaffGrenade"],"max_hp_gain":0,"max_hp_loss":0,"event_name":"Scrap Ooze","floor":4,"gold_loss":0},{"damage_healed":0,"gold_gain":175,"player_choice":"AGREE","damage_taken":0,"max_hp_gain":0,"max_hp_loss":0,"event_name":"Liars Game","floor":11,"gold_loss":0,"cards_obtained":["Doubt"]},{"damage_healed":0,"gold_gain":0,"player_choice":"Ignored","damage_taken":0,"max_hp_gain":0,"max_hp_loss":0,"event_name":"Tomb of Lord Red Mask","floor":39,"gold_loss":0}],"is_beta":false,"boss_relics":[{"not_picked":["Abe\u0027s Treasure","hubris:VirtuousBlindfold"],"picked":"Honey Jar"},{"not_picked":[]},{"not_picked":["aspiration:RunicSpoon","halation:MonkeysPaw"],"picked":"DemoMod:Wolf"},{"not_picked":[]}],"items_purged_floors":[14,20,34,47],"is_endless":false,"potions_floor_spawned":[5,18,27,30,31,41,44,46,48],"ascension_level":0}}