{"host":"rolltorest","time":1609542973,"event":{"mods":["BaseMod","Minty Spire (QoL Compilation)","Relic Stats","Robot Space Explorer","Slay the Relics Exporter","StSLib"],"gold_per_floor":[114,114,114,39,60,91,91,107,107,107,132,168,186,225,225,346,346,367,57,81,81,81,81,112,126,150,174,174,174,197,218,218,218,218],"floor_reached":33,"playtime":1002,"items_purged":["RobotSpaceExplorer:Strike","RobotSpaceExplorer:Strike"],"score":359,"play_id":"2a05897d-fcd8-439e-a38e-0cea151f4a13","local_time":"20210101151613","is_ascension_mode":true,"campfire_choices":[{"data":"RobotSpaceExplorer:ChargingLaser","floor":7,"key":"SMITH"},{"floor":10,"key":"REST"},{"data":"RobotSpaceExplorer:DoubleFind","floor":15,"key":"SMITH"},{"floor":23,"key":"DIG"},{"floor":28,"key":"REST"},{"floor":32,"key":"REST"}],"circlet_count":0,"master_deck":["RobotSpaceExplorer:Strike","RobotSpaceExplorer:Strike","RobotSpaceExplorer:Defend","RobotSpaceExplorer:Defend","RobotSpaceExplorer:Defend","RobotSpaceExplorer:Defend","RobotSpaceExplorer:Scan","RobotSpaceExplorer:MiniLasers","RobotSpaceExplorer:ChargingLaser+1","RobotSpaceExplorer:ShovelStrike","RobotSpaceExplorer:LuckyStrike","RobotSpaceExplorer:ImprovisedAttack","RobotSpaceExplorer:DoubleFind+1","RobotSpaceExplorer:FrostMissile","RobotSpaceExplorer:Blitz","RobotSpaceExplorer:HighVoltage","RobotSpaceExplorer:StarLightning","RobotSpaceExplorer:DoubleFind+1","RobotSpaceExplorer:Blaster"],"relics":["RobotSpaceExplorer:RoboCore","Golden Idol","Gremlin Horn","The Courier","StrikeDummy","Anchor","Snecko Eye","Shovel","Bag of Marbles","Blood Vial","Question Card","Art of War"],"acts_visited":["Exordium","TheCity"],"potions_floor_usage":[14,33,33,33],"damage_taken":[{"damage":10,"enemies":"Small Slimes","floor":1,"turns":3},{"damage":2,"enemies":"Jaw Worm","floor":5,"turns":2},{"damage":44,"enemies":"Lagavulin","floor":6,"turns":7},{"damage":0,"enemies":"2 Louse","floor":8,"turns":3},{"damage":15,"enemies":"Exordium Thugs","floor":11,"turns":4},{"damage":0,"enemies":"3 Sentries","floor":12,"turns":4},{"damage":0,"enemies":"Exordium Wildlife","floor":13,"turns":1},{"damage":4,"enemies":"Gremlin Nob","floor":14,"turns":3},{"damage":26,"enemies":"Hexaghost","floor":16,"turns":8},{"damage":3,"enemies":"Shell Parasite","floor":18,"turns":4},{"damage":0,"enemies":"2 Thieves","floor":20,"turns":3},{"damage":34,"enemies":"Book of Stabbing","floor":24,"turns":6},{"damage":21,"enemies":"Snake Plant","floor":25,"turns":5},{"damage":20,"enemies":"Cultist and Chosen","floor":27,"turns":5},{"damage":0,"enemies":"Shelled Parasite and Fungi","floor":30,"turns":2},{"damage":0,"enemies":"Snecko","floor":31,"turns":4},{"damage":53,"enemies":"Champ","floor":33,"turns":10}],"seed_played":"1628358920136166931","potions_obtained":[{"floor":8,"key":"Block Potion"},{"floor":12,"key":"PowerPotion"},{"floor":13,"key":"SpeedPotion"},{"floor":16,"key":"GamblersBrew"},{"floor":31,"key":"Ancient Potion"}],"is_trial":false,"path_per_floor":["M","?","?","$","M","E","R","M","T","R","M","E","M","E","R","B",null,"M","$","M","?","?","R","E","M","T","M","R","?","M","M","R","B"],"character_chosen":"RobotSpaceExplorer","items_purchased":["Shovel"],"campfire_rested":3,"item_purchase_floors":[19],"current_hp_per_floor":[65,70,70,70,68,24,24,24,24,46,31,31,31,27,27,1,74,71,71,71,71,71,71,39,20,20,2,24,24,26,28,50,0,0],"gold":218,"neow_bonus":"ONE_RANDOM_RARE_CARD","is_daily":false,"chose_seed":false,"campfire_upgraded":2,"win_rate":0.0,"timestamp":1609542973,"path_taken":["M","?","?","$","M","E","R","M","T","R","M","E","M","E","R","BOSS","M","$","M","?","?","R","E","M","T","M","R","?","?","M","R","BOSS"],"items_purchased_type":["Relic"],"build_version":"2020-12-18","purchased_purges":2,"victory":false,"max_hp_per_floor":[75,80,74,74,74,74,74,74,74,74,74,74,74,74,74,74,74,74,74,74,74,74,74,74,74,74,74,74,74,74,74,74,74,74],"relic_stats":{"Blood Vial":12,"Shovel":1,"Gremlin Horn":[8,8],"counters":[17,74],"Golden Idol":93,"Snecko Eye":[65,70,82,58],"Art of War":[0],"Question Card":4,"obtain_stats":[{"Blood Vial":23,"Anchor":14,"Shovel":19,"Gremlin Horn":6,"Golden Idol":3,"Snecko Eye":17,"RobotSpaceExplorer:RoboCore":0,"The Courier":9,"Bag of Marbles":21,"Art of War":26,"StrikeDummy":12,"Question Card":24},{"Blood Vial":11,"Anchor":8,"Shovel":10,"Gremlin Horn":3,"Golden Idol":1,"Snecko Eye":9,"RobotSpaceExplorer:RoboCore":0,"The Courier":4,"Bag of Marbles":11,"Art of War":13,"StrikeDummy":6,"Question Card":12},{"Blood Vial":42,"Anchor":27,"Shovel":39,"Gremlin Horn":12,"Golden Idol":3,"Snecko Eye":35,"RobotSpaceExplorer:RoboCore":0,"The Courier":15,"Bag of Marbles":42,"Art of War":53,"StrikeDummy":23,"Question Card":48}]},"card_choices":[{"not_picked":["RobotSpaceExplorer:StunGrenade","RobotSpaceExplorer:SurgingStrike"],"picked":"RobotSpaceExplorer:ShovelStrike","floor":1},{"not_picked":["RobotSpaceExplorer:FranticSearch","RobotSpaceExplorer:SlimeMissile","RobotSpaceExplorer:StunGrenade"],"picked":"SKIP","floor":5},{"not_picked":["RobotSpaceExplorer:DualCore","RobotSpaceExplorer:SurgingShield","RobotSpaceExplorer:Ammunition"],"picked":"SKIP","floor":6},{"not_picked":["RobotSpaceExplorer:MiniDrones","RobotSpaceExplorer:MetalStrike"],"picked":"RobotSpaceExplorer:LuckyStrike","floor":8},{"not_picked":["RobotSpaceExplorer:MetalStrike","RobotSpaceExplorer:PowerCollector"],"picked":"RobotSpaceExplorer:ImprovisedAttack","floor":11},{"not_picked":["RobotSpaceExplorer:ShockKick","RobotSpaceExplorer:Ammunition"],"picked":"RobotSpaceExplorer:DoubleFind","floor":12},{"not_picked":["RobotSpaceExplorer:GlueShot","RobotSpaceExplorer:SurgingStrike"],"picked":"RobotSpaceExplorer:FrostMissile","floor":13},{"not_picked":["RobotSpaceExplorer:SwiftStep","RobotSpaceExplorer:DoubleFind"],"picked":"RobotSpaceExplorer:Blitz","floor":14},{"not_picked":["RobotSpaceExplorer:Asteroid","RobotSpaceExplorer:Arsenal"],"picked":"RobotSpaceExplorer:HighVoltage","floor":16},{"not_picked":["RobotSpaceExplorer:ShovelStrike","RobotSpaceExplorer:LuckyStrike","RobotSpaceExplorer:FreezeRay"],"picked":"SKIP","floor":18},{"not_picked":["RobotSpaceExplorer:ScrapShield","RobotSpaceExplorer:Discharger"],"picked":"RobotSpaceExplorer:StarLightning","floor":20},{"not_picked":["RobotSpaceExplorer:Counterblock","RobotSpaceExplorer:ImprovisedAttack+1","RobotSpaceExplorer:Calculate"],"picked":"SKIP","floor":24},{"not_picked":["RobotSpaceExplorer:Probe","RobotSpaceExplorer:StunGrenade","RobotSpaceExplorer:Counterblock"],"picked":"RobotSpaceExplorer:DoubleFind+1","floor":25},{"not_picked":["RobotSpaceExplorer:GlueSpray","RobotSpaceExplorer:ShockKick","RobotSpaceExplorer:DoubleFind","RobotSpaceExplorer:ScrapMissile"],"picked":"SKIP","floor":27},{"not_picked":["RobotSpaceExplorer:GlueShot+1","RobotSpaceExplorer:Ammunition","RobotSpaceExplorer:FrostMissile","RobotSpaceExplorer:ScrapMissile+1"],"picked":"SKIP","floor":30},{"not_picked":["RobotSpaceExplorer:DoubleFind","RobotSpaceExplorer:ShockKick","RobotSpaceExplorer:SwiftStep","RobotSpaceExplorer:ScrapMissile"],"picked":"SKIP","floor":31}],"player_experience":1729730,"relics_obtained":[{"floor":6,"key":"Gremlin Horn"},{"floor":9,"key":"The Courier"},{"floor":12,"key":"StrikeDummy"},{"floor":14,"key":"Anchor"},{"floor":23,"key":"Blood Vial"},{"floor":24,"key":"Question Card"},{"floor":26,"key":"Art of War"}],"event_choices":[{"damage_healed":0,"gold_gain":0,"player_choice":"Donut","damage_taken":0,"max_hp_gain":5,"max_hp_loss":0,"event_name":"Big Fish","floor":2,"gold_loss":0},{"damage_healed":0,"gold_gain":0,"player_choice":"Lose Max HP","damage_taken":0,"relics_obtained":["Golden Idol"],"max_hp_gain":0,"max_hp_loss":6,"event_name":"Golden Idol","floor":3,"gold_loss":0},{"damage_healed":0,"gold_gain":0,"player_choice":"Opened","damage_taken":0,"relics_obtained":["Bag of Marbles"],"max_hp_gain":0,"max_hp_loss":0,"event_name":"The Mausoleum","floor":21,"gold_loss":0},{"damage_healed":0,"gold_gain":0,"player_choice":"Ignored","damage_taken":0,"max_hp_gain":0,"max_hp_loss":0,"event_name":"Vampires","floor":22,"gold_loss":0},{"damage_healed":0,"gold_gain":0,"player_choice":"Read","damage_taken":0,"max_hp_gain":0,"max_hp_loss":0,"event_name":"The Library","floor":29,"gold_loss":0,"cards_obtained":["RobotSpaceExplorer:Blaster"]}],"is_beta":true,"boss_relics":[{"not_picked":["Velvet Choker","Coffee Dripper"],"picked":"Snecko Eye"}],"items_purged_floors":[4,19],"is_endless":false,"potions_floor_spawned":[8,12,13,16,31],"killed_by":"Champ","ascension_level":3}}