{"host":"32crudxnj6adbid7","time":1609486098,"event":{"mods":["ATMod(阿瑾Mod)","BaseMod","Challenge The Spire","Minty Spire (QoL Compilation)","StSLib","The Fake Hero","Waifu the Spire","WarShipGirlsR/战舰少女R mod","【遗物卡牌】REMEMod"],"gold_per_floor":[510,64,64,74,91,91,107,107,107],"floor_reached":8,"playtime":185,"items_purged":["luka_mod:SuperAttack"],"score":48,"play_id":"2e0706d0-2723-4ff6-a5c2-5c7a0cbe2891","local_time":"20210101152818","is_ascension_mode":false,"campfire_choices":[{"data":"luka_mod:Sylph","floor":6,"key":"SMITH"}],"circlet_count":0,"master_deck":["luka_mod:StrikeLukaOne","luka_mod:StrikeLukaTwo","luka_mod:StrikeLukaThree","luka_mod:StrikeLukaFour","luka_mod:StrikeLukaFive","luka_mod:StrikeLukaSix","luka_mod:Salt","luka_mod:Guard","luka_mod:Wait","luka_mod:Edging","luka_mod:FlailWildly","luka_mod:Meditation","luka_mod:Surrender","luka_mod:Sylph+1","luka_mod:Gnome","luka_mod:BladeOfStillWater","luka_mod:Intense","luka_mod:EndlessGuard"],"relics":["luka_mod:KeepsakeRing","AT_ATBox","REME_ComplimentaryCards","NeowsBlessing","AT_SilvercatRing"],"acts_visited":["Exordium"],"potions_floor_usage":[],"damage_taken":[{"damage":0,"enemies":"Small Slimes","floor":1,"turns":2},{"damage":0,"enemies":"Cultist","floor":4,"turns":1},{"damage":0,"enemies":"Jaw Worm","floor":5,"turns":1},{"damage":27,"enemies":"Red Slaver","floor":7,"turns":5},{"damage":9,"enemies":"Lagavulin","floor":8,"turns":3}],"seed_played":"-6741788477331128353","potions_obtained":[{"floor":7,"key":"SpeedPotion"}],"is_trial":false,"path_per_floor":["M","$","?","M","M","R","M","E"],"character_chosen":"LUKA_CLASS","items_purchased":["luka_mod:Gnome","AT_SilvercatRing","luka_mod:BladeOfStillWater"],"campfire_rested":0,"item_purchase_floors":[2,2,2],"current_hp_per_floor":[40,40,40,40,40,40,26,0,0],"gold":107,"neow_bonus":"THREE_ENEMY_KILL","is_daily":false,"chose_seed":false,"campfire_upgraded":1,"win_rate":0.0,"timestamp":1609486098,"path_taken":["M","$","?","M","?","R","M","E"],"items_purchased_type":["Card","Relic","Card"],"build_version":"2020-12-22","purchased_purges":1,"victory":false,"max_hp_per_floor":[40,40,40,40,40,40,40,40,40],"card_choices":[{"not_picked":["luka_mod:WaterSlash","luka_mod:Feel"],"picked":"luka_mod:Sylph","floor":1},{"not_picked":["luka_mod:Calm","luka_mod:WaterSlash"],"picked":"luka_mod:Intense","floor":4},{"not_picked":["luka_mod:DemonSkullBeheading","luka_mod:OiAlice","luka_mod:ThunderThrust"],"picked":"SKIP","floor":5},{"not_picked":["luka_mod:BladeOfHowlingWind","luka_mod:Cutscene"],"picked":"luka_mod:EndlessGuard","floor":7}],"player_experience":20304,"relics_obtained":[],"event_choices":[],"is_beta":false,"boss_relics":[],"items_purged_floors":[2],"is_endless":false,"potions_floor_spawned":[7],"killed_by":"Lagavulin","ascension_level":0}}