{"host":"lkyw40t68mxhwfjf","time":1609518912,"event":{"mods":["2.2 Compatiblity","Act Like it!","Arknights The Spire","BaseMod","Hallownest","HololiveMod","Hubris","Koishi","Lobotomy","Marisa¡]Ãú«B¡@Å]²z¨F¡^","Minty Spire (QoL Compilation)","Prisma Mod","Reimu¡]³Õ???¡^","Remilia¡]Á¢¦Ì²ú?¡^","Replay The Spire","RumiaBox-ÅS¦Ì?ªº¯«¯µ²°¤l","StSLib","The Animator","The Servant 0.9.4","TheSwordswoman","WarShipGirlsR/??¤Ö¤kR mod","Youmu¡]»î¾z§¯?¡^","Yuyuko"],"gold_per_floor":[364,364,364,173,190,219,219,235,235,235,262,262,274,288,288,383,383,400,400,416,416,179,213,45,45,95,126,141,141,141,66,66,170,170,184,202,46,46,46],"floor_reached":38,"playtime":1557,"items_purged":["ats:Strike S","ats:Strike C"],"score":420,"play_id":"93c1a411-0f43-438b-bdd9-739d3526eaa1","local_time":"20210102003512","is_ascension_mode":false,"campfire_choices":[{"data":"ats:Emotion Absorption","floor":7,"key":"SMITH"},{"floor":10,"key":"REST"},{"data":"ats:Rapid Magazine","floor":15,"key":"SMITH"},{"floor":25,"key":"REST"},{"floor":29,"key":"REST"},{"floor":32,"key":"RECALL"}],"circlet_count":0,"master_deck":["ats:Strike G","ats:Armor Crushing Shot","ats:Defend","ats:Defend","ats:Emotion Absorption+1","ats:Apocalypse","ats:Disruption Kick","ats:Rapid Magazine+1","ats:Explosion Area Strengthen","ats:Sword Rain","ats:Shell Defense","ats:Wolf Pack","ats:Revitalization","ats:Poison Spread","ats:Powerful Strike","ats:Healing Drone","ats:Calcification+1","ats:Overload","ats:Healing Drone","ats:Leaping Hammer","ats:True Silver Slash","ats:Support Order","ats:Cat Scratch+1","ats:Flexible Camouflage+1","ats:Dogmatic Field","Decay","Writhe","hubris:Disease","ats:Explosion Area Strengthen+1","ats:Apocalypse+1"],"relics":["ats:Sanity","ats:Originium","Sundial","MoreBug","Ice Cream","Empty Cage","MutagenicStrength","hubris:Metronome","ats:Industrial Water Cannon","Replay:Ancient Bell","Blue Doll","MagicDraw1","hubris:Potato","War Paint"],"acts_visited":["Exordium","TheCity","TheBeyond"],"potions_floor_usage":[16,23,23,27,36,36],"damage_taken":[{"damage":10,"enemies":"Jaw Worm","floor":1,"turns":4},{"damage":0,"enemies":"Small Slimes","floor":5,"turns":3},{"damage":37,"enemies":"3 Sentries","floor":6,"turns":8},{"damage":0,"enemies":"Cultist","floor":8,"turns":4},{"damage":4,"enemies":"Lagavulin","floor":11,"turns":6},{"damage":24,"enemies":"Exordium Wildlife","floor":13,"turns":5},{"damage":17,"enemies":"Large Slime","floor":14,"turns":5},{"damage":37,"enemies":"Hexaghost","floor":16,"turns":7},{"damage":28,"enemies":"Spheric Guardian","floor":18,"turns":6},{"damage":49,"enemies":"2 Thieves","floor":20,"turns":5},{"damage":66,"enemies":"Book of Stabbing","floor":23,"turns":9},{"damage":46,"enemies":"Slavers","floor":27,"turns":7},{"damage":57,"enemies":"Centurion and Healer","floor":28,"turns":8},{"damage":86,"enemies":"Collector","floor":33,"turns":12},{"damage":35,"enemies":"Orb Walker","floor":35,"turns":5},{"damage":59,"enemies":"3 Darklings","floor":36,"turns":4},{"damage":15,"enemies":"Transient","floor":38,"turns":2}],"seed_played":"8361711177864781487","potions_obtained":[{"floor":6,"key":"Cursed Concoction"},{"floor":13,"key":"DistilledChaos"},{"floor":14,"key":"GrandPatriotsElixir:ReiMu"},{"floor":23,"key":"Dexterity Potion"},{"floor":33,"key":"Explosive Potion"},{"floor":35,"key":"Elixir"}],"is_trial":false,"path_per_floor":["M","?","?","$","M","E","R","M","T","R","E","?","M","M","R","B",null,"M","?","M","?","$","E","$","R","T","E","M","R","?","?","R","B",null,"M","M","$","M"],"character_chosen":"DOCTOR_CLASS","items_purchased":["ats:Rapid Magazine","ats:Explosion Area Strengthen","ats:Sword Rain","ats:True Silver Slash","ats:Support Order","War Paint"],"campfire_rested":3,"item_purchase_floors":[4,4,4,22,24,37],"current_hp_per_floor":[62,62,55,55,59,36,36,43,43,64,71,71,59,54,54,46,72,66,66,44,44,44,21,21,42,42,36,41,62,62,62,62,67,72,58,12,12,0,0],"gold":46,"neow_bonus":"TWO_FIFTY_GOLD","is_daily":false,"chose_seed":false,"campfire_upgraded":2,"win_rate":0.0,"timestamp":1609518912,"path_taken":["M","?","?","$","M","E","R","M","T","R","E","?","M","?","R","BOSS","M","?","M","?","$","E","?","R","T","E","?","R","?","?","R","BOSS","M","M","$","M"],"items_purchased_type":["Card","Card","Card","Card","Card","Relic"],"build_version":"2020-12-22","purchased_purges":2,"victory":false,"max_hp_per_floor":[72,72,72,72,72,72,72,72,72,72,72,72,72,72,72,72,72,72,72,72,72,72,72,72,72,72,72,72,72,72,72,72,72,72,72,72,72,72,72],"card_choices":[{"not_picked":["ats:Poison Spread","ats:Cat Scratch"],"picked":"ats:Apocalypse","floor":1},{"not_picked":["ats:Powerful Strike","ats:Cat Scratch"],"picked":"ats:Shell Defense","floor":5},{"not_picked":["ats:Powerful Strike","ats:Ignite"],"picked":"ats:Wolf Pack","floor":6},{"not_picked":["ats:Very Hot Blade","ats:Hammer On"],"picked":"ats:Revitalization","floor":8},{"not_picked":["ats:Powerful Strike","ats:Guardian Obelisk"],"picked":"ats:Poison Spread","floor":11},{"not_picked":["ats:Cat Scratch","ats:Curse Doll"],"picked":"ats:Powerful Strike","floor":13},{"not_picked":["ats:Hammer On","ats:Encircling Forest"],"picked":"ats:Healing Drone","floor":14},{"not_picked":["ats:Disruption Kick","ats:Wolf Pack"],"picked":"ats:Calcification","floor":16},{"not_picked":["ats:Curse Doll+1","ats:Childhood Dance"],"picked":"ats:Overload","floor":18},{"not_picked":["ats:Directed Diagnosis","ats:Hammer On"],"picked":"ats:Leaping Hammer","floor":20},{"not_picked":["ats:Ignite","ats:Encircling Forest","ats:Guardian Obelisk"],"picked":"SKIP","floor":23},{"not_picked":["ats:Dogmatic Field","ats:Rapid Magazine"],"picked":"ats:Cat Scratch+1","floor":27},{"not_picked":["ats:Curse Doll","ats:Blood Oath"],"picked":"ats:Flexible Camouflage","floor":28},{"not_picked":["ats:Durian","ats:Rat Pack"],"picked":"ats:Dogmatic Field","floor":33},{"not_picked":["Replay:Sluggish","Normality"],"picked":"Decay","floor":34},{"not_picked":["Decay","ReplayTheSpireMod:Splinters"],"picked":"Writhe","floor":34},{"not_picked":["hubris:Wrath","hubris:Gluttony"],"picked":"hubris:Disease","floor":34},{"not_picked":["ats:Sword Rain+1","ats:Curse Doll"],"picked":"ats:Explosion Area Strengthen+1","floor":35},{"not_picked":["ats:Collapsing Strike","ats:Red Shift"],"picked":"ats:Apocalypse+1","floor":36}],"player_experience":401176,"relics_obtained":[{"floor":6,"key":"ats:Originium"},{"floor":6,"key":"Sundial"},{"floor":9,"key":"MoreBug"},{"floor":11,"key":"ats:Originium"},{"floor":11,"key":"Ice Cream"},{"floor":23,"key":"ats:Originium"},{"floor":23,"key":"hubris:Metronome"},{"floor":27,"key":"ats:Industrial Water Cannon"}],"event_choices":[{"damage_healed":0,"gold_gain":0,"cards_transformed":["Defend_Lin:ReiMu"],"player_choice":"Change","damage_taken":0,"max_hp_gain":0,"max_hp_loss":0,"event_name":"Living Wall","floor":2,"gold_loss":0,"cards_obtained":["ats:Disruption Kick"]},{"cards_removed":["animator:Strike_Fate"],"damage_healed":0,"gold_gain":0,"player_choice":"Card Removal","damage_taken":7,"max_hp_gain":0,"max_hp_loss":0,"event_name":"Golden Wing","floor":3,"gold_loss":0},{"damage_healed":0,"gold_gain":0,"player_choice":"Ignored","damage_taken":0,"max_hp_gain":0,"max_hp_loss":0,"event_name":"NoteForYourself","floor":12,"gold_loss":0},{"damage_healed":0,"gold_gain":0,"player_choice":"Read","damage_taken":0,"max_hp_gain":0,"max_hp_loss":0,"event_name":"The Library","floor":19,"gold_loss":0,"cards_obtained":["ats:Healing Drone"]},{"damage_healed":0,"gold_gain":0,"player_choice":"Inject Mutagens","damage_taken":0,"relics_obtained":["MutagenicStrength"],"max_hp_gain":0,"max_hp_loss":0,"event_name":"Drug Dealer","floor":21,"gold_loss":0},{"damage_healed":0,"gold_gain":0,"player_choice":"Ignored","damage_taken":0,"max_hp_gain":0,"max_hp_loss":0,"event_name":"Ghosts","floor":30,"gold_loss":0},{"cards_removed":["ats:Defend"],"damage_healed":0,"gold_gain":0,"player_choice":"Gave Gold","damage_taken":0,"max_hp_gain":0,"max_hp_loss":0,"event_name":"Beggar","floor":31,"gold_loss":75}],"is_beta":false,"boss_relics":[{"not_picked":["Replay:Wanted Poster","hubris:GrandSneckoEye"],"picked":"Empty Cage"},{"not_picked":["hubris:Backtick","ats:Omniscience"],"picked":"Replay:Ancient Bell"},{"not_picked":["Bronze Scales","Potion Belt"],"picked":"Blue Doll"},{"not_picked":["InkBottle","Chameleon Ring"],"picked":"MagicDraw1"},{"not_picked":["hubris:Teleporter","Du-Vu Doll"],"picked":"hubris:Potato"}],"items_purged_floors":[22,24],"is_endless":false,"potions_floor_spawned":[6,13,14,23,33,35],"killed_by":"Transient","ascension_level":0}}