{"host":"q9718omregw4er46","time":1609503686,"event":{"mods":["BaseMod","Bestiary","Colored Powertips","Minty Spire (QoL Compilation)","Quick Restart","Relic Stats"],"gold_per_floor":[14,34,34,53,74,112,112,152,152,168,168,189,189,208,208,303,303,322,78,99,99,99,130,130,165,165,176,194,220,237,250,250,321,321,362,362,406,445,484,513,513,561,584,635,207,207,266,304,304,304,304,304,304,22,49,49],"floor_reached":57,"playtime":3886,"items_purged":["Strike_P+1","Strike_P+1"],"score":3007,"play_id":"32a14be4-ce81-48b1-8b22-748566ef2a01","local_time":"20210101172126","is_ascension_mode":true,"campfire_choices":[{"floor":7.0,"key":"REST"},{"data":"TalkToTheHand","floor":11.0,"key":"SMITH"},{"data":"SashWhip","floor":13.0,"key":"SMITH"},{"data":"EmptyFist","floor":15.0,"key":"SMITH"},{"floor":24.0,"key":"REST"},{"data":"Meditate","floor":32.0,"key":"SMITH"},{"floor":41.0,"key":"RECALL"},{"floor":49.0,"key":"REST"},{"floor":53,"key":"REST"}],"circlet_count":0,"master_deck":["AscendersBane","Strike_P+1","Strike_P+1","Defend_P+1","Defend_P+1","Defend_P+1","Eruption+1","Vigilance+1","LessonLearned+1","Conclude+1","EmptyFist+1","TalkToTheHand+1","BowlingBash+1","SashWhip+1","FlurryOfBlows+1","Scrawl+1","TalkToTheHand+1","Meditate+1","Scrawl+1","DevaForm+1","Wish","Tantrum+1","Madness","Madness+1","Fasting2","Scrawl+1","Meditate+1","LikeWater+1","MentalFortress+1","TalkToTheHand+1","Wallop","ThirdEye+1"],"relics":["PureWater","Bloody Idol","Dead Branch","Gremlin Horn","Yang","Black Star","Oddly Smooth Stone","Meat on the Bone","TungstenRod","Potion Belt","Anchor","Mango","Nunchaku","Unceasing Top","Fusion Hammer","Art of War","CaptainsWheel","CloakClasp","Turnip","Bottled Lightning","OrangePellets","Vajra","Mercury Hourglass","Omamori","DollysMirror","Boot","Akabeko"],"acts_visited":["Exordium","TheCity","TheBeyond","TheEnding"],"potions_floor_usage":[56,56],"damage_taken":[{"damage":0.0,"enemies":"2 Louse","floor":1.0,"turns":2.0},{"damage":5.0,"enemies":"Small Slimes","floor":2.0,"turns":4.0},{"damage":7.0,"enemies":"Jaw Worm","floor":4.0,"turns":3.0},{"damage":18.0,"enemies":"Exordium Wildlife","floor":5.0,"turns":4.0},{"damage":9.0,"enemies":"Lagavulin","floor":6.0,"turns":7.0},{"damage":4.0,"enemies":"Gremlin Nob","floor":8.0,"turns":3.0},{"damage":0.0,"enemies":"Looter","floor":10.0,"turns":1.0},{"damage":0.0,"enemies":"Exordium Thugs","floor":12.0,"turns":3.0},{"damage":11.0,"enemies":"3 Louse","floor":14.0,"turns":4.0},{"damage":15.0,"enemies":"Hexaghost","floor":16.0,"turns":14.0},{"damage":14.0,"enemies":"Shell Parasite","floor":18.0,"turns":4.0},{"damage":0.0,"enemies":"Chosen","floor":20.0,"turns":3.0},{"damage":17.0,"enemies":"Slavers","floor":23.0,"turns":4.0},{"damage":2.0,"enemies":"Gremlin Leader","floor":25.0,"turns":6.0},{"damage":0.0,"enemies":"Centurion and Healer","floor":27.0,"turns":9.0},{"damage":9.0,"enemies":"Snake Plant","floor":28.0,"turns":5.0},{"damage":3.0,"enemies":"Slavers","floor":29.0,"turns":6.0},{"damage":9.0,"enemies":"Cultist and Chosen","floor":30.0,"turns":4.0},{"damage":0.0,"enemies":"Centurion and Healer","floor":31.0,"turns":5.0},{"damage":32.0,"enemies":"Champ","floor":33.0,"turns":15.0},{"damage":32.0,"enemies":"3 Shapes","floor":35.0,"turns":8.0},{"damage":0.0,"enemies":"Orb Walker","floor":37.0,"turns":3.0},{"damage":0.0,"enemies":"Writhing Mass","floor":38.0,"turns":9.0},{"damage":8.0,"enemies":"3 Darklings","floor":39.0,"turns":5.0},{"damage":0.0,"enemies":"Reptomancer","floor":40.0,"turns":3.0},{"damage":0.0,"enemies":"2 Orb Walkers","floor":42.0,"turns":2.0},{"damage":27.0,"enemies":"Giant Head","floor":44.0,"turns":9.0},{"damage":1.0,"enemies":"Nemesis","floor":47.0,"turns":7.0},{"damage":0.0,"enemies":"Maw","floor":48.0,"turns":5.0},{"damage":7,"enemies":"Donu and Deca","floor":50,"turns":6},{"damage":11,"enemies":"Time Eater","floor":51,"turns":11},{"damage":47,"enemies":"Shield and Spear","floor":55,"turns":5},{"damage":0,"enemies":"The Heart","floor":56,"turns":11}],"seed_played":"4676928695462015482","potions_obtained":[{"floor":1.0,"key":"Energy Potion"},{"floor":4.0,"key":"CultistPotion"},{"floor":8.0,"key":"Ancient Potion"},{"floor":14.0,"key":"Fire Potion"},{"floor":20.0,"key":"SkillPotion"},{"floor":23.0,"key":"ColorlessPotion"},{"floor":28.0,"key":"BlessingOfTheForge"},{"floor":33.0,"key":"Ambrosia"},{"floor":37.0,"key":"Fire Potion"},{"floor":38.0,"key":"AttackPotion"},{"floor":47.0,"key":"Explosive Potion"},{"floor":48.0,"key":"GamblersBrew"}],"is_trial":false,"path_per_floor":["M","M","?","M","M","E","R","E","T","M","R","M","R","M","R","B",null,"M","$","M","?","?","E","R","E","T","M","M","E","M","M","R","B",null,"M","?","M","M","M","E","R","?","T","E","$","?","E","M","R","B","B",null,"R","$","E","B",null],"character_chosen":"WATCHER","items_purchased":["Oddly Smooth Stone","OrangePellets","Vajra","DollysMirror","Wallop","LiquidMemories"],"campfire_rested":4,"item_purchase_floors":[19,45,45,54,54,54],"current_hp_per_floor":[61,56,56,49,31,22,40,36,36,36,36,36,36,25,25,10,49,35,35,35,35,35,23,41,44,58,63,59,61,57,62,62,47,69,47,34,44,54,56,61,61,66,71,54,54,54,63,73,76,69,58,72,76,76,46,46],"gold":49,"neow_bonus":"THREE_RARE_CARDS","is_daily":false,"chose_seed":false,"campfire_upgraded":4,"win_rate":0.0,"timestamp":1609503686,"path_taken":["M","M","?","M","M","E","R","E","T","M","R","M","R","M","R","BOSS","M","$","M","?","?","E","R","E","T","M","M","E","M","M","R","BOSS","M","?","M","M","M","E","R","?","T","E","$","?","E","M","R","BOSS","BOSS","R","$","E","BOSS"],"items_purchased_type":["Relic","Relic","Relic","Relic","Card","Potion"],"build_version":"2020-12-22","purchased_purges":2,"victory":true,"max_hp_per_floor":[68,68,62,62,62,62,62,62,62,62,62,62,62,62,62,62,62,62,62,62,62,62,62,62,62,76,76,76,76,76,76,76,76,76,76,76,76,76,76,76,76,76,76,76,76,76,76,76,76,76,76,76,76,76,76,76],"relic_stats":{"Gremlin Horn":[26,26],"counters":[33,190],"Dead Branch":[208],"Yang":[483],"CloakClasp":[215],"Boot":[0],"Mercury Hourglass":[107],"OrangePellets":[30],"Nunchaku":[33],"Bloody Idol":130,"Turnip":[10],"Black Star":7,"Art of War":[6],"obtain_stats":[{"Gremlin Horn":8,"Vajra":45,"Yang":9,"Mango":26,"CloakClasp":42,"Boot":55,"Nunchaku":29,"DollysMirror":54,"Fusion Hammer":34,"Potion Belt":25,"Golden Idol":3,"Dead Branch":6,"Oddly Smooth Stone":19,"Omamori":47,"Akabeko":55,"Mercury Hourglass":47,"OrangePellets":45,"Anchor":25,"CaptainsWheel":40,"Bloody Idol":22,"Turnip":44,"Black Star":17,"Art of War":40,"Bottled Lightning":44,"PureWater":0,"TungstenRod":23,"Unceasing Top":29,"Meat on the Bone":23},{"Gremlin Horn":6,"Vajra":27,"Yang":6,"Mango":14,"CloakClasp":26,"Boot":32,"Nunchaku":17,"DollysMirror":31,"Fusion Hammer":20,"Potion Belt":14,"Golden Idol":2,"Dead Branch":5,"Oddly Smooth Stone":11,"Omamori":28,"Akabeko":32,"Mercury Hourglass":28,"OrangePellets":27,"Anchor":14,"CaptainsWheel":25,"Bloody Idol":12,"Turnip":27,"Black Star":10,"Art of War":25,"Bottled Lightning":27,"PureWater":0,"TungstenRod":13,"Unceasing Top":17,"Meat on the Bone":13},{"Gremlin Horn":23,"Vajra":145,"Yang":23,"Mango":62,"CloakClasp":136,"Boot":179,"Nunchaku":82,"DollysMirror":174,"Fusion Hammer":106,"Potion Belt":62,"Golden Idol":6,"Dead Branch":20,"Oddly Smooth Stone":49,"Omamori":152,"Akabeko":179,"Mercury Hourglass":152,"OrangePellets":145,"Anchor":62,"CaptainsWheel":134,"Bloody Idol":52,"Turnip":145,"Black Star":45,"Art of War":134,"Bottled Lightning":145,"PureWater":0,"TungstenRod":56,"Unceasing Top":82,"Meat on the Bone":56}],"TungstenRod":28,"Unceasing Top":[2],"Meat on the Bone":24},"card_choices":[{"not_picked":["ConjureBlade","Scrawl"],"picked":"LessonLearned","floor":0.0},{"not_picked":["DeceiveReality","Prostrate"],"picked":"Conclude","floor":1.0},{"not_picked":["InnerPeace","ClearTheMind","Prostrate"],"picked":"SKIP","floor":2.0},{"not_picked":["DeceiveReality","InnerPeace"],"picked":"EmptyFist","floor":4.0},{"not_picked":["Omniscience","InnerPeace"],"picked":"TalkToTheHand","floor":5.0},{"not_picked":["Sanctity","Fasting2"],"picked":"BowlingBash","floor":6.0},{"not_picked":["EmptyFist","JustLucky"],"picked":"SashWhip","floor":8.0},{"not_picked":["Halt","FearNoEvil"],"picked":"FlurryOfBlows","floor":10.0},{"not_picked":["Nirvana","Swivel","Halt"],"picked":"SKIP","floor":12.0},{"not_picked":["CutThroughFate","LikeWater","Prostrate"],"picked":"SKIP","floor":14.0},{"not_picked":["DeusExMachina","Alpha"],"picked":"Scrawl","floor":16.0},{"not_picked":["Consecrate","PathToVictory","LikeWater"],"picked":"SKIP","floor":18.0},{"not_picked":["JustLucky","FlurryOfBlows"],"picked":"TalkToTheHand","floor":20.0},{"not_picked":["Study","Swivel"],"picked":"Scrawl","floor":23.0},{"not_picked":["FollowUp","CrushJoints","EmptyFist"],"picked":"SKIP","floor":25.0},{"not_picked":["PathToVictory","Conclude","ThirdEye"],"picked":"SKIP","floor":27.0},{"not_picked":["ThirdEye","Nirvana","InnerPeace"],"picked":"SKIP","floor":28.0},{"not_picked":["WreathOfFlame","Protect","Vengeance"],"picked":"SKIP","floor":29.0},{"not_picked":["Crescendo","PathToVictory","CrushJoints"],"picked":"SKIP","floor":30.0},{"not_picked":["FollowUp","FlyingSleeves"],"picked":"DevaForm","floor":31.0},{"not_picked":["Establishment","DeusExMachina"],"picked":"Wish","floor":33.0},{"not_picked":["FollowUp","ClearTheMind"],"picked":"Tantrum","floor":35.0},{"not_picked":["CarveReality+1","EmptyFist","ForeignInfluence"],"picked":"SKIP","floor":37.0},{"not_picked":["JustLucky","Crescendo","InnerPeace"],"picked":"SKIP","floor":38.0},{"not_picked":["SandsOfTime","CutThroughFate"],"picked":"Fasting2","floor":39.0},{"not_picked":["FlurryOfBlows","Evaluate"],"picked":"Scrawl","floor":40.0},{"not_picked":["Consecrate","ForeignInfluence"],"picked":"Meditate+1","floor":42.0},{"not_picked":["EmptyFist","CarveReality"],"picked":"LikeWater","floor":44.0},{"not_picked":["ClearTheMind","ReachHeaven","Consecrate"],"picked":"SKIP","floor":47.0},{"not_picked":["JustLucky","Protect"],"picked":"MentalFortress","floor":48.0},{"not_picked":["DeceiveReality","Wallop"],"picked":"ThirdEye+1","floor":55}],"player_experience":1145774,"relics_obtained":[{"floor":6.0,"key":"Dead Branch"},{"floor":8.0,"key":"Gremlin Horn"},{"floor":9.0,"key":"Yang"},{"floor":23.0,"key":"Meat on the Bone"},{"floor":23.0,"key":"TungstenRod"},{"floor":25.0,"key":"Potion Belt"},{"floor":25.0,"key":"Anchor"},{"floor":26.0,"key":"Mango"},{"floor":29.0,"key":"Nunchaku"},{"floor":29.0,"key":"Unceasing Top"},{"floor":40.0,"key":"Art of War"},{"floor":40.0,"key":"CaptainsWheel"},{"floor":42.0,"key":"CloakClasp"},{"floor":44.0,"key":"Turnip"},{"floor":44.0,"key":"Bottled Lightning"},{"floor":47.0,"key":"Mercury Hourglass"},{"floor":47.0,"key":"Omamori"},{"floor":55,"key":"Boot"},{"floor":55,"key":"Akabeko"}],"event_choices":[{"damage_healed":0.0,"max_hp_gain":0.0,"max_hp_loss":6.0,"gold_gain":0.0,"event_name":"Golden Idol","player_choice":"Lose Max HP","floor":3.0,"gold_loss":0.0,"damage_taken":0.0,"relics_obtained":["Golden Idol"]},{"damage_healed":0.0,"max_hp_gain":0.0,"max_hp_loss":0.0,"gold_gain":0.0,"event_name":"The Library","player_choice":"Read","floor":21.0,"gold_loss":0.0,"damage_taken":0.0,"cards_obtained":["Meditate"]},{"damage_healed":0.0,"max_hp_gain":0.0,"max_hp_loss":0.0,"gold_gain":0.0,"event_name":"Forgotten Altar","player_choice":"Gave Idol","floor":22.0,"relics_lost":["Golden Idol"],"gold_loss":0.0,"damage_taken":0.0,"relics_obtained":["Bloody Idol"]},{"damage_healed":0.0,"max_hp_gain":0.0,"max_hp_loss":0.0,"gold_gain":0.0,"event_name":"Winding Halls","player_choice":"Embrace Madness","floor":36.0,"gold_loss":0.0,"damage_taken":14.0,"cards_obtained":["Madness","Madness"]},{"damage_healed":0.0,"max_hp_gain":0.0,"max_hp_loss":0.0,"gold_gain":0.0,"event_name":"Mysterious Sphere","player_choice":"Fight","floor":42.0,"gold_loss":0.0,"damage_taken":0.0},{"cards_removed":["Defend_P"],"damage_healed":0.0,"max_hp_gain":0.0,"max_hp_loss":0.0,"gold_gain":0.0,"event_name":"Purifier","player_choice":"Purged","floor":46.0,"gold_loss":0.0,"damage_taken":0.0}],"is_beta":false,"boss_relics":[{"not_picked":["Tiny House","Sozu"],"picked":"Black Star"},{"not_picked":["SacredBark","SlaversCollar"],"picked":"Fusion Hammer"}],"items_purged_floors":[19,45],"is_endless":false,"potions_floor_spawned":[1,4,8,14,20,23,28,33,37,38,47,48],"ascension_level":20}}