{"host":"hbvn1mkfq2iixsau","time":1609516446,"event":{"mods":["AchievementEnabler","Act Like it!","BaseMod","Better Altar","Better Match","Better Sensory Stone","Better Skull","Better Third Choice","Colored Map","Displayed Cursed Tome","Minty Spire (QoL Compilation)","Quick Restart","Relic Stats","Shop Mod","StSLib","The Cursed"],"gold_per_floor":[116,116,116,116,116,161,173,218,276,288,575,606,638,681,693,833,845,880,910,922,934,962,1017,1029,1065,1077,232,248,292,328,367,367,498,498,519,519,577,595,595,636,649,649,649,649,265,296,337,362,362,362,362,362,35,63,63],"floor_reached":56,"playtime":4925,"items_purged":["Regret","TheCursedMod:CircleOfBlood"],"score":1436,"play_id":"2cfae9b8-f6f6-43a1-be9f-12548e596f9f","local_time":"20210101175406","is_ascension_mode":true,"campfire_choices":[{"data":"TheCursedMod:CursedWand","floor":7.0,"key":"SMITH"},{"floor":10.0,"key":"REST"},{"data":"TheCursedMod:SpitefulPlan","floor":15.0,"key":"SMITH"},{"floor":24.0,"key":"REST"},{"floor":32.0,"key":"REST"},{"floor":42.0,"key":"RECALL"},{"floor":44.0,"key":"REST"},{"floor":49.0,"key":"REST"},{"data":"Apotheosis","floor":52,"key":"SMITH"}],"circlet_count":0,"master_deck":["TheCursedMod:Strike_TheCursed","TheCursedMod:Strike_TheCursed","TheCursedMod:Strike_TheCursed","TheCursedMod:Strike_TheCursed","TheCursedMod:Defend_TheCursed","TheCursedMod:Defend_TheCursed","TheCursedMod:Defend_TheCursed","TheCursedMod:CursedWand+1","TheCursedMod:CleanUpWorkshop","TheCursedMod:Dregs","TheCursedMod:ManaBullet","TheCursedMod:StunningStrike","TheCursedMod:DoubleShield","TheCursedMod:SpitefulPlan+1","TheCursedMod:SpitefulStrike","TheCursedMod:NeowsMight","TheCursedMod:CursedAmulet","TheCursedMod:CursedAmulet","TheCursedMod:ReleasedStrength","Clumsy","TheCursedMod:HellfireBreathing","Apotheosis+1","TheCursedMod:ReleasedStrength+1","TheCursedMod:ForbiddenAlchemy","TheCursedMod:AntiAging","TheCursedMod:LuckyCharm+1","TheCursedMod:StunningStrike","TheCursedMod:CursedStaff","TheCursedMod:Dregs","TheCursedMod:LuckyCharm","TheCursedMod:SurpriseAttack","TheCursedMod:CursedMace+1","TheCursedMod:HellsGateOpen"],"relics":["TheCursedMod:BlackMagic101","NeowsBlessing","MawBank","Ancient Tea Set","StoneCalendar","Smiling Mask","Cursed Key","Pocketwatch","Vajra","MerchantsRug","Art of War","HornCleat","Incense Burner","Black Star","Gremlin Horn","Unceasing Top","Bird Faced Urn","Prayer Wheel","Meat on the Bone","Mummified Hand","Letter Opener","Pen Nib","Toy Ornithopter"],"acts_visited":["Exordium","TheCity","TheBeyond","TheEnding"],"potions_floor_usage":[50,55,55,55,55,55,55,55,55,55,55,55,55],"damage_taken":[{"damage":0.0,"enemies":"Cultist","floor":1.0,"turns":1.0},{"damage":0.0,"enemies":"Gremlin Nob","floor":6.0,"turns":1.0},{"damage":0.0,"enemies":"Lagavulin","floor":8.0,"turns":1.0},{"damage":0.0,"enemies":"2 Louse","floor":12.0,"turns":2.0},{"damage":3.0,"enemies":"Small Slimes","floor":13.0,"turns":3.0},{"damage":16.0,"enemies":"Gremlin Nob","floor":14.0,"turns":6.0},{"damage":41.0,"enemies":"Slime Boss","floor":16.0,"turns":7.0},{"damage":11.0,"enemies":"2 Thieves","floor":18.0,"turns":5.0},{"damage":5.0,"enemies":"3 Byrds","floor":19.0,"turns":7.0},{"damage":0.0,"enemies":"Centurion and Healer","floor":21.0,"turns":1.0},{"damage":18.0,"enemies":"3 Cultists","floor":22.0,"turns":6.0},{"damage":17.0,"enemies":"Slavers","floor":23.0,"turns":7.0},{"damage":11.0,"enemies":"Snake Plant","floor":25.0,"turns":6.0},{"damage":0.0,"enemies":"Chosen and Byrds","floor":28.0,"turns":5.0},{"damage":13.0,"enemies":"Book of Stabbing","floor":29.0,"turns":6.0},{"damage":20.0,"enemies":"Gremlin Leader","floor":30.0,"turns":5.0},{"damage":19.0,"enemies":"Slavers","floor":31.0,"turns":5.0},{"damage":15.0,"enemies":"Automaton","floor":33.0,"turns":9.0},{"damage":0.0,"enemies":"3 Shapes","floor":35.0,"turns":4.0},{"damage":1.0,"enemies":"3 Darklings","floor":36.0,"turns":2.0},{"damage":39.0,"enemies":"2 Orb Walkers","floor":37.0,"turns":7.0},{"damage":1.0,"enemies":"Writhing Mass","floor":38.0,"turns":7.0},{"damage":28.0,"enemies":"Reptomancer","floor":40.0,"turns":7.0},{"damage":0.0,"enemies":"Jaw Worm Horde","floor":41.0,"turns":3.0},{"damage":4.0,"enemies":"Giant Head","floor":46.0,"turns":9.0},{"damage":88.0,"enemies":"Nemesis","floor":47.0,"turns":9.0},{"damage":0.0,"enemies":"Transient","floor":48.0,"turns":5.0},{"damage":13,"enemies":"Donu and Deca","floor":50,"turns":6},{"damage":89,"enemies":"Shield and Spear","floor":54,"turns":7},{"damage":58,"enemies":"The Heart","floor":55,"turns":8}],"seed_played":"2275430157591738861","potions_obtained":[{"floor":6.0,"key":"DistilledChaos"},{"floor":12.0,"key":"AttackPotion"},{"floor":16.0,"key":"Strength Potion"},{"floor":18.0,"key":"Fire Potion"},{"floor":20.0,"key":"SmokeBomb"},{"floor":22.0,"key":"DistilledChaos"},{"floor":28.0,"key":"Dexterity Potion"},{"floor":29.0,"key":"SmokeBomb"},{"floor":46.0,"key":"SpeedPotion"}],"is_trial":false,"path_per_floor":["M","$","$","?","?","E","R","E","T","R","?","M","M","E","R","B",null,"M","M","?","M","M","E","R","M","T","$","M","E","E","E","R","B",null,"M","M","?","M","?","E","M","R","T","R","$","E","E","M","R","B",null,"R","$","E","B",null],"character_chosen":"THE_CURSED","items_purchased":["Lee\u0027s Waffle","Vajra","TheCursedMod:HellfireBreathing","Regal Pillow","Apotheosis","MerchantsRug","Bird Faced Urn","TheCursedMod:LuckyCharm","Mummified Hand","PowerPotion","TheCursedMod:CircleOfBlood","TheCursedMod:HellsGateOpen","Letter Opener"],"campfire_rested":5,"item_purchase_floors":[27,27,27,27,27,27,45,45,53,53,53,53,53],"current_hp_per_floor":[75,75,75,57,39,39,39,39,39,61,61,61,58,42,42,1,75,64,59,59,59,41,24,46,35,35,82,82,69,49,30,69,54,82,82,81,45,56,56,31,31,31,31,73,88,90,22,45,92,91,111,111,111,41,59],"gold":63,"neow_bonus":"THREE_ENEMY_KILL","is_daily":false,"chose_seed":false,"campfire_upgraded":3,"win_rate":0.0,"timestamp":1609516446,"path_taken":["M","?","$","?","?","E","R","E","T","R","?","M","?","E","R","BOSS","M","?","?","M","M","E","R","?","T","$","M","E","E","E","R","BOSS","M","M","?","M","?","E","?","R","T","R","$","E","E","M","R","BOSS","R","$","E","BOSS"],"items_purchased_type":["Relic","Relic","Card","Relic","Card","Relic","Relic","Card","Relic","Potion","Card","Card","Relic"],"build_version":"2020-12-22","purchased_purges":2,"victory":true,"max_hp_per_floor":[75,75,75,75,75,75,75,75,75,75,75,75,75,75,75,75,75,75,75,75,75,75,75,75,75,75,82,82,82,82,82,82,82,82,82,82,85,88,88,91,91,91,91,91,91,94,106,109,109,111,111,111,111,114,116],"relic_stats":{"Gremlin Horn":[4,4],"counters":[30,156],"StoneCalendar":[394],"Pen Nib":[2],"Letter Opener":[28],"MawBank":264,"Smiling Mask":75,"Cursed Key":2,"Mummified Hand":[13],"Bird Faced Urn":[47],"Prayer Wheel":1,"Art of War":[9],"Black Star":4,"obtain_stats":[{"TheCursedMod:BloodyHarpoon":46,"Regal Pillow":27,"Gremlin Horn":40,"Vajra":27,"StoneCalendar":8,"Incense Burner":31,"Ancient Tea Set":6,"Smiling Mask":14,"Cursed Key":17,"HornCleat":30,"Mummified Hand":53,"MealTicket":9,"Prayer Wheel":46,"WingedGreaves":23,"TheCursedMod:BlackMagic101":0,"MerchantsRug":27,"Lee\u0027s Waffle":27,"Pear":47,"NeowsBlessing":0,"Golden Idol":4,"Pen Nib":54,"Letter Opener":53,"MawBank":5,"Peace Pipe":37,"Bird Faced Urn":45,"Art of War":29,"Black Star":34,"Unceasing Top":40,"Toy Ornithopter":54,"Pocketwatch":26,"Meat on the Bone":47},{"TheCursedMod:BloodyHarpoon":25,"Regal Pillow":13,"Gremlin Horn":23,"Vajra":13,"StoneCalendar":3,"Incense Burner":17,"Ancient Tea Set":2,"Smiling Mask":6,"Cursed Key":7,"HornCleat":16,"Mummified Hand":28,"MealTicket":3,"Prayer Wheel":25,"WingedGreaves":12,"TheCursedMod:BlackMagic101":0,"MerchantsRug":13,"Lee\u0027s Waffle":13,"Pear":26,"NeowsBlessing":0,"Golden Idol":1,"Pen Nib":29,"Letter Opener":28,"MawBank":1,"Peace Pipe":21,"Bird Faced Urn":24,"Art of War":15,"Black Star":18,"Unceasing Top":23,"Toy Ornithopter":29,"Pocketwatch":13,"Meat on the Bone":26},{"TheCursedMod:BloodyHarpoon":121,"Regal Pillow":53,"Gremlin Horn":109,"Vajra":53,"StoneCalendar":3,"Incense Burner":73,"Ancient Tea Set":2,"Smiling Mask":14,"Cursed Key":21,"HornCleat":68,"Mummified Hand":141,"MealTicket":3,"Prayer Wheel":121,"WingedGreaves":47,"TheCursedMod:BlackMagic101":0,"MerchantsRug":53,"Lee\u0027s Waffle":53,"Pear":130,"NeowsBlessing":0,"Golden Idol":1,"Pen Nib":148,"Letter Opener":141,"MawBank":1,"Peace Pipe":95,"Bird Faced Urn":112,"Art of War":63,"Black Star":82,"Unceasing Top":109,"Toy Ornithopter":148,"Pocketwatch":53,"Meat on the Bone":130}],"Unceasing Top":[2],"Toy Ornithopter":60,"Pocketwatch":[57],"Meat on the Bone":24},"card_choices":[{"not_picked":["TheCursedMod:CursedMace","TheCursedMod:TacticalStrike"],"picked":"TheCursedMod:ManaBullet","floor":1.0},{"not_picked":["TheCursedMod:Wield","TheCursedMod:ReleasedKnowledge"],"picked":"TheCursedMod:StunningStrike","floor":6.0},{"not_picked":["TheCursedMod:CursedArmor","TheCursedMod:PrepareRite","TheCursedMod:FleshFromBone"],"picked":"SKIP","floor":8.0},{"not_picked":["TheCursedMod:CursedAmulet","TheCursedMod:WearCloak"],"picked":"TheCursedMod:DoubleShield","floor":12.0},{"not_picked":["TheCursedMod:CircleOfCorruption","TheCursedMod:RavingStaff"],"picked":"TheCursedMod:SpitefulPlan","floor":13.0},{"not_picked":["TheCursedMod:RavingStaff","TheCursedMod:Obscuration"],"picked":"TheCursedMod:SpitefulStrike","floor":14.0},{"not_picked":["TheCursedMod:OutForBlood","TheCursedMod:ParallelWorld"],"picked":"TheCursedMod:NeowsMight","floor":16.0},{"not_picked":["TheCursedMod:Grudge","TheCursedMod:FleshFromBone"],"picked":"TheCursedMod:CursedAmulet","floor":18.0},{"not_picked":["TheCursedMod:TacticalStrike","TheCursedMod:Stretching","TheCursedMod:SaltUponWound"],"picked":"SKIP","floor":19.0},{"not_picked":["TheCursedMod:Obscuration","TheCursedMod:TacticalStrike","TheCursedMod:CursedBlade"],"picked":"SKIP","floor":22.0},{"not_picked":["TheCursedMod:FuryStrike","TheCursedMod:CursedBlade"],"picked":"TheCursedMod:CursedAmulet","floor":23.0},{"not_picked":["TheCursedMod:CircleOfAmplification","TheCursedMod:RapidMovement+1"],"picked":"TheCursedMod:ReleasedStrength","floor":25.0},{"not_picked":["TheCursedMod:SmokeScreen+1","TheCursedMod:CircleOfCorruption"],"picked":"TheCursedMod:ReleasedStrength+1","floor":28.0},{"not_picked":["TheCursedMod:CircleOfCorruption+1","TheCursedMod:Stretching","TheCursedMod:Mangle"],"picked":"SKIP","floor":29.0},{"not_picked":["TheCursedMod:CursedBlade+1","TheCursedMod:RapidMovement+1","TheCursedMod:CircleOfAmplification"],"picked":"SKIP","floor":30.0},{"not_picked":["TheCursedMod:TacticalStrike","TheCursedMod:Torture"],"picked":"TheCursedMod:ForbiddenAlchemy","floor":31.0},{"not_picked":["TheCursedMod:UltimatePain","TheCursedMod:ForbiddenAlchemy"],"picked":"TheCursedMod:AntiAging","floor":33.0},{"not_picked":["TheCursedMod:Grudge","TheCursedMod:Wield+1","TheCursedMod:CursedBlade"],"picked":"SKIP","floor":35.0},{"not_picked":["TheCursedMod:TacticalStrike","TheCursedMod:CircleOfAmplification+1"],"picked":"TheCursedMod:LuckyCharm+1","floor":38.0},{"not_picked":["TheCursedMod:WearCloak","TheCursedMod:CursedBoomerang"],"picked":"TheCursedMod:StunningStrike","floor":40.0},{"not_picked":["TheCursedMod:CursedShiv","TheCursedMod:WearCloak"],"picked":"TheCursedMod:CursedStaff","floor":41.0},{"not_picked":["TheCursedMod:ForbiddenAlchemy","TheCursedMod:CursedAmulet+1","TheCursedMod:PrepareRite"],"picked":"SKIP","floor":46.0},{"not_picked":["TheCursedMod:CursedBlade+1","TheCursedMod:CursedAmulet+1","TheCursedMod:TacticalStrike+1"],"picked":"SKIP","floor":47.0},{"not_picked":["TheCursedMod:CursedStaff","TheCursedMod:TacticalStrike+1"],"picked":"TheCursedMod:SurpriseAttack","floor":48.0},{"not_picked":["TheCursedMod:CircleOfCorruption","TheCursedMod:ReleasedKnowledge"],"picked":"TheCursedMod:CursedMace+1","floor":48.0},{"not_picked":["TheCursedMod:EmpowerCircles","TheCursedMod:TacticalStrike+1","TheCursedMod:CursedAmulet+1"],"picked":"SKIP","floor":54}],"player_experience":253246,"relics_obtained":[{"floor":6.0,"key":"Ancient Tea Set"},{"floor":8.0,"key":"StoneCalendar"},{"floor":9.0,"key":"MealTicket"},{"floor":14.0,"key":"Smiling Mask"},{"floor":23.0,"key":"WingedGreaves"},{"floor":26.0,"key":"Pocketwatch"},{"floor":29.0,"key":"Art of War"},{"floor":30.0,"key":"HornCleat"},{"floor":31.0,"key":"Incense Burner"},{"floor":37.0,"key":"Peace Pipe"},{"floor":40.0,"key":"Gremlin Horn"},{"floor":40.0,"key":"Unceasing Top"},{"floor":46.0,"key":"TheCursedMod:BloodyHarpoon"},{"floor":46.0,"key":"Prayer Wheel"},{"floor":47.0,"key":"Pear"},{"floor":47.0,"key":"Meat on the Bone"},{"floor":54,"key":"Pen Nib"},{"floor":54,"key":"Toy Ornithopter"}],"event_choices":[{"damage_healed":0.0,"max_hp_gain":0.0,"max_hp_loss":0.0,"gold_gain":0.0,"event_name":"Golden Idol","player_choice":"Take Damage","floor":4.0,"gold_loss":0.0,"damage_taken":18.0,"relics_obtained":["Golden Idol"]},{"damage_healed":0.0,"max_hp_gain":0.0,"max_hp_loss":0.0,"gold_gain":0.0,"event_name":"betterThird:BetterScrap","player_choice":"Relic ","floor":5.0,"gold_loss":0.0,"damage_taken":18.0,"cards_obtained":["Finisher"]},{"damage_healed":0.0,"max_hp_gain":0.0,"max_hp_loss":0.0,"gold_gain":275.0,"event_name":"Golden Shrine","player_choice":"Desecrate","floor":11.0,"gold_loss":0.0,"damage_taken":0.0,"cards_obtained":["Regret"]},{"damage_healed":0.0,"max_hp_gain":0.0,"max_hp_loss":0.0,"gold_gain":0.0,"event_name":"Lab","player_choice":"Got Potions","floor":20.0,"gold_loss":0.0,"damage_taken":0.0},{"damage_healed":0.0,"max_hp_gain":0.0,"max_hp_loss":0.0,"gold_gain":0.0,"event_name":"Mysterious Sphere","player_choice":"Fight","floor":37.0,"gold_loss":0.0,"damage_taken":0.0},{"cards_removed":["TheCursedMod:Defend_TheCursed"],"damage_healed":0.0,"max_hp_gain":0.0,"max_hp_loss":0.0,"gold_gain":0.0,"event_name":"Purifier","player_choice":"Purged","floor":39.0,"gold_loss":0.0,"damage_taken":0.0}],"is_beta":false,"boss_relics":[{"not_picked":["Busted Crown","Empty Cage"],"picked":"Cursed Key"},{"not_picked":["Astrolabe","Pandora\u0027s Box"],"picked":"Black Star"}],"items_purged_floors":[27,53],"is_endless":false,"potions_floor_spawned":[6,12,16,18,21,22,28,29,33,36,38,40,46],"ascension_level":1}}