{"host":"5jn3rki867005t18","time":1609509710,"event":{"mods":["AchievementEnabler","BaseMod","Colored Map","DeckTracker","Highlight Path","Minty Spire (QoL Compilation)","Permanent Neow","Quick Restart","StSLib","SuperFastMode"],"gold_per_floor":[111,61,72,72,72,72,92,127,152,167,167,167,187,221,221,352,352,347,347,367,392,170,203,216,161,161,193,292,292,305,332,332,332,332],"floor_reached":33,"playtime":1478,"items_purged":["Strike_R"],"score":293,"play_id":"9b7af0d2-2451-4fdc-b641-0fffd38a6810","local_time":"20210101230150","is_ascension_mode":true,"campfire_choices":[{"data":"Juggernaut","floor":6,"key":"SMITH"},{"data":"Armaments","floor":12,"key":"SMITH"},{"floor":15,"key":"REST"},{"floor":29,"key":"REST"},{"floor":32,"key":"REST"}],"circlet_count":0,"master_deck":["Strike_R","Strike_R","Strike_R","Strike_R","Defend_R","Defend_R","Defend_R","Defend_R","Bash","Juggernaut+1","Heavy Blade","Shrug It Off","Armaments+1","True Grit","Shrug It Off","Impervious","Iron Wave","Entrench","Iron Wave+1","Ghostly Armor","Body Slam"],"relics":["Burning Blood","Anchor","Golden Idol","Frozen Egg 2","Omamori","Gremlin Horn","Bag of Preparation","Sozu","Lee\u0027s Waffle","CeramicFish","Strawberry","Ancient Tea Set"],"acts_visited":["Exordium","TheCity"],"potions_floor_usage":[8,16],"damage_taken":[{"damage":1,"enemies":"Cultist","floor":1,"turns":4},{"damage":6,"enemies":"Jaw Worm","floor":3,"turns":4},{"damage":0,"enemies":"Small Slimes","floor":7,"turns":4},{"damage":20,"enemies":"3 Sentries","floor":8,"turns":8},{"damage":5,"enemies":"Looter","floor":10,"turns":4},{"damage":7,"enemies":"Blue Slaver","floor":13,"turns":4},{"damage":19,"enemies":"Lagavulin","floor":14,"turns":8},{"damage":52,"enemies":"Slime Boss","floor":16,"turns":15},{"damage":3,"enemies":"2 Thieves","floor":18,"turns":4},{"damage":2,"enemies":"3 Byrds","floor":20,"turns":5},{"damage":14,"enemies":"Centurion and Healer","floor":21,"turns":9},{"damage":51,"enemies":"Slavers","floor":23,"turns":7},{"damage":18,"enemies":"3 Cultists","floor":24,"turns":7},{"damage":22,"enemies":"Shelled Parasite and Fungi","floor":27,"turns":8},{"damage":13,"enemies":"Snake Plant","floor":30,"turns":4},{"damage":10,"enemies":"Centurion and Healer","floor":31,"turns":10},{"damage":71,"enemies":"Collector","floor":33,"turns":6}],"seed_played":"8320912053543473179","potions_obtained":[{"floor":1,"key":"DistilledChaos"},{"floor":3,"key":"Energy Potion"}],"is_trial":false,"path_per_floor":["M","?","M","T","?","R","M","E","T","M","T","R","M","E","R","B",null,"M","?","M","M","$","E","M","?","T","M","?","R","M","M","R","B"],"character_chosen":"IRONCLAD","items_purchased":["Lee\u0027s Waffle"],"campfire_rested":3,"item_purchase_floors":[22],"current_hp_per_floor":[80,80,80,80,60,60,66,52,52,53,53,53,52,39,63,17,80,80,80,80,72,87,42,30,37,37,21,21,49,42,38,66,0,0],"gold":332,"neow_bonus":"THREE_RARE_CARDS","is_daily":false,"chose_seed":false,"campfire_upgraded":2,"win_rate":0.0,"timestamp":1609509710,"path_taken":["M","?","M","?","?","R","M","E","T","M","?","R","M","E","R","BOSS","M","?","M","M","$","E","M","?","T","?","?","R","M","M","R","BOSS"],"items_purchased_type":["Relic"],"build_version":"2020-12-22","purchased_purges":1,"victory":false,"max_hp_per_floor":[80,80,80,80,80,80,80,80,80,80,80,80,80,80,80,80,80,80,80,80,80,87,87,87,94,94,94,94,94,94,94,94,94,94],"card_choices":[{"not_picked":["Immolate","Limit Break"],"picked":"Juggernaut","floor":0},{"not_picked":["Pommel Strike","Cleave"],"picked":"Heavy Blade","floor":1},{"not_picked":["Perfected Strike","Heavy Blade"],"picked":"Shrug It Off","floor":3},{"not_picked":["Power Through","Second Wind","Sword Boomerang"],"picked":"SKIP","floor":7},{"not_picked":["Exhume","Warcry"],"picked":"Armaments","floor":8},{"not_picked":["Warcry","Clothesline","Reckless Charge"],"picked":"SKIP","floor":10},{"not_picked":["Hemokinesis","Flex"],"picked":"True Grit","floor":13},{"not_picked":["Clothesline","Fiend Fire"],"picked":"Shrug It Off","floor":14},{"not_picked":["Fiend Fire","Limit Break"],"picked":"Impervious","floor":16},{"not_picked":["Sword Boomerang+1","Havoc"],"picked":"Iron Wave","floor":18},{"not_picked":["Sever Soul","Perfected Strike"],"picked":"Iron Wave+1","floor":20},{"not_picked":["Feel No Pain+1","Thunderclap","Havoc"],"picked":"SKIP","floor":21},{"not_picked":["Disarm","Warcry","Whirlwind"],"picked":"SKIP","floor":23},{"not_picked":["Dropkick","Flex","Thunderclap+1"],"picked":"SKIP","floor":24},{"not_picked":["Wild Strike+1","Bloodletting"],"picked":"Ghostly Armor","floor":27},{"not_picked":["Entrench","Searing Blow","Twin Strike"],"picked":"SKIP","floor":30},{"not_picked":["Feel No Pain+1","Anger"],"picked":"Body Slam","floor":31}],"player_experience":152998,"relics_obtained":[{"floor":4,"key":"Anchor"},{"floor":8,"key":"Frozen Egg 2"},{"floor":9,"key":"Omamori"},{"floor":11,"key":"Gremlin Horn"},{"floor":14,"key":"Bag of Preparation"},{"floor":23,"key":"CeramicFish"},{"floor":26,"key":"Ancient Tea Set"}],"event_choices":[{"cards_removed":["Normality"],"damage_healed":0,"gold_gain":0,"player_choice":"Card Removal","damage_taken":0,"max_hp_gain":0,"max_hp_loss":0,"event_name":"The Cleric","floor":2,"gold_loss":50},{"damage_healed":0,"gold_gain":0,"player_choice":"Take Damage","damage_taken":20,"relics_obtained":["Golden Idol"],"max_hp_gain":0,"max_hp_loss":0,"event_name":"Golden Idol","floor":5,"gold_loss":0},{"damage_healed":0,"gold_gain":0,"player_choice":"Read","damage_taken":0,"max_hp_gain":0,"max_hp_loss":0,"event_name":"The Library","floor":19,"gold_loss":0,"cards_obtained":["Entrench"]},{"damage_healed":0,"gold_gain":0,"player_choice":"Paid Gold","damage_taken":0,"relics_obtained":["Strawberry"],"max_hp_gain":0,"max_hp_loss":0,"event_name":"WeMeetAgain","floor":25,"gold_loss":55},{"damage_healed":0,"gold_gain":99,"player_choice":"Stole From Cult","damage_taken":0,"max_hp_gain":0,"max_hp_loss":0,"event_name":"Nest","floor":28,"gold_loss":0}],"is_beta":false,"boss_relics":[{"not_picked":["Calling Bell","Coffee Dripper"],"picked":"Sozu"}],"items_purged_floors":[22],"is_endless":false,"potions_floor_spawned":[1,3,20,21,27,30],"killed_by":"Collector","ascension_level":1}}