{"host":"y9jgkjnf95sujozk","time":1609531941,"event":{"mods":["2.2 Compatiblity","AchievementEnabler","Act Like it!","BaseMod","Block Reminder","Colored Map","Colored Powertips","Decade(王小明)","Downfall","Friendly Minions","Gensokyo","GifTheSpireLib","Hermit","Highlight Path","HololiveMod","Infinite Spire","Marisa（霧雨　魔理沙）","Minty Spire (QoL Compilation)","Random Character Button","Rare Cards Sparkle","Remilia（蕾米莉?）","Replay The Spire","Shop Mod","StSLib","SuperFastMode","The Animator","The Bug Knight","The Cursed","The Hierophant","The Jungle","The Senshi","The Servant 0.9.4"],"gold_per_floor":[209,224,238,12,26,26,53,78,101,71,18,30,30,49,49,144,144,158,73,120,120,120,149,149,180,180,180,180,180,200,46,46,150,250,282,319,360,360,360,360,424,465,465,465,506,506,506,506,506,513],"floor_reached":51,"playtime":1386,"items_purged":[],"score":769,"play_id":"e8d7427e-d06a-443d-b5e2-94e7702dfa8b","local_time":"20210101211221","is_ascension_mode":true,"campfire_choices":[{"floor":6.0,"key":"REST"},{"floor":13.0,"key":"REST"},{"floor":15,"key":"REST"},{"floor":24,"key":"REST"},{"floor":27,"key":"REST"},{"data":"Guardian:PiercingHide","floor":29,"key":"SMITH"},{"floor":32,"key":"REST"},{"floor":40,"key":"REST"},{"floor":44,"key":"REST"},{"floor":46,"key":"REST"},{"data":"Guardian:SpikerProtocol","floor":49,"key":"SMITH"}],"circlet_count":0,"master_deck":["Guardian:Strike_Guardian+1","Guardian:Strike_Guardian+1","Guardian:Strike_Guardian+1","Guardian:Strike_Guardian+1","Guardian:Defend_Guardian+1","Guardian:Defend_Guardian+1","Guardian:Defend_Guardian+1","Guardian:Defend_Guardian+1","Guardian:CurlUp+1","Guardian:TwinSlam","Guardian:SpikerProtocol","Guardian:Reroute","Guardian:SpikerProtocol+1","Guardian:WalkerClaw+1","Guardian:RollAttack+1","Guardian:DonusPower+1","Guardian:CrystalBeam","Guardian:SphericShield+1","Guardian:PiercingHide+1","Guardian:GuardianWhirl+1","Guardian:PiercingHide+1","Guardian:GuardianWhirl","Guardian:SpikerProtocol+1","expansioncontent:DarkVoid+1","Guardian:StasisStrike","Guardian:RollAttack+1","Guardian:RollAttack+1","Pain","Guardian:Harden+1","Guardian:PrismaticBarrier","Guardian:FloatingOrbs+1","Doubt"],"relics":["Guardian:ModeShifter","Lee\u0027s Waffle","infinitespire:Beetle Shell","Gremlin Food","Regal Pillow","Hololive_Finger","Replay:Mystery Machine","Tiny Chest","Membership Card","Replay:Bronze Core","ReplayTheSpireMod:Lightbulb","Blue Doll","Juzu Bracelet","Replay:Lucky Slots","infinitespire:EvilPickle","Replay:Wanted Poster","The Courier","Golden Egg","Iron Hammer"],"acts_visited":["Exordium","TheCity","TheBeyond"],"potions_floor_usage":[16,16,33,33,41,41,42],"damage_taken":[{"damage":0.0,"enemies":"Cultist","floor":1.0,"turns":5.0},{"damage":5.0,"enemies":"2 Louse","floor":2.0,"turns":2.0},{"damage":5.0,"enemies":"Small Slimes","floor":3.0,"turns":4.0},{"damage":9.0,"enemies":"3 Louse","floor":5.0,"turns":3.0},{"damage":14.0,"enemies":"HollowMod:MossKnight","floor":8.0,"turns":11.0},{"damage":2.0,"enemies":"Blue Slaver","floor":12.0,"turns":4.0},{"damage":6.0,"enemies":"Looter","floor":14.0,"turns":3.0},{"damage":35,"enemies":"Slime Boss","floor":16,"turns":5},{"damage":8,"enemies":"Shell Parasite","floor":18,"turns":6},{"damage":32,"enemies":"Nightmare","floor":23,"turns":10},{"damage":7,"enemies":"Replay:Snechameleon","floor":25,"turns":5},{"damage":4,"enemies":"Spheric Guardian","floor":30,"turns":7},{"damage":26,"enemies":"Pondfish","floor":33,"turns":9},{"damage":38,"enemies":"3 Shapes","floor":35,"turns":4},{"damage":16,"enemies":"3 Darklings","floor":36,"turns":3},{"damage":0,"enemies":"Transient","floor":37,"turns":5},{"damage":63,"enemies":"Giant Head","floor":41,"turns":9},{"damage":21,"enemies":"Writhing Mass","floor":42,"turns":4},{"damage":40,"enemies":"Maw","floor":45,"turns":9},{"damage":53,"enemies":"Replay:Hell Engine","floor":50,"turns":14}],"seed_played":"-710094770274559309","potions_obtained":[{"floor":2.0,"key":"Swift Potion"},{"floor":3.0,"key":"champ:CounterPotion"},{"floor":5.0,"key":"Weak Potion"},{"floor":8.0,"key":"FairyPotion"},{"floor":10.0,"key":"CultistPotion"},{"floor":10.0,"key":"LiquidMemories"},{"floor":25,"key":"Cursed Concoction"},{"floor":30,"key":"Fire Potion"},{"floor":33,"key":"Block Potion"},{"floor":35,"key":"SpeedPotion"},{"floor":41,"key":"Guardian:AcceleratePotion"}],"is_trial":false,"path_per_floor":["M","M","M","$","M","R","T","E","T","?","$","M","R","M","R","B",null,"M","?","T","?","AVR","NM","R","E","T","R","?","R","M","$","R","B",null,"M","M","M","?","T","R","E","M","T","R","M","R","?","?","R","B",null],"character_chosen":"GUARDIAN","items_purchased":["Guardian:SpikerProtocol","Lee\u0027s Waffle","Guardian:RollAttack","Guardian:SpikerProtocol","Replay:Lucky Slots","expansioncontent:DarkVoid+1"],"campfire_rested":9,"item_purchase_floors":[4,4,11,31,31,31],"current_hp_per_floor":[80,75,70,87,78,87,87,73,73,73,73,71,87,81,87,52,87,79,79,79,79,79,47,87,80,80,87,87,87,83,83,87,61,87,49,33,33,46,46,91,28,7,7,52,12,57,57,100,100,47],"gold":513,"neow_bonus":"HUNDRED_GOLD","is_daily":false,"chose_seed":false,"campfire_upgraded":2,"win_rate":0.0,"timestamp":1609531941,"path_taken":["M","M","M","$","M","R","?","E","T","?","$","?","R","M","R","BOSS","M","?","?","?","AVR","NM","R","E","T","R","?","R","M","$","R","BOSS","M","M","M","?","?","R","E","M","T","R","M","R","?","?","R","BOSS"],"items_purchased_type":["Card","Relic","Card","Card","Relic","Card"],"build_version":"2020-12-22","purchased_purges":0,"victory":true,"max_hp_per_floor":[80,80,80,87,87,87,87,87,87,87,87,87,87,87,87,87,87,87,87,87,87,87,87,87,87,87,87,87,87,87,87,87,87,87,87,87,87,100,100,100,100,100,100,100,100,100,100,100,100,100],"card_choices":[{"not_picked":["Guardian:DonusPower","Guardian:PrimingBeam"],"picked":"Guardian:SpikerProtocol","floor":1.0},{"not_picked":["Guardian:TemporalShield","Guardian:Planning"],"picked":"Guardian:Gem_Yellow","floor":2.0},{"not_picked":["Guardian:PrimingBeam","Guardian:FloatingOrbs"],"picked":"Guardian:Reroute","floor":3.0},{"not_picked":["Guardian:Gem_Lightblue","Guardian:Suspension"],"picked":"Guardian:WalkerClaw","floor":5.0},{"not_picked":["Guardian:Gem_White","Guardian:Incinerate"],"picked":"Guardian:Gem_Fragmented","floor":8.0},{"not_picked":["Guardian:ChargeUp","Guardian:ShieldCharger"],"picked":"Guardian:DonusPower","floor":12.0},{"not_picked":["Guardian:TimeCapacitor","Guardian:Gem_Yellow"],"picked":"Guardian:CrystalBeam","floor":14},{"not_picked":["Guardian:StasisField","Guardian:AncientConstruct"],"picked":"Guardian:SphericShield","floor":16},{"not_picked":["Guardian:WalkerClaw","Guardian:VentSteam+1"],"picked":"Guardian:Gem_Crimson","floor":18},{"not_picked":["Guardian:Gem_Orange","Guardian:Gem_Red"],"picked":"Guardian:PiercingHide","floor":23},{"not_picked":["Guardian:Reroute+1","Guardian:BaubleBeam"],"picked":"Guardian:GuardianWhirl+1","floor":25},{"not_picked":["Guardian:Gem_Cyan","Guardian:Recover"],"picked":"Guardian:GuardianWhirl","floor":30},{"not_picked":["Guardian:GatlingBeam","Guardian:GemFire"],"picked":"Guardian:StasisStrike","floor":33},{"not_picked":["Guardian:Emergency+1","Guardian:Incinerate"],"picked":"Guardian:RollAttack+1","floor":35},{"not_picked":["Guardian:TemporalStrike+1","Guardian:Gem_Red"],"picked":"Guardian:Gem_Lightblue","floor":36},{"not_picked":["Guardian:TimeCapacitor+1","Guardian:Gem_Red"],"picked":"Guardian:RollAttack+1","floor":37},{"not_picked":["Guardian:RollAttack+1","Guardian:RefractedBeam+1"],"picked":"Guardian:Harden+1","floor":41},{"not_picked":["Guardian:TemporalStrike","Guardian:SentryBeam"],"picked":"Guardian:PrismaticBarrier","floor":42},{"not_picked":["Guardian:GemFinder","Guardian:MultiBeam+1"],"picked":"Guardian:FloatingOrbs+1","floor":45}],"player_experience":130642,"relics_obtained":[{"floor":7.0,"key":"infinitespire:Beetle Shell"},{"floor":8.0,"key":"Gremlin Food"},{"floor":9.0,"key":"Regal Pillow"},{"floor":20,"key":"Tiny Chest"},{"floor":23,"key":"ReplayTheSpireMod:Lightbulb"},{"floor":25,"key":"Blue Doll"},{"floor":26,"key":"Juzu Bracelet"},{"floor":39,"key":"The Courier"},{"floor":41,"key":"Golden Egg"},{"floor":43,"key":"Iron Hammer"}],"event_choices":[{"damage_healed":0.0,"max_hp_gain":0.0,"max_hp_loss":0.0,"gold_gain":0.0,"event_name":"The Woman in Blue","player_choice":"Bought 2 Potions","floor":10.0,"gold_loss":0.0,"damage_taken":0.0},{"damage_healed":0,"gold_gain":0,"player_choice":"Obtained Relic","damage_taken":0,"relics_obtained":["Replay:Mystery Machine"],"max_hp_gain":0,"max_hp_loss":0,"event_name":"Addict","floor":19,"gold_loss":85},{"damage_healed":0,"gold_gain":0,"player_choice":"Simplicity","damage_taken":0,"max_hp_gain":0,"max_hp_loss":0,"event_name":"Back to Basics","floor":21,"gold_loss":0,"cards_upgraded":["Guardian:Strike_Guardian","Guardian:Strike_Guardian","Guardian:Strike_Guardian","Guardian:Defend_Guardian","Guardian:Defend_Guardian","Guardian:Defend_Guardian","Guardian:Defend_Guardian"]},{"damage_healed":0,"gold_gain":0,"player_choice":"Read","damage_taken":0,"max_hp_gain":0,"max_hp_loss":0,"event_name":"The Library","floor":28,"gold_loss":0,"cards_obtained":["Guardian:PiercingHide"]},{"damage_healed":0,"gold_gain":0,"player_choice":"Ignored","damage_taken":0,"max_hp_gain":0,"max_hp_loss":0,"event_name":"SecretPortal","floor":47,"gold_loss":0},{"damage_healed":43,"gold_gain":0,"player_choice":"Heal","damage_taken":0,"max_hp_gain":0,"max_hp_loss":0,"event_name":"MindBloom","floor":48,"gold_loss":0,"cards_obtained":["Doubt"]}],"is_beta":false,"boss_relics":[{"not_picked":["Runic Dome","Replay:Drink Me"],"picked":"Hololive_Finger"},{"not_picked":["Runic Pyramid","Tiny House"],"picked":"Replay:Wanted Poster"}],"items_purged_floors":[],"is_endless":false,"potions_floor_spawned":[2,3,5,8,14,25,30,33,35,37,41],"ascension_level":1}}