{"host":"yqwjrm3sou8w5ks3","time":1609513469,"event":{"mods":["Aspiration","BaseMod","Better Third Choice","BetterRewards","Colored Map","Colored Powertips","Conspire","Downfall","Energized Spire","GifTheSpireLib","Halation","Hermit","Hubris","Mimic Mod","Minty Spire (QoL Compilation)","Replay The Spire","Reworked Bosses","Spikes Relics","StSLib","Stuff the Spire","The Blue Laboratory","UnlockEverythingMod","Wandering Minibosses","vexMod"],"gold_per_floor":[114,130,149,433,446,476,476,486,596,918,918,936,946,972,972,1075,1075,1092,559,572,572,572,598,610,610,661,676,701,701,1107,1127,1127,1225,1225,1237,758,773,793,793,793,270,295,701,89,89,109,129,148,148,148,148,148,46,77,77],"floor_reached":56,"playtime":5614,"items_purged":["hermit:Strike_Hermit","hermit:Strike_Hermit","hermit:Strike_Hermit","hermit:LoneWolf","hermit:TakeCover","hermit:Snapshot","hermit:Headshot"],"score":1356,"play_id":"0493b770-9047-421e-97b8-9aa4470e53c2","local_time":"20210101160429","is_ascension_mode":false,"campfire_choices":[{"data":"hermit:Quickdraw","floor":7.0,"key":"SMITH"},{"data":"hermit:Combo","floor":11.0,"key":"SMITH"},{"data":"hermit:GoldenBullet","floor":15.0,"key":"SMITH"},{"floor":25.0,"key":"REST"},{"data":"hermit:EternalForm","floor":29,"key":"SMITH"},{"data":"Midas Touch","floor":32,"key":"SMITH"},{"data":"hermit:Purgatory","floor":40,"key":"SMITH"},{"floor":45,"key":"RECALL"},{"data":"Master of Strategy","floor":49,"key":"SMITH"},{"data":"hermit:Snipe","floor":52,"key":"SMITH"}],"circlet_count":0,"master_deck":["hermit:Strike_Hermit","hermit:Defend_Hermit","hermit:Defend_Hermit","hermit:Defend_Hermit","hermit:Defend_Hermit","hermit:Covet","hermit:Desperado","hermit:Quickdraw+1","Master of Strategy+1","hermit:TrackingShot","hermit:Combo+1","hermit:GoldenBullet+1","hermit:Snipe+1","hermit:EternalForm+1","hermit:HeroicBravado","hermit:Dive+1","hermit:Purgatory+1","Midas Touch+1","hermit:HeroicBravado","hermit:EternalForm+1","hermit:Roulette+1","expansioncontent:QuickStudy","hermit:Snipe+1"],"relics":["hermit:Momento","NeowsBlessing","hubris:PeanutButter","Calipers","WizardHat","Bronze Scales","Chemical X","Replay:Towering Pillar of Hats","InkBottle","Snack Pack","vexMod:NewClearReactor","ReplayTheSpireMod:Shallot","halation:BlueSoulGem","hermit:Horseshoe","Eternal Feather","LugNut","vexMod:Spyglass","conspire:SpecialSausage","Akabeko","DollysMirror","Bottled Tornado","vexMod:FocusSash","Toy Ornithopter","wanderingMiniBosses:LockLocket","hubris:BundleOfHerbs","Lee\u0027s Waffle","hubris:SphereOfDissonance","ShockBauble"],"acts_visited":["Exordium","TheCity","TheBeyond","TheEnding"],"potions_floor_usage":[55,55,55,55],"damage_taken":[{"damage":0.0,"enemies":"2 Louse","floor":1.0,"turns":1.0},{"damage":0.0,"enemies":"Cultist","floor":2.0,"turns":1.0},{"damage":0.0,"enemies":"Jaw Worm","floor":3.0,"turns":1.0},{"damage":0.0,"enemies":"Lots of Slimes","floor":5.0,"turns":3.0},{"damage":0.0,"enemies":"3 Sentries","floor":6.0,"turns":5.0},{"damage":0.0,"enemies":"3 Louse","floor":8.0,"turns":2.0},{"damage":1.0,"enemies":"2 Fungi Beasts","floor":9.0,"turns":6.0},{"damage":0.0,"enemies":"2 Fungi Beasts","floor":12.0,"turns":2.0},{"damage":0.0,"enemies":"Looter","floor":13.0,"turns":2.0},{"damage":2.0,"enemies":"Gremlin Nob","floor":14.0,"turns":3.0},{"damage":12.0,"enemies":"Hexaghost","floor":16.0,"turns":8.0},{"damage":0.0,"enemies":"3 Byrds","floor":18.0,"turns":3.0},{"damage":0.0,"enemies":"Chosen","floor":20.0,"turns":4.0},{"damage":17.0,"enemies":"Slavers","floor":23.0,"turns":15.0},{"damage":5.0,"enemies":"conspire:HollyBat","floor":24.0,"turns":8.0},{"damage":1.0,"enemies":"Snecko","floor":27.0,"turns":4.0},{"damage":2,"enemies":"conspire:SneckoGhost","floor":28,"turns":10},{"damage":1,"enemies":"Centurion and Healer","floor":31,"turns":3},{"damage":1,"enemies":"bossMod:newChamp","floor":33,"turns":3},{"damage":0,"enemies":"3 Shapes","floor":35,"turns":3},{"damage":0,"enemies":"Orb Walker","floor":37,"turns":3},{"damage":7,"enemies":"Jaw Worm Horde","floor":38,"turns":3},{"damage":0,"enemies":"Giant Head","floor":42,"turns":5},{"damage":2,"enemies":"Maw","floor":43,"turns":6},{"damage":3,"enemies":"Maw","floor":46,"turns":5},{"damage":3,"enemies":"Transient","floor":47,"turns":5},{"damage":1,"enemies":"Jaw Worm Horde","floor":48,"turns":3},{"damage":3,"enemies":"bossMod:newAwakened","floor":50,"turns":7},{"damage":5,"enemies":"Shield and Spear","floor":54,"turns":3},{"damage":23,"enemies":"The Heart","floor":55,"turns":8}],"seed_played":"-3644942128465936036","potions_obtained":[{"floor":2.0,"key":"PowerPotion"},{"floor":3.0,"key":"ColorlessPotion"},{"floor":8.0,"key":"blueLaboratory:EmptyBottle"},{"floor":13.0,"key":"champ:CounterPotion"},{"floor":16.0,"key":"champ:CounterPotion"},{"floor":18.0,"key":"blueLaboratory:PhilterOfMotion"},{"floor":23.0,"key":"blueLaboratory:ArtificerPotion"},{"floor":28,"key":"blueLaboratory:SavagePotion"},{"floor":37,"key":"blueLaboratory:HummingbirdPotion"},{"floor":47,"key":"Ancient Potion"}],"is_trial":false,"path_per_floor":["M","M","M","$","M","E","R","M","MIM","$","R","M","M","E","R","B",null,"M","$","M","?","?","E","M","R","T","M","E","R","$","M","R","B",null,"M","$","M","M","T","R","$","E","MIM","$","R","M","M","M","R","B",null,"R","$","E","B",null],"character_chosen":"HERMIT","items_purchased":["hubris:PeanutButter","Calipers","Master of Strategy","hermit:TrackingShot","Chemical X","Replay:Towering Pillar of Hats","InkBottle","hermit:HeroicBravado","ReplayTheSpireMod:Shallot","LugNut","vexMod:Spyglass","Midas Touch","Akabeko","DollysMirror","expansioncontent:QuickStudy","vexMod:FocusSash","Lee\u0027s Waffle","hubris:SphereOfDissonance","blueLaboratory:RecallPotion"],"campfire_rested":1,"item_purchase_floors":[4,4,4,4,10,10,10,19,19,30,30,30,36,36,41,41,44,44,53],"current_hp_per_floor":[75,75,75,75,75,75,75,75,74,74,74,74,74,72,72,68,75,75,75,75,61,61,48,49,73,73,78,78,80,80,80,80,80,80,80,80,80,75,75,80,80,80,80,87,87,85,86,87,87,87,87,87,87,87,86],"gold":77,"neow_bonus":"THREE_ENEMY_KILL","is_daily":false,"chose_seed":false,"campfire_upgraded":8,"win_rate":0.0,"timestamp":1609513469,"path_taken":["M","M","M","$","M","E","R","M","MIM","$","R","M","M","E","R","BOSS","M","$","?","?","?","E","M","R","T","M","E","R","$","?","R","BOSS","M","?","M","M","?","R","$","E","MIM","$","R","M","M","M","R","BOSS","R","$","E","BOSS"],"items_purchased_type":["Relic","Relic","Card","Card","Relic","Relic","Relic","Card","Relic","Relic","Relic","Card","Relic","Relic","Card","Relic","Relic","Relic","Potion"],"build_version":"2020-12-13","purchased_purges":7,"victory":true,"max_hp_per_floor":[75,75,75,75,75,75,75,75,75,75,75,75,75,75,75,75,75,75,75,75,80,80,80,80,80,80,80,80,80,80,80,80,80,80,80,80,80,80,80,80,80,80,80,87,87,87,87,87,87,87,87,87,87,87,87],"card_choices":[{"not_picked":["hermit:Coalescence","hermit:CalledShot"],"picked":"hermit:Headshot","floor":1.0},{"not_picked":["hermit:Coalescence","hermit:HighCaliber"],"picked":"hermit:Desperado","floor":2.0},{"not_picked":["hermit:HighCaliber","hermit:Brawl"],"picked":"hermit:Quickdraw","floor":3.0},{"not_picked":["hermit:Spite","hermit:TrackingShot","hermit:ShadowCloak"],"picked":"SKIP","floor":5.0},{"not_picked":["hermit:Coalescence","hermit:Misfire"],"picked":"hermit:LoneWolf","floor":6.0},{"not_picked":["hermit:Headshot","hermit:Coalescence"],"picked":"hermit:Combo","floor":8.0},{"not_picked":["hermit:LuckOfTheDraw","hermit:Showdown"],"picked":"hermit:TakeCover","floor":9.0},{"not_picked":["hermit:Spite","hermit:Feint","hermit:FatalDesire"],"picked":"SKIP","floor":12.0},{"not_picked":["hermit:Horror","hermit:Enervate"],"picked":"hermit:GoldenBullet","floor":13.0},{"not_picked":["hermit:LoneWolf","hermit:Manifest"],"picked":"hermit:Snipe","floor":14.0},{"not_picked":["hermit:FromBeyond","hermit:FinalCanter"],"picked":"hermit:EternalForm","floor":16.0},{"not_picked":["hermit:SprayPray+1","hermit:BigShot","hermit:Headshot+1"],"picked":"SKIP","floor":18.0},{"not_picked":["hermit:Grudge","hermit:PistolWhip","hermit:Maintenance"],"picked":"SKIP","floor":20.0},{"not_picked":["hermit:CalledShot","hermit:Glare+1","hermit:TakeCover"],"picked":"SKIP","floor":23.0},{"not_picked":["hermit:Spite+1","hermit:Manifest"],"picked":"hermit:Dive+1","floor":24.0},{"not_picked":["hermit:Snipe","hermit:Determination","hermit:Headshot+1"],"picked":"SKIP","floor":27.0},{"not_picked":["hermit:Vantage","hermit:CalledShot"],"picked":"hermit:Purgatory","floor":28},{"not_picked":["hermit:Dive","hermit:Spite+1","hermit:Vantage"],"picked":"SKIP","floor":31},{"not_picked":["hermit:Dissolve","hermit:FromBeyond"],"picked":"hermit:HeroicBravado","floor":33},{"not_picked":["hermit:Dive+1","hermit:BodyArmor","hermit:Feint+1"],"picked":"SKIP","floor":35},{"not_picked":["hermit:BodyArmor+1","hermit:CalledShot+1","hermit:Virtue"],"picked":"SKIP","floor":37},{"not_picked":["hermit:HighCaliber","hermit:Scavenge+1"],"picked":"hermit:Roulette+1","floor":38},{"not_picked":["hermit:Dive","hermit:LowProfile+1","hermit:Headshot"],"picked":"SKIP","floor":42},{"not_picked":["hermit:ItchyTrigger","hermit:Gestalt","hermit:Adapt"],"picked":"SKIP","floor":46},{"not_picked":["hermit:Roulette+1","hermit:TrackingShot+1","hermit:Snipe+1"],"picked":"SKIP","floor":47},{"not_picked":["hermit:Misfire+1","hermit:CalledShot"],"picked":"hermit:Snipe+1","floor":48},{"not_picked":["hermit:Feint+1","hermit:Coalescence+1","hermit:TakeAim+1"],"picked":"SKIP","floor":54}],"player_experience":86036,"relics_obtained":[{"floor":6.0,"key":"WizardHat"},{"floor":9.0,"key":"Bronze Scales"},{"floor":14.0,"key":"Snack Pack"},{"floor":23.0,"key":"hermit:Horseshoe"},{"floor":28,"key":"Eternal Feather"},{"floor":39,"key":"Bottled Tornado"},{"floor":42,"key":"Toy Ornithopter"},{"floor":43,"key":"wanderingMiniBosses:LockLocket"},{"floor":43,"key":"hubris:BundleOfHerbs"},{"floor":54,"key":"ShockBauble"}],"event_choices":[{"damage_healed":0.0,"max_hp_gain":5.0,"max_hp_loss":0.0,"gold_gain":0.0,"event_name":"Forgotten Altar","player_choice":"Shed Blood","floor":21.0,"gold_loss":0.0,"damage_taken":19.0}],"is_beta":false,"boss_relics":[{"not_picked":["vexMod:RockOfEvil","aspiration:RunicSpoon"],"picked":"vexMod:NewClearReactor"},{"not_picked":["vexMod:DeviousBotling","CosmicIsotope"],"picked":"conspire:SpecialSausage"}],"items_purged_floors":[4,10,19,30,36,41,44],"is_endless":false,"potions_floor_spawned":[2,3,8,13,16,18,23,28,37,47,48],"ascension_level":0}}