{"host":"57rcrwhzj4x4jlaj","time":1609516889,"event":{"mods":["2.2 Compatiblity","BaseMod","BetterRewards","Colored Map","Conspire","Dota2Spire","Downfall","Energized Spire","Hermit","Hubris","Infinite Spire","Marisa????????","Minty Spire (QoL Compilation)","Relic Filter","Relic Stats","Remilia??????","Replay The Spire","Shop Mod","StSLib","SuperFastMode","Td1madao Mod","The Accelerator","The Bug Knight","The Exalted","The Jungle","The Marked","[IsaacMod]????","vexMod"],"gold_per_floor":[118,135,152,172,172,207,207,62,133,133,157,201,226,251,251,382,382,405,320,265,255,275,275,315,315,363,363,384,398,411,455,455,576,576,595,610,610,630,630,630,665,665,665,678,691,691,732,732,732,732],"floor_reached":51,"playtime":2551,"items_purged":["Strike_G","Strike_G","Footwork"],"score":1591,"play_id":"7061db1e-8b08-4a42-b65e-20902b019c79","local_time":"20210101230129","is_ascension_mode":true,"campfire_choices":[{"data":"1","floor":7,"key":"LIFT"},{"data":"Flechettes","floor":15,"key":"SMITH"},{"data":"2","floor":23,"key":"LIFT"},{"data":"3","floor":25,"key":"LIFT"},{"data":"Panache","floor":27,"key":"SMITH"},{"data":"Adrenaline","floor":32,"key":"SMITH"},{"data":"Envenom","floor":40,"key":"SMITH"},{"data":"hubris:DuctTapeCard","floor":42,"key":"SMITH"},{"data":"Footwork","floor":49,"key":"SMITH"}],"circlet_count":0,"master_deck":["Strike_G","Strike_G","Strike_G","Defend_G","Defend_G","Defend_G","Defend_G+1","Defend_G+1","Survivor","Neutralize","Panache+1","Deep Breath","Blur","Flechettes+1","Prepared","hubris:DuctTapeCard+2","Footwork+1","Hidden Blade","Adrenaline+1","Skewer+1","Envenom+1","Skewer+1"],"relics":["Ring of the Snake","HushsDoor","BookofShadows","Strawberry","Turnip","Vajra","infinitespire:Joker Card","vexMod:RedPlottingStone","ReplayTheSpireMod:ShopPack","Incense Burner","vexMod:PaidLearning","hubris:FunFungus","Omamori","Girya","Chemical X","MerchantsRug","Golden Idol","infinitespire:Satchel","Dota2Spire:Vanguard","vexMod:InvisibilityCloak","Replay:Wax Seal","hubris:DuctTape","Blood Vial","MealTicket","infinitespire:Eraser","Dota2Spire:Bloodstone","hubris:ToyBattleship","AnarchistCookbook","hubris:Towel","HollowMod:PaleOreRelic"],"acts_visited":["Exordium","TheCity","TheBeyond"],"potions_floor_usage":[24,33],"damage_taken":[{"damage":1,"enemies":"Cultist","floor":1,"turns":5},{"damage":0,"enemies":"Jaw Worm","floor":2,"turns":3},{"damage":0,"enemies":"Small Slimes","floor":3,"turns":6},{"damage":0,"enemies":"3 Louse","floor":4,"turns":3},{"damage":4,"enemies":"HollowMod:MossKnight","floor":6,"turns":29},{"damage":2,"enemies":"Exordium Thugs","floor":11,"turns":5},{"damage":1,"enemies":"Gremlin Nob","floor":12,"turns":5},{"damage":0,"enemies":"Blue Slaver","floor":13,"turns":2},{"damage":0,"enemies":"conspire:2 RoseBushes","floor":14,"turns":5},{"damage":2,"enemies":"Hexaghost","floor":16,"turns":14},{"damage":0,"enemies":"3 Byrds","floor":18,"turns":8},{"damage":0,"enemies":"2 Thieves","floor":21,"turns":4},{"damage":0,"enemies":"Snecko","floor":22,"turns":9},{"damage":0,"enemies":"Gremlin Leader","floor":24,"turns":10},{"damage":0,"enemies":"Centurion and Healer","floor":28,"turns":5},{"damage":0,"enemies":"Snake Plant","floor":29,"turns":4},{"damage":0,"enemies":"3 Cultists","floor":30,"turns":3},{"damage":12,"enemies":"HollowMod:Nosk","floor":31,"turns":6},{"damage":0,"enemies":"conspire:MysteriousRune","floor":33,"turns":11},{"damage":0,"enemies":"3 Darklings","floor":35,"turns":3},{"damage":0,"enemies":"Orb Walker","floor":36,"turns":2},{"damage":0,"enemies":"Transient","floor":38,"turns":5},{"damage":0,"enemies":"R_Hoarder","floor":41,"turns":6},{"damage":0,"enemies":"Sphere and 2 Shapes","floor":44,"turns":4},{"damage":0,"enemies":"Spire Growth","floor":45,"turns":4},{"damage":19,"enemies":"Giant Head","floor":47,"turns":10},{"damage":19,"enemies":"conspire:OrnateMirror","floor":50,"turns":9}],"seed_played":"8772015308583882684","potions_obtained":[{"floor":3,"key":"Guardian:BlockOnCardUsePotion"},{"floor":12,"key":"SmokeBomb"},{"floor":13,"key":"Weak Potion"},{"floor":24,"key":"SteroidPotion"},{"floor":36,"key":"champ:CounterPotion"}],"is_trial":false,"path_per_floor":["M","M","M","M","?","E","R","$","T","$","M","E","M","M","R","B",null,"M","?","$","M","M","R","E","R","T","R","M","M","M","E","R","B",null,"M","M","?","M","?","R","E","R","T","M","M","?","E","$","R","B",null],"character_chosen":"THE_SILENT","items_purchased":["Strawberry","Vajra","ReplayTheSpireMod:ShopPack","vexMod:PaidLearning","Omamori","Chemical X","MerchantsRug","Dota2Spire:Vanguard","Footwork"],"campfire_rested":0,"item_purchase_floors":[0,0,0,0,0,0,0,8,20],"current_hp_per_floor":[79,80,85,85,79,76,76,76,76,76,77,76,76,76,76,75,78,79,79,79,79,79,79,79,79,79,79,79,79,79,69,69,71,73,74,74,74,74,74,74,74,74,74,74,74,74,56,71,71,54],"gold":732,"neow_bonus":"","is_daily":false,"chose_seed":false,"campfire_upgraded":6,"win_rate":0.0,"timestamp":1609516889,"path_taken":["M","M","M","M","?","E","R","$","T","?","?","E","M","M","R","BOSS","M","?","?","M","M","R","E","R","T","R","M","M","M","E","R","BOSS","M","M","?","M","?","R","E","R","T","M","?","?","E","$","R","BOSS"],"items_purchased_type":["Relic","Relic","Relic","Relic","Relic","Relic","Relic","Relic","Card"],"build_version":"2020-12-22","purchased_purges":3,"victory":true,"max_hp_per_floor":[85,85,85,85,79,79,79,79,79,79,79,79,79,79,79,79,79,79,79,79,79,79,79,79,79,79,79,79,79,79,79,79,79,74,74,74,74,74,74,74,74,74,74,74,74,74,74,74,74,74],"relic_stats":{"Blood Vial":5,"counters":[238,786],"Golden Idol":179,"MealTicket":15,"Turnip":[192],"Chemical X":[49],"obtain_stats":[{"Dota2Spire:PowerTreads":6,"ScarletDevilRocket":76,"Vampiric Spirits":0,"infinitespire:Cubic Diamond":2,"DeadEye":0,"Sling":6,"BFFS":0,"Replay:Wanted Poster":29,"Blood Vial":90,"vexMod:InvisibilityCloak":60,"conspire:GlowingRock":0,"infinitespire:ShieldingShard":9,"Dota2Spire:EyeOfSkadi":92,"Fusion Hammer":124,"Diplopia":52,"HandDrill":0,"HollowMod:PaleOreRelic":58,"Replay:Bottled Steam":90,"MerchantsRug":0,"HollowMod:QueensCombRelic":90,"BookofShadows":8,"Dota2Spire:UrnOfShadows":76,"BelialBook":94,"Eternal Feather":65,"Tingsha":90,"Pen Nib":102,"MoneyPower":91,"infinitespire:Magic Flask":0,"Akabeko":90,"infinitespire:EvilPickle":36,"infinitespire:Lychee Nut":20,"infinitespire:Broken Mirror":76,"Bird Faced Urn":0,"conspire:BottledYoYo":45,"StrikeDummy":53,"Dota2Spire:PhaseBoots":76,"AnarchistCookbook":0,"GuppysTail":0,"Carrot":9,"Regal Pillow":95,"Torii":76,"King of Hearts":0,"Dota2Spire:Vanguard":106,"Ancient Tea Set":65,"Pet Ghost":0,"hubris:Backtick":0,"PokeGo":106,"Ring of Fangs":79,"infinitespire:Bottled Soul":65,"vexMod:RedPlottingStone":0,"NineLifeCat":29,"AntiCross":79,"Chemical X":0,"Replay:Bottled Eggs":112,"infinitespire:Eraser":31,"Ring of the Snake":0,"Potion Belt":106,"Replay:M_StaffOfTheSnake":2,"Golden Idol":5,"vexMod:BerryBomb":106,"PreservedInsect":47,"infinitespire:Lucky Rock":76,"hubris:Towel":3,"Replay:Arrowhead":26,"D6":3,"Dota2Spire:Butterfly":76,"TheBible":11,"Ornamental Fan":80,"hubris:Spice":0,"betterThird:SlimedRelic":7,"Bromod:ArcaneDeflection":76,"Art of War":61,"Garlic":76,"Durian":76,"conspire:DeflatedDodgeball":90,"infinitespire:Midas Blood":106,"Chaos":3,"Bromod:ArcaneUltimatum":62,"Ice Cream":106,"Calipers":0,"Gremlin Horn":90,"Nilry\u0027s Codex":22,"HoveringKite":104,"Dota2Spire:ShadowBlade":106,"HollowMod:StagPassRelic":65,"SatanicBible":0,"Sozu":107,"Dota2Spire:MagicBottle":76,"Centennial Puzzle":76,"Dota2Spire:CrimsonGuard":76,"Philosopher\u0027s Stone":53,"Dota2Spire:DivineRapier":106,"vexMod:NewClearReactor":37,"replay:Trail_Library":0,"Girya":0,"hubris:Teleporter":106,"hubris:DuctTape":19,"ReplayTheSpireMod:CursedCoin":76,"Ring of Chaos":0,"Dota2Spire:HeartOfTarrasque":48,"vexMod:PaidLearning":0,"hubris:Zylophone":0,"Du-Vu Doll":0,"YumHeart":79,"ReplayTheSpireMod:Spearhead":34,"hubris:PeanutButter":62,"Onion Ring":76,"EdensBlessing":91,"Symbiotic Virus":12,"Dota2Spire:MonkeyKingBar":0,"energizedSpire:HighHeels":0,"Dota2Spire:Desolator":106,"MaYiHuaBei":24,"Juzu Bracelet":101,"Replay:Mystery Machine":0,"vexMod:Spyglass":65,"Dota2Spire:LotusOrb":76,"conspire:TopHat":90,"Nunchaku":90,"Dream Catcher":90,"ChampionBelt":93,"TheAbacus":0,"hubris:Icosahedron":46,"PillsDrop":99,"hubris:Stopwatch":0,"Guide Book":0,"Dota2Spire:BattleFury":0,"hubris:MedicalManual":98,"vexMod:FocusSash":96,"vexMod:Dragonfruit":64,"Pondfish Scales":0,"vexMod:BarristanHead":78,"infinitespire:Satchel":108,"infinitespire:Burning Sword":0,"Bag of Marbles":106,"Membership Card":0,"GuppysHead":0,"hubris:OldNail":0,"ReplayTheSpireMod:ShopPack":0,"Golden Egg":115,"infinitespire:BottledMercury":60,"Bromod:ArcaneNullifier":66,"vexMod:TanglingVine":70,"Whetstone":0,"Ginger":75,"Bottled Tornado":90,"Boot":65,"Bromod:ArcaneAegis":38,"Dota2Spire:Satanic":0,"TheBean":0,"vexMod:CardConverter":70,"MealTicket":26,"TuHaoJin":106,"Kunai":106,"Replay:Wax Seal":76,"hubris:TinFlute":116,"KeepersGift":0,"Dota2Spire:Dagon":5,"Counterbalance":0,"HollowMod:JonisBlessing":14,"Dota2Spire:Bloodstone":34,"Guardian:PocketSentry":19,"Paper Crane":75,"SteamSale":0,"Dota2Spire:AghanimScepter":76,"Bromod:ArcaneEnergize":17,"Mark of Pain":0,"energizedSpire:MagnifyingGlass":36,"hubris:TenFootPole":1,"HushsDoor":0,"Ring of the Serpent":69,"conspire:Flyswatter":98,"BloodDonationMachine":0,"Dota2Spire:EchoSabre":106,"Lantern":90,"hubris:Metronome":96,"UnicornStump":106,"Blue Doll":98,"Painkiller Herb":68,"Replay:Multitool":43,"Bag of Preparation":4,"TheBattery":93,"Cursed Key":26,"hubris:EvacipatedBox":65,"Replay:Rubber Ducky":90,"Bromod:ArcaneAwakening":90,"Matryoshka":97,"Shovel":71,"Ninja Scroll":76,"Dota2Spire:BladeMail":71,"hubris:FunFungus":47,"WingedGreaves":94,"Dota2Spire:ArcaneBoots":106,"hubris:GlazedTorus":76,"Dota2Spire:MantaStyle":12,"Inserter":17,"The Specimen":89,"Self Forming Clay":0,"Basket Of Snakes":0,"Thread and Needle":0,"The Courier":0,"infinitespire:Joker Card":0,"Omamori":0,"Geode":0,"MawBank":87,"Bromod:ArcaneMomentum":109,"sneckomod:BabySnecko":21,"Turnip":0,"Bottled Lightning":76,"ReplayTheSpireMod:Lightbulb":66,"Toy Ornithopter":76,"Bromod:ArcanePulse":0,"Dota2Spire:ArmletOfMordiggian":90,"CeramicFish":90,"Vajra":113,"Dota2Spire:RefresherOrb":0,"Lizard Tail":0,"HornCleat":117,"DollysMirror":73,"Strawberry":0,"Dota2Spire:Mjollnir":0,"vexMod:RetaliationKit":2,"Byrd Skull":76,"Dota2Spire:HandOfMidas":0,"Happy Flower":65,"Dota2Spire:BlackKingBar":56,"Dead Branch":106,"BookOfRevelations":76,"Oddly Smooth Stone":77,"Dota2Spire:ShivaGuard":0,"infinitespire:Beetle Shell":101,"conspire:Boomerang":0,"energizedSpire:OgreHead":0,"Letter Opener":106,"Incubus":34,"War Paint":65,"Question Card":11,"Bromod:ArcaneConsequence":76,"Bottled Flame":77,"Replay:Baseball":21,"ReplayTheSpireMod:Shallot":106,"energizedSpire:NeverEndingSparkler":2,"Shuriken":76,"Bronze Scales":76,"hubris:ToyBattleship":87,"ReplayTheSpireMod:TigerMarble":94,"Grinning Jar":6,"CatCart":39,"Meat on the Bone":97,"Darkstone Periapt":28,"ReplayTheSpireMod:Ring of Exchange":92,"Replay:PocketPolymizer":76,"GuppysPaw":0,"SacredBark":89,"Mango":35,"Dota2Spire:DrumOfEndurance":36,"hubris:SlimyHat":25,"Incense Burner":0,"ClockworkSouvenir":19,"Replay:Bandana":106,"Bromod:ArcaneTrickery":95,"Mummified Hand":76,"Pantograph":90,"Bromod:ArcaneTempo":121,"Tiny Chest":65,"Bromod:ArcaneGuardian":31,"Red Skull":13,"Gremlin Food":76,"hubris:DisguiseKit":120,"DoctorsRemote":18,"Bromod:ArcaneGrace":0,"HowToJump":17,"Replay:Towering Pillar of Hats":0,"infinitespire:CursedDice":100,"vexMod:ConsolationPrize":65,"Quantum Egg":106,"Orichalcum":29,"Anchor":65,"CaptainsWheel":0,"infinitespire:WardingShard":106,"vexMod:HeadHunter":106,"ChewingGum":0,"Ring of Fury":79,"Snack Pack":24,"SalivaCoin":65,"BlankCard":76,"hubris:Potato":64},{"Dota2Spire:PowerTreads":95,"ScarletDevilRocket":133,"Vampiric Spirits":154,"infinitespire:Cubic Diamond":23,"DeadEye":154,"Sling":5,"BFFS":91,"Replay:Wanted Poster":107,"Blood Vial":143,"vexMod:InvisibilityCloak":53,"conspire:GlowingRock":154,"infinitespire:ShieldingShard":26,"Dota2Spire:EyeOfSkadi":144,"Fusion Hammer":91,"Diplopia":118,"HandDrill":154,"HollowMod:PaleOreRelic":122,"Replay:Bottled Steam":143,"MerchantsRug":91,"HollowMod:QueensCombRelic":143,"BookofShadows":96,"Dota2Spire:UrnOfShadows":133,"BelialBook":72,"Eternal Feather":55,"Tingsha":143,"Pen Nib":77,"MoneyPower":71,"infinitespire:Magic Flask":0,"Akabeko":143,"infinitespire:EvilPickle":39,"infinitespire:Lychee Nut":103,"infinitespire:Broken Mirror":133,"Bird Faced Urn":154,"conspire:BottledYoYo":44,"StrikeDummy":119,"Dota2Spire:PhaseBoots":133,"AnarchistCookbook":91,"GuppysTail":0,"Carrot":97,"Regal Pillow":146,"Torii":133,"King of Hearts":91,"Dota2Spire:Vanguard":152,"Ancient Tea Set":55,"Pet Ghost":91,"hubris:Backtick":91,"PokeGo":152,"Ring of Fangs":196,"infinitespire:Bottled Soul":55,"vexMod:RedPlottingStone":211,"NineLifeCat":16,"AntiCross":135,"Chemical X":22,"Replay:Bottled Eggs":85,"infinitespire:Eraser":229,"Ring of the Snake":0,"Potion Belt":152,"Replay:M_StaffOfTheSnake":23,"Golden Idol":215,"vexMod:BerryBomb":152,"PreservedInsect":45,"infinitespire:Lucky Rock":133,"hubris:Towel":23,"Replay:Arrowhead":35,"D6":156,"Dota2Spire:Butterfly":133,"TheBible":7,"Ornamental Fan":65,"hubris:Spice":91,"betterThird:SlimedRelic":95,"Bromod:ArcaneDeflection":133,"Art of War":124,"Garlic":133,"Durian":133,"conspire:DeflatedDodgeball":143,"infinitespire:Midas Blood":152,"Chaos":2,"Bromod:ArcaneUltimatum":125,"Ice Cream":152,"Calipers":154,"Gremlin Horn":143,"Nilry\u0027s Codex":13,"HoveringKite":152,"Dota2Spire:ShadowBlade":152,"HollowMod:StagPassRelic":55,"SatanicBible":154,"Sozu":80,"Dota2Spire:MagicBottle":133,"Centennial Puzzle":133,"Dota2Spire:CrimsonGuard":133,"Philosopher\u0027s Stone":49,"Dota2Spire:DivineRapier":152,"vexMod:NewClearReactor":21,"replay:Trail_Library":0,"Girya":211,"hubris:Teleporter":152,"hubris:DuctTape":222,"ReplayTheSpireMod:CursedCoin":133,"Ring of Chaos":0,"Dota2Spire:HeartOfTarrasque":116,"vexMod:PaidLearning":211,"hubris:Zylophone":91,"Du-Vu Doll":154,"YumHeart":64,"ReplayTheSpireMod:Spearhead":109,"hubris:PeanutButter":53,"Onion Ring":133,"EdensBlessing":144,"Symbiotic Virus":8,"Dota2Spire:MonkeyKingBar":91,"energizedSpire:HighHeels":91,"Dota2Spire:Desolator":152,"MaYiHuaBei":14,"Juzu Bracelet":76,"Replay:Mystery Machine":91,"vexMod:Spyglass":55,"Dota2Spire:LotusOrb":133,"conspire:TopHat":143,"Nunchaku":143,"Dream Catcher":143,"ChampionBelt":71,"TheAbacus":91,"hubris:Icosahedron":114,"PillsDrop":74,"hubris:Stopwatch":91,"Guide Book":22,"Dota2Spire:BattleFury":91,"hubris:MedicalManual":209,"vexMod:FocusSash":208,"vexMod:Dragonfruit":127,"Pondfish Scales":154,"vexMod:BarristanHead":135,"infinitespire:Satchel":81,"infinitespire:Burning Sword":91,"Bag of Marbles":152,"Membership Card":154,"GuppysHead":154,"hubris:OldNail":154,"ReplayTheSpireMod:ShopPack":211,"Golden Egg":87,"infinitespire:BottledMercury":124,"Bromod:ArcaneNullifier":56,"vexMod:TanglingVine":58,"Whetstone":91,"Ginger":133,"Bottled Tornado":143,"Boot":55,"Bromod:ArcaneAegis":113,"Dota2Spire:Satanic":91,"TheBean":91,"vexMod:CardConverter":130,"MealTicket":225,"TuHaoJin":152,"Kunai":152,"Replay:Wax Seal":133,"hubris:TinFlute":87,"KeepersGift":0,"Dota2Spire:Dagon":94,"Counterbalance":154,"HollowMod:JonisBlessing":10,"Dota2Spire:Bloodstone":230,"Guardian:PocketSentry":12,"Paper Crane":195,"SteamSale":0,"Dota2Spire:AghanimScepter":133,"Bromod:ArcaneEnergize":31,"Mark of Pain":91,"energizedSpire:MagnifyingGlass":39,"hubris:TenFootPole":92,"HushsDoor":0,"Ring of the Serpent":129,"conspire:Flyswatter":74,"BloodDonationMachine":91,"Dota2Spire:EchoSabre":152,"Lantern":143,"hubris:Metronome":147,"UnicornStump":152,"Blue Doll":149,"Painkiller Herb":192,"Replay:Multitool":43,"Bag of Preparation":94,"TheBattery":71,"Cursed Key":15,"hubris:EvacipatedBox":55,"Replay:Rubber Ducky":143,"Bromod:ArcaneAwakening":143,"Matryoshka":148,"Shovel":194,"Ninja Scroll":133,"Dota2Spire:BladeMail":130,"hubris:FunFungus":115,"WingedGreaves":206,"Dota2Spire:ArcaneBoots":152,"hubris:GlazedTorus":133,"Dota2Spire:MantaStyle":162,"Inserter":11,"The Specimen":143,"Self Forming Clay":91,"Basket Of Snakes":154,"Thread and Needle":91,"The Courier":91,"infinitespire:Joker Card":91,"Omamori":22,"Geode":91,"MawBank":141,"Bromod:ArcaneMomentum":82,"sneckomod:BabySnecko":13,"Turnip":154,"Bottled Lightning":133,"ReplayTheSpireMod:Lightbulb":128,"Toy Ornithopter":133,"Bromod:ArcanePulse":154,"Dota2Spire:ArmletOfMordiggian":143,"CeramicFish":143,"Vajra":86,"Dota2Spire:RefresherOrb":91,"Lizard Tail":154,"HornCleat":88,"DollysMirror":60,"Strawberry":91,"Dota2Spire:Mjollnir":91,"vexMod:RetaliationKit":2,"Byrd Skull":133,"Dota2Spire:HandOfMidas":91,"Happy Flower":55,"Dota2Spire:BlackKingBar":121,"Dead Branch":152,"BookOfRevelations":133,"Oddly Smooth Stone":134,"Dota2Spire:ShivaGuard":91,"infinitespire:Beetle Shell":150,"conspire:Boomerang":91,"energizedSpire:OgreHead":91,"Letter Opener":152,"Incubus":19,"War Paint":55,"Question Card":28,"Bromod:ArcaneConsequence":133,"Bottled Flame":63,"Replay:Baseball":104,"ReplayTheSpireMod:Shallot":152,"energizedSpire:NeverEndingSparkler":93,"Shuriken":133,"Bronze Scales":133,"hubris:ToyBattleship":68,"ReplayTheSpireMod:TigerMarble":146,"Grinning Jar":26,"CatCart":41,"Meat on the Bone":74,"Darkstone Periapt":107,"ReplayTheSpireMod:Ring of Exchange":71,"Replay:PocketPolymizer":133,"GuppysPaw":154,"SacredBark":69,"Mango":110,"Dota2Spire:DrumOfEndurance":111,"hubris:SlimyHat":35,"Incense Burner":91,"ClockworkSouvenir":12,"Replay:Bandana":152,"Bromod:ArcaneTrickery":73,"Mummified Hand":133,"Pantograph":143,"Bromod:ArcaneTempo":90,"Tiny Chest":55,"Bromod:ArcaneGuardian":18,"Red Skull":99,"Gremlin Food":133,"hubris:DisguiseKit":89,"DoctorsRemote":102,"Bromod:ArcaneGrace":91,"HowToJump":101,"Replay:Towering Pillar of Hats":154,"infinitespire:CursedDice":210,"vexMod:ConsolationPrize":55,"Quantum Egg":152,"Orichalcum":107,"Anchor":55,"CaptainsWheel":154,"infinitespire:WardingShard":152,"vexMod:HeadHunter":152,"ChewingGum":91,"Ring of Fury":196,"Snack Pack":34,"SalivaCoin":55,"BlankCard":133,"hubris:Potato":55},{"Dota2Spire:PowerTreads":388,"ScarletDevilRocket":450,"Vampiric Spirits":484,"infinitespire:Cubic Diamond":118,"DeadEye":484,"Sling":35,"BFFS":375,"Replay:Wanted Poster":408,"Blood Vial":468,"vexMod:InvisibilityCloak":264,"conspire:GlowingRock":484,"infinitespire:ShieldingShard":131,"Dota2Spire:EyeOfSkadi":470,"Fusion Hammer":375,"Diplopia":430,"HandDrill":484,"HollowMod:PaleOreRelic":437,"Replay:Bottled Steam":468,"MerchantsRug":375,"HollowMod:QueensCombRelic":468,"BookofShadows":389,"Dota2Spire:UrnOfShadows":450,"BelialBook":348,"Eternal Feather":274,"Tingsha":468,"Pen Nib":353,"MoneyPower":346,"infinitespire:Magic Flask":0,"Akabeko":468,"infinitespire:EvilPickle":192,"infinitespire:Lychee Nut":400,"infinitespire:Broken Mirror":450,"Bird Faced Urn":484,"conspire:BottledYoYo":226,"StrikeDummy":431,"Dota2Spire:PhaseBoots":450,"AnarchistCookbook":375,"GuppysTail":0,"Carrot":390,"Regal Pillow":472,"Torii":450,"King of Hearts":375,"Dota2Spire:Vanguard":478,"Ancient Tea Set":274,"Pet Ghost":375,"hubris:Backtick":375,"PokeGo":478,"Ring of Fangs":575,"infinitespire:Bottled Soul":274,"vexMod:RedPlottingStone":606,"NineLifeCat":90,"AntiCross":453,"Chemical X":115,"Replay:Bottled Eggs":369,"infinitespire:Eraser":732,"Ring of the Snake":0,"Potion Belt":478,"Replay:M_StaffOfTheSnake":118,"Golden Idol":623,"vexMod:BerryBomb":478,"PreservedInsect":233,"infinitespire:Lucky Rock":450,"hubris:Towel":118,"Replay:Arrowhead":171,"D6":487,"Dota2Spire:Butterfly":450,"TheBible":41,"Ornamental Fan":314,"hubris:Spice":375,"betterThird:SlimedRelic":388,"Bromod:ArcaneDeflection":450,"Art of War":440,"Garlic":450,"Durian":450,"conspire:DeflatedDodgeball":468,"infinitespire:Midas Blood":478,"Chaos":12,"Bromod:ArcaneUltimatum":441,"Ice Cream":478,"Calipers":484,"Gremlin Horn":468,"Nilry\u0027s Codex":78,"HoveringKite":478,"Dota2Spire:ShadowBlade":478,"HollowMod:StagPassRelic":274,"SatanicBible":484,"Sozu":364,"Dota2Spire:MagicBottle":450,"Centennial Puzzle":450,"Dota2Spire:CrimsonGuard":450,"Philosopher\u0027s Stone":255,"Dota2Spire:DivineRapier":478,"vexMod:NewClearReactor":114,"replay:Trail_Library":0,"Girya":606,"hubris:Teleporter":478,"hubris:DuctTape":691,"ReplayTheSpireMod:CursedCoin":450,"Ring of Chaos":0,"Dota2Spire:HeartOfTarrasque":422,"vexMod:PaidLearning":606,"hubris:Zylophone":375,"Du-Vu Doll":484,"YumHeart":310,"ReplayTheSpireMod:Spearhead":413,"hubris:PeanutButter":264,"Onion Ring":450,"EdensBlessing":470,"Symbiotic Virus":48,"Dota2Spire:MonkeyKingBar":375,"energizedSpire:HighHeels":375,"Dota2Spire:Desolator":478,"MaYiHuaBei":82,"Juzu Bracelet":352,"Replay:Mystery Machine":375,"vexMod:Spyglass":274,"Dota2Spire:LotusOrb":450,"conspire:TopHat":468,"Nunchaku":468,"Dream Catcher":468,"ChampionBelt":346,"TheAbacus":375,"hubris:Icosahedron":419,"PillsDrop":350,"hubris:Stopwatch":375,"Guide Book":115,"Dota2Spire:BattleFury":375,"hubris:MedicalManual":603,"vexMod:FocusSash":600,"vexMod:Dragonfruit":443,"Pondfish Scales":484,"vexMod:BarristanHead":453,"infinitespire:Satchel":365,"infinitespire:Burning Sword":375,"Bag of Marbles":478,"Membership Card":484,"GuppysHead":484,"hubris:OldNail":484,"ReplayTheSpireMod:ShopPack":606,"Golden Egg":371,"infinitespire:BottledMercury":440,"Bromod:ArcaneNullifier":276,"vexMod:TanglingVine":285,"Whetstone":375,"Ginger":450,"Bottled Tornado":468,"Boot":274,"Bromod:ArcaneAegis":418,"Dota2Spire:Satanic":375,"TheBean":375,"vexMod:CardConverter":446,"MealTicket":714,"TuHaoJin":478,"Kunai":478,"Replay:Wax Seal":450,"hubris:TinFlute":371,"KeepersGift":0,"Dota2Spire:Dagon":386,"Counterbalance":484,"HollowMod:JonisBlessing":57,"Dota2Spire:Bloodstone":743,"Guardian:PocketSentry":72,"Paper Crane":573,"SteamSale":0,"Dota2Spire:AghanimScepter":450,"Bromod:ArcaneEnergize":151,"Mark of Pain":375,"energizedSpire:MagnifyingGlass":192,"hubris:TenFootPole":378,"HushsDoor":0,"Ring of the Serpent":445,"conspire:Flyswatter":350,"BloodDonationMachine":375,"Dota2Spire:EchoSabre":478,"Lantern":468,"hubris:Metronome":473,"UnicornStump":478,"Blue Doll":475,"Painkiller Herb":568,"Replay:Multitool":221,"Bag of Preparation":386,"TheBattery":346,"Cursed Key":85,"hubris:EvacipatedBox":274,"Replay:Rubber Ducky":468,"Bromod:ArcaneAwakening":468,"Matryoshka":474,"Shovel":571,"Ninja Scroll":450,"Dota2Spire:BladeMail":446,"hubris:FunFungus":420,"WingedGreaves":593,"Dota2Spire:ArcaneBoots":478,"hubris:GlazedTorus":450,"Dota2Spire:MantaStyle":497,"Inserter":68,"The Specimen":468,"Self Forming Clay":375,"Basket Of Snakes":484,"Thread and Needle":375,"The Courier":375,"infinitespire:Joker Card":375,"Omamori":115,"Geode":375,"MawBank":463,"Bromod:ArcaneMomentum":366,"sneckomod:BabySnecko":78,"Turnip":484,"Bottled Lightning":450,"ReplayTheSpireMod:Lightbulb":444,"Toy Ornithopter":450,"Bromod:ArcanePulse":484,"Dota2Spire:ArmletOfMordiggian":468,"CeramicFish":468,"Vajra":370,"Dota2Spire:RefresherOrb":375,"Lizard Tail":484,"HornCleat":372,"DollysMirror":292,"Strawberry":375,"Dota2Spire:Mjollnir":375,"vexMod:RetaliationKit":12,"Byrd Skull":450,"Dota2Spire:HandOfMidas":375,"Happy Flower":274,"Dota2Spire:BlackKingBar":433,"Dead Branch":478,"BookOfRevelations":450,"Oddly Smooth Stone":452,"Dota2Spire:ShivaGuard":375,"infinitespire:Beetle Shell":476,"conspire:Boomerang":375,"energizedSpire:OgreHead":375,"Letter Opener":478,"Incubus":109,"War Paint":274,"Question Card":139,"Bromod:ArcaneConsequence":450,"Bottled Flame":305,"Replay:Baseball":402,"ReplayTheSpireMod:Shallot":478,"energizedSpire:NeverEndingSparkler":382,"Shuriken":450,"Bronze Scales":450,"hubris:ToyBattleship":325,"ReplayTheSpireMod:TigerMarble":472,"Grinning Jar":131,"CatCart":207,"Meat on the Bone":350,"Darkstone Periapt":408,"ReplayTheSpireMod:Ring of Exchange":346,"Replay:PocketPolymizer":450,"GuppysPaw":484,"SacredBark":335,"Mango":414,"Dota2Spire:DrumOfEndurance":416,"hubris:SlimyHat":171,"Incense Burner":375,"ClockworkSouvenir":72,"Replay:Bandana":478,"Bromod:ArcaneTrickery":349,"Mummified Hand":450,"Pantograph":468,"Bromod:ArcaneTempo":374,"Tiny Chest":274,"Bromod:ArcaneGuardian":99,"Red Skull":393,"Gremlin Food":450,"hubris:DisguiseKit":373,"DoctorsRemote":399,"Bromod:ArcaneGrace":375,"HowToJump":396,"Replay:Towering Pillar of Hats":484,"infinitespire:CursedDice":604,"vexMod:ConsolationPrize":274,"Quantum Egg":478,"Orichalcum":408,"Anchor":274,"CaptainsWheel":484,"infinitespire:WardingShard":478,"vexMod:HeadHunter":478,"ChewingGum":375,"Ring of Fury":575,"Snack Pack":164,"SalivaCoin":274,"BlankCard":450,"hubris:Potato":274}],"Ring of the Snake":[168]},"card_choices":[{"not_picked":["ReplayTheSpireMod:Necrogeddon","hubris:EnhanceAbility"],"picked":"Panache","floor":0},{"not_picked":["expansioncontent:DashGenerateEvil","Magnetism"],"picked":"Deep Breath","floor":0},{"not_picked":["Flying Knee","Catalyst","Eviscerate"],"picked":"SKIP","floor":1},{"not_picked":["Bane","ReplayTheSpireMod:Scrap Shanks","Cloak And Dagger"],"picked":"SKIP","floor":2},{"not_picked":["Hidden Blade","ReplayTheSpireMod:Speed Training","Bomb"],"picked":"SKIP","floor":3},{"not_picked":["Riddle With Holes","Finisher"],"picked":"Blur","floor":4},{"not_picked":["Escape Plan","Catalyst"],"picked":"Flechettes","floor":6},{"not_picked":["hubris:SlightOfHand","Outmaneuver","Deflect"],"picked":"SKIP","floor":11},{"not_picked":["hubris:Counter","Bullet Time","Eviscerate"],"picked":"SKIP","floor":12},{"not_picked":["Quick Slash","Bouncing Flask","Riddle With Holes"],"picked":"SKIP","floor":13},{"not_picked":["Slice","Bomb"],"picked":"Prepared","floor":14},{"not_picked":["Glass Knife","Phantasmal Killer"],"picked":"After Image","floor":16},{"not_picked":["Accuracy","Slice+1"],"picked":"Footwork","floor":18},{"not_picked":["Deadly Poison","Dagger Throw","Dodge and Roll+1"],"picked":"SKIP","floor":21},{"not_picked":["hubris:SlightOfHand","Acrobatics"],"picked":"Hidden Blade","floor":22},{"not_picked":["Quick Slash","ReplayTheSpireMod:Exploit Weakness","Infinite Blades"],"picked":"SKIP","floor":24},{"not_picked":["Flying Knee+1","Sucker Punch"],"picked":"Adrenaline","floor":28},{"not_picked":["Dagger Spray","Underhanded Strike","Blade Dance+1"],"picked":"SKIP","floor":29},{"not_picked":["Prepared+1","Grand Finale","Fluid Movement"],"picked":"SKIP","floor":30},{"not_picked":["Prepared+1","Footwork"],"picked":"Skewer+1","floor":31},{"not_picked":["Die Die Die","Night Terror"],"picked":"Envenom","floor":33},{"not_picked":["Dagger Spray","hubris:TrickCloak+1","Poisoned Stab"],"picked":"SKIP","floor":35},{"not_picked":["Dodge and Roll+1","Predator+1","ReplayTheSpireMod:Scrap Shanks"],"picked":"SKIP","floor":36},{"not_picked":["Flying Knee","Dagger Spray","Outmaneuver+1"],"picked":"SKIP","floor":38},{"not_picked":["All Out Attack","Acrobatics","Dodge and Roll"],"picked":"SKIP","floor":41},{"not_picked":["Dodge and Roll+1","Deadly Poison","Flying Knee+1"],"picked":"SKIP","floor":44},{"not_picked":["Flying Knee+1","Riddle With Holes+1","Masterful Stab+1"],"picked":"SKIP","floor":45},{"not_picked":["Poisoned Stab","Eviscerate+1"],"picked":"Skewer+1","floor":47}],"player_experience":679977,"relics_obtained":[{"floor":6,"key":"infinitespire:Satchel"},{"floor":9,"key":"vexMod:InvisibilityCloak"},{"floor":12,"key":"Replay:Wax Seal"},{"floor":24,"key":"Blood Vial"},{"floor":26,"key":"MealTicket"},{"floor":31,"key":"infinitespire:Eraser"},{"floor":41,"key":"hubris:ToyBattleship"},{"floor":43,"key":"AnarchistCookbook"},{"floor":47,"key":"HollowMod:PaleOreRelic"}],"event_choices":[{"damage_healed":0,"gold_gain":0,"player_choice":"Lose Max HP","damage_taken":0,"relics_obtained":["Golden Idol"],"max_hp_gain":0,"max_hp_loss":6,"event_name":"Golden Idol","floor":5,"gold_loss":0},{"damage_healed":0,"gold_gain":0,"player_choice":"Obtained Relic","damage_taken":0,"relics_obtained":["hubris:DuctTape"],"max_hp_gain":0,"max_hp_loss":0,"event_name":"Addict","floor":19,"gold_loss":85},{"damage_healed":0,"gold_gain":0,"player_choice":"Ignored","damage_taken":0,"max_hp_gain":0,"max_hp_loss":0,"event_name":"The Moai Head","floor":39,"gold_loss":0}],"is_beta":false,"boss_relics":[{"not_picked":["Snecko Scales","Pandora\u0027s Box","hubris:GrandSneckoEye"]},{"not_picked":["conspire:RunicOctahedron","conspire:SpecialSausage"],"picked":"Dota2Spire:Bloodstone"},{"not_picked":[]}],"items_purged_floors":[0,0,34],"is_endless":false,"potions_floor_spawned":[1,3,12,13,18,22,24,30,35,36,45],"ascension_level":9}}