{"host":"bu0lvejwxlz725fi","time":1609502809,"event":{"mods":["AchievementEnabler","BaseMod","Downfall","Marisa????????","Minty Spire (QoL Compilation)","StSLib","The Disciple","The Hierophant","The Necromancer","The Senshi","The Servant 0.9.4"],"gold_per_floor":[115,130,32,32,32,32,67,67,67,93,121,121,151,220,220,325,325,316,365,412,449,143,207,255,255,280,349,419,463,463,538,538,702,1002,1055,594,694,694,783,783,865,865,889,961,993,993],"floor_reached":45,"playtime":4979,"items_purged":["hierophant:Defend_Hierophant","hierophant:Defend_Hierophant"],"score":700,"play_id":"03e3f7b8-a777-4dec-bc16-ed3487a92bdb","local_time":"20210101130649","is_ascension_mode":false,"campfire_choices":[{"floor":6.0,"key":"REST"},{"data":"hierophant:ChurchCoffers","floor":8.0,"key":"SMITH"},{"data":"hierophant:Smite","floor":12.0,"key":"SMITH"},{"data":"hierophant:ArchangelShield","floor":15.0,"key":"SMITH"},{"data":"hierophant:DivineIntervention","floor":25,"key":"SMITH"},{"data":"hierophant:HammerAndAnvil","floor":30,"key":"SMITH"},{"data":"hierophant:HolyVerse","floor":32,"key":"SMITH"},{"data":"Apotheosis","floor":40,"key":"SMITH"},{"floor":42,"key":"REST"}],"circlet_count":0,"master_deck":["hierophant:Strike_Hierophant+1","hierophant:Strike_Hierophant","hierophant:Strike_Hierophant+1","hierophant:Strike_Hierophant","hierophant:Punish+1","hierophant:Defend_Hierophant","hierophant:Defend_Hierophant","hierophant:ChurchCoffers+1","hierophant:FieryStrike","hierophant:OrnateBuckler","hierophant:OrnateBuckler+1","hierophant:Zeal","hierophant:OrnateBuckler","hierophant:ArchangelShield+1","hierophant:Smite+1","hierophant:RustyCrate","hierophant:Doubloon","hierophant:Doubloon","hierophant:PristineSoul","hierophant:DivineIntervention+1","hierophant:Smite+1","hierophant:Embezzle","hierophant:Encroach+1","hierophant:PassingBell+1","hierophant:CoinFling","hierophant:Doubloon","hierophant:Doubloon","hierophant:RecallFunds+1","hierophant:Doubloon","hierophant:CoinFling+1","Parasite","hierophant:HolyVerse+1","hierophant:PassingBell+1","hierophant:HammerAndAnvil+1","hierophant:Doubloon","hierophant:ConvertCurrency+1","hierophant:DivineIntervention","CurseOfTheBell","hierophant:Exaltation+1","hierophant:MorningPrayer","expansioncontent:StudyTheSpire","Apotheosis+1","hierophant:Martyrdom+1","sneckomod:Bewildered","hierophant:PristineSoul"],"relics":["hierophant:PropheticMaskRelic","NeowsBlessing","Mercury Hourglass","Toy Ornithopter","Bag of Preparation","Juzu Bracelet","Cursed Key","Toolbox","HornCleat","Lantern","Whetstone","Calling Bell","Potion Belt","Sundial","Old Coin","Cauldron","Nunchaku","Omamori","Pocketwatch"],"acts_visited":["Exordium","TheCity","TheBeyond"],"potions_floor_usage":[16,21,29,33,33,41,41,41,41],"damage_taken":[{"damage":0.0,"enemies":"Small Slimes","floor":1.0,"turns":1.0},{"damage":0.0,"enemies":"Cultist","floor":2.0,"turns":1.0},{"damage":0.0,"enemies":"Gremlin Nob","floor":7.0,"turns":1.0},{"damage":0.0,"enemies":"2 Louse","floor":10.0,"turns":2.0},{"damage":0.0,"enemies":"Large Slime","floor":11.0,"turns":5.0},{"damage":4.0,"enemies":"Exordium Thugs","floor":13.0,"turns":2.0},{"damage":4.0,"enemies":"Lagavulin","floor":14.0,"turns":4.0},{"damage":57,"enemies":"The Guardian","floor":16,"turns":16},{"damage":3,"enemies":"2 Thieves","floor":18,"turns":2},{"damage":0,"enemies":"3 Byrds","floor":19,"turns":1},{"damage":0,"enemies":"Sentry and Sphere","floor":20,"turns":2},{"damage":7,"enemies":"Chosen and Byrds","floor":21,"turns":3},{"damage":0,"enemies":"Slavers","floor":23,"turns":3},{"damage":0,"enemies":"Snake Plant","floor":24,"turns":3},{"damage":0,"enemies":"Centurion and Healer","floor":27,"turns":1},{"damage":0,"enemies":"Cultist and Chosen","floor":28,"turns":1},{"damage":6,"enemies":"Book of Stabbing","floor":29,"turns":4},{"damage":0,"enemies":"Snake Plant","floor":31,"turns":2},{"damage":16,"enemies":"Automaton","floor":33,"turns":10},{"damage":2,"enemies":"Orb Walker","floor":35,"turns":2},{"damage":6,"enemies":"3 Shapes","floor":39,"turns":1},{"damage":33,"enemies":"Nemesis","floor":41,"turns":7},{"damage":54,"enemies":"Reptomancer","floor":44,"turns":5},{"damage":74,"enemies":"Transient","floor":45,"turns":5}],"seed_played":"3356612171648858272","potions_obtained":[{"floor":1.0,"key":"Explosive Potion"},{"floor":2.0,"key":"PowerPotion"},{"floor":10.0,"key":"FearPotion"},{"floor":13.0,"key":"Swift Potion"},{"floor":16,"key":"Swift Potion"},{"floor":18,"key":"SkillPotion"},{"floor":20,"key":"SpeedPotion"},{"floor":23,"key":"DuplicationPotion"},{"floor":28,"key":"EssenceOfSteel"},{"floor":36,"key":"Swift Potion"},{"floor":36,"key":"Fruit Juice"},{"floor":36,"key":"sneckomod:MuddlingPotion"},{"floor":36,"key":"AttackPotion"},{"floor":36,"key":"FairyPotion"},{"floor":41,"key":"LiquidBronze"}],"is_trial":false,"path_per_floor":["M","M","$","?","?","R","E","R","T","M","M","R","M","E","R","B",null,"M","M","M","M","$","E","M","R","T","M","M","E","R","M","R","B",null,"M","$","?","?","M","R","E","R","T","E","M"],"character_chosen":"HIEROPHANT","items_purchased":["hierophant:OrnateBuckler","hierophant:Zeal","Toolbox","hierophant:CoinFling","hierophant:MorningPrayer","Cauldron","expansioncontent:StudyTheSpire"],"campfire_rested":2,"item_purchase_floors":[3,3,22,22,36,36,36],"current_hp_per_floor":[75,75,75,60,35,57,57,57,57,57,57,57,58,64,64,12,75,72,72,72,68,68,68,68,68,68,68,68,67,67,67,67,59,75,73,73,73,73,67,67,57,80,80,26,0,0],"gold":993,"neow_bonus":"THREE_ENEMY_KILL","is_daily":false,"chose_seed":false,"campfire_upgraded":7,"win_rate":0.0,"timestamp":1609502809,"path_taken":["M","M","$","?","?","R","E","R","T","M","M","R","M","E","R","BOSS","M","M","M","M","$","E","M","R","T","M","M","E","R","M","R","BOSS","M","$","?","?","M","R","E","R","T","E","M"],"items_purchased_type":["Card","Card","Relic","Card","Card","Relic","Card"],"build_version":"2020-12-22","purchased_purges":2,"victory":false,"max_hp_per_floor":[75,75,75,75,75,75,75,75,75,75,75,75,75,75,75,75,75,75,75,75,75,75,75,75,75,75,75,75,75,75,75,75,75,75,75,75,75,75,75,75,80,80,80,80,80,80],"card_choices":[{"not_picked":["hierophant:Patience","hierophant:Shelter"],"picked":"hierophant:FieryStrike","floor":1.0},{"not_picked":["hierophant:Refuge","hierophant:FlamingChariot"],"picked":"hierophant:OrnateBuckler","floor":2.0},{"not_picked":["hierophant:MorningPrayer","hierophant:CursedGold"],"picked":"hierophant:OrnateBuckler","floor":7.0},{"not_picked":["hierophant:FlamingChariot","hierophant:Bribe"],"picked":"hierophant:ArchangelShield","floor":10.0},{"not_picked":["hierophant:Flagellation","hierophant:OrnateBuckler"],"picked":"hierophant:Smite","floor":11.0},{"not_picked":["hierophant:SealAway","hierophant:Zeal"],"picked":"hierophant:RustyCrate","floor":13.0},{"not_picked":["hierophant:OrnateBuckler","hierophant:Patience"],"picked":"hierophant:PristineSoul","floor":14.0},{"not_picked":["hierophant:Batter","hierophant:DeathKnell"],"picked":"hierophant:DivineIntervention","floor":16},{"not_picked":["hierophant:HammerAndAnvil","hierophant:OrnateJavelin"],"picked":"hierophant:Smite+1","floor":18},{"not_picked":["hierophant:ArchangelShield","hierophant:RepressedViolence"],"picked":"hierophant:Embezzle","floor":19},{"not_picked":["hierophant:Shelter","hierophant:Zeal"],"picked":"hierophant:Encroach+1","floor":20},{"not_picked":["hierophant:ThreeLashes","hierophant:Prophecy"],"picked":"hierophant:PassingBell+1","floor":21},{"not_picked":["hierophant:HammerAndAnvil+1","hierophant:Smite"],"picked":"hierophant:RecallFunds+1","floor":23},{"not_picked":["hierophant:PristineSoul+1","hierophant:RepressedViolence"],"picked":"hierophant:CoinFling+1","floor":24},{"not_picked":["hierophant:Glossolalia","hierophant:SecretStash"],"picked":"hierophant:HolyVerse","floor":27},{"not_picked":["hierophant:RecallFunds+1","hierophant:Community"],"picked":"hierophant:PassingBell+1","floor":28},{"not_picked":["hierophant:Shelter+1","hierophant:RustyCrate"],"picked":"hierophant:HammerAndAnvil","floor":29},{"not_picked":["hierophant:RustyCrate","hierophant:ThreeLashes"],"picked":"hierophant:ConvertCurrency+1","floor":31},{"not_picked":["hierophant:AuricForm","hierophant:LocustPlague"],"picked":"hierophant:DivineIntervention","floor":33},{"not_picked":["hierophant:Racketeering+1","hierophant:Encroach+1"],"picked":"hierophant:Exaltation+1","floor":35},{"not_picked":["expansioncontent:PrepareCrush","Mind Blast"],"picked":"Apotheosis","floor":38},{"not_picked":["hierophant:AuricBeam+1","hierophant:HammerAndAnvil+1","hierophant:FlamingChariot"],"picked":"SKIP","floor":39},{"not_picked":["hierophant:Endure","hierophant:ConvertCurrency"],"picked":"hierophant:Martyrdom+1","floor":41},{"not_picked":["hierophant:SealAway+1","hierophant:FlamingChariot"],"picked":"hierophant:PristineSoul","floor":44}],"player_experience":136407,"relics_obtained":[{"floor":7.0,"key":"Toy Ornithopter"},{"floor":9.0,"key":"Bag of Preparation"},{"floor":14.0,"key":"Juzu Bracelet"},{"floor":23,"key":"HornCleat"},{"floor":26,"key":"Lantern"},{"floor":29,"key":"Whetstone"},{"floor":34,"key":"Potion Belt"},{"floor":34,"key":"Sundial"},{"floor":34,"key":"Old Coin"},{"floor":41,"key":"Nunchaku"},{"floor":43,"key":"Omamori"},{"floor":44,"key":"Pocketwatch"}],"event_choices":[{"damage_healed":0.0,"max_hp_gain":0.0,"max_hp_loss":0.0,"gold_gain":0.0,"event_name":"Shining Light","player_choice":"Entered Light","floor":4.0,"gold_loss":0.0,"damage_taken":15.0,"cards_upgraded":["hierophant:OrnateBuckler","hierophant:Punish"]},{"damage_healed":0.0,"max_hp_gain":0.0,"max_hp_loss":0.0,"gold_gain":0.0,"event_name":"Scrap Ooze","player_choice":"Success","floor":5.0,"gold_loss":0.0,"damage_taken":25.0,"relics_obtained":["Mercury Hourglass"]},{"damage_healed":0,"gold_gain":100,"player_choice":"Pray","damage_taken":0,"max_hp_gain":0,"max_hp_loss":0,"event_name":"Golden Shrine","floor":37,"gold_loss":0},{"damage_healed":0,"gold_gain":0,"player_choice":"Memory 1","damage_taken":0,"max_hp_gain":0,"max_hp_loss":0,"event_name":"SensoryStone","floor":38,"gold_loss":0}],"is_beta":false,"boss_relics":[{"not_picked":["Coffee Dripper","Empty Cage"],"picked":"Cursed Key"},{"not_picked":["Tiny House","Runic Dome"],"picked":"Calling Bell"}],"items_purged_floors":[22,36],"is_endless":false,"potions_floor_spawned":[1,2,10,13,16,18,20,23,24,27,28,41],"killed_by":"Transient","ascension_level":0}}