{"host":"2461dio7vetlq1z3","time":1609541093,"event":{"mods":["2.2 Compatiblity","AchievementEnabler","BaseMod","Better Third Choice","Friendly Minions","Minty Spire (QoL Compilation)","Relic Stats","Replay The Spire","Spicy Shops","StSLib","Waifu the Spire"],"gold_per_floor":[119,119,119,1,21,21,55,55,55,84,84,94,119,55,55,55,55],"floor_reached":16,"playtime":558,"items_purged":["Defend_R"],"score":232,"play_id":"0c951274-f903-4327-b5c7-463ef5b5645a","local_time":"20210101234453","is_ascension_mode":true,"campfire_choices":[{"data":"Carnage","floor":6,"key":"SMITH"},{"data":"Bash","floor":8,"key":"SMITH"},{"data":"Strike_R+1","floor":11,"key":"SMITH"},{"floor":15,"key":"REST"}],"circlet_count":0,"master_deck":["AscendersBane","Strike_R+2","Strike_R","Strike_R","Strike_R","Defend_R+1","Defend_R+1","Defend_R+1","Bash+1","Anger","Armaments+1","Carnage+1","Searing Blow","Burning Pact","Feel No Pain"],"relics":["Burning Blood","Ancient Tea Set","Simple Rune","Omamori","PreservedInsect"],"acts_visited":["Exordium"],"potions_floor_usage":[10],"damage_taken":[{"damage":9,"enemies":"Jaw Worm","floor":1,"turns":4},{"damage":0,"enemies":"Cultist","floor":5,"turns":3},{"damage":8,"enemies":"Gremlin Nob","floor":7,"turns":3},{"damage":23,"enemies":"3 Sentries","floor":10,"turns":6},{"damage":0,"enemies":"Small Slimes","floor":12,"turns":3},{"damage":36,"enemies":"Gremlin Nob","floor":13,"turns":4},{"damage":45,"enemies":"Fading Forest","floor":16,"turns":13}],"seed_played":"-4138407787515732760","potions_obtained":[{"floor":7,"key":"GamblersBrew"}],"is_trial":false,"path_per_floor":["M","?","?","$","M","R","E","R","T","E","R","M","E","?","R","B"],"character_chosen":"IRONCLAD","items_purchased":["Armaments+1"],"campfire_rested":1,"item_purchase_floors":[4],"current_hp_per_floor":[72,47,47,47,53,53,51,51,51,34,34,40,10,10,34,0,0],"gold":55,"neow_bonus":"TEN_PERCENT_HP_BONUS","is_daily":false,"chose_seed":false,"campfire_upgraded":3,"win_rate":0.0,"timestamp":1609541093,"path_taken":["M","?","?","$","?","R","E","R","T","E","R","M","E","?","R","BOSS"],"items_purchased_type":["Card"],"build_version":"2020-12-22","purchased_purges":1,"victory":false,"max_hp_per_floor":[82,82,82,82,82,82,82,82,82,82,82,82,82,82,82,82,82],"relic_stats":{"counters":[7,36],"PreservedInsect":0,"obtain_stats":[{"Simple Rune":9,"PreservedInsect":13,"Omamori":10,"Ancient Tea Set":7,"Burning Blood":0},{"Simple Rune":3,"PreservedInsect":6,"Omamori":4,"Ancient Tea Set":3,"Burning Blood":0},{"Simple Rune":10,"PreservedInsect":23,"Omamori":16,"Ancient Tea Set":10,"Burning Blood":0}],"Burning Blood":36},"card_choices":[{"not_picked":["Heavy Blade","Sword Boomerang"],"picked":"Anger","floor":1},{"not_picked":["Iron Wave","True Grit"],"picked":"Carnage","floor":5},{"not_picked":["Body Slam","Sword Boomerang"],"picked":"Searing Blow","floor":7},{"not_picked":["ReplayTheSpireMod:Corrosion Curse","Body Slam","ReplayTheSpireMod:Strike From Hell"],"picked":"SKIP","floor":10},{"not_picked":["Wild Strike","Flex"],"picked":"Burning Pact","floor":12},{"not_picked":["Twin Strike","Bludgeon"],"picked":"Feel No Pain","floor":13}],"player_experience":1000106,"relics_obtained":[{"floor":7,"key":"Ancient Tea Set"},{"floor":9,"key":"Simple Rune"},{"floor":10,"key":"Omamori"},{"floor":13,"key":"PreservedInsect"}],"event_choices":[{"damage_healed":72,"gold_gain":0,"player_choice":"Upgrade","damage_taken":25,"max_hp_gain":0,"max_hp_loss":82,"event_name":"betterThird:BetterShining","floor":2,"gold_loss":0,"cards_upgraded":["Strike_R","Defend_R"]},{"cards_removed":["Strike_R"],"damage_healed":0,"gold_gain":0,"player_choice":"Offered Basic","damage_taken":0,"max_hp_gain":0,"max_hp_loss":0,"event_name":"Bonfire Elementals","floor":3,"gold_loss":0},{"damage_healed":0,"gold_gain":0,"player_choice":"Left","damage_taken":0,"max_hp_gain":0,"max_hp_loss":0,"event_name":"betterThird:BetterGoop","floor":14,"gold_loss":64}],"is_beta":false,"boss_relics":[],"items_purged_floors":[4],"is_endless":false,"potions_floor_spawned":[7],"killed_by":"Fading Forest","ascension_level":20}}