{"host":"lg1piimdyocafd6j","time":1609525044,"event":{"mods":["AchievementEnabler","BaseMod","Better Third Choice","BetterRewards","Colored Map","Colored Powertips","Downfall","Minty Spire (QoL Compilation)","Quick Restart","Rare Cards Sparkle","Remove Card Discount Mod","Shop Mod","StSLib","SuperFastMode"],"gold_per_floor":[115,43,43,59,73,73,73,90,90,101,117,117,129,83,83,178,178,178],"floor_reached":17,"playtime":766,"items_purged":["Defend_R","Defend_R","Bash","Strike_R","Strike_R","Entrench","Strike_R","Strike_R"],"score":149,"play_id":"b38e4ec4-6128-4fab-b8dc-97003114a7ef","local_time":"20210101191724","is_ascension_mode":false,"campfire_choices":[{"floor":6,"key":"REST"},{"floor":12,"key":"REST"},{"floor":15,"key":"REST"}],"circlet_count":0,"master_deck":["Metallicize+1","Metallicize+1","Inflame+1","Metallicize+1","Armaments","Iron Wave","Inflame+1","Whirlwind","Clash","Dual Wield","Fire Breathing+1"],"relics":["Burning Blood","Membership Card","Frozen Egg 2","Dream Catcher","DollysMirror","Bronze Scales","Lantern","Pandora\u0027s Box"],"acts_visited":["Exordium","TheCity"],"potions_floor_usage":[16,16,16],"damage_taken":[{"damage":0,"enemies":"Cultist","floor":1,"turns":5},{"damage":0,"enemies":"Small Slimes","floor":4,"turns":3},{"damage":0,"enemies":"Jaw Worm","floor":5,"turns":4},{"damage":0,"enemies":"2 Fungi Beasts","floor":8,"turns":4},{"damage":0,"enemies":"Lots of Slimes","floor":10,"turns":4},{"damage":54,"enemies":"Gremlin Gang","floor":11,"turns":5},{"damage":0,"enemies":"Large Slime","floor":13,"turns":4},{"damage":3,"enemies":"Slime Boss","floor":16,"turns":10}],"seed_played":"-552167170744077852","potions_obtained":[{"floor":5,"key":"Block Potion"},{"floor":8,"key":"Guardian:BlockOnCardUsePotion"},{"floor":10,"key":"Energy Potion"}],"is_trial":false,"path_per_floor":["M","$","?","M","M","R","?","M","T","M","M","R","M","$","R","B",null],"character_chosen":"IRONCLAD","items_purchased":["Membership Card","Frozen Egg 2","Dream Catcher","Metallicize+1","DollysMirror","Inflame+1","Bronze Scales","Whirlwind"],"campfire_rested":3,"item_purchase_floors":[0,0,0,0,0,0,2,14],"current_hp_per_floor":[80,80,80,80,80,80,80,80,80,80,32,56,62,62,80,80,80,80],"gold":178,"neow_bonus":"","is_daily":false,"chose_seed":false,"campfire_upgraded":0,"win_rate":0.0,"timestamp":1609525044,"path_taken":["M","$","?","?","M","R","?","M","T","?","?","R","M","$","R","BOSS"],"items_purchased_type":["Relic","Relic","Relic","Card","Relic","Card","Relic","Card"],"build_version":"2020-12-22","purchased_purges":8,"victory":false,"max_hp_per_floor":[80,80,80,80,80,80,80,80,80,80,80,80,80,80,80,80,80,80],"card_choices":[{"not_picked":["Headbutt","Rupture+1","Heavy Blade"],"picked":"SKIP","floor":1},{"not_picked":["Battle Trance","Twin Strike","Rupture+1"],"picked":"SKIP","floor":4},{"not_picked":["Wild Strike","Perfected Strike"],"picked":"Metallicize+1","floor":5},{"not_picked":["Pommel Strike","Cleave"],"picked":"Armaments","floor":8},{"not_picked":["Reaper","Combust+1"],"picked":"Entrench","floor":10},{"not_picked":["Pummel","Dark Embrace+1"],"picked":"Iron Wave","floor":11},{"not_picked":["Pommel Strike","Sentinel"],"picked":"Inflame+1","floor":12},{"not_picked":["Thunderclap","Headbutt","Perfected Strike"],"picked":"SKIP","floor":13}],"player_experience":91476,"relics_obtained":[{"floor":9,"key":"Lantern"}],"event_choices":[{"damage_healed":0,"gold_gain":0,"player_choice":"Ignored","damage_taken":0,"max_hp_gain":0,"max_hp_loss":0,"event_name":"WeMeetAgain","floor":3,"gold_loss":0},{"damage_healed":0,"gold_gain":0,"player_choice":"Bought 0 Potions","damage_taken":0,"max_hp_gain":0,"max_hp_loss":0,"event_name":"The Woman in Blue","floor":7,"gold_loss":0}],"is_beta":false,"boss_relics":[{"not_picked":["Runic Cube","Fusion Hammer"],"picked":"Pandora\u0027s Box"}],"items_purged_floors":[0,0,0,0,0,14,14,14],"is_endless":false,"potions_floor_spawned":[5,8,10],"ascension_level":0}}