{"host":"my77oq6kb6j47rwl","time":1609537607,"event":{"mods":["BaseMod","Emptier Cage","Ironclad Rager","Minty Spire (QoL Compilation)","Quick Restart","Rare Cards Sparkle","StSLib"],"gold_per_floor":[114,124,140,140,65,65,99,99,99,131,131,131,149,149,149,254,254,270,252,252,281,296,324,324,354,378,378,29,49,76,95,95,198,198,216,156,173,193,211,244,244,262,262,608,608,618,651,668,668,668],"floor_reached":51,"playtime":7633,"items_purged":["Strike_B","Strike_B"],"score":1241,"play_id":"5df10f29-cc71-4c4a-b1e4-72b149433280","local_time":"20210101164647","is_ascension_mode":true,"campfire_choices":[{"data":"Defragment","floor":6,"key":"SMITH"},{"floor":8,"key":"REST"},{"floor":11,"key":"REST"},{"floor":15,"key":"REST"},{"floor":24,"key":"REST"},{"floor":27,"key":"REST"},{"floor":32,"key":"REST"},{"data":"Melter","floor":41,"key":"SMITH"},{"floor":45,"key":"REST"},{"data":"Defend_B","floor":49,"key":"SMITH"}],"circlet_count":0,"master_deck":["AscendersBane","Defend_B","Defend_B","Defend_B","Defend_B+1","Zap","Dualcast","Melter+1","Genetic Algorithm","Defragment+1","Cold Snap","Machine Learning","Cold Snap","Ball Lightning","FTL","Recycle+1","Compile Driver+1","Self Repair","Echo Form","Double Energy+1","Parasite","Conserve Battery+1","Core Surge"],"relics":["Runic Dome","Ornamental Fan","Mercury Hourglass","Lantern","Singing Bowl","Velvet Choker","Red Mask","Pear","DataDisk","Bronze Scales","Symbiotic Virus","Bag of Marbles","Snecko Eye","Kunai","Meat on the Bone","Old Coin","Calipers"],"acts_visited":["Exordium","TheCity","TheBeyond"],"potions_floor_usage":[21,44,50,50],"damage_taken":[{"damage":13,"enemies":"Jaw Worm","floor":1,"turns":4},{"damage":1,"enemies":"Cultist","floor":2,"turns":3},{"damage":13,"enemies":"Small Slimes","floor":3,"turns":4},{"damage":21,"enemies":"Lagavulin","floor":7,"turns":6},{"damage":31,"enemies":"Gremlin Nob","floor":10,"turns":5},{"damage":5,"enemies":"Gremlin Gang","floor":13,"turns":6},{"damage":34,"enemies":"Slime Boss","floor":16,"turns":12},{"damage":2,"enemies":"Chosen","floor":18,"turns":6},{"damage":17,"enemies":"2 Thieves","floor":19,"turns":4},{"damage":13,"enemies":"Masked Bandits","floor":21,"turns":5},{"damage":3,"enemies":"Centurion and Healer","floor":22,"turns":6},{"damage":28,"enemies":"Slavers","floor":23,"turns":6},{"damage":35,"enemies":"Gremlin Leader","floor":25,"turns":8},{"damage":3,"enemies":"3 Cultists","floor":29,"turns":4},{"damage":0,"enemies":"Book of Stabbing","floor":30,"turns":4},{"damage":13,"enemies":"Snake Plant","floor":31,"turns":3},{"damage":66,"enemies":"Champ","floor":33,"turns":11},{"damage":9,"enemies":"Orb Walker","floor":35,"turns":2},{"damage":10,"enemies":"3 Shapes","floor":37,"turns":3},{"damage":13,"enemies":"Maw","floor":38,"turns":8},{"damage":8,"enemies":"Sphere and 2 Shapes","floor":39,"turns":6},{"damage":10,"enemies":"Nemesis","floor":40,"turns":7},{"damage":16,"enemies":"Writhing Mass","floor":42,"turns":6},{"damage":28,"enemies":"2 Orb Walkers","floor":44,"turns":5},{"damage":1,"enemies":"Maw","floor":46,"turns":8},{"damage":4,"enemies":"Reptomancer","floor":47,"turns":7},{"damage":5,"enemies":"3 Darklings","floor":48,"turns":4},{"damage":57,"enemies":"Time Eater","floor":50,"turns":13}],"seed_played":"-5067487856011368457","potions_obtained":[{"floor":1,"key":"Swift Potion"},{"floor":7,"key":"Regen Potion"},{"floor":12,"key":"SpeedPotion"},{"floor":13,"key":"Ancient Potion"},{"floor":25,"key":"PotionOfCapacity"},{"floor":33,"key":"FocusPotion"},{"floor":44,"key":"PowerPotion"}],"is_trial":false,"path_per_floor":["M","M","M","?","$","R","E","R","T","E","R","?","M","?","R","B",null,"M","M","?","?","M","E","R","E","T","R","$","M","E","M","R","B",null,"M","?","M","M","M","E","R","M","T","?","R","M","E","M","R","B",null],"character_chosen":"DEFECT","items_purchased":["Symbiotic Virus"],"campfire_rested":7,"item_purchase_floors":[28],"current_hp_per_floor":[55,54,41,41,41,41,20,42,42,13,36,36,33,33,56,22,65,63,46,46,47,46,28,55,22,22,49,49,46,46,42,70,11,74,74,74,73,74,82,81,81,81,81,60,91,99,102,106,106,68],"gold":668,"neow_bonus":"BOSS_RELIC","is_daily":false,"chose_seed":false,"campfire_upgraded":3,"win_rate":0.0,"timestamp":1609537607,"path_taken":["M","M","M","?","?","R","E","R","T","E","R","?","?","?","R","BOSS","M","M","?","?","M","E","R","E","T","R","$","M","E","M","R","BOSS","M","?","M","M","?","E","R","M","T","?","R","M","E","M","R","BOSS"],"items_purchased_type":["Relic"],"build_version":"2020-12-22","purchased_purges":2,"victory":true,"max_hp_per_floor":[75,75,75,75,75,75,75,75,75,77,77,77,79,79,79,79,79,79,79,79,79,81,91,91,93,93,93,93,93,93,95,95,95,95,97,97,99,99,101,103,103,105,105,105,105,107,107,109,109,109],"card_choices":[{"not_picked":["Redo","Hologram"],"picked":"Melter","floor":1},{"not_picked":["Double Energy","Compile Driver"],"picked":"Genetic Algorithm","floor":2},{"not_picked":["Ball Lightning","Stack"],"picked":"Defragment","floor":3},{"not_picked":["BootSequence","Sweeping Beam"],"picked":"Cold Snap","floor":7},{"not_picked":["Stack","Compile Driver","Aggregate"],"picked":"Singing Bowl","floor":10},{"not_picked":["Redo","Static Discharge","Beam Cell"],"picked":"Singing Bowl","floor":13},{"not_picked":["Rainbow","Buffer"],"picked":"Machine Learning","floor":16},{"not_picked":["Gash","Streamline"],"picked":"Cold Snap","floor":18},{"not_picked":["Go for the Eyes","Reinforced Body"],"picked":"Ball Lightning","floor":19},{"not_picked":["Darkness","Hello World"],"picked":"FTL","floor":21},{"not_picked":["Stack","Sweeping Beam","Rebound"],"picked":"Singing Bowl","floor":22},{"not_picked":["Hologram","Rebound"],"picked":"Recycle+1","floor":23},{"not_picked":["Steam Power","Darkness+1","Hologram+1"],"picked":"Singing Bowl","floor":25},{"not_picked":["Reboot","Genetic Algorithm"],"picked":"Compile Driver+1","floor":29},{"not_picked":["Darkness","Sunder+1"],"picked":"Self Repair","floor":30},{"not_picked":["Leap","Undo+1","Compile Driver"],"picked":"Singing Bowl","floor":31},{"not_picked":["All For One","Meteor Strike"],"picked":"Echo Form","floor":33},{"not_picked":["Beam Cell","Leap+1","Stack"],"picked":"Singing Bowl","floor":35},{"not_picked":["Tempest","Reinforced Body","Hologram"],"picked":"Singing Bowl","floor":37},{"not_picked":["Hologram","Steam"],"picked":"Double Energy+1","floor":38},{"not_picked":["Reprogram","Rebound+1","Conserve Battery"],"picked":"Singing Bowl","floor":39},{"not_picked":["Seek","Go for the Eyes","Hello World+1"],"picked":"Singing Bowl","floor":40},{"not_picked":["Undo","Consume","Gash+1"],"picked":"Singing Bowl","floor":42},{"not_picked":["Darkness+1","Streamline"],"picked":"Conserve Battery+1","floor":44},{"not_picked":["Reboot","Beam Cell+1","Go for the Eyes"],"picked":"Singing Bowl","floor":46},{"not_picked":["Double Energy+1","Sweeping Beam"],"picked":"Core Surge","floor":47},{"not_picked":["Beam Cell","Go for the Eyes+1","Steam"],"picked":"Singing Bowl","floor":48}],"player_experience":998002,"relics_obtained":[{"floor":7,"key":"Mercury Hourglass"},{"floor":9,"key":"Lantern"},{"floor":10,"key":"Singing Bowl"},{"floor":21,"key":"Red Mask"},{"floor":23,"key":"Pear"},{"floor":25,"key":"DataDisk"},{"floor":26,"key":"Bronze Scales"},{"floor":30,"key":"Bag of Marbles"},{"floor":40,"key":"Kunai"},{"floor":43,"key":"Meat on the Bone"},{"floor":44,"key":"Old Coin"},{"floor":47,"key":"Calipers"}],"event_choices":[{"damage_healed":0,"gold_gain":0,"player_choice":"Gave Potion","damage_taken":0,"relics_obtained":["Ornamental Fan"],"max_hp_gain":0,"max_hp_loss":0,"event_name":"WeMeetAgain","floor":4,"gold_loss":0},{"damage_healed":0,"gold_gain":0,"player_choice":"Got Potions","damage_taken":0,"max_hp_gain":0,"max_hp_loss":0,"event_name":"Lab","floor":12,"gold_loss":0},{"cards_removed":["Strike_B"],"damage_healed":0,"gold_gain":0,"player_choice":"Forget","damage_taken":0,"max_hp_gain":0,"max_hp_loss":0,"event_name":"Living Wall","floor":14,"gold_loss":0},{"damage_healed":0,"gold_gain":0,"player_choice":"Ignored","damage_taken":0,"max_hp_gain":0,"max_hp_loss":0,"event_name":"Ghosts","floor":20,"gold_loss":0},{"damage_healed":0,"gold_gain":0,"player_choice":"Fought Bandits","damage_taken":0,"max_hp_gain":0,"max_hp_loss":0,"event_name":"Masked Bandits","floor":21,"gold_loss":0},{"cards_removed":["Strike_B"],"damage_healed":0,"gold_gain":0,"player_choice":"Single Remove","damage_taken":0,"max_hp_gain":0,"max_hp_loss":0,"event_name":"Designer","floor":36,"gold_loss":60},{"damage_healed":0,"gold_gain":0,"player_choice":"Fight","damage_taken":0,"max_hp_gain":0,"max_hp_loss":0,"event_name":"Mysterious Sphere","floor":44,"gold_loss":0}],"is_beta":false,"boss_relics":[{"not_picked":["SlaversCollar","Runic Pyramid"],"picked":"Velvet Choker"},{"not_picked":["Tiny House","Coffee Dripper"],"picked":"Snecko Eye"}],"items_purged_floors":[5,28],"is_endless":false,"potions_floor_spawned":[1,7,13,18,19,25,29,31,33,42,44,47,48],"ascension_level":11}}