{"host":"u7lm8z2rvb4dg2oo","time":1609479651,"event":{"mods":["AchievementEnabler","BaseMod","Colored Map","Colored Powertips","Curses Come First","Googly Eyes","Highlight Path","Minty Spire (QoL Compilation)","Quick Restart","StSLib"],"gold_per_floor":[117,131,148,162,16,49,49,49,117,134,134,151,185,38,38,138,138,151,161,161,22,22,49,66,93,116,116,126,76,120,45,45,150,150,168,168,193,202,257,257,294,294,317,317,317],"floor_reached":44,"playtime":2018,"items_purged":["Strike_P"],"score":739,"play_id":"0358c94b-54f4-4961-9522-77dc846d2d43","local_time":"20210101004051","is_ascension_mode":true,"campfire_choices":[{"data":"Devotion","floor":7.0,"key":"SMITH"},{"data":"FearNoEvil","floor":11.0,"key":"SMITH"},{"data":"WindmillStrike","floor":15.0,"key":"SMITH"},{"floor":27.0,"key":"REST"},{"floor":32.0,"key":"REST"},{"floor":40.0,"key":"REST"},{"floor":42.0,"key":"RECALL"}],"circlet_count":0,"master_deck":["Strike_P","Strike_P","Defend_P","Defend_P","Defend_P","Defend_P","Eruption","Vigilance","CutThroughFate","ReachHeaven","Protect","FearNoEvil","Devotion+1","Vengeance","FearNoEvil+1","WindmillStrike+1","Vault+1","TalkToTheHand+1","Ragnarok","SandsOfTime+1","Scrawl","Prostrate","Jack Of All Trades","Parasite","Wallop"],"relics":["PureWater","NeowsBlessing","Blood Vial","Incense Burner","HornCleat","Oddly Smooth Stone","Sling","Fusion Hammer","Pear","Question Card","Regal Pillow","CeramicFish","SacredBark","Mango","PreservedInsect"],"acts_visited":["Exordium","TheCity","TheBeyond"],"potions_floor_usage":[],"damage_taken":[{"damage":0.0,"enemies":"Small Slimes","floor":1.0,"turns":1.0},{"damage":0.0,"enemies":"Jaw Worm","floor":2.0,"turns":1.0},{"damage":0.0,"enemies":"Cultist","floor":3.0,"turns":1.0},{"damage":21.0,"enemies":"Lots of Slimes","floor":4.0,"turns":6.0},{"damage":0.0,"enemies":"Gremlin Nob","floor":6.0,"turns":2.0},{"damage":5.0,"enemies":"3 Louse","floor":10.0,"turns":3.0},{"damage":3.0,"enemies":"Exordium Thugs","floor":12.0,"turns":4.0},{"damage":0.0,"enemies":"3 Sentries","floor":13.0,"turns":3.0},{"damage":34.0,"enemies":"The Guardian","floor":16.0,"turns":8.0},{"damage":8.0,"enemies":"2 Thieves","floor":18.0,"turns":5.0},{"damage":0.0,"enemies":"Shell Parasite","floor":19.0,"turns":4.0},{"damage":0.0,"enemies":"Gremlin Leader","floor":23.0,"turns":3.0},{"damage":24.0,"enemies":"Snake Plant","floor":24.0,"turns":3.0},{"damage":11.0,"enemies":"Slavers","floor":25.0,"turns":5.0},{"damage":0.0,"enemies":"3 Cultists","floor":28.0,"turns":4.0},{"damage":3.0,"enemies":"Book of Stabbing","floor":30.0,"turns":5.0},{"damage":162.0,"enemies":"Automaton","floor":33.0,"turns":8.0},{"damage":5.0,"enemies":"Orb Walker","floor":35.0,"turns":3.0},{"damage":20.0,"enemies":"3 Darklings","floor":37.0,"turns":5.0},{"damage":32.0,"enemies":"2 Orb Walkers","floor":39.0,"turns":5.0},{"damage":1.0,"enemies":"Writhing Mass","floor":41.0,"turns":6.0},{"damage":0,"enemies":"Giant Head","floor":44,"turns":3}],"seed_played":"306328054570582668","potions_obtained":[{"floor":1.0,"key":"Fire Potion"},{"floor":6.0,"key":"AttackPotion"},{"floor":16.0,"key":"FearPotion"},{"floor":18.0,"key":"EssenceOfSteel"},{"floor":24.0,"key":"PowerPotion"},{"floor":25.0,"key":"FairyPotion"},{"floor":33.0,"key":"SpeedPotion"},{"floor":39.0,"key":"Fruit Juice"},{"floor":41.0,"key":"Block Potion"}],"is_trial":false,"path_per_floor":["M","M","M","M","$","E","R","?","T","M","R","M","E","$","R","B",null,"M","M","?","$","$","E","M","E","T","R","M","?","E","$","R","B",null,"M","?","M","?","?","R","M","R","T","E"],"character_chosen":"WATCHER","items_purchased":["Blood Vial","Sling","Ragnarok"],"campfire_rested":3,"item_purchase_floors":[5,14,21],"current_hp_per_floor":[72,72,72,51,51,53,53,53,53,50,50,49,51,51,51,19,59,53,55,55,55,55,67,45,36,36,75,77,77,76,76,82,24,68,65,82,62,62,56,102,103,103,103,105,105],"gold":317,"neow_bonus":"THREE_ENEMY_KILL","is_daily":false,"chose_seed":false,"campfire_upgraded":3,"win_rate":0.0,"timestamp":1609479651,"path_taken":["M","M","M","M","$","E","R","?","T","M","R","M","E","$","R","BOSS","M","M","?","?","$","E","?","E","T","R","M","?","E","?","R","BOSS","M","?","?","?","?","R","M","R","T","E"],"items_purchased_type":["Relic","Relic","Card"],"build_version":"2020-12-22","purchased_purges":1,"victory":false,"max_hp_per_floor":[72,72,72,72,72,72,72,72,72,72,72,72,72,72,72,72,72,72,72,72,72,72,82,82,82,82,82,82,82,82,82,82,82,82,82,82,82,82,106,106,106,106,106,106,106],"card_choices":[{"not_picked":["CrushJoints","FlyingSleeves"],"picked":"CutThroughFate","floor":1.0},{"not_picked":["CrushJoints","CutThroughFate"],"picked":"ReachHeaven","floor":2.0},{"not_picked":["Prostrate","Nirvana"],"picked":"Protect","floor":3.0},{"not_picked":["ThirdEye","Meditate"],"picked":"FearNoEvil","floor":4.0},{"not_picked":["Evaluate","Crescendo"],"picked":"Devotion","floor":6.0},{"not_picked":["FlurryOfBlows","Evaluate"],"picked":"FearNoEvil","floor":10.0},{"not_picked":["Prostrate","FollowUp"],"picked":"WindmillStrike","floor":12.0},{"not_picked":["FlurryOfBlows","WreathOfFlame","EmptyBody"],"picked":"SKIP","floor":13.0},{"not_picked":["Omniscience","Alpha"],"picked":"Vault","floor":16.0},{"not_picked":["FlyingSleeves+1","ThirdEye+1","JustLucky"],"picked":"SKIP","floor":18.0},{"not_picked":["Prostrate","Nirvana+1"],"picked":"TalkToTheHand+1","floor":19.0},{"not_picked":["ThirdEye","Omniscience"],"picked":"SandsOfTime","floor":23.0},{"not_picked":["CutThroughFate","LikeWater+1","FollowUp"],"picked":"SKIP","floor":24.0},{"not_picked":["Nirvana","Halt","CrushJoints+1"],"picked":"SKIP","floor":25.0},{"not_picked":["Crescendo","Vengeance","CarveReality","Worship"],"picked":"SKIP","floor":28.0},{"not_picked":["Perseverance","SashWhip","Halt"],"picked":"SandsOfTime+1","floor":30.0},{"not_picked":["Vault","DeusExMachina","Brilliance"],"picked":"Scrawl","floor":33.0},{"not_picked":["Collect","LikeWater","FlurryOfBlows","WaveOfTheHand"],"picked":"SKIP","floor":35.0},{"not_picked":["SashWhip","Evaluate+1","JustLucky"],"picked":"Prostrate","floor":37.0},{"not_picked":["Dark Shackles","Sadistic Nature","Blind"],"picked":"Jack Of All Trades","floor":38.0},{"not_picked":["Wireheading+1","Consecrate","FlurryOfBlows+1"],"picked":"Wallop","floor":41.0}],"player_experience":1018722,"relics_obtained":[{"floor":6.0,"key":"Incense Burner"},{"floor":9.0,"key":"HornCleat"},{"floor":13.0,"key":"Oddly Smooth Stone"},{"floor":23.0,"key":"Pear"},{"floor":25.0,"key":"Question Card"},{"floor":26.0,"key":"Regal Pillow"},{"floor":30.0,"key":"CeramicFish"},{"floor":39.0,"key":"Mango"},{"floor":43.0,"key":"PreservedInsect"}],"event_choices":[{"damage_healed":0.0,"max_hp_gain":0.0,"max_hp_loss":0.0,"gold_gain":0.0,"cards_transformed":["Strike_P"],"event_name":"Living Wall","player_choice":"Change","floor":8.0,"gold_loss":0.0,"damage_taken":0.0,"cards_obtained":["Vengeance"]},{"damage_healed":0.0,"max_hp_gain":0.0,"max_hp_loss":0.0,"gold_gain":0.0,"event_name":"Upgrade Shrine","player_choice":"Upgraded","floor":20.0,"gold_loss":0.0,"damage_taken":0.0,"cards_upgraded":["Vault"]},{"damage_healed":0.0,"max_hp_gain":0.0,"max_hp_loss":0.0,"gold_gain":0.0,"event_name":"The Joust","player_choice":"Bet on Murderer","floor":29.0,"gold_loss":50.0,"damage_taken":0.0},{"cards_removed":["SandsOfTime"],"damage_healed":17.0,"max_hp_gain":0.0,"max_hp_loss":0.0,"gold_gain":0.0,"event_name":"Bonfire Elementals","player_choice":"Offered Uncommon","floor":36.0,"gold_loss":0.0,"damage_taken":0.0},{"damage_healed":0.0,"max_hp_gain":0.0,"max_hp_loss":0.0,"gold_gain":0.0,"event_name":"SensoryStone","player_choice":"Memory 1","floor":38.0,"gold_loss":0.0,"damage_taken":0.0},{"damage_healed":0.0,"max_hp_gain":0.0,"max_hp_loss":0.0,"gold_gain":0.0,"event_name":"Mysterious Sphere","player_choice":"Fight","floor":39.0,"gold_loss":0.0,"damage_taken":0.0}],"is_beta":false,"boss_relics":[{"not_picked":["Sozu","Busted Crown"],"picked":"Fusion Hammer"},{"not_picked":["Runic Pyramid","Cursed Key"],"picked":"SacredBark"}],"items_purged_floors":[31],"is_endless":false,"potions_floor_spawned":[1,6,16,18,24,25,33,39,41],"killed_by":"Giant Head","ascension_level":5}}