{"host":"yvb207ks1sg3cxef","time":1609505234,"event":{"mods":["2.2 Compatiblity","BaseMod","Bestiary","Colored Powertips","Minty Spire (QoL Compilation)","Permanent Neow","Quick Restart","Relic Stats","StSLib"],"gold_per_floor":[110,110,133,151,76,112,112,147,147,147,162,192,192,227,227,320,320,343,358,42,67,81,112,151,151,228,228,269,293,329,367,367,463,463,488,488,488],"floor_reached":36,"playtime":2005,"items_purged":["Strike_G","Strike_G"],"score":1017,"play_id":"93671196-a9bb-4209-9689-781a83ea0be9","local_time":"20210101181714","is_ascension_mode":true,"campfire_choices":[{"data":"Reflex","floor":10,"key":"SMITH"},{"floor":13,"key":"REST"},{"data":"Predator","floor":15,"key":"SMITH"},{"data":"Concentrate","floor":25,"key":"SMITH"},{"data":"Acrobatics","floor":27,"key":"SMITH"},{"data":"A Thousand Cuts","floor":32,"key":"SMITH"}],"circlet_count":0,"master_deck":["AscendersBane","Strike_G","Strike_G","Defend_G","Defend_G","Defend_G","Defend_G","Survivor","Neutralize","Dagger Throw","Glass Knife","Leg Sweep","Predator+1","Reflex+1","Predator","Dagger Throw","Backflip","Backflip","Flying Knee+1","Deadly Poison","Acrobatics+1","Concentrate+1","Prepared","Prepared","A Thousand Cuts+1","After Image","Noxious Fumes+1"],"relics":["Ring of the Serpent","Golden Idol","HornCleat","Sundial","Lantern","Mercury Hourglass","MealTicket","SlaversCollar","TwistedFunnel","Mango","Red Mask","Letter Opener","WingedGreaves","Oddly Smooth Stone","Anchor"],"acts_visited":["Exordium","TheCity","TheBeyond"],"potions_floor_usage":[14,16,23,30,33,36],"damage_taken":[{"damage":0,"enemies":"Jaw Worm","floor":1,"turns":3},{"damage":1,"enemies":"2 Louse","floor":3,"turns":2},{"damage":1,"enemies":"Cultist","floor":4,"turns":3},{"damage":21,"enemies":"Gremlin Nob","floor":6,"turns":4},{"damage":40,"enemies":"Lagavulin","floor":8,"turns":7},{"damage":0,"enemies":"Blue Slaver","floor":11,"turns":3},{"damage":0,"enemies":"3 Sentries","floor":14,"turns":5},{"damage":13,"enemies":"Hexaghost","floor":16,"turns":11},{"damage":4,"enemies":"Shell Parasite","floor":18,"turns":6},{"damage":2,"enemies":"3 Byrds","floor":19,"turns":6},{"damage":2,"enemies":"Snecko","floor":21,"turns":4},{"damage":22,"enemies":"Shelled Parasite and Fungi","floor":22,"turns":12},{"damage":11,"enemies":"Book of Stabbing","floor":23,"turns":5},{"damage":0,"enemies":"Masked Bandits","floor":24,"turns":3},{"damage":1,"enemies":"Gremlin Leader","floor":28,"turns":5},{"damage":0,"enemies":"Centurion and Healer","floor":29,"turns":8},{"damage":0,"enemies":"Book of Stabbing","floor":30,"turns":3},{"damage":0,"enemies":"Gremlin Leader","floor":31,"turns":4},{"damage":21,"enemies":"Collector","floor":33,"turns":9},{"damage":23,"enemies":"3 Darklings","floor":35,"turns":4},{"damage":36,"enemies":"2 Orb Walkers","floor":36,"turns":4}],"seed_played":"5707494428276273453","potions_obtained":[{"floor":1,"key":"Weak Potion"},{"floor":4,"key":"FairyPotion"},{"floor":8,"key":"CunningPotion"},{"floor":11,"key":"BlessingOfTheForge"},{"floor":14,"key":"Ancient Potion"},{"floor":22,"key":"Fire Potion"},{"floor":23,"key":"GhostInAJar"},{"floor":29,"key":"PowerPotion"},{"floor":35,"key":"LiquidMemories"}],"is_trial":false,"path_per_floor":["M","?","M","M","$","E","T","E","T","R","M","?","R","E","R","B",null,"M","M","$","M","M","E","?","R","T","R","E","M","E","E","R","B",null,"M","?"],"character_chosen":"THE_SILENT","items_purchased":["TwistedFunnel","Deadly Poison"],"campfire_rested":1,"item_purchase_floors":[20,20],"current_hp_per_floor":[59,54,53,52,52,31,31,16,16,16,16,16,32,32,32,19,45,41,39,54,52,30,33,33,33,33,33,32,32,32,32,32,11,54,31,0,0],"gold":488,"neow_bonus":"TRANSFORM_TWO_CARDS","is_daily":false,"chose_seed":false,"campfire_upgraded":5,"win_rate":0.0,"timestamp":1609505234,"path_taken":["M","?","M","M","$","E","?","E","T","R","M","?","R","E","R","BOSS","M","M","$","M","M","E","?","R","T","R","E","M","E","E","R","BOSS","M","?"],"items_purchased_type":["Relic","Card"],"build_version":"2020-12-22","purchased_purges":2,"victory":false,"max_hp_per_floor":[60,54,54,54,54,54,54,54,54,54,54,54,54,54,54,54,54,54,54,54,54,54,68,68,68,68,68,68,68,68,68,68,68,68,68,68,68],"relic_stats":{"counters":[21,110],"Golden Idol":147,"Sundial":[28],"MealTicket":15,"Letter Opener":[146],"obtain_stats":[{"TwistedFunnel":20,"Lantern":8,"Golden Idol":2,"Oddly Smooth Stone":30,"Mango":23,"Letter Opener":26,"Mercury Hourglass":9,"SlaversCollar":17,"Anchor":31,"HornCleat":6,"Sundial":7,"MealTicket":14,"WingedGreaves":28,"Red Mask":24,"Ring of the Serpent":34,"Ring of the Snake":0},{"TwistedFunnel":10,"Lantern":5,"Golden Idol":1,"Oddly Smooth Stone":17,"Mango":13,"Letter Opener":14,"Mercury Hourglass":5,"SlaversCollar":8,"Anchor":18,"HornCleat":4,"Sundial":4,"MealTicket":7,"WingedGreaves":15,"Red Mask":14,"Ring of the Serpent":19,"Ring of the Snake":0},{"TwistedFunnel":49,"Lantern":19,"Golden Idol":3,"Oddly Smooth Stone":89,"Mango":70,"Letter Opener":73,"Mercury Hourglass":19,"SlaversCollar":37,"Anchor":93,"HornCleat":12,"Sundial":12,"MealTicket":26,"WingedGreaves":78,"Red Mask":73,"Ring of the Serpent":102,"Ring of the Snake":0}],"Mercury Hourglass":[333]},"card_choices":[{"not_picked":["Infinite Blades","Flechettes","Flying Knee"],"picked":"SKIP","floor":1},{"not_picked":["Flying Knee","Bouncing Flask"],"picked":"Leg Sweep","floor":3},{"not_picked":["Dagger Spray","Expertise"],"picked":"Predator","floor":4},{"not_picked":["Concentrate","Blade Dance"],"picked":"Reflex","floor":6},{"not_picked":["Blur","PiercingWail"],"picked":"Predator","floor":8},{"not_picked":["Setup","PiercingWail"],"picked":"Dagger Throw","floor":11},{"not_picked":["Riddle With Holes","Leg Sweep"],"picked":"Backflip","floor":14},{"not_picked":["Poisoned Stab","Terror"],"picked":"Backflip","floor":18},{"not_picked":["Sucker Punch","Dodge and Roll"],"picked":"Flying Knee+1","floor":19},{"not_picked":["Catalyst","Backflip+1"],"picked":"Acrobatics","floor":21},{"not_picked":["Catalyst","Blade Dance","Sucker Punch"],"picked":"SKIP","floor":22},{"not_picked":["Venomology","Underhanded Strike"],"picked":"Concentrate","floor":23},{"not_picked":["Escape Plan","Flying Knee","Slice+1"],"picked":"SKIP","floor":28},{"not_picked":["Crippling Poison","Eviscerate"],"picked":"Prepared","floor":29},{"not_picked":["Dagger Throw","Riddle With Holes"],"picked":"Prepared","floor":30},{"not_picked":["Caltrops","Choke"],"picked":"A Thousand Cuts","floor":31},{"not_picked":["Night Terror","Bullet Time"],"picked":"After Image","floor":33},{"not_picked":["Setup+1","Blade Dance+1"],"picked":"Noxious Fumes+1","floor":35}],"player_experience":262956,"relics_obtained":[{"floor":6,"key":"HornCleat"},{"floor":7,"key":"Sundial"},{"floor":8,"key":"Lantern"},{"floor":9,"key":"Mercury Hourglass"},{"floor":14,"key":"MealTicket"},{"floor":23,"key":"Mango"},{"floor":24,"key":"Red Mask"},{"floor":26,"key":"Letter Opener"},{"floor":28,"key":"WingedGreaves"},{"floor":30,"key":"Oddly Smooth Stone"},{"floor":31,"key":"Anchor"}],"event_choices":[{"damage_healed":0,"gold_gain":0,"player_choice":"Lose Max HP","damage_taken":0,"relics_obtained":["Golden Idol"],"max_hp_gain":0,"max_hp_loss":6,"event_name":"Golden Idol","floor":2,"gold_loss":0},{"damage_healed":0,"gold_gain":30,"player_choice":"Searched \u00272\u0027 times","damage_taken":0,"max_hp_gain":0,"max_hp_loss":0,"event_name":"Dead Adventurer","floor":12,"gold_loss":0},{"damage_healed":0,"gold_gain":0,"player_choice":"Fought Bandits","damage_taken":0,"max_hp_gain":0,"max_hp_loss":0,"event_name":"Masked Bandits","floor":24,"gold_loss":0},{"damage_healed":0,"gold_gain":0,"player_choice":"Fight","damage_taken":0,"max_hp_gain":0,"max_hp_loss":0,"event_name":"Mysterious Sphere","floor":36,"gold_loss":0}],"is_beta":false,"boss_relics":[{"not_picked":["Astrolabe","Philosopher\u0027s Stone"],"picked":"SlaversCollar"},{"not_picked":["Cursed Key","Empty Cage"],"picked":"Ring of the Serpent"}],"items_purged_floors":[5,20],"is_endless":false,"potions_floor_spawned":[1,4,8,11,14,22,23,24,28,29,35],"killed_by":"2 Orb Walkers","ascension_level":18}}