{"host":"6p0attdrtjqaih7v","time":1609528013,"event":{"mods":["2.2 Compatiblity","AchievementEnabler","Bard","BaseMod","Better Skull","Better Third Choice","Colored Powertips","Hermit","Highlight Path","Jorbs\u0027s Wanderer Trilogy","Key Reminder","Minty Spire (QoL Compilation)","Permanent Neow","Quick Restart","Random Character Button","Relic Stats","Replay The Spire","StSLib","The Construct"],"gold_per_floor":[114,125,125,143,156,190,190,225,225,225,275,293,326,6,6,95,95,109,134,168,189,189,220,220,260,260,273,289,189,203,223,223,316,316,339,339,354,74,95,95,111,24,72,131,170,170,183,196,196,196],"floor_reached":51,"playtime":2512,"items_purged":["Anger","Strike_R"],"score":1460,"play_id":"34b0e437-7afa-4233-8bd1-39a5a1701c9a","local_time":"20210101140653","is_ascension_mode":true,"campfire_choices":[{"floor":7,"key":"REST"},{"data":"Fire Breathing","floor":10,"key":"SMITH"},{"data":"Juggernaut","floor":15,"key":"SMITH"},{"data":"Immolate","floor":24,"key":"SMITH"},{"data":"Immolate","floor":32,"key":"SMITH"},{"data":"Shockwave","floor":40,"key":"SMITH"},{"data":"Clothesline","floor":46,"key":"SMITH"},{"data":"Power Through","floor":49,"key":"SMITH"}],"circlet_count":0,"master_deck":["AscendersBane","Strike_R","Strike_R","Strike_R","Defend_R","Defend_R","Defend_R","Defend_R","Bash","Headbutt","Hemokinesis","Fire Breathing+1","Reckless Charge","Demonic Infusion","Juggernaut+1","Immolate+1","Evolve","ReplayTheSpireMod:Limb From Limb","Disarm","Thunderclap","Immolate+1","Shrug It Off","Corruption","Flame Barrier","Shrug It Off","Clothesline+1","Feel No Pain","Battle Trance","Second Wind","Barricade","Shockwave+1","Battle Trance","Shrug It Off","Master of Strategy","Metallicize","Pot Of Greed","Pot Of Greed","Pot Of Greed","Impervious","Pot Of Greed","Power Through+1"],"relics":["Burning Blood","Golden Idol","Ice Cream","Anchor","Meat on the Bone","Matryoshka","Prayer Wheel","Snecko Eye","Red Mask","Sundial","Du-Vu Doll","Akabeko","Garlic","Ring of Chaos","Grinning Jar","Vajra","CaptainsWheel","Replay:PocketPolymizer"],"acts_visited":["Exordium","TheCity","TheBeyond"],"potions_floor_usage":[8,19,21,23,25,33,50,50],"damage_taken":[{"damage":0,"enemies":"2 Louse","floor":1,"turns":3},{"damage":6,"enemies":"Jaw Worm","floor":2,"turns":3},{"damage":2,"enemies":"Cultist","floor":4,"turns":3},{"damage":23,"enemies":"Large Slime","floor":5,"turns":5},{"damage":36,"enemies":"Gremlin Nob","floor":6,"turns":4},{"damage":24,"enemies":"3 Sentries","floor":8,"turns":7},{"damage":7,"enemies":"3 Louse","floor":12,"turns":4},{"damage":10,"enemies":"Gremlin Nob","floor":13,"turns":3},{"damage":12,"enemies":"Slime Boss","floor":16,"turns":6},{"damage":5,"enemies":"Spheric Guardian","floor":18,"turns":3},{"damage":15,"enemies":"Chosen","floor":19,"turns":5},{"damage":0,"enemies":"Masked Bandits","floor":20,"turns":2},{"damage":0,"enemies":"Shelled Parasite and Fungi","floor":21,"turns":2},{"damage":2,"enemies":"Replay:Snechameleon","floor":23,"turns":5},{"damage":4,"enemies":"Book of Stabbing","floor":25,"turns":4},{"damage":2,"enemies":"Centurion and Healer","floor":27,"turns":2},{"damage":2,"enemies":"Snake Plant","floor":28,"turns":2},{"damage":0,"enemies":"Chosen and Byrds","floor":30,"turns":3},{"damage":0,"enemies":"3 Cultists","floor":31,"turns":3},{"damage":56,"enemies":"Champ","floor":33,"turns":11},{"damage":2,"enemies":"3 Shapes","floor":35,"turns":4},{"damage":0,"enemies":"Orb Walker","floor":37,"turns":3},{"damage":10,"enemies":"4 Shapes","floor":39,"turns":6},{"damage":2,"enemies":"Maw","floor":41,"turns":6},{"damage":2,"enemies":"2 Orb Walkers","floor":44,"turns":4},{"damage":10,"enemies":"Giant Head","floor":45,"turns":6},{"damage":2,"enemies":"Jaw Worm Horde","floor":47,"turns":3},{"damage":2,"enemies":"4 Shapes","floor":48,"turns":4},{"damage":10,"enemies":"Donu and Deca","floor":50,"turns":6}],"seed_played":"-4824954703516459994","potions_obtained":[{"floor":4,"key":"Dexterity Potion"},{"floor":6,"key":"Milkshake"},{"floor":16,"key":"PowerPotion"},{"floor":20,"key":"SkillPotion"},{"floor":21,"key":"Dexterity Potion"},{"floor":23,"key":"Weak Potion"},{"floor":25,"key":"SpeedPotion"},{"floor":31,"key":"Toxic Potion"},{"floor":35,"key":"SkillPotion"},{"floor":37,"key":"BloodPotion"},{"floor":45,"key":"PowerPotion"},{"floor":48,"key":"Adrenaline Potion"}],"is_trial":false,"path_per_floor":["M","M","?","M","M","E","R","E","T","R","?","M","E","$","R","B",null,"M","M","?","M","?","E","R","E","T","M","M","$","M","M","R","B",null,"M","?","M","$","M","R","M","$","T","?","E","R","M","M","R","B",null],"character_chosen":"IRONCLAD","items_purchased":["Prayer Wheel","Clothesline","Master of Strategy","Metallicize"],"campfire_rested":1,"item_purchase_floors":[14,29,38,42],"current_hp_per_floor":[74,74,68,68,51,21,41,23,23,23,23,34,42,42,42,48,63,64,55,61,67,67,68,68,68,68,68,68,68,68,68,68,30,59,63,65,68,68,64,64,68,68,68,68,64,64,68,68,68,64],"gold":196,"neow_bonus":"TRANSFORM_CARD","is_daily":false,"chose_seed":false,"campfire_upgraded":7,"win_rate":0.0,"timestamp":1609528013,"path_taken":["M","M","?","M","M","E","R","E","T","R","?","M","E","$","R","BOSS","M","M","?","M","?","E","R","E","T","M","M","$","M","M","R","BOSS","M","?","?","$","M","R","M","?","T","?","E","R","M","M","R","BOSS"],"items_purchased_type":["Relic","Card","Card","Card"],"build_version":"2020-12-22","purchased_purges":2,"victory":true,"max_hp_per_floor":[75,75,68,68,68,68,68,68,68,68,68,68,68,68,68,68,68,68,68,68,68,68,68,68,68,68,68,68,68,68,68,68,68,68,68,68,68,68,68,68,68,68,68,68,68,68,68,68,68,68],"relic_stats":{"counters":[29,122],"Golden Idol":175,"Sundial":[6],"Snecko Eye":[159,174,153,148],"Prayer Wheel":13,"obtain_stats":[{"Ice Cream":6,"Replay:PocketPolymizer":45,"Golden Idol":3,"Vajra":43,"Ring of Chaos":34,"Burning Blood":0,"Akabeko":26,"Du-Vu Doll":25,"Anchor":8,"CaptainsWheel":44,"Matryoshka":13,"Sundial":23,"Snecko Eye":17,"Prayer Wheel":14,"Red Mask":20,"Garlic":26,"Grinning Jar":43,"Meat on the Bone":9},{"Ice Cream":5,"Replay:PocketPolymizer":26,"Golden Idol":2,"Vajra":24,"Ring of Chaos":20,"Burning Blood":0,"Akabeko":15,"Du-Vu Doll":15,"Anchor":6,"CaptainsWheel":25,"Matryoshka":8,"Sundial":14,"Snecko Eye":9,"Prayer Wheel":8,"Red Mask":12,"Garlic":15,"Grinning Jar":24,"Meat on the Bone":6},{"Ice Cream":18,"Replay:PocketPolymizer":109,"Golden Idol":6,"Vajra":99,"Ring of Chaos":80,"Burning Blood":0,"Akabeko":59,"Du-Vu Doll":59,"Anchor":25,"CaptainsWheel":103,"Matryoshka":32,"Sundial":55,"Snecko Eye":38,"Prayer Wheel":32,"Red Mask":48,"Garlic":59,"Grinning Jar":99,"Meat on the Bone":25}],"Burning Blood":134,"Meat on the Bone":48},"card_choices":[{"not_picked":["Iron Wave","Armaments"],"picked":"Hemokinesis","floor":1},{"not_picked":["Flex","Clothesline"],"picked":"Anger","floor":2},{"not_picked":["Dropkick","Pommel Strike"],"picked":"Fire Breathing","floor":4},{"not_picked":["Cleave","Pommel Strike"],"picked":"Reckless Charge","floor":5},{"not_picked":["ReplayTheSpireMod:Limb From Limb","Rupture"],"picked":"Demonic Infusion","floor":6},{"not_picked":["Rupture","Searing Blow"],"picked":"Juggernaut","floor":8},{"not_picked":["Twin Strike","Clash","Body Slam"],"picked":"SKIP","floor":12},{"not_picked":["Body Slam","ReplayTheSpireMod:Muscle Training","Barricade"],"picked":"SKIP","floor":13},{"not_picked":["Exhume","Hemogenesis"],"picked":"Immolate","floor":16},{"not_picked":["Carnage","Rampage"],"picked":"Evolve","floor":18},{"not_picked":["Havoc","Pummel"],"picked":"ReplayTheSpireMod:Limb From Limb","floor":18},{"not_picked":["Whirlwind","Armaments"],"picked":"Disarm","floor":19},{"not_picked":["True Grit","Dual Wield","Reckless Charge"],"picked":"SKIP","floor":19},{"not_picked":["Body Slam","Armaments"],"picked":"Thunderclap","floor":20},{"not_picked":["Sever Soul","ReplayTheSpireMod:Limb From Limb"],"picked":"Immolate","floor":21},{"not_picked":["Combust+1","Wild Strike"],"picked":"Shrug It Off","floor":21},{"not_picked":["Iron Wave","Anger","Twin Strike"],"picked":"SKIP","floor":23},{"not_picked":["Flex","Twin Strike"],"picked":"Corruption","floor":25},{"not_picked":["Dropkick","Body Slam","Dual Wield"],"picked":"SKIP","floor":27},{"not_picked":["Body Slam+1","Rupture","Perfected Strike"],"picked":"SKIP","floor":27},{"not_picked":["Immolate","Perfected Strike"],"picked":"Flame Barrier","floor":28},{"not_picked":["Clash","Carnage+1"],"picked":"Shrug It Off","floor":28},{"not_picked":["Cleave","Body Slam"],"picked":"Feel No Pain","floor":30},{"not_picked":["Cleave","Burning Pact"],"picked":"Battle Trance","floor":30},{"not_picked":["Twin Strike","True Grit"],"picked":"Second Wind","floor":31},{"not_picked":["Flex","Body Slam+1","Reckless Charge+1"],"picked":"SKIP","floor":31},{"not_picked":["Berserk","Juggernaut"],"picked":"Barricade","floor":33},{"not_picked":["Rupture","Havoc+1"],"picked":"Shockwave","floor":35},{"not_picked":["Headbutt","Thunderclap"],"picked":"Battle Trance","floor":35},{"not_picked":["Whirlwind+1","Havoc"],"picked":"Shrug It Off","floor":37},{"not_picked":["Ghostly Armor+1","Cleave","Reckless Charge"],"picked":"SKIP","floor":37},{"not_picked":["Evolve","Uppercut","ReplayTheSpireMod:Limb From Limb"],"picked":"SKIP","floor":39},{"not_picked":["Armaments","Uppercut","Rage"],"picked":"SKIP","floor":39},{"not_picked":["Armaments","Clash","ReplayTheSpireMod:Limb From Limb"],"picked":"SKIP","floor":41},{"not_picked":["Body Slam","Anger+1","Rampage"],"picked":"SKIP","floor":41},{"not_picked":["Wild Strike","Thunderclap+1"],"picked":"Impervious","floor":45},{"not_picked":["Headbutt","Sever Soul","Combust"],"picked":"SKIP","floor":47},{"not_picked":["Wild Strike","Sword Boomerang+1","Perfected Strike"],"picked":"SKIP","floor":47},{"not_picked":["Rampage","Dual Wield+1"],"picked":"Power Through","floor":48},{"not_picked":["Searing Blow","Hemokinesis","Warcry"],"picked":"SKIP","floor":48}],"player_experience":936317,"relics_obtained":[{"floor":6,"key":"Ice Cream"},{"floor":8,"key":"Anchor"},{"floor":9,"key":"Meat on the Bone"},{"floor":13,"key":"Matryoshka"},{"floor":20,"key":"Red Mask"},{"floor":23,"key":"Sundial"},{"floor":25,"key":"Du-Vu Doll"},{"floor":26,"key":"Akabeko"},{"floor":26,"key":"Garlic"},{"floor":43,"key":"Grinning Jar"},{"floor":43,"key":"Vajra"},{"floor":44,"key":"CaptainsWheel"},{"floor":45,"key":"Replay:PocketPolymizer"}],"event_choices":[{"damage_healed":0,"gold_gain":0,"player_choice":"Lose Max HP","damage_taken":0,"relics_obtained":["Golden Idol"],"max_hp_gain":0,"max_hp_loss":7,"event_name":"Golden Idol","floor":3,"gold_loss":0},{"damage_healed":0,"gold_gain":50,"player_choice":"Pray","damage_taken":0,"max_hp_gain":0,"max_hp_loss":0,"event_name":"Golden Shrine","floor":11,"gold_loss":0},{"damage_healed":0,"gold_gain":0,"player_choice":"Fought Bandits","damage_taken":0,"max_hp_gain":0,"max_hp_loss":0,"event_name":"Masked Bandits","floor":20,"gold_loss":0},{"damage_healed":0,"gold_gain":0,"player_choice":"Random: Green","damage_taken":0,"max_hp_gain":0,"max_hp_loss":0,"event_name":"betterThird:BetterPortal","floor":36,"gold_loss":0},{"damage_healed":2,"gold_gain":0,"player_choice":"LEAVE ","damage_taken":0,"relics_obtained":[],"max_hp_gain":0,"max_hp_loss":0,"event_name":"betterSkull:BetterSkull","floor":36,"gold_loss":0,"cards_upgraded":[]},{"damage_healed":0,"gold_gain":0,"player_choice":"Fight","damage_taken":0,"max_hp_gain":0,"max_hp_loss":0,"event_name":"Mysterious Sphere","floor":44,"gold_loss":0}],"is_beta":false,"boss_relics":[{"not_picked":["Mark of Pain","Ooze Armor"],"picked":"Snecko Eye"},{"not_picked":["SacredBark","ReplayTheSpireMod:DimensionalGlitch"],"picked":"Ring of Chaos"}],"items_purged_floors":[29,38],"is_endless":false,"potions_floor_spawned":[4,6,16,20,21,23,25,27,31,35,37,45,48],"ascension_level":18}}