{"host":"kpyoctgc7jne3jiy","time":1609526383,"event":{"mods":["AchievementEnabler","BaseMod","Minty Spire (QoL Compilation)","Relic Stats"],"gold_per_floor":[118,68,85,105,105,105,131,148,171,171,185,185,6,38,38,157,157,193,193,193],"floor_reached":19,"playtime":856,"items_purged":[],"score":250,"play_id":"2557059c-486d-4460-ab65-c3b6c45caf3a","local_time":"20210101193943","is_ascension_mode":true,"campfire_choices":[{"data":"ReachHeaven","floor":6,"key":"SMITH"},{"floor":10,"key":"REST"},{"data":"TalkToTheHand","floor":12,"key":"SMITH"},{"floor":15,"key":"REST"}],"circlet_count":0,"master_deck":["Eruption","Vigilance","ReachHeaven+1","TalkToTheHand+1","MentalFortress","ThirdEye","CutThroughFate","HandOfGreed","Wish","DevaForm","ThirdEye","Wish","Sanctity","Fasting2","Ragnarok","SandsOfTime","Wallop","SashWhip+1"],"relics":["SlaversCollar","Lantern","Strawberry","Toy Ornithopter","Pandora\u0027s Box"],"acts_visited":["Exordium","TheCity"],"potions_floor_usage":[18],"damage_taken":[{"damage":0,"enemies":"Cultist","floor":1,"turns":3},{"damage":8,"enemies":"2 Louse","floor":3,"turns":3},{"damage":0,"enemies":"Jaw Worm","floor":4,"turns":4},{"damage":18,"enemies":"Lagavulin","floor":7,"turns":5},{"damage":2,"enemies":"3 Louse","floor":8,"turns":5},{"damage":4,"enemies":"Blue Slaver","floor":11,"turns":4},{"damage":22,"enemies":"Gremlin Nob","floor":14,"turns":3},{"damage":0,"enemies":"Slime Boss","floor":16,"turns":5},{"damage":18,"enemies":"Shell Parasite","floor":18,"turns":5},{"damage":54,"enemies":"3 Byrds","floor":19,"turns":6}],"seed_played":"2010873493165668115","potions_obtained":[{"floor":1,"key":"Weak Potion"},{"floor":4,"key":"Swift Potion"},{"floor":14,"key":"Regen Potion"},{"floor":16,"key":"PowerPotion"}],"is_trial":false,"path_per_floor":["M","?","M","M","?","R","E","M","T","R","M","R","$","E","R","B",null,"M","M"],"character_chosen":"WATCHER","items_purchased":["HandOfGreed"],"campfire_rested":2,"item_purchase_floors":[13],"current_hp_per_floor":[72,72,64,64,50,50,32,30,37,60,56,56,56,34,57,57,79,66,12,12],"gold":193,"neow_bonus":"BOSS_RELIC","is_daily":false,"chose_seed":false,"campfire_upgraded":2,"win_rate":0.0,"timestamp":1609526383,"path_taken":["M","?","M","M","?","R","E","M","T","R","M","R","$","E","R","BOSS","M","M"],"items_purchased_type":["Card"],"build_version":"2020-12-22","purchased_purges":0,"victory":false,"max_hp_per_floor":[72,72,72,72,72,72,72,72,79,79,79,79,79,79,79,79,79,79,79,79],"relic_stats":{"counters":[10,43],"Pandora\u0027s Box":["ThirdEye","Wish","Sanctity","Fasting2","Ragnarok","SandsOfTime","Wallop"],"obtain_stats":[{"SlaversCollar":0,"Lantern":7,"Strawberry":9,"Pandora\u0027s Box":17,"PureWater":0,"Toy Ornithopter":14},{"SlaversCollar":0,"Lantern":4,"Strawberry":5,"Pandora\u0027s Box":8,"PureWater":0,"Toy Ornithopter":7},{"SlaversCollar":0,"Lantern":15,"Strawberry":20,"Pandora\u0027s Box":32,"PureWater":0,"Toy Ornithopter":27}],"Toy Ornithopter":5},"card_choices":[{"not_picked":["Conclude","EmptyBody"],"picked":"ReachHeaven","floor":1},{"not_picked":["BowlingBash","ForeignInfluence"],"picked":"TalkToTheHand","floor":3},{"not_picked":["FlyingSleeves","Evaluate"],"picked":"MentalFortress","floor":4},{"not_picked":["SashWhip","JustLucky"],"picked":"ThirdEye","floor":7},{"not_picked":["FearNoEvil","EmptyBody"],"picked":"CutThroughFate","floor":8},{"not_picked":["Prostrate","CutThroughFate","PathToVictory"],"picked":"SKIP","floor":11},{"not_picked":["CutThroughFate","BattleHymn"],"picked":"Wish","floor":14},{"not_picked":["Ragnarok","Brilliance"],"picked":"DevaForm","floor":16},{"not_picked":["FearNoEvil","Sanctity"],"picked":"SashWhip+1","floor":18}],"player_experience":278929,"relics_obtained":[{"floor":7,"key":"Lantern"},{"floor":9,"key":"Strawberry"},{"floor":14,"key":"Toy Ornithopter"}],"event_choices":[{"cards_removed":["Strike_P"],"damage_healed":0,"gold_gain":0,"player_choice":"Card Removal","damage_taken":0,"max_hp_gain":0,"max_hp_loss":0,"event_name":"The Cleric","floor":2,"gold_loss":50},{"damage_healed":0,"gold_gain":0,"player_choice":"Entered Light","damage_taken":14,"max_hp_gain":0,"max_hp_loss":0,"event_name":"Shining Light","floor":5,"gold_loss":0,"cards_upgraded":["Strike_P","Defend_P"]}],"is_beta":false,"boss_relics":[{"not_picked":["SacredBark","Velvet Choker"],"picked":"Pandora\u0027s Box"}],"items_purged_floors":[],"is_endless":false,"potions_floor_spawned":[1,4,14,16],"killed_by":"3 Byrds","ascension_level":2}}