{"host":"gopu3kmfaoww0llm","time":1609495260,"event":{"mods":["BaseMod","DeckTracker","Minty Spire (QoL Compilation)","Quick Restart","StSLib","SuperFastMode"],"gold_per_floor":[113,113,133,133,147,147,191,214,214,214,229,154,154,193,193,286,286,299,180,180,74,90,90,90,90],"floor_reached":24,"playtime":308,"items_purged":["Strike_P"],"score":558,"play_id":"770a769f-5418-4e25-a6c2-6d830dba29f6","local_time":"20210101190100","is_ascension_mode":true,"campfire_choices":[{"data":"Eruption","floor":6.0,"key":"SMITH"},{"floor":10.0,"key":"RECALL"},{"floor":13.0,"key":"REST"},{"floor":15.0,"key":"REST"},{"data":"Scrawl","floor":23.0,"key":"SMITH"}],"circlet_count":0,"master_deck":["AscendersBane","Strike_P+1","Defend_P+1","Defend_P","Defend_P","Defend_P","Eruption+1","Vigilance","FlurryOfBlows","SignatureMove+1","FlurryOfBlows","LessonLearned+1","Scrawl+1","InnerPeace+1","Finesse"],"relics":["PureWater","NeowsBlessing","Golden Idol","Pen Nib","Juzu Bracelet","Question Card","VioletLotus"],"acts_visited":["Exordium","TheCity"],"potions_floor_usage":[24],"damage_taken":[{"damage":0.0,"enemies":"Jaw Worm","floor":1.0,"turns":1.0},{"damage":0.0,"enemies":"2 Louse","floor":3.0,"turns":2.0},{"damage":0.0,"enemies":"Small Slimes","floor":5.0,"turns":1.0},{"damage":0.0,"enemies":"Gremlin Nob","floor":7.0,"turns":2.0},{"damage":8.0,"enemies":"Blue Slaver","floor":8.0,"turns":2.0},{"damage":0.0,"enemies":"Looter","floor":11.0,"turns":1.0},{"damage":17.0,"enemies":"3 Sentries","floor":14.0,"turns":6.0},{"damage":0.0,"enemies":"Slime Boss","floor":16.0,"turns":3.0},{"damage":12.0,"enemies":"3 Byrds","floor":18.0,"turns":4.0},{"damage":19.0,"enemies":"Shell Parasite","floor":22.0,"turns":3.0},{"damage":37,"enemies":"Slavers","floor":24,"turns":3}],"seed_played":"7994520774967570851","potions_obtained":[{"floor":3.0,"key":"Regen Potion"},{"floor":5.0,"key":"GamblersBrew"},{"floor":14.0,"key":"FearPotion"},{"floor":22.0,"key":"SmokeBomb"}],"is_trial":false,"path_per_floor":["M","?","M","?","M","R","E","M","T","R","M","?","R","E","R","B",null,"M","$","?","$","M","R","E"],"character_chosen":"WATCHER","items_purchased":["InnerPeace","Finesse"],"campfire_rested":2,"item_purchase_floors":[19,21],"current_hp_per_floor":[61,54,54,31,31,31,31,23,23,23,23,23,43,26,46,46,63,51,51,51,51,32,32,0,0],"gold":90,"neow_bonus":"THREE_ENEMY_KILL","is_daily":false,"chose_seed":false,"campfire_upgraded":2,"win_rate":0.0,"timestamp":1609495260,"path_taken":["M","?","M","?","M","R","E","M","T","R","M","?","R","E","R","BOSS","M","$","?","$","M","R","E"],"items_purchased_type":["Card","Card"],"build_version":"2020-12-22","purchased_purges":1,"victory":false,"max_hp_per_floor":[68,68,68,68,68,68,68,68,68,68,68,68,68,68,68,68,68,68,68,68,68,68,68,68,68],"card_choices":[{"not_picked":["JustLucky","LikeWater"],"picked":"FlurryOfBlows","floor":1.0},{"not_picked":["CutThroughFate","SashWhip"],"picked":"SignatureMove","floor":3.0},{"not_picked":["EmptyBody","PathToVictory","SashWhip"],"picked":"SKIP","floor":5.0},{"not_picked":["Tantrum","EmptyFist"],"picked":"FlurryOfBlows","floor":7.0},{"not_picked":["SignatureMove","FlyingSleeves"],"picked":"LessonLearned","floor":8.0},{"not_picked":["SashWhip","FlyingSleeves","JustLucky"],"picked":"SKIP","floor":11.0},{"not_picked":["WaveOfTheHand","ForeignInfluence","CarveReality"],"picked":"SKIP","floor":14.0},{"not_picked":["Judgement","ConjureBlade","MasterReality"],"picked":"Scrawl","floor":16.0},{"not_picked":["DeceiveReality","Halt","Collect","PathToVictory"],"picked":"SKIP","floor":18.0},{"not_picked":["Consecrate","InnerPeace","Halt","WreathOfFlame"],"picked":"SKIP","floor":22.0}],"player_experience":2896966,"relics_obtained":[{"floor":7.0,"key":"Pen Nib"},{"floor":9.0,"key":"Juzu Bracelet"},{"floor":14.0,"key":"Question Card"}],"event_choices":[{"cards_removed":["Strike_P"],"damage_healed":0.0,"max_hp_gain":0.0,"max_hp_loss":0.0,"gold_gain":0.0,"event_name":"Golden Wing","player_choice":"Card Removal","floor":2.0,"gold_loss":0.0,"damage_taken":7.0},{"damage_healed":0.0,"max_hp_gain":0.0,"max_hp_loss":0.0,"gold_gain":0.0,"event_name":"Golden Idol","player_choice":"Take Damage","floor":4.0,"gold_loss":0.0,"damage_taken":23.0,"relics_obtained":["Golden Idol"]},{"cards_removed":["Strike_P"],"damage_healed":0.0,"max_hp_gain":0.0,"max_hp_loss":0.0,"gold_gain":0.0,"event_name":"The Cleric","player_choice":"Card Removal","floor":12.0,"gold_loss":75.0,"damage_taken":0.0}],"is_beta":false,"boss_relics":[{"not_picked":["Cursed Key","Black Star"],"picked":"VioletLotus"}],"items_purged_floors":[19],"is_endless":false,"potions_floor_spawned":[3,5,14,22],"killed_by":"Slavers","ascension_level":20}}