{"host":"fv7sm2hdyueep16p","time":1609476095,"event":{"mods":["Act Like it!","BaseMod","Better Vampires","Gensokyo","Hermit","Marisa£®ÏF”Í°°ƒß¿Ì…≥£©","Minty Spire (QoL Compilation)","Remilia£®¿Ÿ√◊¿Ú—«£©","StSLib","The Hierophant","Youmu£®ªÍ∆«—˝√Œ£©"],"gold_per_floor":[109,109,109,127,127,161,161,196,196,56,66,66,66,66,66,66,66],"floor_reached":16,"playtime":818,"items_purged":[],"score":131,"play_id":"a83fecc9-0910-4faf-9b02-4f0b201b5739","local_time":"20210101124135","is_ascension_mode":false,"campfire_choices":[{"data":"ThreeKonsSevenHakus","floor":7.0,"key":"SMITH"},{"floor":13.0,"key":"DIG"},{"floor":15.0,"key":"DIG"}],"circlet_count":0,"master_deck":["Strike_YM","Strike_YM","Strike_YM","Strike_YM","Defend_YM+1","Defend_YM","Defend_YM","Defend_YM+1","SlashOfPresentWorld","WheelOfPainOfLivingAndDead","SuddenPhantomFormationSlashOfKarmicWind+1","Pain","SlashOfMeditation","ThreeKonsSevenHakus+1","RapidSlash","SlashOfAscensionToBuddhahood"],"relics":["HalfPhantom","NeowsBlessing","Gensokyo:LunaticRedEyes","Pear","Ginger","Shovel","Frozen Egg 2","Bird Faced Urn","War Paint","Regal Pillow"],"acts_visited":["Gensokyo:Gensokyo"],"potions_floor_usage":[16,16],"damage_taken":[{"damage":0.0,"enemies":"Gensokyo:3_Fairies","floor":1.0,"turns":2.0},{"damage":2.0,"enemies":"Gensokyo:Gryphon","floor":4.0,"turns":1.0},{"damage":0.0,"enemies":"Gensokyo:Cirno","floor":6.0,"turns":2.0},{"damage":55.0,"enemies":"Gensokyo:Aya","floor":8.0,"turns":13.0},{"damage":0.0,"enemies":"Gensokyo:Python","floor":11.0,"turns":4.0},{"damage":55,"enemies":"Gensokyo:Reimu","floor":16,"turns":14}],"seed_played":"7138815953981094241","potions_obtained":[{"floor":1.0,"key":"Block Potion"},{"floor":8.0,"key":"Dexterity Potion"},{"floor":11.0,"key":"Ancient Potion"}],"is_trial":false,"path_per_floor":["M","?","?","M","?","E","R","E","T","?","M","?","R","$","R","B"],"character_chosen":"YOUMU","items_purchased":[],"campfire_rested":0,"item_purchase_floors":[],"current_hp_per_floor":[75,75,75,73,68,68,68,13,13,13,15,41,41,41,41,0,0],"gold":66,"neow_bonus":"THREE_ENEMY_KILL","is_daily":false,"chose_seed":false,"campfire_upgraded":1,"win_rate":0.0,"timestamp":1609476095,"path_taken":["M","?","?","?","?","E","R","E","T","?","M","?","R","$","R","BOSS"],"items_purchased_type":[],"build_version":"2020-12-22","purchased_purges":0,"victory":false,"max_hp_per_floor":[75,75,75,75,85,85,85,85,85,85,85,85,85,85,85,85,85],"card_choices":[{"not_picked":["SpiritCuttingSword","CherryBlossomFlashing"],"picked":"SuddenPhantomFormationSlashOfKarmicWind","floor":1.0},{"not_picked":["CrescentMoonSlash","HeartExcerptSlash"],"picked":"SlashOfMeditation","floor":4.0},{"not_picked":["SpiritCuttingSword","SwordOfBindingDesires"],"picked":"ThreeKonsSevenHakus","floor":6.0},{"not_picked":["CherryBlossomFlashing","LowerRealmReflectionSlash"],"picked":"RapidSlash","floor":8.0},{"not_picked":["FantasyOfEnteringEnlightenment","SlashOfMeditation"],"picked":"SlashOfAscensionToBuddhahood","floor":11.0}],"player_experience":146054,"relics_obtained":[{"floor":6.0,"key":"Ginger"},{"floor":8.0,"key":"Shovel"},{"floor":9.0,"key":"Frozen Egg 2"},{"floor":13.0,"key":"War Paint"},{"floor":15.0,"key":"Regal Pillow"}],"event_choices":[],"is_beta":false,"boss_relics":[],"items_purged_floors":[],"is_endless":false,"potions_floor_spawned":[1,8,11],"killed_by":"Gensokyo:Reimu","ascension_level":0}}