{"host":"5fasz840ryq7obdf","time":1609459620,"event":{"mods":["AchievementEnabler","BaseMod","Bestiary","Better Altar","Better Skull","Better Third Choice","BetterRewards","Block Reminder","Colored Powertips","Curses Come First","Highlight Path","Minty Spire (QoL Compilation)","Quick Restart","Relic Sorter","Relic Stats","Replay The Spire","Shop Mod","Spicy Shops","StSLib","SuperFastMode"],"gold_per_floor":[116,191,191,203,215,246,275,316,328,369,407,419,431,474,502,531,543,628,640,670,682,694,706,718,757,769,816,828,840,852,892,915,852,864,953,965,992,1023,1060,1072,1097,1138,1200,293,293,326,326,352,379,413,413,413,413],"floor_reached":54,"playtime":5574,"items_purged":["Clumsy","Strike_G","Strike_G"],"score":2910,"play_id":"bebe7534-d5e2-4d58-a92f-7063fae19ed5","local_time":"20210101000700","is_ascension_mode":true,"campfire_choices":[{"data":"Apotheosis","floor":9.0,"key":"SMITH"},{"data":"Adrenaline","floor":12.0,"key":"SMITH"},{"data":"Well Laid Plans","floor":17.0,"key":"SMITH"},{"data":"Envenom","floor":26.0,"key":"SMITH"},{"data":"A Thousand Cuts","floor":30.0,"key":"SMITH"},{"floor":34.0,"key":"REST"},{"data":"Concentrate","floor":47.0,"key":"SMITH"},{"data":"Outmaneuver","floor":47.0,"key":"SMITH"},{"data":"Burst","floor":51.0,"key":"SMITH"},{"data":"Calculated Gamble","floor":51.0,"key":"SMITH"}],"circlet_count":0,"master_deck":["AscendersBane","Strike_G","Strike_G+1","Defend_G+1","Defend_G","Defend_G","Survivor","Neutralize","Apotheosis+1","Blur","Blade Dance","Well Laid Plans+1","Adrenaline+1","Backflip","Envenom+1","Slice","Backstab","Terror","Hidden Blade","After Image","Blade Dance","A Thousand Cuts+1","Leg Sweep","ReplayTheSpireMod:Speed Training+1","Outmaneuver+1","Venomology","Malaise","Bouncing Flask","Slice+1","Malaise","Cloak And Dagger","Hidden Blade","Calculated Gamble+1","Backflip","ReplayTheSpireMod:Shiv Toss","ReplayTheSpireMod:Speed Training+1","Wraith Form v2","Cloak And Dagger","ReplayTheSpireMod:From All Sides","ReplayTheSpireMod:Trickstab","Concentrate+1","Burst+1","After Image","ReplayTheSpireMod:Shiv Toss"],"relics":["Ring of the Snake","InkBottle","Ornamental Fan","Nunchaku","Kunai","Membership Card","TungstenRod","BargainBundle","Paper Crane","MawBank","ReplayTheSpireMod:Lightbulb","FossilizedHelix","ReplayTheSpireMod:Shallot","PreservedInsect","Black Star","ReplayFunnel","Boot","HornCleat","Mirror","Divine Protection","Dream Catcher","Honey Jar","WingedGreaves","Simple Rune","Replay:Arrowhead","Ice Cream","Oddly Smooth Stone","TwistedFunnel","Chemical X","Anchor","Question Card","Bottled Tornado","Du-Vu Doll","Bronze Scales","Lantern","Mummified Hand","Quantum Egg","Centennial Puzzle"],"acts_visited":["Exordium","TheCity","TheBeyond"],"potions_floor_usage":[],"damage_taken":[{"damage":0.0,"enemies":"2 Louse","floor":1.0,"turns":3.0},{"damage":0.0,"enemies":"Jaw Worm","floor":6.0,"turns":4.0},{"damage":0.0,"enemies":"Cultist","floor":7.0,"turns":3.0},{"damage":0.0,"enemies":"Lagavulin","floor":8.0,"turns":7.0},{"damage":1.0,"enemies":"3 Sentries","floor":10.0,"turns":9.0},{"damage":0.0,"enemies":"Gremlin Nob","floor":14.0,"turns":3.0},{"damage":0.0,"enemies":"Blue Slaver","floor":15.0,"turns":2.0},{"damage":0.0,"enemies":"Looter","floor":16.0,"turns":2.0},{"damage":8.0,"enemies":"Fading Forest","floor":18.0,"turns":13.0},{"damage":0.0,"enemies":"Chosen","floor":20.0,"turns":3.0},{"damage":6.0,"enemies":"Slavers","floor":25.0,"turns":9.0},{"damage":6.0,"enemies":"Replay:Snechameleon","floor":27.0,"turns":7.0},{"damage":6.0,"enemies":"Slavers","floor":31.0,"turns":6.0},{"damage":0.0,"enemies":"Shell Parasite","floor":32.0,"turns":2.0},{"damage":0.0,"enemies":"Pondfish","floor":35.0,"turns":9.0},{"damage":0.0,"enemies":"Orb Walker","floor":37.0,"turns":4.0},{"damage":0.0,"enemies":"3 Darklings","floor":38.0,"turns":7.0},{"damage":0.0,"enemies":"Mind Bloom Boss Battle","floor":39.0,"turns":5.0},{"damage":0.0,"enemies":"Jaw Worm Horde","floor":41.0,"turns":5.0},{"damage":0.0,"enemies":"R_Hoarder","floor":42.0,"turns":7.0},{"damage":14.0,"enemies":"2 Orb Walkers","floor":43.0,"turns":7.0},{"damage":0.0,"enemies":"Reptomancer","floor":46.0,"turns":6.0},{"damage":0.0,"enemies":"R_Hoarder","floor":48.0,"turns":5.0},{"damage":0.0,"enemies":"Nemesis","floor":49.0,"turns":5.0},{"damage":0.0,"enemies":"R_Hoarder","floor":50.0,"turns":5.0},{"damage":0.0,"enemies":"Replay:Hell Engine","floor":52.0,"turns":6.0},{"damage":0,"enemies":"Time Eater","floor":53,"turns":10}],"seed_played":"1874888134362094115","potions_obtained":[{"floor":8.0,"key":"Flashbang"},{"floor":20.0,"key":"AttackPotion"},{"floor":35.0,"key":"Adrenaline Potion"},{"floor":41.0,"key":"PowerPotion"},{"floor":48.0,"key":"SteroidPotion"},{"floor":50.0,"key":"Fruit Juice"}],"is_trial":false,"path_per_floor":["M","?","T","PTL","PTL","M","M","E","R","E","T","R","T","E","M","M","R","B",null,"M","$","?","$","?","E","R","E","T","$","R","E","M","?","R","B",null,"M","M","?","?","M","E","?","$","T","E","R","E","E","E","R","B","B",null],"character_chosen":"THE_SILENT","items_purchased":["Membership Card","TungstenRod","Apotheosis","Blur","Blade Dance","Well Laid Plans","BargainBundle","Adrenaline","Backflip","Envenom","Paper Crane","Slice","Block Potion","Oddly Smooth Stone","Ornamental Fan","TwistedFunnel","Wraith Form v2","Cloak And Dagger","ReplayTheSpireMod:From All Sides","ReplayTheSpireMod:Trickstab","InkBottle","Chemical X"],"campfire_rested":1,"item_purchase_floors":[0,0,0,0,0,0,0,0,0,0,0,0,0,44,44,44,44,44,44,44,44,44],"current_hp_per_floor":[28,18,18,18,18,18,18,18,18,17,17,17,17,17,17,17,17,17,54,54,54,54,54,54,48,48,42,42,42,42,36,36,36,55,55,63,63,63,63,63,63,63,49,49,49,49,49,49,49,54,54,54,54],"gold":413,"neow_bonus":"","is_daily":false,"chose_seed":false,"campfire_upgraded":9,"win_rate":0.0,"timestamp":1609459620,"path_taken":["M","?","?","PTL","PTL","M","M","E","R","E","T","R","?","E","M","M","R","BOSS","M","$","?","?","?","E","R","E","T","$","R","E","M","?","R","BOSS","M","?","?","?","M","E","?","$","T","E","R","E","E","E","R","BOSS","BOSS"],"items_purchased_type":["Relic","Relic","Card","Card","Card","Card","Relic","Card","Card","Card","Relic","Card","Potion","Relic","Relic","Relic","Card","Card","Card","Card","Relic","Relic"],"build_version":"2020-12-22","purchased_purges":3,"victory":true,"max_hp_per_floor":[66,66,66,66,66,66,66,66,66,66,66,66,66,66,66,66,66,66,66,66,66,66,66,66,66,66,66,66,66,66,66,66,66,66,66,66,66,66,66,66,66,66,66,66,66,66,66,66,66,71,71,71,71],"relic_stats":{"counters":[27,154],"PreservedInsect":492,"MawBank":492,"Boot":[141],"Question Card":3,"Nunchaku":[40],"Dream Catcher":1,"Centennial Puzzle":[0],"Ornamental Fan":[92],"Mummified Hand":[17],"Bronze Scales":[76],"Black Star":8,"Kunai":[64],"Chemical X":[13],"obtain_stats":[{"ReplayFunnel":22,"Ice Cream":43,"TwistedFunnel":44,"Divine Protection":31,"Lantern":49,"Vajra":0,"Bottled Tornado":46,"Boot":25,"Nunchaku":11,"Dream Catcher":31,"Centennial Puzzle":50,"HornCleat":25,"Mummified Hand":49,"Honey Jar":36,"WingedGreaves":39,"Kunai":27,"Chemical X":44,"InkBottle":44,"Ring of the Snake":0,"BargainBundle":0,"Quantum Egg":50,"Oddly Smooth Stone":44,"PreservedInsect":0,"Paper Crane":0,"MawBank":3,"Question Card":46,"Replay:Arrowhead":42,"Du-Vu Doll":48,"Anchor":45,"ReplayTheSpireMod:Shallot":13,"Ornamental Fan":44,"Bronze Scales":48,"Simple Rune":42,"Art of War":0,"Black Star":19,"Membership Card":0,"ReplayTheSpireMod:Lightbulb":8,"Mirror":27,"TungstenRod":0,"FossilizedHelix":10},{"ReplayFunnel":10,"Ice Cream":21,"TwistedFunnel":21,"Divine Protection":13,"Lantern":24,"Vajra":0,"Bottled Tornado":22,"Boot":11,"Nunchaku":5,"Dream Catcher":13,"Centennial Puzzle":25,"HornCleat":11,"Mummified Hand":24,"Honey Jar":15,"WingedGreaves":18,"Kunai":12,"Chemical X":21,"InkBottle":21,"Ring of the Snake":0,"BargainBundle":0,"Quantum Egg":25,"Oddly Smooth Stone":21,"PreservedInsect":0,"Paper Crane":0,"MawBank":1,"Question Card":22,"Replay:Arrowhead":20,"Du-Vu Doll":23,"Anchor":21,"ReplayTheSpireMod:Shallot":5,"Ornamental Fan":21,"Bronze Scales":23,"Simple Rune":20,"Art of War":0,"Black Star":9,"Membership Card":0,"ReplayTheSpireMod:Lightbulb":4,"Mirror":12,"TungstenRod":0,"FossilizedHelix":5},{"ReplayFunnel":49,"Ice Cream":117,"TwistedFunnel":117,"Divine Protection":71,"Lantern":133,"Vajra":0,"Bottled Tornado":123,"Boot":58,"Nunchaku":26,"Dream Catcher":71,"Centennial Puzzle":138,"HornCleat":58,"Mummified Hand":133,"Honey Jar":82,"WingedGreaves":98,"Kunai":65,"Chemical X":117,"InkBottle":117,"Ring of the Snake":0,"BargainBundle":0,"Quantum Egg":138,"Oddly Smooth Stone":117,"PreservedInsect":0,"Paper Crane":0,"MawBank":3,"Question Card":123,"Replay:Arrowhead":110,"Du-Vu Doll":128,"Anchor":117,"ReplayTheSpireMod:Shallot":26,"Ornamental Fan":117,"Bronze Scales":128,"Simple Rune":110,"Art of War":0,"Black Star":46,"Membership Card":0,"ReplayTheSpireMod:Lightbulb":17,"Mirror":65,"TungstenRod":0,"FossilizedHelix":26}],"InkBottle":[25],"TungstenRod":13,"Ring of the Snake":[54]},"card_choices":[{"not_picked":["Dodge and Roll","Sucker Punch","Flying Knee"],"picked":"SKIP","floor":1.0},{"not_picked":["Setup","Noxious Fumes"],"picked":"Backstab","floor":6.0},{"not_picked":["Dagger Spray","Predator"],"picked":"Terror","floor":7.0},{"not_picked":["All Out Attack","PiercingWail","Acrobatics"],"picked":"SKIP","floor":8.0},{"not_picked":["Sucker Punch","Deflect","Terror"],"picked":"SKIP","floor":10.0},{"not_picked":["Reflex","ReplayTheSpireMod:Tripwire"],"picked":"Hidden Blade","floor":14.0},{"not_picked":["Dodge and Roll","Deflect"],"picked":"After Image","floor":15.0},{"not_picked":["Dagger Spray","Quick Slash"],"picked":"Blade Dance","floor":16.0},{"not_picked":["Envenom","Atom Bomb"],"picked":"A Thousand Cuts","floor":18.0},{"not_picked":["Sucker Punch","Riddle With Holes"],"picked":"Leg Sweep","floor":20.0},{"not_picked":["Blade Dance","Poisoned Stab"],"picked":"ReplayTheSpireMod:Speed Training+1","floor":25.0},{"not_picked":["Dagger Throw","Poisoned Stab"],"picked":"Outmaneuver","floor":27.0},{"not_picked":["Dash","Flying Knee"],"picked":"Venomology","floor":31.0},{"not_picked":["Slice","Prepared","PiercingWail"],"picked":"SKIP","floor":32.0},{"not_picked":["Deadly Poison","Flying Knee"],"picked":"Slice+1","floor":34.0},{"not_picked":["Atom Bomb","Envenom"],"picked":"Malaise","floor":35.0},{"not_picked":["Reflex","Dagger Throw+1","Deflect"],"picked":"Cloak And Dagger","floor":37.0},{"not_picked":["PiercingWail","Underhanded Strike+1","Poisoned Stab+1"],"picked":"Hidden Blade","floor":38.0},{"not_picked":["Blade Dance","Bouncing Flask","Fluid Movement"],"picked":"Calculated Gamble","floor":39.0},{"not_picked":["ReplayTheSpireMod:Tripwire","Catalyst","Slice"],"picked":"Backflip","floor":41.0},{"not_picked":["Deadly Poison","Poisoned Stab","Dash"],"picked":"ReplayTheSpireMod:Shiv Toss","floor":42.0},{"not_picked":["Dagger Spray","Dodge and Roll","Backflip+1"],"picked":"ReplayTheSpireMod:Speed Training+1","floor":43.0},{"not_picked":["Catalyst+1","Backstab","Prepared"],"picked":"Concentrate","floor":46.0},{"not_picked":["Masterful Stab","Sucker Punch","Poisoned Stab","Well Laid Plans"],"picked":"Burst","floor":48.0},{"not_picked":["Dagger Throw","Bane","Cloak And Dagger","Well Laid Plans+1"],"picked":"After Image","floor":49.0},{"not_picked":["Skewer+1","Dagger Spray","Prepared+1","Slice+1"],"picked":"ReplayTheSpireMod:Shiv Toss","floor":50.0}],"player_experience":1313682,"relics_obtained":[{"floor":3.0,"key":"MawBank"},{"floor":8.0,"key":"ReplayTheSpireMod:Lightbulb"},{"floor":10.0,"key":"FossilizedHelix"},{"floor":11.0,"key":"Nunchaku"},{"floor":13.0,"key":"ReplayTheSpireMod:Shallot"},{"floor":14.0,"key":"PreservedInsect"},{"floor":25.0,"key":"Boot"},{"floor":25.0,"key":"HornCleat"},{"floor":27.0,"key":"Mirror"},{"floor":27.0,"key":"Kunai"},{"floor":31.0,"key":"Divine Protection"},{"floor":31.0,"key":"Dream Catcher"},{"floor":39.0,"key":"WingedGreaves"},{"floor":42.0,"key":"Simple Rune"},{"floor":42.0,"key":"Replay:Arrowhead"},{"floor":43.0,"key":"Ice Cream"},{"floor":45.0,"key":"Anchor"},{"floor":46.0,"key":"Question Card"},{"floor":46.0,"key":"Bottled Tornado"},{"floor":48.0,"key":"Du-Vu Doll"},{"floor":48.0,"key":"Bronze Scales"},{"floor":49.0,"key":"Lantern"},{"floor":49.0,"key":"Mummified Hand"},{"floor":50.0,"key":"Quantum Egg"},{"floor":50.0,"key":"Centennial Puzzle"}],"event_choices":[{"damage_healed":0.0,"max_hp_gain":0.0,"max_hp_loss":0.0,"gold_gain":75.0,"event_name":"betterThird:BetterGoop","player_choice":"Gold","floor":2.0,"gold_loss":0.0,"damage_taken":11.0},{"damage_healed":0.0,"max_hp_gain":0.0,"max_hp_loss":0.0,"gold_gain":0.0,"event_name":"WeMeetAgain","player_choice":"Gave Potion","floor":22.0,"gold_loss":0.0,"damage_taken":0.0,"relics_obtained":["ReplayFunnel"]},{"damage_healed":0.0,"max_hp_gain":0.0,"max_hp_loss":0.0,"gold_gain":0.0,"event_name":"Vampires","player_choice":"Ignored","floor":24.0,"gold_loss":0.0,"damage_taken":0.0},{"damage_healed":0.0,"max_hp_gain":0.0,"max_hp_loss":0.0,"gold_gain":0.0,"cards_transformed":["Defend_G","Defend_G"],"event_name":"Designer","player_choice":"Transformed Cards","floor":33.0,"gold_loss":75.0,"damage_taken":0.0,"cards_obtained":["Malaise","Bouncing Flask"]},{"damage_healed":0.0,"max_hp_gain":0.0,"max_hp_loss":0.0,"gold_gain":0.0,"event_name":"MindBloom","player_choice":"Fight","floor":39.0,"gold_loss":0.0,"damage_taken":0.0},{"cards_removed":["Strike_G"],"damage_healed":0.0,"max_hp_gain":0.0,"max_hp_loss":0.0,"gold_gain":0.0,"event_name":"Falling","player_choice":"Removed Attack","floor":40.0,"gold_loss":0.0,"damage_taken":0.0},{"damage_healed":0.0,"max_hp_gain":0.0,"max_hp_loss":0.0,"gold_gain":0.0,"event_name":"Mysterious Sphere","player_choice":"Fight","floor":43.0,"gold_loss":0.0,"damage_taken":0.0}],"is_beta":false,"boss_relics":[{"not_picked":["Replay:Ancient Bell","Replay:Wanted Poster"],"picked":"Black Star"},{"not_picked":["SacredBark","Tiny House"],"picked":"Honey Jar"}],"items_purged_floors":[0,0,44],"is_endless":false,"potions_floor_spawned":[8,10,15,20,35,41,48,50],"ascension_level":20}}