{"host":"y7sd46uq4xlni546","time":1609534131,"event":{"mods":["AchievementEnabler","BaseMod","Colored Map","Colored Powertips","Curses Come First","Filter the Spire","Minty Spire (QoL Compilation)","Quick Restart","Random Character Button","Rare Cards Sparkle","StSLib"],"gold_per_floor":[119,137,157,157,332,332,332,358,381,381,396,423,423,438,438,542,592,603,619,260,275,275,275,275,275,330,330,348,348,348],"floor_reached":29,"playtime":1801,"items_purged":[],"score":270,"play_id":"73a0ab45-cfd5-43c0-954c-117f368d9e2d","local_time":"20210101214851","is_ascension_mode":true,"campfire_choices":[{"data":"Study","floor":7.0,"key":"SMITH"},{"floor":10.0,"key":"REST"},{"floor":15.0,"key":"REST"},{"floor":23,"key":"REST"},{"data":"Crescendo","floor":25,"key":"SMITH"}],"circlet_count":0,"master_deck":["Strike_P+1","Strike_P+1","Strike_P","Defend_P","Defend_P+1","Defend_P","Defend_P","Eruption+1","Vigilance","Study+1","FollowUp","Wallop","Doubt","WaveOfTheHand+1","PathToVictory+1","Evaluate","Crescendo+1","LessonLearned","TalkToTheHand","PathToVictory","PathToVictory","BattleHymn","Conclude","ClearTheMind","WheelKick"],"relics":["Black Star","MealTicket","Whetstone","Damaru","Tiny Chest","Shuriken","Tiny House","Pantograph","Singing Bowl","Dream Catcher","Pear"],"acts_visited":["Exordium","TheCity"],"potions_floor_usage":[],"damage_taken":[{"damage":2.0,"enemies":"2 Louse","floor":1.0,"turns":4.0},{"damage":6.0,"enemies":"Jaw Worm","floor":2.0,"turns":4.0},{"damage":4.0,"enemies":"Cultist","floor":3.0,"turns":5.0},{"damage":43.0,"enemies":"Lagavulin","floor":8.0,"turns":8.0},{"damage":1.0,"enemies":"Looter","floor":11.0,"turns":5.0},{"damage":42.0,"enemies":"3 Sentries","floor":12.0,"turns":11.0},{"damage":0.0,"enemies":"2 Fungi Beasts","floor":14.0,"turns":2.0},{"damage":20.0,"enemies":"Slime Boss","floor":16.0,"turns":8.0},{"damage":6.0,"enemies":"3 Byrds","floor":18.0,"turns":7.0},{"damage":20.0,"enemies":"Chosen","floor":19.0,"turns":8.0},{"damage":30,"enemies":"Snecko","floor":21,"turns":6},{"damage":47,"enemies":"Centurion and Healer","floor":28,"turns":7},{"damage":32,"enemies":"Book of Stabbing","floor":29,"turns":5}],"seed_played":"-3346087129666171985","potions_obtained":[{"floor":3.0,"key":"PowerPotion"},{"floor":8.0,"key":"SteroidPotion"},{"floor":12.0,"key":"Swift Potion"},{"floor":14.0,"key":"BottledMiracle"},{"floor":17.0,"key":"SneckoOil"},{"floor":28,"key":"SpeedPotion"}],"is_trial":false,"path_per_floor":["M","M","M","?","?","?","R","E","T","R","M","E","?","M","R","B",null,"M","M","$","M","?","R","?","R","T","T","M","E"],"character_chosen":"WATCHER","items_purchased":["Pantograph","BattleHymn","Conclude"],"campfire_rested":3,"item_purchase_floors":[20,20,20],"current_hp_per_floor":[70,64,60,60,60,65,65,22,22,45,44,2,2,2,25,5,82,76,56,71,41,41,65,65,65,65,75,30,0,0],"gold":348,"neow_bonus":"BOSS_RELIC","is_daily":false,"chose_seed":false,"campfire_upgraded":2,"win_rate":0.0,"timestamp":1609534131,"path_taken":["M","M","M","?","?","?","R","E","T","R","M","E","?","M","R","BOSS","M","M","$","M","?","R","?","R","T","?","M","E"],"items_purchased_type":["Relic","Card","Card"],"build_version":"2020-12-22","purchased_purges":0,"victory":false,"max_hp_per_floor":[72,72,72,72,72,77,77,77,77,77,77,77,77,77,77,77,82,82,82,82,82,82,82,82,82,82,92,94,94,94],"card_choices":[{"not_picked":["JustLucky","Sanctity"],"picked":"Study","floor":1.0},{"not_picked":["SashWhip","InnerPeace"],"picked":"FollowUp","floor":2.0},{"not_picked":["Prostrate","JustLucky"],"picked":"Wallop","floor":3.0},{"not_picked":["Evaluate","ClearTheMind"],"picked":"WaveOfTheHand","floor":8.0},{"not_picked":["ClearTheMind","Alpha"],"picked":"PathToVictory","floor":11.0},{"not_picked":["Weave","InnerPeace"],"picked":"Evaluate","floor":12.0},{"not_picked":["Indignation","LikeWater"],"picked":"Crescendo","floor":14.0},{"not_picked":["Ragnarok","Establishment"],"picked":"LessonLearned","floor":16.0},{"not_picked":["Protect","EmptyFist"],"picked":"TalkToTheHand","floor":17.0},{"not_picked":["WreathOfFlame","JustLucky"],"picked":"PathToVictory","floor":18.0},{"not_picked":["Wallop","Evaluate+1"],"picked":"PathToVictory","floor":19.0},{"not_picked":["SashWhip","Sanctity"],"picked":"ClearTheMind","floor":21},{"not_picked":["ThirdEye","Wireheading","BowlingBash"],"picked":"Singing Bowl","floor":28}],"player_experience":587810,"relics_obtained":[{"floor":8.0,"key":"MealTicket"},{"floor":8.0,"key":"Whetstone"},{"floor":9.0,"key":"Damaru"},{"floor":12.0,"key":"Tiny Chest"},{"floor":12.0,"key":"Shuriken"},{"floor":26,"key":"Dream Catcher"},{"floor":27,"key":"Pear"}],"event_choices":[{"damage_healed":0.0,"max_hp_gain":0.0,"max_hp_loss":0.0,"gold_gain":0.0,"event_name":"The Cleric","player_choice":"Leave","floor":4.0,"gold_loss":0.0,"damage_taken":0.0},{"damage_healed":0.0,"max_hp_gain":0.0,"max_hp_loss":0.0,"gold_gain":175.0,"event_name":"Liars Game","player_choice":"AGREE","floor":5.0,"gold_loss":0.0,"damage_taken":0.0,"cards_obtained":["Doubt"]},{"damage_healed":0.0,"max_hp_gain":5.0,"max_hp_loss":0.0,"gold_gain":0.0,"event_name":"Big Fish","player_choice":"Donut","floor":6.0,"gold_loss":0.0,"damage_taken":0.0},{"damage_healed":0.0,"max_hp_gain":0.0,"max_hp_loss":0.0,"gold_gain":0.0,"event_name":"Living Wall","player_choice":"Grow","floor":13.0,"gold_loss":0.0,"damage_taken":0.0,"cards_upgraded":["Eruption"]},{"damage_healed":0,"gold_gain":0,"player_choice":"Opened","damage_taken":0,"relics_obtained":["Singing Bowl"],"max_hp_gain":0,"max_hp_loss":0,"event_name":"The Mausoleum","floor":22,"gold_loss":0},{"damage_healed":0,"gold_gain":0,"cards_transformed":["Strike_P"],"player_choice":"Transformed","damage_taken":0,"max_hp_gain":0,"max_hp_loss":0,"event_name":"Transmorgrifier","floor":24,"gold_loss":0,"cards_obtained":["WheelKick"]}],"is_beta":false,"boss_relics":[{"not_picked":["Velvet Choker","Runic Dome"],"picked":"Tiny House"}],"items_purged_floors":[],"is_endless":false,"potions_floor_spawned":[3,8,12,14,28],"killed_by":"Book of Stabbing","ascension_level":1}}