{"host":"lvhfn8l5bvc4nolx","time":1609476566,"event":{"mods":["AchievementEnabler","BaseMod","Colored Map","Keyboard Shortcuts","Minty Spire (QoL Compilation)","Permanent Neow","Quick Restart","SuperFastMode"],"gold_per_floor":[117,136,211,211,231,265,265,13,92,104,120,120,168,185,185,288,288,306,306,49,82,94,126,51,63,89,123,55,69,79,79,79,177,177,187,33,49,124,174,174,193,209,235,235,287,147,147,165,165,165],"floor_reached":51,"playtime":1413,"items_purged":["Defend_P","Strike_P","Strike_P"],"score":977,"play_id":"60589a2c-a540-4b6d-a746-fa37f7836cae","local_time":"20210101134926","is_ascension_mode":true,"campfire_choices":[{"data":"Eruption","floor":7.0,"key":"SMITH"},{"floor":12.0,"key":"REST"},{"floor":15.0,"key":"REST"},{"floor":32,"key":"REST"},{"floor":49,"key":"REST"}],"circlet_count":0,"master_deck":["Eruption+1","Vigilance+1","Halt+1","Conclude+1","FlurryOfBlows+1","CrushJoints+1","Vault+1","Injury","Adaptation+1","Adaptation+1","Finesse+1","FearNoEvil+1","Injury","Panacea+1","Trip+1"],"relics":["PureWater","Incense Burner","Boot","Shuriken","Blue Candle","Regal Pillow","Cursed Key","Orrery","Singing Bowl","Darkstone Periapt","Mummified Hand","Blood Vial","Bag of Marbles","Kunai","Empty Cage","Membership Card","ClockworkSouvenir","WingedGreaves","Vajra","PreservedInsect","Lee\u0027s Waffle","Mark of the Bloom"],"acts_visited":["Exordium","TheCity","TheBeyond"],"potions_floor_usage":[30,50],"damage_taken":[{"damage":5.0,"enemies":"2 Louse","floor":1.0,"turns":2.0},{"damage":2.0,"enemies":"Jaw Worm","floor":2.0,"turns":3.0},{"damage":0.0,"enemies":"Cultist","floor":5.0,"turns":3.0},{"damage":29.0,"enemies":"Lagavulin","floor":6.0,"turns":5.0},{"damage":13.0,"enemies":"Exordium Thugs","floor":10.0,"turns":3.0},{"damage":0.0,"enemies":"2 Fungi Beasts","floor":11.0,"turns":1.0},{"damage":0.0,"enemies":"Lots of Slimes","floor":14.0,"turns":3.0},{"damage":0.0,"enemies":"Slime Boss","floor":16.0,"turns":4.0},{"damage":0.0,"enemies":"Shell Parasite","floor":18.0,"turns":2.0},{"damage":4.0,"enemies":"Chosen","floor":21.0,"turns":2.0},{"damage":0.0,"enemies":"Snecko","floor":22.0,"turns":4.0},{"damage":27.0,"enemies":"Slavers","floor":23.0,"turns":5.0},{"damage":12.0,"enemies":"Chosen and Byrds","floor":25.0,"turns":5.0},{"damage":32.0,"enemies":"Gremlin Leader","floor":27.0,"turns":5.0},{"damage":0.0,"enemies":"Centurion and Healer","floor":29.0,"turns":4.0},{"damage":10,"enemies":"Snecko","floor":30,"turns":4},{"damage":34,"enemies":"Champ","floor":33,"turns":9},{"damage":2,"enemies":"3 Darklings","floor":35,"turns":4},{"damage":1,"enemies":"Orb Walker","floor":37,"turns":2},{"damage":20,"enemies":"2 Orb Walkers","floor":39,"turns":4},{"damage":24,"enemies":"Maw","floor":41,"turns":5},{"damage":51,"enemies":"Jaw Worm Horde","floor":42,"turns":4},{"damage":1,"enemies":"Sphere and 2 Shapes","floor":48,"turns":4},{"damage":64,"enemies":"Donu and Deca","floor":50,"turns":7}],"seed_played":"-1896616197133357831","potions_obtained":[{"floor":1.0,"key":"Ancient Potion"},{"floor":14.0,"key":"Weak Potion"},{"floor":16.0,"key":"ColorlessPotion"},{"floor":18.0,"key":"Explosive Potion"},{"floor":21.0,"key":"FearPotion"},{"floor":22.0,"key":"Explosive Potion"},{"floor":27.0,"key":"SpeedPotion"},{"floor":33,"key":"Ambrosia"},{"floor":35,"key":"AttackPotion"},{"floor":39,"key":"GamblersBrew"},{"floor":48,"key":"Swift Potion"}],"is_trial":false,"path_per_floor":["M","M","?","?","M","E","R","$","T","M","M","R","T","M","R","B",null,"M","?","$","M","M","E","$","M","T","E","$","M","M","?","R","B",null,"M","$","M","$","?","?","M","M","T","?","T","$","?","M","R","B",null],"character_chosen":"WATCHER","items_purchased":["Shuriken","Orrery","Darkstone Periapt","Adaptation","Membership Card","Finesse","ClockworkSouvenir","Lee\u0027s Waffle"],"campfire_rested":4,"item_purchase_floors":[8,20,20,28,36,36,38,46],"current_hp_per_floor":[60,58,47,47,47,18,18,18,18,5,5,24,24,24,58,58,65,65,65,73,71,73,48,48,38,44,16,16,18,12,12,54,24,93,93,93,96,96,79,79,57,10,16,8,14,122,122,121,121,57],"gold":165,"neow_bonus":"ONE_RARE_RELIC","is_daily":false,"chose_seed":false,"campfire_upgraded":1,"win_rate":0.0,"timestamp":1609476566,"path_taken":["M","M","?","?","M","E","R","$","T","M","?","R","?","M","R","BOSS","M","?","$","?","M","E","$","M","T","E","$","M","M","?","R","BOSS","M","?","M","$","?","?","M","?","T","?","?","$","?","?","R","R","BOSS"],"items_purchased_type":["Relic","Relic","Relic","Card","Relic","Card","Relic","Relic"],"build_version":"2020-12-22","purchased_purges":3,"victory":true,"max_hp_per_floor":[65,65,65,65,65,65,65,65,65,65,65,65,65,65,65,65,65,65,65,73,75,77,79,79,81,87,89,89,89,91,91,91,93,93,95,95,97,97,99,99,99,101,107,109,115,122,122,124,124,124],"card_choices":[{"not_picked":["Wallop","BowlingBash"],"picked":"Halt","floor":1.0},{"not_picked":["JustLucky","FlyingSleeves","Crescendo"],"picked":"SKIP","floor":2.0},{"not_picked":["LikeWater","SashWhip","EmptyBody"],"picked":"SKIP","floor":5.0},{"not_picked":["Wallop","JustLucky"],"picked":"FlurryOfBlows","floor":6.0},{"not_picked":["Evaluate","Worship"],"picked":"EmptyFist","floor":10.0},{"not_picked":["Crescendo","Pray","ConjureBlade"],"picked":"SKIP","floor":11.0},{"not_picked":["Vengeance","PathToVictory"],"picked":"CrushJoints","floor":14.0},{"not_picked":["MasterReality","DevaForm"],"picked":"Vault","floor":16.0},{"not_picked":["Protect","SashWhip+1","JustLucky+1"],"picked":"SKIP","floor":18.0},{"not_picked":["FlyingSleeves","SashWhip","JustLucky"],"picked":"Singing Bowl","floor":20.0},{"not_picked":["PathToVictory","Study","Indignation"],"picked":"Singing Bowl","floor":20.0},{"not_picked":["SashWhip","PathToVictory"],"picked":"Blasphemy","floor":20.0},{"not_picked":["CutThroughFate+1","EmptyFist","Halt"],"picked":"Singing Bowl","floor":20.0},{"not_picked":["Evaluate","BowlingBash","Conclude"],"picked":"Singing Bowl","floor":20.0},{"not_picked":["CarveReality","FollowUp","Halt"],"picked":"Singing Bowl","floor":21.0},{"not_picked":["Protect+1","FollowUp+1","FlyingSleeves"],"picked":"Singing Bowl","floor":22.0},{"not_picked":["Wish","Perseverance","PathToVictory+1"],"picked":"Singing Bowl","floor":23.0},{"not_picked":["WindmillStrike","Meditate","Conclude"],"picked":"Singing Bowl","floor":25.0},{"not_picked":["JustLucky+1","EmptyFist","BowlingBash"],"picked":"Singing Bowl","floor":27.0},{"not_picked":["Prostrate","LikeWater"],"picked":"Adaptation","floor":29.0},{"not_picked":["CrushJoints","Conclude+1","EmptyBody+1"],"picked":"Singing Bowl","floor":30},{"not_picked":["Blasphemy","MasterReality","Wish"],"picked":"Singing Bowl","floor":33},{"not_picked":["EmptyBody","FlyingSleeves+1","Swivel"],"picked":"Singing Bowl","floor":35},{"not_picked":["Halt","Protect","Prostrate+1"],"picked":"Singing Bowl","floor":37},{"not_picked":["JustLucky+1","Wireheading","EmptyFist"],"picked":"Singing Bowl","floor":39},{"not_picked":["SashWhip","ThirdEye"],"picked":"FearNoEvil+1","floor":41},{"not_picked":["SignatureMove","Study+1","Tantrum"],"picked":"Singing Bowl","floor":42},{"not_picked":["Swift Strike","Jack Of All Trades","Discovery"],"picked":"Singing Bowl","floor":44},{"not_picked":["Secret Weapon","Blind"],"picked":"Panacea","floor":44},{"not_picked":["Bandage Up","Jack Of All Trades"],"picked":"Trip","floor":44},{"not_picked":["SashWhip+1","ClearTheMind+1","Worship"],"picked":"Singing Bowl","floor":48}],"player_experience":358643,"relics_obtained":[{"floor":6.0,"key":"Boot"},{"floor":9.0,"key":"Blue Candle"},{"floor":13.0,"key":"Regal Pillow"},{"floor":23.0,"key":"Mummified Hand"},{"floor":26.0,"key":"Blood Vial"},{"floor":27.0,"key":"Bag of Marbles"},{"floor":39,"key":"WingedGreaves"},{"floor":43,"key":"Vajra"},{"floor":45,"key":"PreservedInsect"}],"event_choices":[{"damage_healed":0.0,"max_hp_gain":0.0,"max_hp_loss":0.0,"gold_gain":75.0,"event_name":"World of Goop","player_choice":"Gather Gold","floor":3.0,"gold_loss":0.0,"damage_taken":11.0},{"damage_healed":0.0,"max_hp_gain":0.0,"max_hp_loss":0.0,"gold_gain":0.0,"cards_transformed":["Strike_P"],"event_name":"Transmorgrifier","player_choice":"Transformed","floor":4.0,"gold_loss":0.0,"damage_taken":0.0,"cards_obtained":["Conclude"]},{"cards_removed":["Strike_P"],"damage_healed":0.0,"max_hp_gain":0.0,"max_hp_loss":0.0,"gold_gain":0.0,"event_name":"Purifier","player_choice":"Purged","floor":19.0,"gold_loss":0.0,"damage_taken":0.0},{"damage_healed":0,"gold_gain":0,"player_choice":"Gave Potion","damage_taken":0,"relics_obtained":["Kunai"],"max_hp_gain":0,"max_hp_loss":0,"event_name":"WeMeetAgain","floor":31,"gold_loss":0},{"damage_healed":0,"gold_gain":0,"player_choice":"Fight","damage_taken":0,"max_hp_gain":0,"max_hp_loss":0,"event_name":"Mysterious Sphere","floor":39,"gold_loss":0},{"damage_healed":0,"gold_gain":0,"player_choice":"Ignored","damage_taken":0,"max_hp_gain":0,"max_hp_loss":0,"event_name":"SecretPortal","floor":40,"gold_loss":0},{"damage_healed":0,"gold_gain":0,"player_choice":"Memory 3","damage_taken":10,"max_hp_gain":0,"max_hp_loss":0,"event_name":"SensoryStone","floor":44,"gold_loss":0},{"damage_healed":0,"gold_gain":0,"player_choice":"Upgrade","damage_taken":0,"relics_obtained":["Mark of the Bloom"],"max_hp_gain":0,"max_hp_loss":0,"event_name":"MindBloom","floor":47,"gold_loss":0,"cards_upgraded":["Defend_P","Vigilance","Halt","Conclude","FlurryOfBlows","EmptyFist","CrushJoints","Vault","Blasphemy","Adaptation","Adaptation","Finesse","Panacea","Trip"]}],"is_beta":false,"boss_relics":[{"not_picked":["Astrolabe","Fusion Hammer"],"picked":"Cursed Key"},{"not_picked":["Runic Pyramid","Philosopher\u0027s Stone"],"picked":"Empty Cage"}],"items_purged_floors":[24,38,46],"is_endless":false,"potions_floor_spawned":[1,14,16,18,21,22,27,33,35,39,42,48],"ascension_level":4}}