{"host":"x7xd4wkamhrqrrvw","time":1609476138,"event":{"mods":["BaseMod","Minty Spire (QoL Compilation)","StSLib"],"gold_per_floor":[110,110,123,223,233,262,61,87,110,121,147,176,220,278,290,407,419,459,571,608,646,685,736,282,316,373,373,382,414,339,354,354,354,354],"floor_reached":33,"playtime":1990,"items_purged":["Strike_G","Strike_G"],"score":565,"play_id":"23117ac3-eb44-4c88-a5eb-2f72bc4fba50","local_time":"20210101024218","is_ascension_mode":true,"campfire_choices":[{"floor":15,"key":"REST"},{"floor":32,"key":"RECALL"}],"circlet_count":0,"master_deck":["Strike_G","Strike_G","Strike_G","Defend_G","Defend_G","Defend_G+1","Defend_G","Defend_G+1","Survivor","Neutralize","PiercingWail","Eviscerate","Tools of the Trade","Malaise","Blade Dance","Accuracy","Phantasmal Killer","Backflip+1","Cloak And Dagger","Tools of the Trade","PiercingWail","Calculated Gamble","Reflex"],"relics":["Fusion Hammer","War Paint","CeramicFish","Kunai","Smiling Mask","Bag of Marbles","White Beast Statue","MawBank","Cursed Key","Tiny Chest","Medical Kit","Molten Egg 2","Orichalcum","Art of War"],"acts_visited":["Exordium","TheCity"],"potions_floor_usage":[6,13,14,18,22,23,23,23,23,25,29,31,33,33,33],"damage_taken":[{"damage":7,"enemies":"Jaw Worm","floor":1,"turns":4},{"damage":0,"enemies":"Small Slimes","floor":3,"turns":3},{"damage":0,"enemies":"Cultist","floor":5,"turns":3},{"damage":25,"enemies":"Gremlin Nob","floor":6,"turns":5},{"damage":1,"enemies":"Lagavulin","floor":8,"turns":9},{"damage":4,"enemies":"Exordium Thugs","floor":10,"turns":4},{"damage":0,"enemies":"2 Fungi Beasts","floor":12,"turns":3},{"damage":0,"enemies":"3 Sentries","floor":13,"turns":6},{"damage":10,"enemies":"Gremlin Nob","floor":14,"turns":4},{"damage":0,"enemies":"The Guardian","floor":16,"turns":14},{"damage":11,"enemies":"Spheric Guardian","floor":18,"turns":3},{"damage":0,"enemies":"Chosen","floor":20,"turns":4},{"damage":0,"enemies":"Snecko","floor":21,"turns":5},{"damage":0,"enemies":"Cultist and Chosen","floor":22,"turns":4},{"damage":0,"enemies":"Gremlin Leader","floor":23,"turns":4},{"damage":0,"enemies":"Book of Stabbing","floor":25,"turns":7},{"damage":5,"enemies":"Gremlin Leader","floor":29,"turns":7},{"damage":10,"enemies":"Snake Plant","floor":31,"turns":6},{"damage":46,"enemies":"Collector","floor":33,"turns":6}],"seed_played":"8706775804500791087","potions_obtained":[{"floor":5,"key":"Block Potion"},{"floor":10,"key":"SpeedPotion"},{"floor":12,"key":"DuplicationPotion"},{"floor":13,"key":"PowerPotion"},{"floor":14,"key":"Strength Potion"},{"floor":16,"key":"SteroidPotion"},{"floor":18,"key":"Strength Potion"},{"floor":20,"key":"EntropicBrew"},{"floor":22,"key":"Swift Potion"},{"floor":23,"key":"Weak Potion"},{"floor":25,"key":"Strength Potion"},{"floor":29,"key":"ColorlessPotion"},{"floor":31,"key":"SkillPotion"}],"is_trial":false,"path_per_floor":["M","?","M","?","M","E","$","E","T","M","T","M","E","?","R","B",null,"M","?","M","M","M","E","$","E","T","T","?","E","?","M","R","B"],"character_chosen":"THE_SILENT","items_purchased":["Malaise","Medical Kit","Molten Egg 2"],"campfire_rested":1,"item_purchase_floors":[7,24,24],"current_hp_per_floor":[63,56,56,56,56,31,31,30,30,26,26,26,26,16,37,37,70,59,59,59,59,59,59,59,59,59,59,59,54,54,44,44,0,0],"gold":354,"neow_bonus":"BOSS_RELIC","is_daily":false,"chose_seed":false,"campfire_upgraded":0,"win_rate":0.0,"timestamp":1609476138,"path_taken":["M","?","M","?","M","E","$","E","T","?","?","M","E","?","R","BOSS","M","?","M","M","?","E","$","E","T","?","?","E","?","M","R","BOSS"],"items_purchased_type":["Card","Relic","Relic"],"build_version":"2020-12-22","purchased_purges":2,"victory":false,"max_hp_per_floor":[70,70,70,70,70,70,70,70,70,70,70,70,70,70,70,70,70,70,70,70,70,70,70,70,70,70,70,70,70,70,70,70,70,70],"card_choices":[{"not_picked":["Expertise","Slice"],"picked":"PiercingWail","floor":1},{"not_picked":["Deadly Poison","Deflect"],"picked":"Eviscerate","floor":3},{"not_picked":["Prepared","Slice"],"picked":"Tools of the Trade","floor":5},{"not_picked":["Infinite Blades","Catalyst","Bullet Time"],"picked":"SKIP","floor":6},{"not_picked":["Catalyst","Envenom","Poisoned Stab"],"picked":"SKIP","floor":8},{"not_picked":["Quick Slash","Outmaneuver","Dodge and Roll"],"picked":"SKIP","floor":10},{"not_picked":["Footwork","Deflect"],"picked":"Blade Dance","floor":12},{"not_picked":["All Out Attack","Blur"],"picked":"Accuracy","floor":13},{"not_picked":["A Thousand Cuts","Wraith Form v2"],"picked":"Phantasmal Killer","floor":16},{"not_picked":["Choke","Sucker Punch+1"],"picked":"Backflip+1","floor":18},{"not_picked":["Concentrate","Bane"],"picked":"Cloak And Dagger","floor":20},{"not_picked":["Deflect","Slice+1"],"picked":"Tools of the Trade","floor":21},{"not_picked":["Bane","Poisoned Stab"],"picked":"PiercingWail","floor":22},{"not_picked":["Acrobatics","Predator"],"picked":"Calculated Gamble","floor":23},{"not_picked":["Acrobatics","Caltrops","Cloak And Dagger"],"picked":"SKIP","floor":25},{"not_picked":["Acrobatics","Endless Agony+1","Deflect"],"picked":"SKIP","floor":29},{"not_picked":["Slice+1","Masterful Stab+1","Concentrate"],"picked":"SKIP","floor":31}],"player_experience":262792,"relics_obtained":[{"floor":6,"key":"CeramicFish"},{"floor":8,"key":"Kunai"},{"floor":9,"key":"Smiling Mask"},{"floor":11,"key":"Bag of Marbles"},{"floor":13,"key":"White Beast Statue"},{"floor":23,"key":"Tiny Chest"},{"floor":25,"key":"Orichalcum"},{"floor":29,"key":"Art of War"}],"event_choices":[{"damage_healed":0,"gold_gain":0,"player_choice":"Success","damage_taken":7,"relics_obtained":["War Paint"],"max_hp_gain":0,"max_hp_loss":0,"event_name":"Scrap Ooze","floor":2,"gold_loss":0},{"damage_healed":0,"gold_gain":100,"player_choice":"Pray","damage_taken":0,"max_hp_gain":0,"max_hp_loss":0,"event_name":"Golden Shrine","floor":4,"gold_loss":0},{"damage_healed":0,"gold_gain":0,"player_choice":"Searched \u00272\u0027 times","damage_taken":0,"relics_obtained":["MawBank"],"max_hp_gain":0,"max_hp_loss":0,"event_name":"Dead Adventurer","floor":14,"gold_loss":0},{"damage_healed":0,"gold_gain":100,"player_choice":"Pray","damage_taken":0,"max_hp_gain":0,"max_hp_loss":0,"event_name":"Golden Shrine","floor":19,"gold_loss":0},{"damage_healed":0,"gold_gain":0,"player_choice":"Read","damage_taken":0,"max_hp_gain":0,"max_hp_loss":0,"event_name":"The Library","floor":28,"gold_loss":0,"cards_obtained":["Reflex"]},{"cards_removed":["Doubt"],"damage_healed":0,"gold_gain":0,"player_choice":"Gave Gold","damage_taken":0,"max_hp_gain":0,"max_hp_loss":0,"event_name":"Beggar","floor":30,"gold_loss":75}],"is_beta":false,"boss_relics":[{"not_picked":["Astrolabe","Snecko Eye"],"picked":"Cursed Key"}],"items_purged_floors":[7,24],"is_endless":false,"potions_floor_spawned":[5,10,12,13,14,16,18,20,21,22,23,25,29,31],"killed_by":"Collector","ascension_level":4}}