{"host":"h4lp0eeso8a0ssq0","time":1609540325,"event":{"mods":["2.2 Compatiblity","AchievementEnabler","BaseMod","CapriCore","Colored Map","Downfall","Minty Spire (QoL Compilation)","StSLib","SuperFastMode"],"gold_per_floor":[99,99,24,34,53,73,125,143,153,153,185,185,185,20,20,20,20,20],"floor_reached":16,"playtime":5474,"items_purged":["hexamod:Strike","Regret"],"score":100,"play_id":"f6b1216d-008b-4a28-98c9-b42c6f9078fe","local_time":"20210102073205","is_ascension_mode":false,"campfire_choices":[{"data":"hexamod:GhostOfSpirePresent","floor":10.0,"key":"SMITH"},{"data":"hexamod:DynamicBlow","floor":15.0,"key":"SMITH"}],"circlet_count":0,"master_deck":["hexamod:Strike","hexamod:Strike+1","hexamod:Strike","hexamod:Defend+1","hexamod:Defend","hexamod:Defend","hexamod:Defend","hexamod:Sear","hexamod:Float","hexamod:ExtraCrispy","hexamod:HauntingEcho","hexamod:Hexaguard+1","hexamod:GhostOfSpirePresent+1","hexamod:RainOfEmbers","hexamod:ShieldOfDarkness","hexamod:SpectersWail","hexamod:AdvancingGuard","hexamod:Firestarter","hexamod:DynamicBlow+1","hexamod:ShieldOfDarkness"],"relics":["hexamod:SpiritBrand","downfall:HeartsMalice","Vajra","MealTicket","Bag of Preparation"],"acts_visited":["Exordium"],"potions_floor_usage":[],"damage_taken":[{"damage":0.0,"enemies":"2 Louse","floor":1.0,"turns":1.0},{"damage":0.0,"enemies":"Small Slimes","floor":2.0,"turns":1.0},{"damage":0.0,"enemies":"downfall:FleeingMerchant","floor":3.0,"turns":1.0},{"damage":0.0,"enemies":"Jaw Worm","floor":4.0,"turns":4.0},{"damage":9.0,"enemies":"Exordium Thugs","floor":5.0,"turns":5.0},{"damage":12.0,"enemies":"Large Slime","floor":6.0,"turns":5.0},{"damage":0.0,"enemies":"Lots of Slimes","floor":8.0,"turns":4.0},{"damage":2.0,"enemies":"2 Fungi Beasts","floor":9.0,"turns":3.0},{"damage":19.0,"enemies":"Gremlin Nob","floor":11.0,"turns":4.0},{"damage":3.0,"enemies":"downfall:FleeingMerchant","floor":14.0,"turns":4.0},{"damage":40,"enemies":"downfall:Defect","floor":16,"turns":6}],"seed_played":"1552991387128780600","potions_obtained":[{"floor":4.0,"key":"Slimebound:ThreeZeroPotion"},{"floor":6.0,"key":"sneckomod:MuddlingPotion"},{"floor":8.0,"key":"SteroidPotion"},{"floor":11.0,"key":"AttackPotion"}],"is_trial":false,"path_per_floor":["M","M","$","M","M","M","T","M","M","R","E","?","?","$","R","B"],"character_chosen":"THE_SPIRIT","items_purchased":["hexamod:ShieldOfDarkness"],"campfire_rested":0,"item_purchase_floors":[14],"current_hp_per_floor":[70,70,70,70,61,49,49,49,47,47,28,28,21,33,33,0,0,0],"gold":20,"neow_bonus":"THREE_ENEMY_KILL","is_daily":false,"chose_seed":false,"campfire_upgraded":2,"win_rate":0.0,"timestamp":1609540325,"path_taken":["M","M","$","M","M","M","T","M","M","R","E","?","?","$","R","BOSS"],"items_purchased_type":["Card"],"build_version":"2020-12-22","purchased_purges":2,"victory":false,"max_hp_per_floor":[70,70,70,70,70,70,70,70,70,70,70,70,70,70,70,70,70,70],"card_choices":[{"not_picked":["hexamod:NightmareGuise","hexamod:Hexaguard"],"picked":"hexamod:ExtraCrispy","floor":1.0},{"not_picked":["hexamod:InspiringFlames","hexamod:EmpoweredFlame"],"picked":"hexamod:HauntingEcho","floor":2.0},{"not_picked":["hexamod:NightmareStrike","hexamod:NecessarySacrifice"],"picked":"hexamod:Hexaguard","floor":3.0},{"not_picked":["hexamod:ShieldOfDarkness","hexamod:ChargedBarrage"],"picked":"hexamod:GhostOfSpirePresent","floor":4.0},{"not_picked":["hexamod:SpectralAdrenaline","hexamod:GhostOfSpirePast"],"picked":"hexamod:RainOfEmbers","floor":5.0},{"not_picked":["hexamod:SpectersWail","hexamod:SwordOfDarkness"],"picked":"hexamod:ShieldOfDarkness","floor":6.0},{"not_picked":["hexamod:GhostflameInferno","hexamod:HauntingEcho"],"picked":"hexamod:SpectersWail","floor":8.0},{"not_picked":["hexamod:BacktrackSmack","hexamod:NightmareGuise"],"picked":"hexamod:AdvancingGuard","floor":9.0},{"not_picked":["hexamod:InspiringFlames","hexamod:GhostLash"],"picked":"hexamod:Firestarter","floor":11.0},{"not_picked":["hexamod:HeatShield","hexamod:TurnItUp"],"picked":"hexamod:DynamicBlow","floor":14.0}],"player_experience":45615,"relics_obtained":[{"floor":7.0,"key":"Vajra"},{"floor":11.0,"key":"MealTicket"}],"event_choices":[{"damage_healed":0.0,"max_hp_gain":0.0,"max_hp_loss":0.0,"gold_gain":0.0,"event_name":"Scrap Ooze","player_choice":"Success","floor":13.0,"gold_loss":0.0,"damage_taken":7.0,"relics_obtained":["Bag of Preparation"]}],"is_beta":false,"boss_relics":[],"items_purged_floors":[3,14],"is_endless":false,"potions_floor_spawned":[4,6,8,11],"killed_by":"downfall:Defect","ascension_level":0}}