{"host":"q8niu1x2pgv94o1d","time":1609517195,"event":{"mods":["AchievementEnabler","BaseMod","Colored Map","Colored Powertips","Minty Spire (QoL Compilation)","StSLib"],"gold_per_floor":[113,113,113,128,148,148,148,148],"floor_reached":7,"playtime":318,"items_purged":[],"score":82,"play_id":"25696cff-527c-49c4-a2cd-e761ffd7e844","local_time":"20210101170635","is_ascension_mode":true,"campfire_choices":[{"floor":6,"key":"REST"}],"circlet_count":0,"master_deck":["AscendersBane","Strike_G","Strike_G","Strike_G","Strike_G","Defend_G","Defend_G","Defend_G","Defend_G","Defend_G","Survivor","Neutralize","Masterful Stab","Accuracy","Flying Knee","Dagger Throw"],"relics":["Black Star","Akabeko"],"acts_visited":["Exordium"],"potions_floor_usage":[],"damage_taken":[{"damage":21,"enemies":"Jaw Worm","floor":1,"turns":9},{"damage":8,"enemies":"Small Slimes","floor":4,"turns":5},{"damage":0,"enemies":"Cultist","floor":5,"turns":4},{"damage":32,"enemies":"3 Sentries","floor":7,"turns":10}],"seed_played":"-7739294361314976716","potions_obtained":[{"floor":1,"key":"DuplicationPotion"}],"is_trial":false,"path_per_floor":["M","?","?","M","M","R","E"],"character_chosen":"THE_SILENT","items_purchased":[],"campfire_rested":1,"item_purchase_floors":[],"current_hp_per_floor":[38,12,12,4,4,23,0,0],"gold":148,"neow_bonus":"BOSS_RELIC","is_daily":false,"chose_seed":false,"campfire_upgraded":0,"win_rate":0.0,"timestamp":1609517195,"path_taken":["M","?","?","?","M","R","E"],"items_purchased_type":[],"build_version":"2020-12-22","purchased_purges":0,"victory":false,"max_hp_per_floor":[66,66,66,66,66,66,66,66],"card_choices":[{"not_picked":["Dagger Spray","Flying Knee"],"picked":"Masterful Stab","floor":1},{"not_picked":["Skewer","Prepared"],"picked":"Flying Knee","floor":4},{"not_picked":["Underhanded Strike","Dodge and Roll"],"picked":"Dagger Throw","floor":5}],"player_experience":1724654,"relics_obtained":[],"event_choices":[{"damage_healed":0,"gold_gain":0,"player_choice":"Success","damage_taken":26,"relics_obtained":["Akabeko"],"max_hp_gain":0,"max_hp_loss":0,"event_name":"Scrap Ooze","floor":2,"gold_loss":0},{"damage_healed":0,"gold_gain":0,"cards_transformed":["Strike_G"],"player_choice":"Transformed","damage_taken":0,"max_hp_gain":0,"max_hp_loss":0,"event_name":"Transmorgrifier","floor":3,"gold_loss":0,"cards_obtained":["Accuracy"]}],"is_beta":false,"boss_relics":[],"items_purged_floors":[],"is_endless":false,"potions_floor_spawned":[1],"killed_by":"3 Sentries","ascension_level":20}}