{"host":"tcbcu0e72zetwacg","time":1609495249,"event":{"mods":["AchievementEnabler","BaseMod","Downfall","Minty Spire (QoL Compilation)","StSLib"],"gold_per_floor":[99,119,134,234,234,245,270,290,26,43,143,171,171,220,235,235,235,235],"floor_reached":16,"playtime":1309,"items_purged":[],"score":127,"play_id":"84e6e54c-a5c0-4430-8fda-5c29be5db36e","local_time":"20210101120049","is_ascension_mode":false,"campfire_choices":[{"data":"champ:Taunt","floor":1,"key":"SMITH"}],"circlet_count":0,"master_deck":["champ:Strike","champ:Strike","champ:Strike","champ:Defend","champ:Defend","champ:Defend","champ:Defend","champ:Execute","champ:Taunt+1","champ:FanOfKnives","champ:Backstep","champ:SkillfulDodge","champ:RecklessLeap","champ:EnragedBash","champ:CalledShot","champ:StanceDance","Parasite","champ:DeathBlow"],"relics":["champ:ChampionCrown","Orichalcum","Kunai","Champion Belt","Matryoshka","Strawberry","Blood Vial"],"acts_visited":["Exordium"],"potions_floor_usage":[],"damage_taken":[{"damage":5,"enemies":"Small Slimes","floor":2,"turns":4},{"damage":5,"enemies":"2 Louse","floor":3,"turns":3},{"damage":9,"enemies":"Cultist","floor":6,"turns":5},{"damage":46,"enemies":"Exordium Thugs","floor":8,"turns":7},{"damage":27,"enemies":"downfall:FleeingMerchant","floor":9,"turns":4},{"damage":42,"enemies":"Large Slime","floor":10,"turns":8},{"damage":38,"enemies":"Large Slime","floor":11,"turns":6},{"damage":36,"enemies":"3 Sentries","floor":12,"turns":7},{"damage":12,"enemies":"Red Slaver","floor":15,"turns":5},{"damage":74,"enemies":"downfall:Ironclad","floor":16,"turns":10}],"seed_played":"5243524213326875292","potions_obtained":[{"floor":2,"key":"EssenceOfSteel"},{"floor":6,"key":"DuplicationPotion"},{"floor":10,"key":"SkillPotion"}],"is_trial":false,"path_per_floor":["R","M","M","?","?","M","T","M","$","M","?","E","?","T","M","B"],"character_chosen":"THE_CHAMP","items_purchased":["Kunai"],"campfire_rested":0,"item_purchase_floors":[9],"current_hp_per_floor":[99,99,99,99,99,98,98,78,74,61,34,23,47,54,49,0,0,0],"gold":235,"neow_bonus":"TEN_PERCENT_HP_BONUS","is_daily":false,"chose_seed":false,"campfire_upgraded":1,"win_rate":0.0,"timestamp":1609495249,"path_taken":["R","M","M","?","?","?","T","M","?","M","?","E","?","?","M","BOSS"],"items_purchased_type":["Relic"],"build_version":"2020-12-22","purchased_purges":0,"victory":false,"max_hp_per_floor":[99,99,99,99,99,99,99,99,99,99,99,99,99,106,106,106,106,106],"card_choices":[{"not_picked":["champ:GutPunch","champ:StanceDance"],"picked":"champ:FanOfKnives","floor":2},{"not_picked":["champ:EnGarde","champ:DancingMaster"],"picked":"champ:Backstep","floor":3},{"not_picked":["champ:DefensiveShout","champ:StanceDance"],"picked":"champ:RecklessLeap","floor":6},{"not_picked":["champ:GladiatorsShout","champ:Circumvent","champ:FlashCut"],"picked":"SKIP","floor":8},{"not_picked":["champ:BladeFlurry","champ:PerfectedStrike"],"picked":"champ:EnragedBash","floor":9},{"not_picked":["champ:RapidStrikes","champ:StanceDance"],"picked":"champ:CalledShot","floor":10},{"not_picked":["champ:GladiatorsShout","champ:CrookedStrike"],"picked":"champ:StanceDance","floor":11},{"not_picked":["champ:FlashCut","champ:SkillfulDodge","champ:Backstep"],"picked":"SKIP","floor":12},{"not_picked":["champ:IronFortress","champ:StanceDance"],"picked":"champ:DeathBlow","floor":15}],"player_experience":245785,"relics_obtained":[{"floor":7,"key":"Orichalcum"},{"floor":11,"key":"Champion Belt"},{"floor":12,"key":"Matryoshka"},{"floor":14,"key":"Strawberry"},{"floor":14,"key":"Blood Vial"}],"event_choices":[{"damage_healed":0,"gold_gain":0,"cards_transformed":["champ:Strike"],"player_choice":"Transformed","damage_taken":0,"max_hp_gain":0,"max_hp_loss":0,"event_name":"Transmorgrifier","floor":5,"gold_loss":0,"cards_obtained":["champ:SkillfulDodge"]},{"damage_healed":24,"gold_gain":0,"player_choice":"Healed and dodged fight","damage_taken":0,"max_hp_gain":0,"max_hp_loss":0,"event_name":"Mushrooms","floor":13,"gold_loss":0,"cards_obtained":["Parasite"]}],"is_beta":false,"boss_relics":[],"items_purged_floors":[],"is_endless":false,"potions_floor_spawned":[2,6,10],"killed_by":"downfall:Ironclad","ascension_level":0}}