{"host":"982whgfapomb3lkp","time":1609469524,"event":{"mods":["AchievementEnabler","BaseMod","Colored Map","Minty Spire (QoL Compilation)","Relic Stats"],"gold_per_floor":[164,176,23,34,48,83,83,116,116,136,136,86,118,193,193,295,295,310,328,342,355,372,372,372],"floor_reached":23,"playtime":2086,"items_purged":[],"score":258,"play_id":"0da70552-5e6c-48ab-9140-983e865a3e92","local_time":"20201231215204","is_ascension_mode":true,"campfire_choices":[{"data":"Infinite Blades","floor":7.0,"key":"SMITH"},{"floor":11.0,"key":"REST"},{"floor":15.0,"key":"REST"}],"circlet_count":0,"master_deck":["Strike_G","Strike_G","Strike_G","Strike_G","Defend_G","Defend_G","Defend_G","Defend_G","Defend_G","Survivor","Neutralize+1","Infinite Blades+1","Dagger Throw","Cloak And Dagger","Outmaneuver","Bouncing Flask","Calculated Gamble","Expertise","Quick Slash","Dagger Spray","Adrenaline","Deadly Poison","Crippling Poison","Catalyst","Blade Dance"],"relics":["Tiny House","Vajra","The Courier","Bronze Scales","Anchor","Singing Bowl","Black Star"],"acts_visited":["TheCity"],"potions_floor_usage":[21,23],"damage_taken":[{"damage":1.0,"enemies":"Small Slimes","floor":1.0,"turns":4.0},{"damage":3.0,"enemies":"2 Louse","floor":2.0,"turns":2.0},{"damage":0.0,"enemies":"Cultist","floor":4.0,"turns":3.0},{"damage":6.0,"enemies":"Looter","floor":5.0,"turns":4.0},{"damage":13.0,"enemies":"3 Sentries","floor":6.0,"turns":9.0},{"damage":19.0,"enemies":"Lagavulin","floor":8.0,"turns":7.0},{"damage":0.0,"enemies":"Blue Slaver","floor":10.0,"turns":3.0},{"damage":22.0,"enemies":"3 Sentries","floor":13.0,"turns":6.0},{"damage":37.0,"enemies":"The Guardian","floor":16.0,"turns":10.0},{"damage":17,"enemies":"2 Thieves","floor":18,"turns":4},{"damage":0,"enemies":"3 Byrds","floor":19,"turns":3},{"damage":20,"enemies":"Shelled Parasite and Fungi","floor":20,"turns":4},{"damage":0,"enemies":"Snecko","floor":21,"turns":4},{"damage":4,"enemies":"Centurion and Healer","floor":22,"turns":8},{"damage":43,"enemies":"Slavers","floor":23,"turns":3}],"seed_played":"2283697678198719793","potions_obtained":[{"floor":0.0,"key":"EssenceOfSteel"},{"floor":1.0,"key":"EssenceOfSteel"},{"floor":5.0,"key":"SneckoOil"},{"floor":6.0,"key":"Weak Potion"},{"floor":16.0,"key":"LiquidBronze"},{"floor":19,"key":"Swift Potion"},{"floor":20,"key":"SpeedPotion"}],"is_trial":false,"path_per_floor":["M","M","$","M","M","E","R","E","T","M","R","?","E","?","R","B",null,"M","M","M","M","M","E"],"character_chosen":"THE_SILENT","items_purchased":["Vajra"],"campfire_rested":2,"item_purchase_floors":[3],"current_hp_per_floor":[74,71,71,71,65,52,52,33,33,33,55,55,33,22,44,7,75,58,60,40,40,36,0,0],"gold":372,"neow_bonus":"BOSS_RELIC","is_daily":false,"chose_seed":false,"campfire_upgraded":1,"win_rate":0.0,"timestamp":1609469524,"path_taken":["M","M","$","M","M","E","R","E","T","M","R","?","E","?","R","BOSS","M","M","M","M","M","E"],"items_purchased_type":["Relic"],"build_version":"2020-12-22","purchased_purges":0,"victory":false,"max_hp_per_floor":[75,75,75,75,75,75,75,75,75,75,75,75,75,75,75,75,75,75,77,77,77,77,77,77],"relic_stats":{"Singing Bowl":2,"counters":[6,26],"Bronze Scales":[94],"Black Star":0,"obtain_stats":[{"Anchor":0,"Tiny House":0,"Singing Bowl":0,"Bronze Scales":0,"Vajra":0,"The Courier":0,"Black Star":17},{"Anchor":0,"Tiny House":0,"Singing Bowl":0,"Bronze Scales":0,"Vajra":0,"The Courier":0,"Black Star":0},{"Anchor":0,"Tiny House":0,"Singing Bowl":0,"Bronze Scales":0,"Vajra":0,"The Courier":0,"Black Star":0}]},"card_choices":[{"not_picked":["Catalyst","Slice"],"picked":"Infinite Blades","floor":0.0},{"not_picked":["Expertise","Flying Knee"],"picked":"Dagger Throw","floor":1.0},{"not_picked":["Deflect","Predator"],"picked":"Cloak And Dagger","floor":2.0},{"not_picked":["Dagger Throw","PiercingWail"],"picked":"Outmaneuver","floor":4.0},{"not_picked":["Dagger Throw","Calculated Gamble"],"picked":"Bouncing Flask","floor":5.0},{"not_picked":["Underhanded Strike","All Out Attack"],"picked":"Calculated Gamble","floor":6.0},{"not_picked":["Bullet Time","Flying Knee"],"picked":"Expertise","floor":8.0},{"not_picked":["Dash","Dagger Throw"],"picked":"Quick Slash","floor":10.0},{"not_picked":["Leg Sweep","Prepared"],"picked":"Dagger Spray","floor":13.0},{"not_picked":["Corpse Explosion","Venomology"],"picked":"Adrenaline","floor":16.0},{"not_picked":["Slice","Dodge and Roll+1"],"picked":"Deadly Poison","floor":18},{"not_picked":["Flying Knee","Masterful Stab","Terror"],"picked":"Singing Bowl","floor":19},{"not_picked":["Slice","Deflect"],"picked":"Crippling Poison","floor":20},{"not_picked":["PiercingWail","Choke"],"picked":"Catalyst","floor":21},{"not_picked":["Doppelganger","Dagger Spray"],"picked":"Blade Dance","floor":22}],"player_experience":424718,"relics_obtained":[{"floor":6.0,"key":"The Courier"},{"floor":8.0,"key":"Bronze Scales"},{"floor":9.0,"key":"Anchor"},{"floor":13.0,"key":"Singing Bowl"}],"event_choices":[{"cards_removed":["Strike_G"],"damage_healed":0.0,"max_hp_gain":0.0,"max_hp_loss":0.0,"gold_gain":0.0,"event_name":"The Cleric","player_choice":"Card Removal","floor":12.0,"gold_loss":50.0,"damage_taken":0.0},{"damage_healed":0.0,"max_hp_gain":0.0,"max_hp_loss":0.0,"gold_gain":75.0,"event_name":"World of Goop","player_choice":"Gather Gold","floor":14.0,"gold_loss":0.0,"damage_taken":11.0}],"is_beta":false,"boss_relics":[{"not_picked":["SlaversCollar","Empty Cage"],"picked":"Black Star"}],"items_purged_floors":[],"is_endless":false,"potions_floor_spawned":[1,5,6,16,19,20],"killed_by":"Slavers","ascension_level":4}}