{"host":"ceopyqoizwrgii5g","time":1609509732,"event":{"mods":["ATMod(阿瑾Mod)","Act Like it!","Aspiration","BaseMod","BetterRewards","CapriCore","Conspire","Dota2Spire","GungeonMod","Hallownest","Hermit","Infinite Spire","Luminous","Marisa（霧雨　魔理沙）","Minty Spire (QoL Compilation)","Permanent Neow","Quick Restart","Reimu（博???）","Remilia（蕾米莉?）","Replay The Spire","Robot Space Explorer","RumiaBox-露米?的神秘盒子","SOS（斯巴?之子）","Shop Mod","Spicy Shops","StSLib","SuperFastMode","The Bug Knight","The Cursed","Transform Curses","WarShipGirlsR/??少女R mod","Yakumo Yukari mod","Youmu（魂魄妖?）","【功能Mod】混沌之?修复?丁","【?物卡牌】REMEMod"],"gold_per_floor":[147,147,147,159,334,372,372],"floor_reached":6,"playtime":280,"items_purged":[],"score":46,"play_id":"bca9c1b9-40fd-44e8-b0e8-54465de3df2a","local_time":"20210101220212","is_ascension_mode":true,"campfire_choices":[],"circlet_count":0,"master_deck":["Attack_a","Attack_a+1","Attack_b","Shoot+1","Shoot","Provocation","Defend_Dante","Defend_Dante","Defend_Dante","Defend_Dante+1","Redorb","AT_DivineConfetti+1","Poisoned Strike+1","LucifercomboC+1","Splesh","CoyoteA","Doubt","Splesh"],"relics":["SSS","Combocheck","REME_ComplimentaryCards","AT_ATBox","BargainBundle","AT_BellDemon","Dota2Spire:Vanguard","Guide Book","MerchantsRug","ReplayTheSpireMod:Shallot","Bag of Marbles","AddBug","SecretRecord"],"acts_visited":["Exordium"],"potions_floor_usage":[],"damage_taken":[{"damage":0,"enemies":"Small Slimes","floor":1,"turns":3},{"damage":0,"enemies":"Jaw Worm","floor":4,"turns":2},{"damage":46,"enemies":"3 Sentries","floor":6,"turns":6}],"seed_played":"7304304756361138713","potions_obtained":[{"floor":4,"key":"Regen Potion"}],"is_trial":false,"path_per_floor":["M","?","?","M","?","E"],"character_chosen":"DANTE","items_purchased":["BargainBundle","AT_BellDemon","Dota2Spire:Vanguard","Guide Book","LucifercomboC+1","Splesh","MerchantsRug","ReplayTheSpireMod:Shallot"],"campfire_rested":0,"item_purchase_floors":[0,0,0,0,0,0,0,0],"current_hp_per_floor":[80,64,64,64,64,18,18],"gold":372,"neow_bonus":"","is_daily":false,"chose_seed":false,"campfire_upgraded":0,"win_rate":0.0,"timestamp":1609509732,"path_taken":["M","?","?","M","?","E"],"items_purchased_type":["Relic","Relic","Relic","Relic","Card","Card","Relic","Relic"],"build_version":"2020-12-22","purchased_purges":0,"victory":false,"max_hp_per_floor":[80,80,80,80,80,80,80],"card_choices":[{"not_picked":["Weaponchange","Greenorb","VitalstarM"],"picked":"SKIP","floor":1},{"not_picked":["Kick13","Straight"],"picked":"CoyoteA","floor":4},{"not_picked":["Ecstasy","Millionkick"],"picked":"Splesh","floor":6}],"player_experience":407027,"relics_obtained":[{"floor":1,"key":"Bag of Marbles"},{"floor":1,"key":"AddBug"},{"floor":4,"key":"HollowMod:LifeEnderRelic"},{"floor":6,"key":"Garlic"},{"floor":6,"key":"Incense Burner"}],"event_choices":[{"damage_healed":0,"gold_gain":0,"player_choice":"Entered Light","damage_taken":16,"max_hp_gain":0,"max_hp_loss":0,"event_name":"Shining Light","floor":2,"gold_loss":0,"cards_upgraded":["Defend_Dante","Shoot"]},{"damage_healed":0,"gold_gain":175,"player_choice":"AGREE","damage_taken":0,"max_hp_gain":0,"max_hp_loss":0,"event_name":"Liars Game","floor":5,"gold_loss":0,"cards_obtained":["Doubt"]}],"is_beta":false,"boss_relics":[],"items_purged_floors":[],"is_endless":false,"potions_floor_spawned":[4,6],"killed_by":"3 Sentries","ascension_level":1}}