{"host":"nhkq23mrg3i3n2so","time":1609542684,"event":{"mods":["BaseMod","Colored Map","Colored Powertips","Downfall","Minty Spire (QoL Compilation)","Quick Restart","Relic Stats","StSLib","SuperFastMode"],"gold_per_floor":[99,110,110,110,125,125,125,138,48,48,61,73,73,98,118,214,214,64,75,75,75,93,110,110,110,127,127,146,31,116,130,150,252,252,252,268,268,260,29,29,29,49,71,6,20,20,37,37,53,53],"floor_reached":51,"playtime":7170,"items_purged":["hexamod:Defend","hexamod:InspiringFlames","hexamod:PhantomFireball"],"score":668,"play_id":"e3b6765a-fd7a-4ae2-8772-35196a2f2865","local_time":"20210102001124","is_ascension_mode":false,"campfire_choices":[{"floor":1.0,"key":"RECALL"},{"data":"hexamod:Float","floor":10.0,"key":"SMITH"},{"data":"hexamod:SkipABeat","floor":13.0,"key":"SMITH"},{"data":"hexamod:GhostflameInferno","floor":18.0,"key":"SMITH"},{"data":"hexamod:FastForward","floor":25.0,"key":"SMITH"},{"data":"hexamod:SoulSteal","floor":35,"key":"SMITH"},{"data":"Impatience","floor":40,"key":"SMITH"},{"floor":48,"key":"REST"}],"circlet_count":0,"master_deck":["hexamod:Float+1","hexamod:Hexaguard","hexamod:FirstSeal","hexamod:SoulSteal+1","hexamod:BurningTouch","hexamod:GhostflameInferno+1","hexamod:FastForward+1","hexamod:CrushingStance","hexamod:InspiringFlames+1","hexamod:GhostOfSpireFuture","hexamod:GhostOfSpirePast+1","hexamod:ExtraCrispy","hexamod:SearingWound","hexamod:ThirdSeal","hexamod:SecondSeal","Impatience+1","hexamod:EtherealExpedition+1","hexamod:AdvancingGuard+1","hexamod:ShieldOfDarkness+1","expansioncontent:ManipulateTime","hexamod:EtherealExpedition+1"],"relics":["hexamod:SpiritBrand","downfall:BrokenWingStatue","Dream Catcher","Pandora\u0027s Box","downfall:HeartBlessingRed","downfall:HeartBlessingBlue","InkBottle","Philosopher\u0027s Stone","Pantograph"],"acts_visited":["Exordium","TheCity","TheBeyond"],"potions_floor_usage":[36,50,50],"damage_taken":[{"damage":0.0,"enemies":"Small Slimes","floor":2.0,"turns":3.0},{"damage":1.0,"enemies":"Jaw Worm","floor":5.0,"turns":4.0},{"damage":0.0,"enemies":"2 Louse","floor":8.0,"turns":4.0},{"damage":0.0,"enemies":"downfall:FleeingMerchant","floor":9.0,"turns":4.0},{"damage":10.0,"enemies":"Exordium Thugs","floor":11.0,"turns":6.0},{"damage":0.0,"enemies":"Large Slime","floor":12.0,"turns":6.0},{"damage":0.0,"enemies":"Red Slaver","floor":15.0,"turns":4.0},{"damage":55.0,"enemies":"downfall:Ironclad","floor":16.0,"turns":12.0},{"damage":0.0,"enemies":"Shell Parasite","floor":19.0,"turns":3.0},{"damage":8.0,"enemies":"Shell Parasite","floor":20.0,"turns":7.0},{"damage":29.0,"enemies":"3 Byrds","floor":22.0,"turns":7.0},{"damage":3.0,"enemies":"Snake Plant","floor":23.0,"turns":3.0},{"damage":0.0,"enemies":"Centurion and Healer","floor":26.0,"turns":5.0},{"damage":6.0,"enemies":"Snecko","floor":28.0,"turns":5.0},{"damage":0.0,"enemies":"downfall:FleeingMerchant","floor":29.0,"turns":4.0},{"damage":5.0,"enemies":"Snake Plant","floor":31.0,"turns":3.0},{"damage":0.0,"enemies":"Centurion and Healer","floor":32.0,"turns":5.0},{"damage":44.0,"enemies":"downfall:Watcher","floor":33.0,"turns":7.0},{"damage":16,"enemies":"3 Shapes","floor":36,"turns":3},{"damage":8,"enemies":"downfall:FleeingMerchant","floor":39,"turns":4},{"damage":44,"enemies":"3 Darklings","floor":42,"turns":4},{"damage":11,"enemies":"Sphere and 2 Shapes","floor":43,"turns":3},{"damage":14,"enemies":"downfall:FleeingMerchant","floor":44,"turns":4},{"damage":9,"enemies":"4 Shapes","floor":45,"turns":3},{"damage":25,"enemies":"Jaw Worm Horde","floor":47,"turns":5},{"damage":36,"enemies":"Sphere and 2 Shapes","floor":49,"turns":8},{"damage":19,"enemies":"downfall:Defect","floor":50,"turns":9}],"seed_played":"-7306834324594289884","potions_obtained":[{"floor":2.0,"key":"Swift Potion"},{"floor":8.0,"key":"ColorlessPotion"},{"floor":16.0,"key":"PowerPotion"},{"floor":19.0,"key":"sneckomod:MuddlingPotion"},{"floor":22.0,"key":"Dexterity Potion"},{"floor":32.0,"key":"hexamod:DoubleChargePotion"},{"floor":45,"key":"EssenceOfSteel"}],"is_trial":false,"path_per_floor":["R","M","?","?","M","?","T","M","$","R","M","M","R","T","M","B",null,"R","M","?","?","M","M","T","R","M","?","M","$","?","M","M","B",null,"R","M","?","?","$","R","T","M","M","$","M","?","M","R","M","B",null],"character_chosen":"THE_SPIRIT","items_purchased":["Impatience","Energy Potion"],"campfire_rested":1,"item_purchase_floors":[39,44],"current_hp_per_floor":[77,77,82,82,81,81,81,81,81,81,71,78,78,78,82,34,82,92,92,91,91,69,73,73,73,80,80,81,88,74,76,83,46,92,92,83,83,83,82,82,82,45,41,34,32,32,14,41,12,18],"gold":53,"neow_bonus":"TEN_PERCENT_HP_BONUS","is_daily":false,"chose_seed":false,"campfire_upgraded":6,"win_rate":0.0,"timestamp":1609542684,"path_taken":["R","M","?","?","M","?","T","M","$","R","M","M","R","?","M","BOSS","R","M","?","?","?","M","T","R","?","?","M","$","?","M","M","BOSS","R","M","?","?","?","R","T","M","?","$","M","?","M","R","M","BOSS"],"items_purchased_type":["Card","Potion"],"build_version":"2020-12-22","purchased_purges":3,"victory":true,"max_hp_per_floor":[77,77,82,82,82,82,82,82,82,82,82,82,82,82,82,82,82,92,92,92,92,92,92,92,92,92,92,92,92,92,92,92,92,92,92,92,92,92,92,92,92,92,92,92,92,92,92,92,92,92],"relic_stats":{"Dream Catcher":1,"counters":[27,135],"Pantograph":25,"Pandora\u0027s Box":["hexamod:PhantomCloak","hexamod:ParanormalForm","hexamod:NightmareStrike","hexamod:EmpoweredFlame","hexamod:BacktrackSmack","hexamod:SpectralAdrenaline"],"obtain_stats":[{"Dream Catcher":7,"downfall:BrokenWingStatue":4,"downfall:HeartBlessingRed":18,"downfall:HeartBlessingBlue":18,"Pantograph":41,"Pandora\u0027s Box":17,"Philosopher\u0027s Stone":34,"hexamod:SpiritBrand":0,"InkBottle":24},{"Dream Catcher":2,"downfall:BrokenWingStatue":1,"downfall:HeartBlessingRed":8,"downfall:HeartBlessingBlue":8,"Pantograph":20,"Pandora\u0027s Box":8,"Philosopher\u0027s Stone":18,"hexamod:SpiritBrand":0,"InkBottle":12},{"Dream Catcher":7,"downfall:BrokenWingStatue":3,"downfall:HeartBlessingRed":43,"downfall:HeartBlessingBlue":43,"Pantograph":99,"Pandora\u0027s Box":43,"Philosopher\u0027s Stone":92,"hexamod:SpiritBrand":0,"InkBottle":63}],"InkBottle":[36]},"card_choices":[{"not_picked":["hexamod:FastForward","hexamod:HeatCrush"],"picked":"hexamod:InspiringFlames","floor":2.0},{"not_picked":["hexamod:HauntingEcho","hexamod:ChargedBarrage"],"picked":"hexamod:Hexaguard","floor":5.0},{"not_picked":["hexamod:HeatShield","hexamod:NightmareStrike"],"picked":"hexamod:Firestarter","floor":8.0},{"not_picked":["hexamod:SpectersWail","hexamod:NightmareGuise"],"picked":"hexamod:FirstSeal","floor":9.0},{"not_picked":["hexamod:SpectersWail","hexamod:AdvancingGuard"],"picked":"hexamod:SkipABeat","floor":11.0},{"not_picked":["hexamod:HauntingEcho","hexamod:NightmareGuise"],"picked":"hexamod:SoulSteal","floor":12.0},{"not_picked":["hexamod:GhostflameBarrier","hexamod:RadiantFlame"],"picked":"hexamod:BurningTouch","floor":15.0},{"not_picked":["hexamod:CrushingStance","hexamod:HexaLevel"],"picked":"hexamod:GhostflameInferno","floor":16.0},{"not_picked":["hexamod:CatchUp","hexamod:GhostLash"],"picked":"hexamod:FastForward","floor":19.0},{"not_picked":["hexamod:BurningTouch","hexamod:SwordOfDarkness","hexamod:SpectralAdrenaline"],"picked":"SKIP","floor":22.0},{"not_picked":["hexamod:Again","hexamod:NightmareGuise"],"picked":"hexamod:PhantomFireball","floor":23.0},{"not_picked":["hexamod:GhostOfSpirePresent","hexamod:SpectralAdrenaline"],"picked":"hexamod:InspiringFlames+1","floor":26.0},{"not_picked":["hexamod:SpectersWail","hexamod:HauntingEcho"],"picked":"hexamod:GhostOfSpireFuture","floor":28.0},{"not_picked":["hexamod:BacktrackSmack","hexamod:TurnItUp"],"picked":"hexamod:GhostOfSpirePast+1","floor":29.0},{"not_picked":["hexamod:Hexaguard","hexamod:NecessarySacrifice+1","hexamod:HeatShield"],"picked":"SKIP","floor":31.0},{"not_picked":["hexamod:SkipABeat","hexamod:HeatMetal"],"picked":"hexamod:ExtraCrispy","floor":32.0},{"not_picked":["hexamod:UnleashSpirits","hexamod:ParanormalForm"],"picked":"hexamod:SearingWound","floor":33.0},{"not_picked":["hexamod:Hexaguard","hexamod:RainOfEmbers+1"],"picked":"hexamod:ThirdSeal","floor":36},{"not_picked":["hexamod:BurningTouch","hexamod:SwordOfDarkness+1","hexamod:ShieldOfDarkness"],"picked":"SKIP","floor":39},{"not_picked":["hexamod:FirstSeal","hexamod:Hexaguard","hexamod:Firestarter+1"],"picked":"SKIP","floor":39},{"not_picked":["hexamod:UnleashSpirits","hexamod:InspiringFlames","hexamod:BurningTouch"],"picked":"SKIP","floor":42},{"not_picked":["hexamod:HeatMetal","hexamod:Haunt+1","hexamod:GhostLash"],"picked":"SKIP","floor":42},{"not_picked":["hexamod:AdvancingGuard","hexamod:InspiringFlames+1"],"picked":"hexamod:EtherealExpedition+1","floor":43},{"not_picked":["hexamod:GhostLash+1","hexamod:InspiringFlames+1"],"picked":"hexamod:AdvancingGuard+1","floor":43},{"not_picked":["hexamod:StepThrough","hexamod:CrushingStance","hexamod:ThermalTransfer"],"picked":"SKIP","floor":44},{"not_picked":["hexamod:ExtraCrispy","hexamod:FastForward","hexamod:HauntingEcho"],"picked":"SKIP","floor":44},{"not_picked":["hexamod:BacktrackSmack+1","hexamod:CatchUp+1"],"picked":"hexamod:ShieldOfDarkness+1","floor":45},{"not_picked":["expansioncontent:DonusPower","expansioncontent:LastStand"],"picked":"expansioncontent:ManipulateTime","floor":46},{"not_picked":["hexamod:SecondSeal","hexamod:ThirdSeal","hexamod:GhostLash+1"],"picked":"SKIP","floor":47},{"not_picked":["hexamod:BurningTouch","hexamod:StepThrough","hexamod:GhostOfSpirePresent+1"],"picked":"SKIP","floor":47},{"not_picked":["hexamod:ThermalTransfer","hexamod:RainOfEmbers+1"],"picked":"hexamod:EtherealExpedition+1","floor":49}],"player_experience":530183,"relics_obtained":[{"floor":7.0,"key":"Dream Catcher"},{"floor":24.0,"key":"InkBottle"},{"floor":41,"key":"Pantograph"}],"event_choices":[{"damage_healed":0.0,"max_hp_gain":5.0,"max_hp_loss":0.0,"gold_gain":0.0,"event_name":"Big Fish","player_choice":"Donut","floor":3.0,"gold_loss":0.0,"damage_taken":0.0},{"cards_removed":["hexamod:Strike"],"damage_healed":0.0,"max_hp_gain":0.0,"max_hp_loss":0.0,"gold_gain":0.0,"event_name":"The Cleric","player_choice":"Card Removal","floor":6.0,"gold_loss":0.0,"damage_taken":0.0},{"damage_healed":0.0,"max_hp_gain":0.0,"max_hp_loss":0.0,"gold_gain":0.0,"cards_transformed":["hexamod:Firestarter"],"event_name":"Transmorgrifier","player_choice":"Transformed","floor":21.0,"gold_loss":0.0,"damage_taken":0.0,"cards_obtained":["hexamod:CrushingStance"]}],"is_beta":false,"boss_relics":[{"not_picked":["Black Star","Fusion Hammer"],"picked":"Pandora\u0027s Box"},{"not_picked":["Tiny House","Snecko Eye"],"picked":"Philosopher\u0027s Stone"}],"items_purged_floors":[9,29,39],"is_endless":false,"potions_floor_spawned":[2,8,16,19,22,28,32,33,45,47],"ascension_level":0}}