{"host":"dh4nu8nelr2izibb","time":1609471467,"event":{"mods":["Act Like it!","BaseMod","Better Third Choice","Card Forge","Curses Come First","Displayed Cursed Tome","HololiveMod","Marisa????????","Minty Spire (QoL Compilation)","Puzzle Mod","Quick Restart","Relic Filter","StSLib","The Marked","The Poker Player","The Servant 0.9.4","WarShipGirlsR/????R mod","Yakumo Yukari mod"],"gold_per_floor":[332,382,221,234,251,283,283,267,317,317,336,64,64,80,80,151,151,168,168,92,120,120,120,120,120],"floor_reached":24,"playtime":698,"items_purged":["Injury","Hololive_CallAkiRosenthal"],"score":542,"play_id":"5f8154e5-c4ec-485f-b718-702355e7e423","local_time":"20201231222427","is_ascension_mode":true,"campfire_choices":[{"data":"Hololive_CallAmaneKanata","floor":7,"key":"SMITH"},{"data":"Hololive_CallYozoraMel","floor":10,"key":"SMITH"},{"data":"Hololive_LuckPotion","floor":15,"key":"SMITH"},{"data":"Hololive_CallAZKi","floor":23,"key":"SMITH"}],"circlet_count":0,"master_deck":["AscendersBane","Hololive_Strike","Hololive_Strike","Hololive_Defend","Hololive_Defend","Hololive_DevilCharm","Hololive_CallAyundaRisu","Hololive_CallAmaneKanata+1","Hololive_CallYozoraMel+1","Hololive_CallSakuraMiko","Hololive_Rebound","Hololive_SoulCatcher","Hololive_Psychosis","Hololive_Rebound","Hololive_CallMoonaHoshinova","Hololive_CallShirakamiFubuki","Hololive_Spy","Hololive_Yoholoon","Hololive_Breathe","Hololive_LuckPotion+1","Hololive_IdolExercise","Hololive_CallTokinoSora","Hololive_CallAZKi+1"],"relics":["Hololive_TheStar","Hammer of Thor","Seething Fire","Anvil of the Gods","Hololive_FriedShrimpLion","Potion Belt","Busted Crown"],"acts_visited":["Exordium","TheCity"],"potions_floor_usage":[16,24],"damage_taken":[{"damage":0,"enemies":"Small Slimes","floor":1,"turns":4},{"damage":0,"enemies":"Cultist","floor":4,"turns":3},{"damage":3,"enemies":"2 Louse","floor":5,"turns":2},{"damage":0,"enemies":"Gremlin Nob","floor":6,"turns":4},{"damage":6,"enemies":"Exordium Thugs","floor":8,"turns":5},{"damage":0,"enemies":"Blue Slaver","floor":11,"turns":3},{"damage":0,"enemies":"3 Louse","floor":14,"turns":3},{"damage":0,"enemies":"The Guardian","floor":16,"turns":5},{"damage":3,"enemies":"Shell Parasite","floor":18,"turns":5},{"damage":0,"enemies":"Chosen","floor":21,"turns":3},{"damage":6,"enemies":"Slavers","floor":24,"turns":3}],"seed_played":"2604347658099844579","potions_obtained":[{"floor":1,"key":"Energy Potion"},{"floor":5,"key":"Ancient Potion"},{"floor":6,"key":"Weak Potion"},{"floor":16,"key":"EssenceOfSteel"},{"floor":18,"key":"LiquidMemories"},{"floor":21,"key":"SkillPotion"}],"is_trial":false,"path_per_floor":["M","?","$","M","M","E","R","M","T","R","M","$","?","M","R","B",null,"M","?","$","M","?","R","E"],"character_chosen":"Hololive_HololiveCharacter","items_purchased":["Hololive_SoulCatcher","Hololive_Spy","Hololive_Yoholoon","Hololive_Breathe","Hololive_CallAZKi"],"campfire_rested":0,"item_purchase_floors":[3,12,12,12,20],"current_hp_per_floor":[27,24,24,24,21,21,21,15,15,15,21,21,21,30,30,30,30,30,24,24,30,30,30,29,29],"gold":120,"neow_bonus":"TWO_FIFTY_GOLD","is_daily":false,"chose_seed":false,"campfire_upgraded":4,"win_rate":0.0,"timestamp":1609471467,"path_taken":["M","?","$","M","?","E","R","M","T","R","M","$","?","M","R","BOSS","M","?","?","M","?","R","E"],"items_purchased_type":["Card","Card","Card","Card","Card"],"build_version":"2020-12-22","purchased_purges":2,"victory":false,"max_hp_per_floor":[30,30,30,30,30,30,30,30,30,30,30,30,30,30,30,30,30,30,30,30,30,30,30,30,30],"card_choices":[{"not_picked":["Hololive_LuckPotion","Hololive_Breathe","Hololive_FlyingPonyTail"],"picked":"Hololive_Rebound","floor":1},{"not_picked":["Hololive_CallFriendA","Hololive_Rebound","Hololive_HuntDinosaur"],"picked":"Hololive_Psychosis","floor":4},{"not_picked":["Hololive_Psychosis","Hololive_CallArtia","Hololive_OvertimeWork"],"picked":"Hololive_Rebound","floor":5},{"not_picked":["Hololive_DevilCharm","Hololive_HuntDinosaur","Hololive_OpenUp"],"picked":"Hololive_CallMoonaHoshinova","floor":6},{"not_picked":["Hololive_StrengthChampion","Hololive_Drill","Hololive_Breathe","Hololive_FlyingPonyTail"],"picked":"SKIP","floor":8},{"not_picked":["Hololive_Nanodesu","Hololive_Drill","Hololive_FlyingPonyTail"],"picked":"Hololive_CallShirakamiFubuki","floor":11},{"not_picked":["Hololive_Rebound","Hololive_Sequa","Hololive_Drill"],"picked":"Hololive_LuckPotion","floor":14},{"not_picked":["Hololive_DurableLive","Hololive_DDD","Hololive_Thief"],"picked":"Hololive_IdolExercise","floor":16},{"not_picked":["Hololive_StrengthChampion"],"picked":"Hololive_CallTokinoSora","floor":18},{"not_picked":["Hololive_Breathe","Hololive_HuntDinosaur"],"picked":"SKIP","floor":21}],"player_experience":1135667,"relics_obtained":[{"floor":6,"key":"Hololive_FriedShrimpLion"},{"floor":9,"key":"Potion Belt"}],"event_choices":[{"damage_healed":0,"gold_gain":50,"player_choice":"Touch","damage_taken":3,"max_hp_gain":0,"max_hp_loss":0,"event_name":"FaceTrader","floor":2,"gold_loss":0},{"damage_healed":0,"gold_gain":0,"player_choice":"Ignored","damage_taken":64,"max_hp_gain":0,"max_hp_loss":0,"event_name":"betterThird:BetterSerpent","floor":13,"gold_loss":0},{"damage_healed":0,"gold_gain":0,"player_choice":"","damage_taken":6,"max_hp_gain":0,"max_hp_loss":0,"event_name":"Knowing Skull","floor":19,"potions_obtained":[],"gold_loss":0,"cards_obtained":[]},{"damage_healed":0,"gold_gain":0,"player_choice":"Ignored","damage_taken":0,"max_hp_gain":0,"max_hp_loss":0,"event_name":"Beggar","floor":22,"gold_loss":0}],"is_beta":false,"boss_relics":[{"not_picked":["Astrolabe","Calling Bell"],"picked":"Busted Crown"}],"items_purged_floors":[3,12],"is_endless":false,"potions_floor_spawned":[1,5,6,16,18,21],"killed_by":"Slavers","ascension_level":20}}