{"host":"sc0o2qwpf9j16a4i","time":1609542264,"event":{"mods":["AchievementEnabler","BaseMod","BetterRewards","Block Reminder","Colored Map","Colored Powertips","Custom Start","Highlight Path","Minty Spire (QoL Compilation)","Relic Stats"],"gold_per_floor":[112,129,429,479,499,499,513,541,541,541,21,35,70,80,80,156,156,172,197,209,209,222,222,250,250,250,250,250,250,9,36,36,113,113,129,5,15,29,44,44,62,92,92,92,120,342,369,369,369,369,369],"floor_reached":50,"playtime":2520,"items_purged":["Strike_B","Strike_B"],"score":1481,"play_id":"1efa4371-3001-4d97-b103-d78ea4a401e8","local_time":"20210102010424","is_ascension_mode":true,"campfire_choices":[{"data":"Self Repair","floor":6,"key":"SMITH"},{"data":"Sweeping Beam","floor":10,"key":"SMITH"},{"data":"Rip and Tear","floor":15,"key":"SMITH"},{"data":"Creative AI","floor":23,"key":"SMITH"},{"floor":28,"key":"REST"},{"floor":32,"key":"REST"},{"floor":40,"key":"REST"},{"floor":44,"key":"RECALL"},{"data":"Strike_B","floor":49,"key":"PURGE"}],"circlet_count":0,"master_deck":["AscendersBane","Strike_B","Defend_B","Defend_B","Defend_B","Defend_B","Zap","Dualcast","Cold Snap","Leap","Sweeping Beam+1","Conserve Battery","Reboot","Heatsinks","Rip and Tear+1","Auto Shields","Creative AI+1","Hologram+1","Go for the Eyes","Reinforced Body","Reboot","Aggregate","RitualDagger","RitualDagger","Force Field","Stack","Electrodynamics","BootSequence","Capacitor","Chill+1","Consume","Genetic Algorithm+1","Coolheaded+1"],"relics":["Cracked Core","Cables","Happy Flower","Bag of Marbles","Old Coin","StoneCalendar","Calipers","Bird Faced Urn","CaptainsWheel","Sozu","Red Mask","Bottled Tornado","Peace Pipe","Membership Card","Singing Bowl","Philosopher\u0027s Stone","OrangePellets","Dead Branch","Regal Pillow","Orichalcum"],"acts_visited":["Exordium","TheCity","TheBeyond"],"potions_floor_usage":[8,8,13,16,31],"damage_taken":[{"damage":4,"enemies":"Jaw Worm","floor":1,"turns":4},{"damage":0,"enemies":"Cultist","floor":2,"turns":3},{"damage":0,"enemies":"2 Louse","floor":5,"turns":3},{"damage":2,"enemies":"Exordium Wildlife","floor":7,"turns":2},{"damage":9,"enemies":"Lagavulin","floor":8,"turns":5},{"damage":0,"enemies":"Large Slime","floor":12,"turns":4},{"damage":28,"enemies":"Gremlin Nob","floor":13,"turns":4},{"damage":14,"enemies":"3 Louse","floor":14,"turns":3},{"damage":10,"enemies":"Slime Boss","floor":16,"turns":7},{"damage":0,"enemies":"Chosen","floor":18,"turns":5},{"damage":53,"enemies":"Masked Bandits","floor":19,"turns":4},{"damage":8,"enemies":"3 Byrds","floor":20,"turns":5},{"damage":0,"enemies":"Centurion and Healer","floor":22,"turns":7},{"damage":37,"enemies":"Book of Stabbing","floor":24,"turns":6},{"damage":40,"enemies":"Slavers","floor":31,"turns":7},{"damage":52,"enemies":"Automaton","floor":33,"turns":17},{"damage":57,"enemies":"3 Darklings","floor":35,"turns":5},{"damage":19,"enemies":"3 Shapes","floor":37,"turns":4},{"damage":20,"enemies":"Transient","floor":38,"turns":6},{"damage":46,"enemies":"Jaw Worm Horde","floor":39,"turns":4},{"damage":6,"enemies":"Maw","floor":41,"turns":8},{"damage":6,"enemies":"Giant Head","floor":42,"turns":9},{"damage":23,"enemies":"Nemesis","floor":45,"turns":11},{"damage":2,"enemies":"Giant Head","floor":47,"turns":10},{"damage":116,"enemies":"Awakened One","floor":50,"turns":6}],"seed_played":"-1135043688549692348","potions_obtained":[{"floor":1,"key":"Swift Potion"},{"floor":8,"key":"Dexterity Potion"},{"floor":14,"key":"AttackPotion"}],"is_trial":false,"path_per_floor":["M","M","?","?","M","R","M","E","T","R","$","M","E","M","R","B",null,"M","?","M","?","M","R","E","?","T","?","R","?","$","E","R","B",null,"M","$","M","M","M","R","M","E","T","R","E","?","E","?","R","B"],"character_chosen":"DEFECT","items_purchased":["Cables","Self Repair","Happy Flower","Bag of Marbles","FocusPotion","Bird Faced Urn","Heatsinks","LiquidMemories","Membership Card","Force Field","OrangePellets","Capacitor"],"campfire_rested":3,"item_purchase_floors":[0,0,0,0,0,11,11,11,30,30,36,36],"current_hp_per_floor":[40,47,42,42,49,49,47,48,48,48,48,62,48,46,46,50,66,71,32,38,38,60,60,47,41,41,21,43,43,43,27,49,63,73,38,38,47,59,39,63,80,80,80,80,82,82,82,82,82,0,0],"gold":369,"neow_bonus":"","is_daily":false,"chose_seed":false,"campfire_upgraded":4,"win_rate":0.0,"timestamp":1609542264,"path_taken":["M","M","?","?","M","R","M","E","T","R","$","?","E","M","R","BOSS","M","?","M","?","M","R","E","?","T","?","R","?","$","E","R","BOSS","M","?","M","?","M","R","M","E","T","R","E","?","E","?","R","BOSS"],"items_purchased_type":["Relic","Card","Relic","Relic","Potion","Relic","Card","Potion","Relic","Card","Relic","Card"],"build_version":"2020-12-22","purchased_purges":2,"victory":false,"max_hp_per_floor":[71,71,71,71,71,71,71,71,71,71,71,71,71,71,71,71,71,71,71,71,71,71,71,71,71,71,76,76,76,76,76,76,76,76,76,76,76,78,80,80,80,80,80,80,82,82,82,82,82,82,82],"relic_stats":{"Regal Pillow":0,"Happy Flower":[164],"Singing Bowl":6,"counters":[59,299],"Dead Branch":[25],"StoneCalendar":[689],"Orichalcum":[0],"Cables":[131,99,29,0,3],"Sozu":6,"Peace Pipe":1,"OrangePellets":[8],"Bird Faced Urn":[249],"obtain_stats":[{"Regal Pillow":45,"Calipers":9,"Singing Bowl":31,"StoneCalendar":8,"Juzu Bracelet":12,"Bottled Tornado":24,"Old Coin":3,"Sozu":17,"Matryoshka":7,"Philosopher\u0027s Stone":34,"Fusion Hammer":17,"Red Mask":19,"Cracked Core":0,"Potion Belt":9,"Lee\u0027s Waffle":0,"Happy Flower":0,"Golden Idol":14,"Astrolabe":17,"Blue Candle":7,"Dead Branch":42,"Thread and Needle":0,"Pen Nib":0,"Odd Mushroom":10,"Frozen Egg 2":9,"Orichalcum":47,"Question Card":25,"White Beast Statue":10,"Cables":0,"Calling Bell":0,"Peace Pipe":26,"OrangePellets":36,"CaptainsWheel":13,"Bronze Scales":9,"Bloody Idol":22,"Bird Faced Urn":11,"Molten Egg 2":0,"Bag of Marbles":0,"Membership Card":30,"Symbiotic Virus":9},{"Regal Pillow":57,"Calipers":39,"Singing Bowl":49,"StoneCalendar":39,"Juzu Bracelet":7,"Bottled Tornado":48,"Old Coin":36,"Sozu":20,"Matryoshka":4,"Philosopher\u0027s Stone":50,"Fusion Hammer":30,"Red Mask":11,"Cracked Core":0,"Potion Belt":5,"Lee\u0027s Waffle":12,"Happy Flower":34,"Golden Idol":19,"Astrolabe":9,"Blue Candle":16,"Dead Branch":56,"Thread and Needle":0,"Pen Nib":0,"Odd Mushroom":18,"Frozen Egg 2":26,"Orichalcum":58,"Question Card":32,"White Beast Statue":27,"Cables":34,"Calling Bell":0,"Peace Pipe":48,"OrangePellets":51,"CaptainsWheel":41,"Bronze Scales":17,"Bloody Idol":31,"Bird Faced Urn":39,"Molten Egg 2":0,"Bag of Marbles":34,"Membership Card":48,"Symbiotic Virus":5},{"Regal Pillow":283,"Calipers":168,"Singing Bowl":220,"StoneCalendar":168,"Juzu Bracelet":23,"Bottled Tornado":213,"Old Coin":158,"Sozu":77,"Matryoshka":16,"Philosopher\u0027s Stone":237,"Fusion Hammer":129,"Red Mask":44,"Cracked Core":0,"Potion Belt":18,"Lee\u0027s Waffle":47,"Happy Flower":151,"Golden Idol":72,"Astrolabe":35,"Blue Candle":60,"Dead Branch":273,"Thread and Needle":0,"Pen Nib":0,"Odd Mushroom":69,"Frozen Egg 2":103,"Orichalcum":293,"Question Card":141,"White Beast Statue":110,"Cables":151,"Calling Bell":0,"Peace Pipe":213,"OrangePellets":242,"CaptainsWheel":176,"Bronze Scales":65,"Bloody Idol":132,"Bird Faced Urn":168,"Molten Egg 2":0,"Bag of Marbles":151,"Membership Card":213,"Symbiotic Virus":18}]},"card_choices":[{"not_picked":["BootSequence","Barrage"],"picked":"Cold Snap","floor":1},{"not_picked":["Blizzard","Barrage"],"picked":"Leap","floor":2},{"not_picked":["Streamline","Turbo"],"picked":"Sweeping Beam","floor":5},{"not_picked":["Steam Power","Force Field"],"picked":"Conserve Battery","floor":7},{"not_picked":["Coolheaded","Turbo"],"picked":"Reboot","floor":8},{"not_picked":["Turbo","Hello World"],"picked":"Rip and Tear","floor":12},{"not_picked":["Machine Learning","Self Repair"],"picked":"Auto Shields","floor":13},{"not_picked":["Steam","Recycle","Redo"],"picked":"SKIP","floor":14},{"not_picked":["All For One","Core Surge"],"picked":"Creative AI","floor":16},{"not_picked":["Ball Lightning+1","Lockon"],"picked":"Hologram+1","floor":18},{"not_picked":["Force Field","Leap"],"picked":"Go for the Eyes","floor":19},{"not_picked":["Gash","Tempest","Streamline"],"picked":"SKIP","floor":20},{"not_picked":["Stack","Cold Snap"],"picked":"Reboot","floor":22},{"not_picked":["Hologram","Steam"],"picked":"Aggregate","floor":24},{"not_picked":["Chaos","Storm"],"picked":"Stack","floor":31},{"not_picked":["Hyperbeam","Creative AI"],"picked":"Electrodynamics","floor":33},{"not_picked":["Rebound","Stack"],"picked":"BootSequence","floor":35},{"not_picked":["Sunder","Redo"],"picked":"Chill+1","floor":37},{"not_picked":["Streamline","Sweeping Beam","Machine Learning"],"picked":"Singing Bowl","floor":38},{"not_picked":["Sweeping Beam+1","Auto Shields","Lockon"],"picked":"Singing Bowl","floor":39},{"not_picked":["Undo","Sweeping Beam"],"picked":"Consume","floor":41},{"not_picked":["Coolheaded","Redo"],"picked":"Genetic Algorithm+1","floor":42},{"not_picked":["Sunder","Melter","Ball Lightning"],"picked":"Singing Bowl","floor":45},{"not_picked":["Steam+1","Electrodynamics"],"picked":"Coolheaded+1","floor":47}],"player_experience":501777,"relics_obtained":[{"floor":8,"key":"StoneCalendar"},{"floor":9,"key":"Calipers"},{"floor":13,"key":"CaptainsWheel"},{"floor":19,"key":"Red Mask"},{"floor":24,"key":"Bottled Tornado"},{"floor":26,"key":"Peace Pipe"},{"floor":31,"key":"Singing Bowl"},{"floor":42,"key":"Dead Branch"},{"floor":45,"key":"Regal Pillow"},{"floor":47,"key":"Orichalcum"}],"event_choices":[{"damage_healed":0,"gold_gain":0,"player_choice":"Success","damage_taken":5,"relics_obtained":["Old Coin"],"max_hp_gain":0,"max_hp_loss":0,"event_name":"Scrap Ooze","floor":3,"gold_loss":0},{"damage_healed":0,"gold_gain":50,"player_choice":"Pray","damage_taken":0,"max_hp_gain":0,"max_hp_loss":0,"event_name":"Golden Shrine","floor":4,"gold_loss":0},{"damage_healed":0,"gold_gain":0,"player_choice":"Fought Bandits","damage_taken":0,"max_hp_gain":0,"max_hp_loss":0,"event_name":"Masked Bandits","floor":19,"gold_loss":0},{"damage_healed":0,"gold_gain":0,"player_choice":"Read","damage_taken":0,"max_hp_gain":0,"max_hp_loss":0,"event_name":"The Library","floor":21,"gold_loss":0,"cards_obtained":["Reinforced Body"]},{"damage_healed":0,"gold_gain":0,"player_choice":"Joined the Cult","damage_taken":6,"max_hp_gain":0,"max_hp_loss":0,"event_name":"Nest","floor":25,"gold_loss":0,"cards_obtained":["RitualDagger"]},{"damage_healed":0,"gold_gain":0,"player_choice":"Shed Blood","damage_taken":25,"max_hp_gain":5,"max_hp_loss":0,"event_name":"Forgotten Altar","floor":27,"gold_loss":0},{"damage_healed":0,"gold_gain":0,"player_choice":"Copied","damage_taken":0,"max_hp_gain":0,"max_hp_loss":0,"event_name":"Duplicator","floor":29,"gold_loss":0,"cards_obtained":["RitualDagger"]},{"damage_healed":0,"gold_gain":222,"player_choice":"Wore Mask","damage_taken":0,"max_hp_gain":0,"max_hp_loss":0,"event_name":"Tomb of Lord Red Mask","floor":46,"gold_loss":0},{"cards_removed":["Self Repair"],"damage_healed":0,"gold_gain":0,"player_choice":"Removed Power","damage_taken":0,"max_hp_gain":0,"max_hp_loss":0,"event_name":"Falling","floor":48,"gold_loss":0}],"is_beta":false,"boss_relics":[{"not_picked":["Nuclear Battery","Calling Bell"],"picked":"Sozu"},{"not_picked":["Tiny House","Runic Dome"],"picked":"Philosopher\u0027s Stone"}],"items_purged_floors":[11,30],"is_endless":false,"potions_floor_spawned":[1,7,8,14,20,24,31,38,45,47],"killed_by":"Awakened One","ascension_level":20}}