{"host":"nzm1i0l8mrsm8hd2","time":1609478769,"event":{"mods":["Act Like it!","Aspiration","BaseMod","Conspire","Gensokyo","Minty Spire (QoL Compilation)","Pale of the Ancients","Quick Restart","RumiaBox-露米娅的神秘盒子","Spicy Shops","StSLib","The Alterego","Yakumo Yukari mod"],"gold_per_floor":[134,134,59,59,71,71,99,99,149,166,180,46,46,61,61,406,406,572,186,206,17,17,47,47,74,74,86,4,4,37,37,37],"floor_reached":31,"playtime":1723,"items_purged":["AT_purpleEX","Underhanded Strike"],"score":335,"play_id":"f4cd80f6-c5fd-46cd-adc1-26a76168a20f","local_time":"20210101132609","is_ascension_mode":true,"campfire_choices":[{"data":"Boundary_ObjectiveBoundary_purple","floor":6,"key":"SMITH"},{"data":"CommonSense_AntiCommonSense_purple","floor":8,"key":"SMITH"},{"data":"RuleDissolution_purple","floor":15,"key":"SMITH"},{"data":"WangLiang_OokamiKakushi_purple","floor":24,"key":"SMITH"},{"data":"BarrageBoundary_PipeDream_purple","floor":29,"key":"SMITH"}],"circlet_count":0,"master_deck":["Defend_purpleEX","Defend_purpleEX","Defend_purpleEX","Defend_purpleEX","Observe_purple_1","Observe_purple_2+1","CommonSense_AntiCommonSense_purple+1","Sucker Punch","Heel Hook","Boundary_ObjectiveBoundary_purple+1","WingOfChimera_purple","RuleDissolution_purple+1","Shallow_ocean_purpleEX","WangLiang_OokamiKakushi_purple+1","MNeedle_purple","Mirror_FourBoundary_purple","BarrageBoundary_PipeDream_purple+1","DarkRealmRedLine_purple","Gensokyo:Shovel","Gensokyo:ScrapIron","WeekHit_purple+1"],"relics":["Boundary_crack","Memoryfragments_purpleEX","NeowsBlessing","Darkstone Periapt","Orichalcum","SlaversCollar","HandDrill","Gambling Chip","Membership Card","Juzu Bracelet","Potion Belt","SSSystem","Lantern"],"acts_visited":["Exordium","Gensokyo:Gensokyo"],"potions_floor_usage":[14,16],"damage_taken":[{"damage":0.0,"enemies":"Gensokyo:Gryphon","floor":1.0,"turns":1.0},{"damage":0,"enemies":"Gensokyo:3_Fairies","floor":5,"turns":1},{"damage":21,"enemies":"Gensokyo:Aya","floor":7,"turns":1},{"damage":2,"enemies":"Gensokyo:2_Kodama","floor":10,"turns":5},{"damage":6,"enemies":"Gensokyo:VengefulSpirit","floor":11,"turns":8},{"damage":8,"enemies":"Gensokyo:3_Kodama","floor":14,"turns":5},{"damage":5,"enemies":"Gensokyo:Kokoro","floor":16,"turns":17},{"damage":6,"enemies":"Gensokyo:CosmicMonolith","floor":18,"turns":6},{"damage":0,"enemies":"Gensokyo:Chomper","floor":20,"turns":4},{"damage":21,"enemies":"Gensokyo:Koishi","floor":23,"turns":6},{"damage":29,"enemies":"Gensokyo:Tenshi","floor":25,"turns":3},{"damage":7,"enemies":"Gensokyo:Wraith","floor":27,"turns":4},{"damage":26,"enemies":"conspire:MimicChest","floor":30,"turns":4},{"damage":23,"enemies":"Gensokyo:Swordslinger","floor":31,"turns":1}],"seed_played":"-3785934128488656546","potions_obtained":[{"floor":1.0,"key":"DistilledChaos"},{"floor":5,"key":"SpeedPotion"},{"floor":10,"key":"LiquidBronze"},{"floor":23,"key":"DuplicationPotion"},{"floor":25,"key":"BlessingOfTheForge"},{"floor":30,"key":"GamblersBrew"}],"is_trial":false,"path_per_floor":["M","?","$","?","M","R","E","R","T","M","M","COS","?","M","R","B",null,"M","$","M","$","?","E","R","E","T","M","COS","R","?","M"],"character_chosen":"Youkari","items_purchased":["HandDrill","Mirror_FourBoundary_purple","Membership Card","BarrageBoundary_PipeDream_purple"],"campfire_rested":0,"item_purchase_floors":[19,19,21,21],"current_hp_per_floor":[70,70,70,70,70,70,49,49,49,52,51,51,51,48,48,43,70,69,69,70,70,70,51,51,24,24,28,28,28,11,0,0],"gold":37,"neow_bonus":"THREE_ENEMY_KILL","is_daily":false,"chose_seed":false,"campfire_upgraded":5,"win_rate":0.0,"timestamp":1609478769,"path_taken":["M","?","?","?","?","R","E","R","T","M","M","COS","?","M","R","BOSS","M","$","M","?","?","E","R","E","T","M","COS","R","?","M"],"items_purchased_type":["Relic","Card","Relic","Card"],"build_version":"2020-12-22","purchased_purges":2,"victory":false,"max_hp_per_floor":[70,70,70,70,70,70,70,70,70,70,70,70,70,70,70,70,70,70,70,70,70,70,70,70,70,70,70,70,70,70,70,70],"card_choices":[{"not_picked":["Umbrella_purple","Nest_LightFlightworm_purple"],"picked":"CommonSense_AntiCommonSense_purple","floor":1.0},{"not_picked":["OmniscientAndOmnipotent_Monster_purple","Charmbait_purple"],"picked":"Boundary_ObjectiveBoundary_purple","floor":5},{"not_picked":["StretchesForeverDream_purple","Boundary_LightAndDark_purple","Boundary_DynamicStaticEquilibrium_purple"],"picked":"SKIP","floor":7},{"not_picked":["StateErode_purple","Yakumo_Ran_purple"],"picked":"WingOfChimera_purple","floor":10},{"not_picked":["Umbrella_purple","EighthInstrument_OneDividesIntoTwo_purple"],"picked":"RuleDissolution_purple","floor":11},{"not_picked":["Line_surface_state_purple","StateDuplicate_purple"],"picked":"Shallow_ocean_purpleEX","floor":13},{"not_picked":["StateDuplicate_purple","PurpleNeedle_purple","DimensionStaggered_purple"],"picked":"SKIP","floor":14},{"not_picked":["GluttonyofRealm_purpleEX","UniverseChoice_purple"],"picked":"WangLiang_OokamiKakushi_purple","floor":16},{"not_picked":["Bait_HighSpeedFlying_purple","Charmbait_purple"],"picked":"MNeedle_purple","floor":18},{"not_picked":["StateDuplicate_purple","Worldmountain_purple+1","StateErode_purple"],"picked":"SKIP","floor":20},{"not_picked":["MonsterNeedle_purple+1","StateDuplicate_purple","MetroBOOM_purple"],"picked":"SKIP","floor":23},{"not_picked":["OmniscientAndOmnipotent_Monster_purple","EighthInstrument_OneDividesIntoTwo_purple"],"picked":"DarkRealmRedLine_purple","floor":25},{"not_picked":["StateErode_purple","Shallow_ocean_purpleEX","SharpContractionReality_purple+1"],"picked":"SKIP","floor":27},{"not_picked":["Price_of_realm_purpleEX","Realm_recovery_purpleEX+1"],"picked":"WeekHit_purple+1","floor":30}],"player_experience":573505,"relics_obtained":[{"floor":7,"key":"Darkstone Periapt"},{"floor":9,"key":"Orichalcum"},{"floor":23,"key":"Juzu Bracelet"},{"floor":25,"key":"Potion Belt"},{"floor":26,"key":"SSSystem"},{"floor":30,"key":"Lantern"}],"event_choices":[],"is_beta":false,"boss_relics":[{"not_picked":["aspiration:WatcherSkillbook","conspire:SpecialSausage"],"picked":"SlaversCollar"}],"items_purged_floors":[3,19],"is_endless":false,"potions_floor_spawned":[1,5,10,23,25,30],"killed_by":"Gensokyo:Swordslinger","ascension_level":1}}