{"host":"z9811rt50ti81n54","time":1609483840,"event":{"mods":["BaseMod","Minty Spire (QoL Compilation)","Relic Stats"],"gold_per_floor":[112,112,112,112,125,125,141,141,166,220,92,92,128,153,153,273,273,298,213,213,213,138,138,149,182,256,256,276,276,23,37,37,134,134,145,145,70,87,87,87,112,124,147,156,171,192,192,219,219,219],"floor_reached":51,"playtime":1264,"items_purged":["Strike_R+1"],"score":748,"play_id":"5e87d2db-0ea6-45ec-a775-8f65125bde2a","local_time":"20210101155040","is_ascension_mode":false,"campfire_choices":[{"data":"Hemokinesis","floor":6,"key":"SMITH"},{"data":"Bash","floor":8,"key":"SMITH"},{"data":"Anger","floor":12,"key":"SMITH"},{"data":"Combust","floor":15,"key":"SMITH"},{"data":"Berserk","floor":23,"key":"SMITH"},{"data":"Cleave","floor":27,"key":"SMITH"},{"data":"Defend_R","floor":29,"key":"SMITH"},{"data":"Double Tap","floor":32,"key":"SMITH"},{"data":"Shockwave","floor":40,"key":"SMITH"},{"data":"Rampage","floor":47,"key":"SMITH"},{"data":"CutThroughFate","floor":49,"key":"SMITH"}],"circlet_count":0,"master_deck":["Defend_R","Defend_R","Defend_R","Defend_R+1","Bash+1","Hemokinesis+1","Anger+1","Combust+1","Cleave+1","Berserk+1","Wild Strike+1","Spot Weakness+1","True Grit+1","Feel No Pain+1","Juggernaut+1","Shockwave+1","Rampage+1","Double Tap+1","Brutality+1","Warcry+1","True Grit+1","Writhe","Pommel Strike+1","Iron Wave+1","CutThroughFate+1","Exhume","Shrug It Off+1"],"relics":["Burning Blood","Nunchaku","Bloody Idol","WingedGreaves","Oddly Smooth Stone","Art of War","Blood Vial","Red Skull","Astrolabe","Orichalcum","Red Mask","Frozen Egg 2","Sozu","HornCleat","CeramicFish"],"acts_visited":["Exordium","TheCity","TheBeyond"],"potions_floor_usage":[33,33,50],"damage_taken":[{"damage":2.0,"enemies":"Small Slimes","floor":1.0,"turns":4.0},{"damage":0,"enemies":"2 Louse","floor":5,"turns":2},{"damage":3,"enemies":"Jaw Worm","floor":7,"turns":2},{"damage":20,"enemies":"Lagavulin","floor":13,"turns":4},{"damage":11,"enemies":"Gremlin Gang","floor":14,"turns":2},{"damage":35,"enemies":"Hexaghost","floor":16,"turns":5},{"damage":7,"enemies":"Spheric Guardian","floor":18,"turns":3},{"damage":12,"enemies":"3 Byrds","floor":24,"turns":3},{"damage":18,"enemies":"Masked Bandits","floor":25,"turns":4},{"damage":13,"enemies":"Snake Plant","floor":28,"turns":3},{"damage":2,"enemies":"Shelled Parasite and Fungi","floor":31,"turns":3},{"damage":10,"enemies":"Champ","floor":33,"turns":8},{"damage":3,"enemies":"3 Shapes","floor":35,"turns":2},{"damage":30,"enemies":"3 Darklings","floor":38,"turns":5},{"damage":30,"enemies":"Reptomancer","floor":41,"turns":5},{"damage":14,"enemies":"4 Shapes","floor":42,"turns":5},{"damage":18,"enemies":"Jaw Worm Horde","floor":45,"turns":5},{"damage":7,"enemies":"Transient","floor":46,"turns":5},{"damage":24,"enemies":"Maw","floor":48,"turns":7},{"damage":57,"enemies":"Donu and Deca","floor":50,"turns":8}],"seed_played":"-1920734161329235135","potions_obtained":[{"floor":14,"key":"SpeedPotion"},{"floor":18,"key":"HeartOfIron"},{"floor":28,"key":"Strength Potion"},{"floor":33,"key":"Block Potion"}],"is_trial":false,"path_per_floor":["M","?","?","T","M","R","M","R","T","T","?","R","E","M","R","B",null,"M","?","?","?","?","R","M","?","T","R","M","R","$","M","R","B",null,"M","?","$","M","?","R","E","M","T","?","M","M","R","M","R","B",null],"character_chosen":"IRONCLAD","items_purchased":["Juggernaut+1","Shockwave","Rampage"],"campfire_rested":0,"item_purchase_floors":[30,30,30],"current_hp_per_floor":[80,60,44,44,50,50,53,53,53,53,53,53,41,38,38,11,80,79,79,79,79,79,79,79,73,78,78,78,78,78,80,80,80,80,80,80,80,61,80,80,61,60,65,70,65,76,76,70,70,21],"gold":219,"neow_bonus":"RANDOM_COMMON_RELIC","is_daily":false,"chose_seed":false,"campfire_upgraded":11,"win_rate":0.0,"timestamp":1609483840,"path_taken":["M","?","?","?","M","R","?","R","T","?","?","R","E","?","R","BOSS","M","?","?","?","?","R","M","?","T","R","M","R","$","?","R","BOSS","M","?","$","M","?","R","E","M","T","?","M","M","R","?","R","BOSS"],"items_purchased_type":["Card","Card","Card"],"build_version":"2020-12-22","purchased_purges":1,"victory":true,"max_hp_per_floor":[80,80,80,80,80,80,80,80,80,80,80,80,80,80,80,80,80,80,80,80,80,80,80,80,80,80,80,80,80,80,80,80,80,80,80,80,80,80,80,80,80,80,80,80,80,80,80,80,80,80],"relic_stats":{"Blood Vial":22,"Sozu":2,"Nunchaku":[17],"counters":[20,85],"Bloody Idol":74,"Astrolabe":["Wild Strike","Spot Weakness","Twin Strike"],"CeramicFish":27,"Art of War":[9],"Orichalcum":[114],"obtain_stats":[{"Golden Idol":2,"Astrolabe":17,"CeramicFish":43,"Oddly Smooth Stone":9,"Orichalcum":19,"Frozen Egg 2":26,"Burning Blood":0,"Blood Vial":11,"Sozu":34,"Nunchaku":0,"HornCleat":41,"Bloody Idol":21,"WingedGreaves":4,"Art of War":10,"Red Mask":25,"Red Skull":13},{"Golden Idol":1,"Astrolabe":6,"CeramicFish":16,"Oddly Smooth Stone":3,"Orichalcum":7,"Frozen Egg 2":9,"Burning Blood":0,"Blood Vial":3,"Sozu":12,"Nunchaku":0,"HornCleat":15,"Bloody Idol":7,"WingedGreaves":1,"Art of War":3,"Red Mask":9,"Red Skull":4},{"Golden Idol":4,"Astrolabe":19,"CeramicFish":60,"Oddly Smooth Stone":8,"Orichalcum":22,"Frozen Egg 2":29,"Burning Blood":0,"Blood Vial":8,"Sozu":43,"Nunchaku":0,"HornCleat":55,"Bloody Idol":22,"WingedGreaves":4,"Art of War":8,"Red Mask":29,"Red Skull":12}],"Burning Blood":109},"card_choices":[{"not_picked":["Headbutt","Havoc"],"picked":"Twin Strike","floor":1.0},{"not_picked":["Headbutt","Sword Boomerang"],"picked":"Hemokinesis","floor":5},{"not_picked":["Flex","Twin Strike"],"picked":"Anger","floor":7},{"not_picked":["Dropkick","Ghostly Armor"],"picked":"Combust","floor":13},{"not_picked":["Twin Strike","Thunderclap"],"picked":"Cleave","floor":14},{"not_picked":["Reaper","Feed"],"picked":"Berserk","floor":16},{"not_picked":["Perfected Strike+1","Reckless Charge+1"],"picked":"True Grit+1","floor":18},{"not_picked":["Armaments","Infernal Blade","Sword Boomerang"],"picked":"SKIP","floor":24},{"not_picked":["Flex","Reckless Charge+1"],"picked":"Feel No Pain+1","floor":28},{"not_picked":["Body Slam","Clothesline"],"picked":"Double Tap","floor":31},{"not_picked":["Reaper","Barricade+1"],"picked":"Brutality+1","floor":33},{"not_picked":["Sever Soul","Warcry+1","Cleave+1"],"picked":"SKIP","floor":35},{"not_picked":["Sever Soul","Cleave+1"],"picked":"Warcry+1","floor":35},{"not_picked":["Pommel Strike+1","Flame Barrier"],"picked":"True Grit+1","floor":38},{"not_picked":["Body Slam+1","Ghostly Armor"],"picked":"Pommel Strike+1","floor":41},{"not_picked":["Heavy Blade+1","Flex+1"],"picked":"Iron Wave+1","floor":42},{"not_picked":["True Grit","Dual Wield+1","Anger"],"picked":"SKIP","floor":45},{"not_picked":["Hemokinesis+1","Anger+1"],"picked":"Exhume","floor":46},{"not_picked":["Body Slam+1","Anger+1"],"picked":"Shrug It Off+1","floor":48}],"player_experience":265086,"relics_obtained":[{"floor":4.0,"key":"WingedGreaves"},{"floor":9,"key":"Oddly Smooth Stone"},{"floor":10,"key":"Art of War"},{"floor":13,"key":"Red Skull"},{"floor":25,"key":"Red Mask"},{"floor":26,"key":"Frozen Egg 2"},{"floor":41,"key":"HornCleat"},{"floor":43,"key":"CeramicFish"}],"event_choices":[{"damage_healed":0.0,"max_hp_gain":0.0,"max_hp_loss":0.0,"gold_gain":0.0,"event_name":"Golden Idol","player_choice":"Take Damage","floor":2.0,"gold_loss":0.0,"damage_taken":20.0,"relics_obtained":["Golden Idol"]},{"damage_healed":0.0,"max_hp_gain":0.0,"max_hp_loss":0.0,"gold_gain":0.0,"event_name":"Shining Light","player_choice":"Entered Light","floor":3.0,"gold_loss":0.0,"damage_taken":16.0,"cards_upgraded":["Strike_R","Twin Strike"]},{"damage_healed":0,"gold_gain":0,"player_choice":"Paid Gold","damage_taken":0,"relics_obtained":["Blood Vial"],"max_hp_gain":0,"max_hp_loss":0,"event_name":"WeMeetAgain","floor":11,"gold_loss":128},{"damage_healed":0,"gold_gain":0,"player_choice":"Obtained Relic","damage_taken":0,"relics_obtained":["Orichalcum"],"max_hp_gain":0,"max_hp_loss":0,"event_name":"Addict","floor":19,"gold_loss":85},{"damage_healed":0,"gold_gain":0,"player_choice":"Ignored","damage_taken":0,"max_hp_gain":0,"max_hp_loss":0,"event_name":"Vampires","floor":20,"gold_loss":0},{"damage_healed":0,"gold_gain":0,"player_choice":"Gave Idol","damage_taken":0,"relics_obtained":["Bloody Idol"],"max_hp_gain":0,"max_hp_loss":0,"event_name":"Forgotten Altar","floor":21,"relics_lost":["Golden Idol"],"gold_loss":0},{"cards_removed":["Strike_R"],"damage_healed":0,"gold_gain":0,"player_choice":"Gave Gold","damage_taken":0,"max_hp_gain":0,"max_hp_loss":0,"event_name":"Beggar","floor":22,"gold_loss":75},{"damage_healed":0,"gold_gain":0,"player_choice":"Fought Bandits","damage_taken":0,"max_hp_gain":0,"max_hp_loss":0,"event_name":"Masked Bandits","floor":25,"gold_loss":0},{"cards_removed":["Twin Strike"],"damage_healed":0,"gold_gain":0,"player_choice":"Removed Attack","damage_taken":0,"max_hp_gain":0,"max_hp_loss":0,"event_name":"Falling","floor":36,"gold_loss":0},{"damage_healed":20,"gold_gain":0,"player_choice":"Writhe","damage_taken":0,"max_hp_gain":0,"max_hp_loss":0,"event_name":"Winding Halls","floor":39,"gold_loss":0,"cards_obtained":["Writhe"]},{"cards_removed":["Twin Strike"],"damage_healed":0,"gold_gain":0,"player_choice":"Took Card","damage_taken":0,"max_hp_gain":0,"max_hp_loss":0,"event_name":"NoteForYourself","floor":44,"gold_loss":0,"cards_obtained":["CutThroughFate"]}],"is_beta":false,"boss_relics":[{"not_picked":["Black Star","Calling Bell"],"picked":"Astrolabe"},{"not_picked":["SlaversCollar","Busted Crown"],"picked":"Sozu"}],"items_purged_floors":[37],"is_endless":false,"potions_floor_spawned":[14,18,28,31,33,35,45],"ascension_level":0}}