{"host":"ff0k6g9g9j8o52vm","time":1609491040,"event":{"mods":["AchievementEnabler","Aspiration","Astrologer","BaseMod","Beaked The Cultist","Better Altar","Better Note","Better Sensory Stone","Better Skull","Better Third Choice","Colored Map","Colored Powertips","Curses Come First","Downfall","Energized Spire","GifTheSpireLib","Gremlin Mod","Hermit","Highlight Path","Hubris","Infinite Spire","Jorbs\u0027s Wanderer Trilogy","Koishi","Marisa????????","Minty Spire (QoL Compilation)","Quick Restart","Random Character Button","Replay The Spire","Robot Space Explorer","Shade Mod","Somnambulant","StSLib","The Bug Knight","The Clintock","The Construct","The Cursed","The Disciple","The Dragon Tamer","The Forsaken","The Gatherer","The Hayseed","The Hierophant","The Jungle","The Marked","The Mystic","The Necromancer","The Poker Player","The Runesmith","The Sage","The Saiyan","The Senshi","The Servant 0.9.4","The Wild Card","TheArtist","Wandering Minibosses","Yuri Mod","vexMod"],"gold_per_floor":[109,122,142,142,152,179,7,7,34,54,54,54],"floor_reached":11,"playtime":346,"items_purged":["theWildCard:BasicStrike"],"score":75,"play_id":"b4cf60ea-9366-45b5-bede-92a00ac590a5","local_time":"20210101005040","is_ascension_mode":false,"campfire_choices":[{"floor":8,"key":"REST"}],"circlet_count":0,"master_deck":["theWildCard:BasicStrike","theWildCard:BasicStrike","theWildCard:BasicStrike","theWildCard:BasicDefend","theWildCard:BasicDefend","theWildCard:BasicDefend","theWildCard:BasicDefend","theWildCard:CallToAdventure","theWildCard:Arsene","theWildCard:StingingStrike","theWildCard:Michael","theWildCard:IdentityTheft","theWildCard:StalwartBlade","theWildCard:SeveringSlash","theWildCard:Michael","theWildCard:ArcanaArtistry"],"relics":["theWildCard:VelvetContract","hubris:ToyBattleship","hubris:SlimyHat"],"acts_visited":["Exordium"],"potions_floor_usage":[],"damage_taken":[{"damage":0,"enemies":"Small Slimes","floor":1,"turns":3},{"damage":12,"enemies":"Jaw Worm","floor":2,"turns":4},{"damage":10,"enemies":"2 Louse","floor":3,"turns":2},{"damage":13,"enemies":"Red Slaver","floor":5,"turns":2},{"damage":30,"enemies":"Gremlin Nob","floor":6,"turns":4},{"damage":0,"enemies":"2 Fungi Beasts","floor":10,"turns":2},{"damage":45,"enemies":"Lagavulin","floor":11,"turns":3}],"seed_played":"-1104070147351738657","potions_obtained":[{"floor":2,"key":"Slimebound:ThreeZeroPotion"},{"floor":5,"key":"hexamod:EctoCoolerPotion"}],"is_trial":false,"path_per_floor":["M","M","M","?","M","E","$","R","T","M","E"],"character_chosen":"THE_WILD_CARD","items_purchased":["theWildCard:Michael","Adrenaline Potion"],"campfire_rested":1,"item_purchase_floors":[7,7],"current_hp_per_floor":[66,54,44,63,50,20,20,39,39,41,0,0],"gold":54,"neow_bonus":"TEN_PERCENT_HP_BONUS","is_daily":false,"chose_seed":false,"campfire_upgraded":0,"win_rate":0.0,"timestamp":1609491040,"path_taken":["M","M","M","?","M","E","$","R","T","M","E"],"items_purchased_type":["Card","Potion"],"build_version":"2020-12-22","purchased_purges":1,"victory":false,"max_hp_per_floor":[66,66,66,66,66,66,66,66,66,66,66,66],"card_choices":[{"not_picked":["theWildCard:ArcanaArtistry","theWildCard:SacrificialStroke"],"picked":"theWildCard:StingingStrike","floor":1},{"not_picked":["theWildCard:MagicalMight","theWildCard:Patience"],"picked":"theWildCard:Michael","floor":2},{"not_picked":["theWildCard:ArcaneArts","theWildCard:Proficiency"],"picked":"theWildCard:IdentityTheft","floor":3},{"not_picked":["theWildCard:ArcaneArts","theWildCard:Unburden"],"picked":"theWildCard:StalwartBlade","floor":5},{"not_picked":["theWildCard:ArchaicAssault","theWildCard:MagicMettle"],"picked":"theWildCard:SeveringSlash","floor":6},{"not_picked":["theWildCard:SeveringSlash","theWildCard:CryOfAgony"],"picked":"theWildCard:ArcanaArtistry","floor":10}],"player_experience":952819,"relics_obtained":[{"floor":6,"key":"hubris:ToyBattleship"},{"floor":9,"key":"hubris:SlimyHat"}],"event_choices":[],"is_beta":false,"boss_relics":[],"items_purged_floors":[7],"is_endless":false,"potions_floor_spawned":[2,5],"killed_by":"Lagavulin","ascension_level":0}}