{"host":"hwrdjx5eod2cxh09","time":1609477670,"event":{"mods":["AchievementEnabler","BaseMod","Bestiary","Minty Spire (QoL Compilation)","Relic Stats"],"gold_per_floor":[109,121,136,152,167,194,269,269,295,329,348,348,448,474,474,576,576,587,597,612,143,242,269,269,269,269,297,313,323,323,334,334,432,432,447,458,238,255,255,255,283,137,137,137,148,148,148,148,148],"floor_reached":48,"playtime":3318,"items_purged":["Strike_B","Sweeping Beam"],"score":522,"play_id":"751c3d39-dbcf-4661-b13e-1da891f9e2ec","local_time":"20210101140750","is_ascension_mode":false,"campfire_choices":[{"data":"Zap","floor":8,"key":"SMITH"},{"data":"Dualcast","floor":12,"key":"SMITH"},{"floor":15,"key":"REST"},{"floor":24,"key":"REST"},{"data":"Blizzard","floor":30,"key":"SMITH"},{"data":"Loop","floor":32,"key":"SMITH"},{"data":"Hologram","floor":40,"key":"SMITH"},{"floor":44,"key":"RECALL"},{"data":"Creative AI","floor":47,"key":"SMITH"}],"circlet_count":0,"master_deck":["Defend_B","Defend_B","Defend_B","Defend_B","Zap+1","Dualcast+1","Ball Lightning","Chill","Cold Snap","Capacitor","Capacitor","Turbo","Loop+1","Electrodynamics","Glacier+1","Leap","Self Repair","Blizzard+1","Barrage","Coolheaded+1","Core Surge","Hologram+1","Creative AI+1","Reinforced Body+1","Loop","Chill+1","Cold Snap+1"],"relics":["Cracked Core","Vajra","Boot","PreservedInsect","Lantern","Velvet Choker","Bottled Lightning","Blood Vial","Cables","Potion Belt","Empty Cage","Symbiotic Virus","Art of War"],"acts_visited":["Exordium","TheCity","TheBeyond"],"potions_floor_usage":[10,16,23,27,33,38,48,48],"damage_taken":[{"damage":1,"enemies":"Jaw Worm","floor":1,"turns":4},{"damage":0,"enemies":"Cultist","floor":2,"turns":3},{"damage":0,"enemies":"2 Louse","floor":3,"turns":3},{"damage":0,"enemies":"Lots of Slimes","floor":4,"turns":3},{"damage":5,"enemies":"Blue Slaver","floor":5,"turns":3},{"damage":12,"enemies":"3 Sentries","floor":6,"turns":7},{"damage":13,"enemies":"Gremlin Nob","floor":10,"turns":4},{"damage":0,"enemies":"2 Fungi Beasts","floor":11,"turns":3},{"damage":13,"enemies":"3 Sentries","floor":14,"turns":5},{"damage":37,"enemies":"Hexaghost","floor":16,"turns":10},{"damage":18,"enemies":"3 Byrds","floor":18,"turns":5},{"damage":21,"enemies":"Spheric Guardian","floor":19,"turns":4},{"damage":18,"enemies":"Snecko","floor":20,"turns":6},{"damage":11,"enemies":"Book of Stabbing","floor":23,"turns":6},{"damage":8,"enemies":"Slavers","floor":27,"turns":3},{"damage":10,"enemies":"Snake Plant","floor":28,"turns":5},{"damage":0,"enemies":"Centurion and Healer","floor":29,"turns":5},{"damage":2,"enemies":"Shelled Parasite and Fungi","floor":31,"turns":7},{"damage":17,"enemies":"Champ","floor":33,"turns":12},{"damage":25,"enemies":"3 Darklings","floor":35,"turns":5},{"damage":13,"enemies":"Orb Walker","floor":36,"turns":5},{"damage":13,"enemies":"Transient","floor":38,"turns":5},{"damage":33,"enemies":"Nemesis","floor":41,"turns":11},{"damage":16,"enemies":"3 Darklings","floor":45,"turns":6},{"damage":22,"enemies":"4 Shapes","floor":48,"turns":3}],"seed_played":"-2505819936195975148","potions_obtained":[{"floor":1,"key":"Energy Potion"},{"floor":3,"key":"SkillPotion"},{"floor":4,"key":"AttackPotion"},{"floor":19,"key":"DistilledChaos"},{"floor":23,"key":"BlessingOfTheForge"},{"floor":28,"key":"Weak Potion"},{"floor":31,"key":"AttackPotion"},{"floor":33,"key":"SpeedPotion"},{"floor":36,"key":"FocusPotion"}],"is_trial":false,"path_per_floor":["M","M","M","M","M","E","?","R","T","E","M","R","?","E","R","B",null,"M","M","M","$","?","E","R","?","T","E","M","M","R","M","R","B",null,"M","M","$","M","?","R","E","$","T","R","M","?","R","M"],"character_chosen":"DEFECT","items_purchased":["Self Repair","DuplicationPotion","Bottled Lightning","Loop","FocusPotion","Art of War"],"campfire_rested":2,"item_purchase_floors":[21,21,21,37,37,42],"current_hp_per_floor":[81,81,81,81,76,64,53,53,53,40,40,40,40,27,51,14,82,64,43,25,25,25,21,45,45,45,39,38,47,47,54,54,46,82,64,60,60,49,49,49,25,25,25,25,18,18,18,0,0],"gold":148,"neow_bonus":"TEN_PERCENT_HP_BONUS","is_daily":false,"chose_seed":false,"campfire_upgraded":6,"win_rate":0.0,"timestamp":1609477670,"path_taken":["M","M","M","M","M","E","?","R","T","E","M","R","?","E","R","BOSS","M","M","M","$","?","E","R","?","T","E","?","M","R","M","R","BOSS","M","M","$","M","?","R","E","$","T","R","M","?","R","M"],"items_purchased_type":["Card","Potion","Relic","Card","Potion","Relic"],"build_version":"2020-12-22","purchased_purges":2,"victory":false,"max_hp_per_floor":[82,82,82,82,82,82,82,82,82,82,82,82,82,82,82,82,82,82,82,82,82,82,82,82,82,82,82,82,82,82,82,82,82,82,82,82,82,82,82,82,82,82,82,82,82,82,82,82,82],"relic_stats":{"Blood Vial":20,"counters":[25,133],"PreservedInsect":159,"Art of War":[4],"Boot":[48],"obtain_stats":[{"Potion Belt":27,"Lantern":14,"Vajra":6,"Velvet Choker":17,"PreservedInsect":10,"Boot":9,"Empty Cage":34,"Cables":26,"Blood Vial":23,"Art of War":42,"Bottled Lightning":21,"Cracked Core":0,"Symbiotic Virus":41},{"Potion Belt":15,"Lantern":9,"Vajra":6,"Velvet Choker":10,"PreservedInsect":7,"Boot":6,"Empty Cage":19,"Cables":14,"Blood Vial":14,"Art of War":23,"Bottled Lightning":13,"Cracked Core":0,"Symbiotic Virus":23},{"Potion Belt":69,"Lantern":35,"Vajra":23,"Velvet Choker":45,"PreservedInsect":27,"Boot":23,"Empty Cage":98,"Cables":66,"Blood Vial":66,"Art of War":124,"Bottled Lightning":60,"Cracked Core":0,"Symbiotic Virus":124}],"Cables":[60,13,47,0,0]},"card_choices":[{"not_picked":["Undo","Hello World"],"picked":"Ball Lightning","floor":1},{"not_picked":["Static Discharge","Scrape"],"picked":"Chill","floor":2},{"not_picked":["Ball Lightning","Coolheaded"],"picked":"Sweeping Beam","floor":3},{"not_picked":["Barrage","Reprogram"],"picked":"Cold Snap","floor":4},{"not_picked":["Stack","Rebound"],"picked":"Capacitor","floor":5},{"not_picked":["Leap","Tempest"],"picked":"Capacitor","floor":6},{"not_picked":["Melter","Sunder"],"picked":"Turbo","floor":10},{"not_picked":["Stack","Skim","Compile Driver"],"picked":"SKIP","floor":11},{"not_picked":["Stack","Skim","Compile Driver"],"picked":"SKIP","floor":11},{"not_picked":["Stack","Skim","Compile Driver"],"picked":"SKIP","floor":11},{"not_picked":["Lockon","Undo"],"picked":"Loop","floor":14},{"not_picked":["Creative AI","Buffer"],"picked":"Electrodynamics","floor":16},{"not_picked":["Gash","Rebound+1","Beam Cell"],"picked":"SKIP","floor":18},{"not_picked":["Auto Shields+1","Hologram"],"picked":"Glacier+1","floor":19},{"not_picked":["FTL","Beam Cell"],"picked":"Leap","floor":20},{"not_picked":["Ball Lightning+1","Turbo","Cold Snap"],"picked":"SKIP","floor":23},{"not_picked":["Steam Power","Recycle"],"picked":"Barrage","floor":27},{"not_picked":["Fusion","Darkness+1"],"picked":"Coolheaded+1","floor":28},{"not_picked":["Scrape+1","Recycle"],"picked":"Core Surge","floor":29},{"not_picked":["Sweeping Beam","Stack"],"picked":"Hologram","floor":31},{"not_picked":["Core Surge","Meteor Strike"],"picked":"Creative AI","floor":33},{"not_picked":["Gash","Hologram","Beam Cell"],"picked":"SKIP","floor":35},{"not_picked":["Melter","Genetic Algorithm+1"],"picked":"Reinforced Body+1","floor":36},{"not_picked":["Redo","Storm+1","Ball Lightning+1"],"picked":"SKIP","floor":38},{"not_picked":["Steam+1","Streamline"],"picked":"Chill+1","floor":41},{"not_picked":["Stack","Turbo+1"],"picked":"Cold Snap+1","floor":45}],"player_experience":139279,"relics_obtained":[{"floor":6,"key":"Vajra"},{"floor":9,"key":"Boot"},{"floor":10,"key":"PreservedInsect"},{"floor":14,"key":"Lantern"},{"floor":23,"key":"Blood Vial"},{"floor":26,"key":"Cables"},{"floor":27,"key":"Potion Belt"},{"floor":41,"key":"Symbiotic Virus"}],"event_choices":[{"damage_healed":0,"gold_gain":75,"player_choice":"Gather Gold","damage_taken":11,"max_hp_gain":0,"max_hp_loss":0,"event_name":"World of Goop","floor":7,"gold_loss":0},{"damage_healed":0,"gold_gain":100,"player_choice":"Pray","damage_taken":0,"max_hp_gain":0,"max_hp_loss":0,"event_name":"Golden Shrine","floor":13,"gold_loss":0},{"damage_healed":0,"gold_gain":99,"player_choice":"Stole From Cult","damage_taken":0,"max_hp_gain":0,"max_hp_loss":0,"event_name":"Nest","floor":22,"gold_loss":0},{"damage_healed":0,"gold_gain":0,"cards_transformed":["Strike_B"],"player_choice":"Transformed","damage_taken":0,"max_hp_gain":0,"max_hp_loss":0,"event_name":"Transmorgrifier","floor":25,"gold_loss":0,"cards_obtained":["Blizzard"]},{"damage_healed":0,"gold_gain":0,"player_choice":"Ignored","damage_taken":0,"max_hp_gain":0,"max_hp_loss":0,"event_name":"Mysterious Sphere","floor":39,"gold_loss":0},{"damage_healed":0,"gold_gain":0,"player_choice":"Memory 1","damage_taken":0,"max_hp_gain":0,"max_hp_loss":0,"event_name":"SensoryStone","floor":46,"gold_loss":0}],"is_beta":false,"boss_relics":[{"not_picked":["SacredBark","Runic Dome"],"picked":"Velvet Choker"},{"not_picked":["Tiny House","Philosopher\u0027s Stone"],"picked":"Empty Cage"}],"items_purged_floors":[21,37],"is_endless":false,"potions_floor_spawned":[1,3,4,6,19,23,28,31,33,36],"killed_by":"4 Shapes","ascension_level":0}}