{"host":"ifkniheryhug0h86","time":1609473116,"event":{"mods":["AchievementEnabler","BaseMod","Block Reminder","Colored Map","Colored Powertips","DeckTracker","Downfall","Googly Eyes","Hermit","Highlight Path","Hubris","Infinite Spire","Minty Spire (QoL Compilation)","Quick Restart","Relic Sorter","Relic Stats","Replay The Spire","StSLib","SuperFastMode","The Bladedancer","The Construct","The IronCluck","The Necromancer"],"gold_per_floor":[118,118,165,218,235,267,267,542,565,583,599,619,206,234,234,330,330,349,349,349,349,42,42,42,62,62,62,62,62,94,111,111,207,207,225,244,244,244],"floor_reached":37,"playtime":1775,"items_purged":["Regret"],"score":441,"play_id":"92fb178f-2a4b-49bd-8873-759d1e676fab","local_time":"20201231225156","is_ascension_mode":true,"campfire_choices":[{"data":"Negative_Energy_Arrows","floor":7,"key":"SMITH"},{"floor":15,"key":"REST"},{"data":"Epidemic","floor":23,"key":"SMITH"},{"data":"BasicCrystalCard","floor":27,"key":"SMITH"},{"data":"hubris:DuctTapeCard","floor":29,"key":"SMITH"},{"floor":32,"key":"REST"}],"circlet_count":0,"master_deck":["Strike_W","Strike_W","Strike_W","Defend_W","Defend_W","Negative_Energy_Arrows+1","Bone_Wall","Slay_Living+1","Stop_Heart","Panic Button","Negative_Energy_Shield","Stop_Heart","Requiem+1","hubris:DuctTapeCard+2","Go for the Eyes","Summon_Death_Knight+1","Reap_The_Weak+1","Negative_Energy_Sphere+1","Bone_Spikes+1","Epidemic+1","BasicCrystalCard+1","Death_Knell+1","Leap","Amplify","Summon_Undead_Army","Loop"],"relics":["Vampire_Amulet","NeowsBlessing","hubris:DisguiseKit","Bronze Scales","Letter Opener","hubris:OldNail","hubris:DuctTape","Simple Rune","Astrolabe","MutagenicStrength","Pet Ghost","Guide Book","Lantern","Matryoshka","Pen Nib","Sozu"],"acts_visited":["Exordium","TheCity","TheBeyond"],"potions_floor_usage":[11,16,16,33,33],"damage_taken":[{"damage":0,"enemies":"Jaw Worm","floor":1,"turns":1},{"damage":0,"enemies":"2 Louse","floor":5,"turns":1},{"damage":6,"enemies":"3 Sentries","floor":6,"turns":2},{"damage":8,"enemies":"Cultist","floor":10,"turns":4},{"damage":17,"enemies":"Exordium Thugs","floor":11,"turns":4},{"damage":7,"enemies":"Red Slaver","floor":12,"turns":4},{"damage":14,"enemies":"Lagavulin","floor":14,"turns":5},{"damage":17,"enemies":"Slime Boss","floor":16,"turns":9},{"damage":2,"enemies":"3 Byrds","floor":18,"turns":4},{"damage":17,"enemies":"Shell Parasite","floor":25,"turns":4},{"damage":44,"enemies":"Gremlin Leader","floor":30,"turns":6},{"damage":8,"enemies":"Chosen and Byrds","floor":31,"turns":4},{"damage":37,"enemies":"Collector","floor":33,"turns":7},{"damage":21,"enemies":"3 Shapes","floor":35,"turns":3},{"damage":17,"enemies":"3 Darklings","floor":36,"turns":4},{"damage":27,"enemies":"infinitespire:Three Voidlings","floor":37,"turns":4},{"damage":35,"enemies":"Nightmare_Alpha","floor":37,"turns":6}],"seed_played":"-3455706998549652465","potions_obtained":[{"floor":3,"key":"Slimebound:ThreeZeroPotion"},{"floor":5,"key":"Elixir"},{"floor":6,"key":"Regen Potion"},{"floor":14,"key":"Explosive Potion"},{"floor":18,"key":"EssenceOfSteel"},{"floor":25,"key":"Death Potion"},{"floor":33,"key":"Death Potion"}],"is_trial":false,"path_per_floor":["M","?","?","?","M","E","R","?","T","M","M","M","$","E","R","B",null,"M","?","?","?","$","R","$","M","T","R","T","R","E","M","R","B",null,"M","M","?"],"character_chosen":"NECROMANCER","items_purchased":["Summon_Lich","hubris:DuctTape","Pet Ghost","Guide Book"],"campfire_rested":2,"item_purchase_floors":[13,13,22,22],"current_hp_per_floor":[75,75,45,45,49,49,49,49,49,43,44,39,39,27,49,40,75,75,75,75,75,75,75,75,60,60,60,60,60,26,22,44,17,75,60,45,0,0],"gold":244,"neow_bonus":"THREE_ENEMY_KILL","is_daily":false,"chose_seed":false,"campfire_upgraded":4,"win_rate":0.0,"timestamp":1609473116,"path_taken":["M","?","?","?","M","E","R","?","T","M","?","M","?","E","R","BOSS","M","?","?","?","?","R","$","?","T","R","?","R","E","M","R","BOSS","M","M","?"],"items_purchased_type":["Card","Relic","Relic","Relic"],"build_version":"2020-12-22","purchased_purges":1,"victory":false,"max_hp_per_floor":[75,75,75,75,75,75,75,75,75,75,75,75,75,75,75,75,75,75,75,75,75,75,75,75,75,75,75,75,75,75,75,75,75,75,75,75,75,75],"relic_stats":{"Sozu":2,"counters":[17,72],"Bronze Scales":[211],"Astrolabe":["Reap_The_Weak","Negative_Energy_Sphere","Bone_Spikes"],"Pen Nib":[3],"Letter Opener":[135],"obtain_stats":[{"hubris:DisguiseKit":2,"Lantern":26,"NeowsBlessing":0,"hubris:DuctTape":13,"Astrolabe":17,"Guide Book":22,"Pen Nib":30,"Letter Opener":6,"Pet Ghost":22,"Sozu":34,"Matryoshka":28,"Bronze Scales":3,"MutagenicStrength":19,"Simple Rune":14,"Vampire_Amulet":0,"hubris:OldNail":9},{"hubris:DisguiseKit":1,"Lantern":10,"NeowsBlessing":0,"hubris:DuctTape":6,"Astrolabe":8,"Guide Book":9,"Pen Nib":11,"Letter Opener":3,"Pet Ghost":9,"Sozu":13,"Matryoshka":10,"Bronze Scales":1,"MutagenicStrength":9,"Simple Rune":7,"Vampire_Amulet":0,"hubris:OldNail":3},{"hubris:DisguiseKit":1,"Lantern":38,"NeowsBlessing":0,"hubris:DuctTape":16,"Astrolabe":30,"Guide Book":34,"Pen Nib":44,"Letter Opener":4,"Pet Ghost":34,"Sozu":55,"Matryoshka":38,"Bronze Scales":1,"MutagenicStrength":34,"Simple Rune":21,"Vampire_Amulet":0,"hubris:OldNail":4}]},"card_choices":[{"not_picked":["Shackles_Of_Pain","Blood_Curse","Slay_Living"],"picked":"SKIP","floor":1},{"not_picked":["Shackles_Of_Pain","Blood_Curse"],"picked":"Slay_Living","floor":1},{"not_picked":["Life_Tap","Whirlwind_of_Bones","Stack"],"picked":"Stop_Heart","floor":3},{"not_picked":["Death_Coil","Bone_Armor","Bone_Shift"],"picked":"Panic Button","floor":3},{"not_picked":["Bone_Spikes","Negative_Energy_Sphere","Leap"],"picked":"Negative_Energy_Shield","floor":5},{"not_picked":["Necrotic_Claws","Slay_Living","ReplaySort"],"picked":"Negative_Energy_Shield","floor":6},{"not_picked":["Blood_Shield","Shackles_Of_Pain","Streamline"],"picked":"Stop_Heart","floor":10},{"not_picked":["Bone_Bullets","Death_Coil","Exploit","All For One"],"picked":"SKIP","floor":11},{"not_picked":["Negative_Energy_Javelin","Bone_Shift","Streamline"],"picked":"Requiem","floor":12},{"not_picked":["Negative_Energy_Mist","Shade_Step","Blood_Wake"],"picked":"Go for the Eyes","floor":14},{"not_picked":["Skeleton_Dragon","Requiem","ReplayRNGCard"],"picked":"Summon_Death_Knight","floor":16},{"not_picked":["Toxic_Smoke_Screen","Blood_Curse","Coolheaded"],"picked":"Epidemic","floor":18},{"not_picked":["Requiem","Scare","Necromantic_Selection"],"picked":"BasicCrystalCard","floor":25},{"not_picked":["Thousand_Bone_Knives","Spectral_Armor","Barrage"],"picked":"Death_Knell+1","floor":30},{"not_picked":["Spectral_Walk+1","Bones_to_Steel","Negative_Energy_Sphere"],"picked":"Leap","floor":31},{"not_picked":["Hellfire","Summon_Death_Knight","Blood_Wake"],"picked":"Amplify","floor":33},{"not_picked":["Blood_Curse","Spectral_Armor+1","Coolheaded"],"picked":"Summon_Undead_Army","floor":35},{"not_picked":["Blood_Whip","Negative_Energy_Mist+1","Death_Knell"],"picked":"Loop","floor":36}],"player_experience":19024,"relics_obtained":[{"floor":3,"key":"Bronze Scales"},{"floor":6,"key":"Letter Opener"},{"floor":9,"key":"hubris:OldNail"},{"floor":14,"key":"Simple Rune"},{"floor":26,"key":"Lantern"},{"floor":28,"key":"Matryoshka"},{"floor":30,"key":"Pen Nib"}],"event_choices":[{"damage_healed":0,"gold_gain":53,"player_choice":"Gained Gold","damage_taken":0,"max_hp_gain":0,"max_hp_loss":0,"event_name":"Golden Wing","floor":4,"gold_loss":0},{"damage_healed":0,"gold_gain":275,"player_choice":"Desecrate","damage_taken":0,"max_hp_gain":0,"max_hp_loss":0,"event_name":"Golden Shrine","floor":8,"gold_loss":0,"cards_obtained":["Regret"]},{"damage_healed":0,"gold_gain":0,"player_choice":"Inject Mutagens","damage_taken":0,"relics_obtained":["MutagenicStrength"],"max_hp_gain":0,"max_hp_loss":0,"event_name":"Drug Dealer","floor":19,"gold_loss":0}],"is_beta":false,"boss_relics":[{"not_picked":["hubris:RunicObelisk","Kintsugi"],"picked":"Astrolabe"},{"not_picked":["Runic Dome","hubris:VirtuousBlindfold"],"picked":"Sozu"}],"items_purged_floors":[13],"is_endless":false,"potions_floor_spawned":[5,6,10,14,18,25,33,35,36],"killed_by":"Nightmare_Alpha","ascension_level":1}}