{"host":"nolo0osttpwefhwj","time":1609521746,"event":{"mods":["AchievementEnabler","BaseMod","Bestiary","Colored Powertips","Minty Spire (QoL Compilation)","Permanent Neow","Quick Restart","Relic Stats"],"gold_per_floor":[17,17,17,41,41,79,79,79,79,115,115,135,148,172,172,291,291,316,350,29,29,54,54,95,20,20,20,20,20,20,60,60,186,186,201,220,65,86,86,86,117,135,216,259,273,312,337,362,362,362,362,362,69,110,110],"floor_reached":56,"playtime":4307,"items_purged":["Pain","Defend_G+1"],"score":1630,"play_id":"4b0d2d3b-36fc-46d6-ad33-7c4807be9714","local_time":"20210101182226","is_ascension_mode":true,"campfire_choices":[{"data":"Neutralize","floor":7.0,"key":"SMITH"},{"data":"Concentrate","floor":11.0,"key":"SMITH"},{"data":"Prepared","floor":15.0,"key":"SMITH"},{"data":"Accuracy","floor":23.0,"key":"SMITH"},{"data":"Wraith Form v2","floor":27.0,"key":"SMITH"},{"floor":32.0,"key":"RECALL"},{"data":"Wraith Form v2","floor":40,"key":"SMITH"},{"data":"Blade Dance","floor":49,"key":"SMITH"},{"data":"Accuracy","floor":52,"key":"SMITH"}],"circlet_count":0,"master_deck":["Strike_G+1","Strike_G+1","Defend_G+1","Defend_G+1","Defend_G+1","Defend_G+1","Survivor","Neutralize+1","Poisoned Stab","Concentrate+1","Quick Slash","Acrobatics","Blade Dance+1","Prepared+1","Riddle With Holes","Wraith Form v2+1","Backstab","Cloak And Dagger+1","Infinite Blades","Accuracy+1","Phantasmal Killer","Wraith Form v2+1","Blade Dance","PiercingWail+1","Dark Shackles","Accuracy+1","Reflex","Expertise+1","Prepared+1","Outmaneuver+1","Blade Dance","Tools of the Trade+1","Accuracy+1","Accuracy+1","Trip","Finisher","Adrenaline"],"relics":["Ring of the Snake","Turnip","Golden Idol","Oddly Smooth Stone","Shuriken","Happy Flower","Runic Pyramid","Red Mask","White Beast Statue","WarpedTongs","Bag of Preparation","Bottled Lightning","Ninja Scroll","HoveringKite","Frozen Egg 2","Calipers","Ancient Tea Set","Letter Opener"],"acts_visited":["Exordium","TheCity","TheBeyond","TheEnding"],"potions_floor_usage":[38,48,54,55,55],"damage_taken":[{"damage":2.0,"enemies":"Small Slimes","floor":1.0,"turns":4.0},{"damage":6.0,"enemies":"Cultist","floor":4.0,"turns":4.0},{"damage":30.0,"enemies":"3 Sentries","floor":6.0,"turns":12.0},{"damage":0.0,"enemies":"Gremlin Nob","floor":10.0,"turns":3.0},{"damage":0.0,"enemies":"Jaw Worm","floor":12.0,"turns":2.0},{"damage":0.0,"enemies":"Large Slime","floor":13.0,"turns":2.0},{"damage":0.0,"enemies":"Red Slaver","floor":14.0,"turns":3.0},{"damage":0.0,"enemies":"Hexaghost","floor":16.0,"turns":9.0},{"damage":6.0,"enemies":"Shell Parasite","floor":18.0,"turns":5.0},{"damage":15.0,"enemies":"Masked Bandits","floor":19.0,"turns":4.0},{"damage":7.0,"enemies":"Chosen","floor":22.0,"turns":2.0},{"damage":20.0,"enemies":"Book of Stabbing","floor":24.0,"turns":5.0},{"damage":0.0,"enemies":"Slavers","floor":31.0,"turns":4.0},{"damage":9.0,"enemies":"Collector","floor":33.0,"turns":6.0},{"damage":1.0,"enemies":"Orb Walker","floor":35.0,"turns":3.0},{"damage":14.0,"enemies":"3 Darklings","floor":36.0,"turns":3.0},{"damage":3,"enemies":"4 Shapes","floor":38,"turns":2},{"damage":0,"enemies":"Reptomancer","floor":41,"turns":4},{"damage":0,"enemies":"Writhing Mass","floor":42,"turns":2},{"damage":9,"enemies":"Giant Head","floor":44,"turns":6},{"damage":0,"enemies":"Sphere and 2 Shapes","floor":45,"turns":3},{"damage":4,"enemies":"Reptomancer","floor":46,"turns":4},{"damage":0,"enemies":"Jaw Worm Horde","floor":47,"turns":3},{"damage":6,"enemies":"4 Shapes","floor":48,"turns":3},{"damage":2,"enemies":"Awakened One","floor":50,"turns":6},{"damage":10,"enemies":"Shield and Spear","floor":54,"turns":5},{"damage":53,"enemies":"The Heart","floor":55,"turns":9}],"seed_played":"-6039436611781677391","potions_obtained":[{"floor":4.0,"key":"FearPotion"},{"floor":10.0,"key":"Swift Potion"},{"floor":14.0,"key":"Regen Potion"},{"floor":16.0,"key":"Weak Potion"},{"floor":22.0,"key":"BlessingOfTheForge"},{"floor":24.0,"key":"Dexterity Potion"},{"floor":31.0,"key":"EntropicBrew"},{"floor":33.0,"key":"SneckoOil"},{"floor":35.0,"key":"Regen Potion"},{"floor":36.0,"key":"Energy Potion"},{"floor":38,"key":"Explosive Potion"},{"floor":45,"key":"CunningPotion"},{"floor":48,"key":"EssenceOfSteel"},{"floor":54,"key":"SmokeBomb"}],"is_trial":false,"path_per_floor":["M","?","?","M","?","E","R","?","T","E","R","M","M","M","R","B",null,"M","?","$","?","M","R","E","$","T","R","?","?","$","E","R","B",null,"M","M","$","M","?","R","E","M","T","E","M","E","M","M","R","B",null,"R","$","E","B",null],"character_chosen":"THE_SILENT","items_purchased":["White Beast Statue","Infinite Blades","Dark Shackles","Accuracy","Accuracy+1","Trip","Finisher"],"campfire_rested":0,"item_purchase_floors":[20,20,37,37,53,53,53],"current_hp_per_floor":[68,65,65,59,52,22,22,22,22,22,22,22,22,22,22,22,65,59,44,44,44,37,37,31,31,31,31,31,31,31,31,31,22,65,64,54,54,51,51,51,51,51,51,42,42,38,38,32,32,30,65,65,65,55,2],"gold":110,"neow_bonus":"ONE_RARE_RELIC","is_daily":false,"chose_seed":false,"campfire_upgraded":8,"win_rate":0.0,"timestamp":1609521746,"path_taken":["M","?","?","M","?","E","R","?","T","E","R","M","?","M","R","BOSS","M","?","$","?","?","R","E","$","T","R","?","?","?","E","R","BOSS","M","M","$","M","?","R","E","?","T","E","M","E","M","M","R","BOSS","R","$","E","BOSS"],"items_purchased_type":["Relic","Card","Card","Card","Card","Card","Card"],"build_version":"2020-12-22","purchased_purges":2,"victory":true,"max_hp_per_floor":[70,65,65,65,65,65,65,65,65,65,65,65,65,65,65,65,65,65,65,65,65,65,65,65,65,65,65,65,65,65,65,65,65,65,65,65,65,65,65,65,65,65,65,65,65,65,65,65,65,65,65,65,65,65,65],"relic_stats":{"Happy Flower":[31],"counters":[27,118],"Golden Idol":225,"Shuriken":[93],"HoveringKite":[38],"Turnip":[14],"Bag of Preparation":[2],"Letter Opener":[15],"obtain_stats":[{"Calipers":44,"Happy Flower":10,"Golden Idol":2,"Oddly Smooth Stone":6,"HoveringKite":34,"Bag of Preparation":24,"Letter Opener":54,"Frozen Egg 2":41,"Ancient Tea Set":46,"White Beast Statue":20,"WarpedTongs":21,"Shuriken":9,"Ninja Scroll":31,"Turnip":0,"Red Mask":19,"Bottled Lightning":26,"Ring of the Snake":0,"Runic Pyramid":17},{"Calipers":20,"Happy Flower":4,"Golden Idol":1,"Oddly Smooth Stone":3,"HoveringKite":14,"Bag of Preparation":12,"Letter Opener":26,"Frozen Egg 2":18,"Ancient Tea Set":22,"White Beast Statue":10,"WarpedTongs":10,"Shuriken":3,"Ninja Scroll":13,"Turnip":0,"Red Mask":10,"Bottled Lightning":12,"Ring of the Snake":0,"Runic Pyramid":8},{"Calipers":85,"Happy Flower":23,"Golden Idol":4,"Oddly Smooth Stone":20,"HoveringKite":65,"Bag of Preparation":55,"Letter Opener":109,"Frozen Egg 2":77,"Ancient Tea Set":92,"White Beast Statue":48,"WarpedTongs":48,"Shuriken":20,"Ninja Scroll":59,"Turnip":0,"Red Mask":48,"Bottled Lightning":55,"Ring of the Snake":0,"Runic Pyramid":39}],"Ring of the Snake":[54],"WarpedTongs":[70]},"card_choices":[{"not_picked":["Deflect","Deadly Poison"],"picked":"Poisoned Stab","floor":1.0},{"not_picked":["Outmaneuver","Heel Hook"],"picked":"Quick Slash","floor":4.0},{"not_picked":["Outmaneuver","Prepared","Bullet Time"],"picked":"SKIP","floor":6.0},{"not_picked":["Underhanded Strike","Catalyst"],"picked":"Acrobatics","floor":10.0},{"not_picked":["Distraction","Quick Slash"],"picked":"Blade Dance","floor":12.0},{"not_picked":["Well Laid Plans","Bane"],"picked":"Prepared","floor":13.0},{"not_picked":["Endless Agony","Outmaneuver"],"picked":"Riddle With Holes","floor":14.0},{"not_picked":["Envenom","Malaise"],"picked":"Wraith Form v2","floor":16.0},{"not_picked":["Sucker Punch","Well Laid Plans+1"],"picked":"Backstab","floor":18.0},{"not_picked":["Outmaneuver","Endless Agony"],"picked":"Cloak And Dagger+1","floor":19.0},{"not_picked":["Dagger Throw+1","PiercingWail+1"],"picked":"Accuracy","floor":22.0},{"not_picked":["Quick Slash","Heel Hook+1","Endless Agony"],"picked":"SKIP","floor":24.0},{"not_picked":["Predator","Underhanded Strike"],"picked":"Phantasmal Killer","floor":31.0},{"not_picked":["Malaise","Storm of Steel"],"picked":"Wraith Form v2","floor":33.0},{"not_picked":["Dodge and Roll","Cloak And Dagger"],"picked":"Blade Dance","floor":35.0},{"not_picked":["Dodge and Roll","Dagger Throw"],"picked":"PiercingWail+1","floor":36.0},{"not_picked":["Bane","Blur+1"],"picked":"Reflex","floor":38},{"not_picked":["Prepared","Poisoned Stab+1"],"picked":"Expertise+1","floor":41},{"not_picked":["Deadly Poison","Dodge and Roll+1"],"picked":"Prepared+1","floor":42},{"not_picked":["Masterful Stab+1","Flechettes"],"picked":"Outmaneuver+1","floor":44},{"not_picked":["Eviscerate","Distraction+1","Flechettes+1"],"picked":"SKIP","floor":45},{"not_picked":["Noxious Fumes+1","Backstab+1"],"picked":"Blade Dance","floor":46},{"not_picked":["Catalyst+1","Expertise+1"],"picked":"Tools of the Trade+1","floor":47},{"not_picked":["Prepared","Acrobatics+1"],"picked":"Accuracy+1","floor":48},{"not_picked":["Slice+1","Deadly Poison"],"picked":"Adrenaline","floor":54}],"player_experience":204472,"relics_obtained":[{"floor":6.0,"key":"Oddly Smooth Stone"},{"floor":9.0,"key":"Shuriken"},{"floor":10.0,"key":"Happy Flower"},{"floor":19.0,"key":"Red Mask"},{"floor":24.0,"key":"Bag of Preparation"},{"floor":26.0,"key":"Bottled Lightning"},{"floor":31.0,"key":"Ninja Scroll"},{"floor":41,"key":"Frozen Egg 2"},{"floor":44,"key":"Calipers"},{"floor":46,"key":"Ancient Tea Set"},{"floor":54,"key":"Letter Opener"}],"event_choices":[{"damage_healed":0.0,"max_hp_gain":0.0,"max_hp_loss":5.0,"gold_gain":0.0,"event_name":"Golden Idol","player_choice":"Lose Max HP","floor":2.0,"gold_loss":0.0,"damage_taken":0.0,"relics_obtained":["Golden Idol"]},{"damage_healed":0.0,"max_hp_gain":0.0,"max_hp_loss":0.0,"gold_gain":0.0,"cards_transformed":["Strike_G"],"event_name":"Living Wall","player_choice":"Change","floor":3.0,"gold_loss":0.0,"damage_taken":0.0,"cards_obtained":["Concentrate"]},{"cards_removed":["Strike_G"],"damage_healed":0.0,"max_hp_gain":0.0,"max_hp_loss":0.0,"gold_gain":0.0,"event_name":"Golden Wing","player_choice":"Card Removal","floor":5.0,"gold_loss":0.0,"damage_taken":7.0},{"damage_healed":0.0,"max_hp_gain":0.0,"max_hp_loss":0.0,"gold_gain":0.0,"event_name":"Match and Keep!","player_choice":"0 cards matched","floor":8.0,"gold_loss":0.0,"damage_taken":0.0,"cards_obtained":[]},{"damage_healed":0.0,"max_hp_gain":0.0,"max_hp_loss":0.0,"gold_gain":0.0,"event_name":"Masked Bandits","player_choice":"Fought Bandits","floor":19.0,"gold_loss":0.0,"damage_taken":0.0},{"damage_healed":0.0,"max_hp_gain":0.0,"max_hp_loss":0.0,"gold_gain":0.0,"event_name":"Accursed Blacksmith","player_choice":"Rummage","floor":21.0,"gold_loss":0.0,"damage_taken":0.0,"relics_obtained":["WarpedTongs"],"cards_obtained":["Pain"]},{"damage_healed":0.0,"max_hp_gain":0.0,"max_hp_loss":0.0,"gold_gain":0.0,"event_name":"Vampires","player_choice":"Ignored","floor":28.0,"gold_loss":0.0,"damage_taken":0.0},{"damage_healed":0.0,"max_hp_gain":0.0,"max_hp_loss":0.0,"gold_gain":0.0,"event_name":"Back to Basics","player_choice":"Simplicity","floor":29.0,"gold_loss":0.0,"damage_taken":0.0,"cards_upgraded":["Strike_G","Strike_G","Strike_G","Defend_G","Defend_G","Defend_G","Defend_G","Defend_G"]},{"cards_removed":["Strike_G"],"damage_healed":0,"gold_gain":0,"player_choice":"Purged","damage_taken":0,"max_hp_gain":0,"max_hp_loss":0,"event_name":"Purifier","floor":39,"gold_loss":0}],"is_beta":false,"boss_relics":[{"not_picked":["WristBlade","Fusion Hammer"],"picked":"Runic Pyramid"},{"not_picked":["Calling Bell","Empty Cage"],"picked":"HoveringKite"}],"items_purged_floors":[25,53],"is_endless":false,"potions_floor_spawned":[4,10,14,16,22,24,31,33,35,36,38,41,42,44,45,46,47,48,54],"ascension_level":4}}