{"host":"bgq1kh73gni2z7sn","time":1609542451,"event":{"mods":["BaseMod","Block Reminder","Highlight Path","Infinite Spire","Minty Spire (QoL Compilation)","Quick Restart","StSLib"],"gold_per_floor":[114,129,144,220,220,220,250,265,265,77,107,107,137,152,152,252,252,267,267,46,146,161,191,191,206,206,206,221,251,251,266,266,366,366,381,381,381,396,77,77,107,107,107,137,85,115,130,130,130,130],"floor_reached":51,"playtime":2815,"items_purged":[],"score":841,"play_id":"ae1aeed2-0a53-4350-883d-af900e3110ac","local_time":"20210102000731","daily_mods":["Shiny","ControlledChaos","Elite Swarm"],"is_ascension_mode":false,"campfire_choices":[{"data":"Cloak And Dagger","floor":6,"key":"SMITH"},{"floor":12,"key":"REST"},{"floor":15,"key":"REST"},{"floor":24,"key":"REST"},{"floor":27,"key":"REST"},{"floor":32,"key":"REST"},{"floor":40,"key":"REST"},{"floor":42,"key":"REST"},{"data":"Adrenaline","floor":49,"key":"SMITH"}],"circlet_count":0,"master_deck":["Corpse Explosion","Die Die Die","Adrenaline+1","Envenom","Doppelganger","Burst","Wraith Form v2","Tools of the Trade","After Image","A Thousand Cuts","Venomology","Malaise","Phantasmal Killer","Night Terror","infinitespire:Neurotoxin+1","Unload","Bullet Time","Storm of Steel","Glass Knife","Grand Finale","Slice","Dagger Spray","Cloak And Dagger+1","Storm of Steel","Underhanded Strike","Dash","Slice","Adrenaline","Unload","Reflex","Slice","Poisoned Stab","Backflip","Bane","Unload","Endless Agony","Backstab","Adrenaline+1","Dash+1","Dagger Spray+1","The Bomb","Envenom","Caltrops"],"relics":["Ring of the Snake","Frozen Eye","Torii","PreservedInsect","War Paint","Potion Belt","Smiling Mask","SlaversCollar","TwistedFunnel","infinitespire:PuzzleCube","InkBottle","Meat on the Bone","Enchiridion","Black Star","ClockworkSouvenir","Anchor","Singing Bowl","Ice Cream","infinitespire:Eraser","Snake Skull","Eternal Feather","infinitespire:FocusingShard"],"acts_visited":["Exordium","TheCity","TheBeyond"],"potions_floor_usage":[7,11,13,16,18,23,25,29,33,33,35,38,44,47,47,50,50],"damage_taken":[{"damage":14,"enemies":"infinitespire:Voidling","floor":1,"turns":3},{"damage":0,"enemies":"Small Slimes","floor":2,"turns":1},{"damage":0,"enemies":"2 Louse","floor":3,"turns":2},{"damage":1,"enemies":"3 Sentries","floor":7,"turns":3},{"damage":10,"enemies":"Blue Slaver","floor":8,"turns":4},{"damage":10,"enemies":"Lagavulin","floor":11,"turns":4},{"damage":0,"enemies":"Gremlin Nob","floor":13,"turns":2},{"damage":11,"enemies":"Exordium Wildlife","floor":14,"turns":2},{"damage":42,"enemies":"Hexaghost","floor":16,"turns":7},{"damage":2,"enemies":"Chosen","floor":18,"turns":3},{"damage":0,"enemies":"3 Byrds","floor":22,"turns":2},{"damage":18,"enemies":"Gremlin Leader","floor":23,"turns":3},{"damage":9,"enemies":"Centurion and Healer","floor":25,"turns":2},{"damage":13,"enemies":"3 Cultists","floor":28,"turns":3},{"damage":2,"enemies":"Book of Stabbing","floor":29,"turns":3},{"damage":21,"enemies":"Snake Plant","floor":31,"turns":3},{"damage":28,"enemies":"Automaton","floor":33,"turns":10},{"damage":11,"enemies":"3 Darklings","floor":35,"turns":2},{"damage":37,"enemies":"3 Shapes","floor":38,"turns":3},{"damage":40,"enemies":"Nemesis","floor":41,"turns":5},{"damage":0,"enemies":"Reptomancer","floor":44,"turns":2},{"damage":28,"enemies":"Giant Head","floor":46,"turns":6},{"damage":8,"enemies":"Spire Growth","floor":47,"turns":3},{"damage":133,"enemies":"Awakened One","floor":50,"turns":10}],"seed_played":"-2495295926900846280","potions_obtained":[{"floor":1,"key":"EssenceOfSteel"},{"floor":7,"key":"Strength Potion"},{"floor":14,"key":"Poison Potion"},{"floor":18,"key":"LiquidBronze"},{"floor":22,"key":"Energy Potion"},{"floor":25,"key":"Weak Potion"},{"floor":29,"key":"Energy Potion"},{"floor":31,"key":"FearPotion"},{"floor":44,"key":"FairyPotion"}],"is_trial":false,"path_per_floor":["M","M","M","?","?","R","E","M","T","$","E","R","E","M","R","B",null,"M","?","$","?","M","E","R","M","T","R","M","E","?","M","R","B",null,"M","?","?","M","$","R","E","R","T","E","$","E","M","?","R","B",null],"character_chosen":"THE_SILENT","items_purchased":["Fruit Juice","Dash","Slice","TwistedFunnel","Poisoned Stab","Backflip","ClockworkSouvenir","The Bomb","Blade Dance"],"campfire_rested":7,"item_purchase_floors":[10,10,10,20,20,20,39,39,45],"current_hp_per_floor":[56,56,56,56,56,56,55,45,45,45,40,62,62,51,73,31,75,73,59,59,59,59,41,65,56,56,80,67,65,49,40,64,48,80,69,69,69,44,44,66,40,63,63,63,63,49,43,43,67,15],"gold":130,"neow_bonus":"","is_daily":true,"chose_seed":false,"campfire_upgraded":2,"win_rate":0.0,"timestamp":1609542451,"path_taken":["M","M","?","?","?","R","E","M","T","?","E","R","E","M","R","BOSS","M","?","$","?","M","E","R","?","T","R","M","E","?","M","R","BOSS","M","?","?","M","$","R","E","R","T","E","$","E","M","?","R","BOSS"],"items_purchased_type":["Potion","Card","Card","Relic","Card","Card","Relic","Card","Card"],"build_version":"2020-12-22","purchased_purges":0,"victory":true,"max_hp_per_floor":[70,70,70,70,70,70,70,70,70,70,75,75,75,75,75,75,75,75,80,80,80,80,80,80,80,80,80,80,80,80,80,80,80,80,80,76,76,76,76,76,78,78,78,78,78,80,82,82,82,82],"card_choices":[{"not_picked":["Blur","Skewer"],"picked":"Slice","floor":1},{"not_picked":["Reflex","Footwork"],"picked":"Dagger Spray","floor":2},{"not_picked":["Prepared","Dagger Spray"],"picked":"Cloak And Dagger","floor":3},{"not_picked":["Night Terror","Venomology"],"picked":"Storm of Steel","floor":7},{"not_picked":["PiercingWail","Prepared"],"picked":"Underhanded Strike","floor":8},{"not_picked":["Envenom","Burst"],"picked":"Adrenaline","floor":11},{"not_picked":["Storm of Steel","A Thousand Cuts"],"picked":"Unload","floor":13},{"not_picked":["Masterful Stab","Cloak And Dagger"],"picked":"Reflex","floor":14},{"not_picked":["Skewer","Setup"],"picked":"Slice","floor":18},{"not_picked":["Deadly Poison","Endless Agony"],"picked":"Bane","floor":22},{"not_picked":["Storm of Steel","Grand Finale"],"picked":"Unload","floor":23},{"not_picked":["Distraction","Footwork"],"picked":"Endless Agony","floor":25},{"not_picked":["Terror","Dash"],"picked":"Backstab","floor":28},{"not_picked":["Malaise","Night Terror"],"picked":"Adrenaline","floor":29},{"not_picked":["Prepared","Backstab","Outmaneuver"],"picked":"SKIP","floor":31},{"not_picked":["Prepared+1","Bane"],"picked":"Dash+1","floor":35},{"not_picked":["Outmaneuver+1","Underhanded Strike"],"picked":"Dagger Spray+1","floor":38},{"not_picked":["Die Die Die","A Thousand Cuts","Adrenaline"],"picked":"Singing Bowl","floor":41},{"not_picked":["Corpse Explosion","After Image"],"picked":"Envenom","floor":44},{"not_picked":["Envenom","Venomology","Malaise"],"picked":"Singing Bowl","floor":46},{"not_picked":["Deadly Poison+1","Cloak And Dagger","Sucker Punch"],"picked":"Singing Bowl","floor":47}],"player_experience":89358,"relics_obtained":[{"floor":5,"key":"Torii"},{"floor":7,"key":"PreservedInsect"},{"floor":9,"key":"War Paint"},{"floor":11,"key":"Potion Belt"},{"floor":13,"key":"Smiling Mask"},{"floor":23,"key":"infinitespire:PuzzleCube"},{"floor":26,"key":"InkBottle"},{"floor":29,"key":"Meat on the Bone"},{"floor":30,"key":"Enchiridion"},{"floor":41,"key":"Anchor"},{"floor":41,"key":"Singing Bowl"},{"floor":43,"key":"Ice Cream"},{"floor":44,"key":"infinitespire:Eraser"},{"floor":44,"key":"Snake Skull"},{"floor":46,"key":"Eternal Feather"},{"floor":46,"key":"infinitespire:FocusingShard"}],"event_choices":[{"damage_healed":0,"gold_gain":76,"player_choice":"Gained Gold","damage_taken":0,"max_hp_gain":0,"max_hp_loss":0,"event_name":"Golden Wing","floor":4,"gold_loss":0},{"damage_healed":0,"gold_gain":0,"player_choice":"Shed Blood","damage_taken":19,"max_hp_gain":5,"max_hp_loss":0,"event_name":"Forgotten Altar","floor":19,"gold_loss":0},{"damage_healed":0,"gold_gain":100,"player_choice":"Pray","damage_taken":0,"max_hp_gain":0,"max_hp_loss":0,"event_name":"Golden Shrine","floor":21,"gold_loss":0},{"damage_healed":0,"gold_gain":0,"player_choice":"Obtained Book","damage_taken":16,"max_hp_gain":0,"max_hp_loss":0,"event_name":"Cursed Tome","floor":30,"gold_loss":0},{"damage_healed":0,"gold_gain":0,"player_choice":"Max HP","damage_taken":0,"max_hp_gain":0,"max_hp_loss":4,"event_name":"Winding Halls","floor":36,"gold_loss":0},{"damage_healed":0,"gold_gain":0,"cards_transformed":["Blade Dance"],"player_choice":"Transformed","damage_taken":0,"max_hp_gain":0,"max_hp_loss":0,"event_name":"Transmorgrifier","floor":48,"gold_loss":0,"cards_obtained":["Caltrops"]}],"is_beta":false,"boss_relics":[{"not_picked":["Astrolabe","Snecko Eye"],"picked":"SlaversCollar"},{"not_picked":["Velvet Choker","Calling Bell"],"picked":"Black Star"}],"items_purged_floors":[],"is_endless":false,"potions_floor_spawned":[1,7,14,18,22,25,29,31,44,46],"ascension_level":0}}