{"host":"480qzmvu0s2e3e6w","time":1609491761,"event":{"mods":["BaseMod","Colored Map","DeckTracker","Minty Spire (QoL Compilation)","StSLib","SuperFastMode"],"gold_per_floor":[116,66,81,81,93,93,93,111,135,175,197,206,206,234,234,347,347,366,465,390,390,418,418,439,63,72,91,128,128,128,140,140,253,253,272,298,52,52,67,67,95,95,95,130,146,157,182,9,18,18,18,18,18,52,52],"floor_reached":56,"playtime":4488,"items_purged":["Strike_B+1","Shame"],"score":1682,"play_id":"7b01866a-7e68-4c95-951d-eaa694bf2f71","local_time":"20210101180241","is_ascension_mode":true,"campfire_choices":[{"data":"Defragment","floor":6.0,"key":"SMITH"},{"data":"Dualcast","floor":13.0,"key":"SMITH"},{"data":"Zap","floor":15.0,"key":"SMITH"},{"floor":23.0,"key":"REST"},{"data":"Chill","floor":29.0,"key":"SMITH"},{"data":"Coolheaded","floor":32.0,"key":"SMITH"},{"floor":40.0,"key":"RECALL"},{"floor":42.0,"key":"REST"},{"floor":49.0,"key":"REST"},{"floor":52.0,"key":"REST"}],"circlet_count":0,"master_deck":["Defend_B","Defend_B","Zap+1","Dualcast+1","Defragment+1","Coolheaded","Hologram","Coolheaded+1","Compile Driver","Echo Form+1","Gash","Tempest","Capacitor+1","Rainbow","Chill+1","Auto Shields+1","Compile Driver+1","Defragment+1","Lockon","Mayhem+1","Defragment+1","Heatsinks+1","Seek","Turbo+1","Defragment+1","Seek","Blizzard","Double Energy","Chaos+1"],"relics":["Cracked Core","Frozen Egg 2","CeramicFish","Whetstone","Cursed Key","Oddly Smooth Stone","Fusion Hammer","DollysMirror","Orichalcum","Dream Catcher","Nunchaku","Orrery","White Beast Statue"],"acts_visited":["Exordium","TheCity","TheBeyond","TheEnding"],"potions_floor_usage":[55],"damage_taken":[{"damage":6.0,"enemies":"2 Louse","floor":1.0,"turns":2.0},{"damage":4.0,"enemies":"Jaw Worm","floor":3.0,"turns":4.0},{"damage":0.0,"enemies":"Small Slimes","floor":5.0,"turns":3.0},{"damage":2.0,"enemies":"3 Louse","floor":8.0,"turns":5.0},{"damage":14.0,"enemies":"Lagavulin","floor":10.0,"turns":8.0},{"damage":10.0,"enemies":"Exordium Thugs","floor":11.0,"turns":6.0},{"damage":5.0,"enemies":"2 Fungi Beasts","floor":14.0,"turns":3.0},{"damage":0.0,"enemies":"The Guardian","floor":16.0,"turns":9.0},{"damage":15.0,"enemies":"Shell Parasite","floor":18.0,"turns":5.0},{"damage":7.0,"enemies":"Chosen","floor":22.0,"turns":4.0},{"damage":6.0,"enemies":"Centurion and Healer","floor":24.0,"turns":6.0},{"damage":0.0,"enemies":"Sentry and Sphere","floor":27.0,"turns":4.0},{"damage":4.0,"enemies":"Book of Stabbing","floor":28.0,"turns":4.0},{"damage":8.0,"enemies":"Snake Plant","floor":31.0,"turns":4.0},{"damage":0.0,"enemies":"Champ","floor":33.0,"turns":7.0},{"damage":0.0,"enemies":"3 Shapes","floor":35.0,"turns":4.0},{"damage":1.0,"enemies":"Orb Walker","floor":36.0,"turns":3.0},{"damage":3.0,"enemies":"Jaw Worm Horde","floor":39.0,"turns":4.0},{"damage":0.0,"enemies":"Reptomancer","floor":41.0,"turns":5.0},{"damage":0.0,"enemies":"Giant Head","floor":44.0,"turns":5.0},{"damage":5.0,"enemies":"4 Shapes","floor":45.0,"turns":5.0},{"damage":4.0,"enemies":"Writhing Mass","floor":46.0,"turns":4.0},{"damage":21.0,"enemies":"Nemesis","floor":47.0,"turns":7.0},{"damage":20.0,"enemies":"Awakened One","floor":50.0,"turns":8.0},{"damage":17.0,"enemies":"Shield and Spear","floor":54.0,"turns":6.0},{"damage":52,"enemies":"The Heart","floor":55,"turns":10}],"seed_played":"3715352265631850756","potions_obtained":[{"floor":5.0,"key":"LiquidMemories"},{"floor":8.0,"key":"SpeedPotion"},{"floor":11.0,"key":"SkillPotion"},{"floor":22.0,"key":"FocusPotion"},{"floor":24.0,"key":"GamblersBrew"},{"floor":27.0,"key":"Weak Potion"},{"floor":31.0,"key":"Regen Potion"},{"floor":33.0,"key":"Ancient Potion"},{"floor":35.0,"key":"FearPotion"},{"floor":36.0,"key":"FearPotion"},{"floor":39.0,"key":"PowerPotion"},{"floor":45.0,"key":"FairyPotion"}],"is_trial":false,"path_per_floor":["M","?","M","T","M","R","?","M","T","E","M","?","R","M","R","B",null,"M","?","?","?","M","R","M","$","T","M","E","R","?","M","R","B",null,"M","M","$","?","M","R","E","R","T","E","M","M","E","$","R","B",null,"R","$","E","B",null],"character_chosen":"DEFECT","items_purchased":["Defragment+1","Lockon","Mayhem+1","DollysMirror","Orrery","Double Energy"],"campfire_rested":4,"item_purchase_floors":[25,25,25,37,48,48],"current_hp_per_floor":[62,62,58,58,58,58,51,49,49,35,25,25,25,20,20,20,61,46,46,46,32,25,49,43,43,43,43,39,39,39,31,31,46,72,72,71,71,71,68,68,68,80,80,80,75,71,50,50,74,54,74,80,80,63,11],"gold":52,"neow_bonus":"TRANSFORM_CARD","is_daily":false,"chose_seed":false,"campfire_upgraded":5,"win_rate":0.0,"timestamp":1609491761,"path_taken":["M","?","M","?","M","R","?","M","T","E","M","?","R","M","R","BOSS","M","?","?","?","M","R","M","$","T","M","E","R","?","M","R","BOSS","M","M","$","?","M","R","E","R","T","E","M","M","E","?","R","BOSS","R","$","E","BOSS"],"items_purchased_type":["Card","Card","Card","Relic","Relic","Card"],"build_version":"2020-12-22","purchased_purges":2,"victory":true,"max_hp_per_floor":[75,75,75,75,75,75,75,75,75,75,75,75,75,75,75,75,75,75,75,75,80,80,80,80,80,80,80,80,80,80,80,80,80,80,80,80,80,80,80,80,80,80,80,80,80,80,80,80,80,80,80,80,80,80,80],"card_choices":[{"not_picked":["Hologram","Barrage"],"picked":"Coolheaded","floor":1.0},{"not_picked":["Stack","Undo"],"picked":"Hologram","floor":3.0},{"not_picked":["Double Energy","Reinforced Body"],"picked":"Coolheaded","floor":5.0},{"not_picked":["Force Field","Barrage"],"picked":"Compile Driver","floor":8.0},{"not_picked":["Gash","Compile Driver"],"picked":"Echo Form+1","floor":10.0},{"not_picked":["Rebound","Streamline"],"picked":"Gash","floor":11.0},{"not_picked":["Sweeping Beam","Glacier"],"picked":"Capacitor+1","floor":14.0},{"not_picked":["Multi-Cast","Machine Learning+1"],"picked":"Rainbow","floor":16.0},{"not_picked":["Beam Cell","Ball Lightning"],"picked":"Chill","floor":18.0},{"not_picked":["Gash","Turbo+1"],"picked":"Auto Shields+1","floor":22.0},{"not_picked":["Redo+1","Beam Cell"],"picked":"Compile Driver+1","floor":24.0},{"not_picked":["Turbo","Hello World+1"],"picked":"Defragment+1","floor":27.0},{"not_picked":["BootSequence","Lockon"],"picked":"Heatsinks+1","floor":28.0},{"not_picked":["Redo+1","Hologram","Storm+1"],"picked":"SKIP","floor":31.0},{"not_picked":["Echo Form+1","Buffer+1"],"picked":"Seek","floor":33.0},{"not_picked":["Barrage","Leap"],"picked":"Turbo+1","floor":35.0},{"not_picked":["Ball Lightning+1","Coolheaded"],"picked":"Defragment+1","floor":36.0},{"not_picked":["Genetic Algorithm+1","Blizzard","Rebound+1"],"picked":"SKIP","floor":39.0},{"not_picked":["Barrage","Reprogram+1","Gash+1"],"picked":"SKIP","floor":41.0},{"not_picked":["Go for the Eyes","All For One","Chill"],"picked":"SKIP","floor":44.0},{"not_picked":["Stack+1","Redo+1","Rebound+1"],"picked":"SKIP","floor":45.0},{"not_picked":["Force Field","Heatsinks+1","Conserve Battery+1"],"picked":"SKIP","floor":46.0},{"not_picked":["Static Discharge+1","Self Repair+1","Compile Driver"],"picked":"SKIP","floor":47.0},{"not_picked":["Stack","Compile Driver+1"],"picked":"Blizzard","floor":48.0},{"not_picked":["Recycle","Genetic Algorithm+1"],"picked":"Chaos+1","floor":49.0},{"not_picked":["Barrage","Streamline+1","Genetic Algorithm+1"],"picked":"SKIP","floor":54.0}],"player_experience":636837,"relics_obtained":[{"floor":4.0,"key":"Frozen Egg 2"},{"floor":9.0,"key":"CeramicFish"},{"floor":10.0,"key":"Whetstone"},{"floor":28.0,"key":"Oddly Smooth Stone"},{"floor":41.0,"key":"Orichalcum"},{"floor":44.0,"key":"Dream Catcher"},{"floor":47.0,"key":"Nunchaku"},{"floor":54.0,"key":"White Beast Statue"}],"event_choices":[{"cards_removed":["Strike_B"],"damage_healed":0.0,"max_hp_gain":0.0,"max_hp_loss":0.0,"gold_gain":0.0,"event_name":"The Cleric","player_choice":"Card Removal","floor":2.0,"gold_loss":50.0,"damage_taken":0.0},{"cards_removed":["Defend_B"],"damage_healed":0.0,"max_hp_gain":0.0,"max_hp_loss":0.0,"gold_gain":0.0,"event_name":"Golden Wing","player_choice":"Card Removal","floor":7.0,"gold_loss":0.0,"damage_taken":7.0},{"damage_healed":0.0,"max_hp_gain":0.0,"max_hp_loss":0.0,"gold_gain":0.0,"cards_transformed":["Defend_B"],"event_name":"Living Wall","player_choice":"Change","floor":12.0,"gold_loss":0.0,"damage_taken":0.0,"cards_obtained":["Tempest"]},{"damage_healed":0.0,"max_hp_gain":0.0,"max_hp_loss":0.0,"gold_gain":99.0,"event_name":"Nest","player_choice":"Stole From Cult","floor":19.0,"gold_loss":0.0,"damage_taken":0.0},{"cards_removed":["Strike_B"],"damage_healed":0.0,"max_hp_gain":0.0,"max_hp_loss":0.0,"gold_gain":0.0,"event_name":"Beggar","player_choice":"Gave Gold","floor":20.0,"gold_loss":75.0,"damage_taken":0.0},{"damage_healed":0.0,"max_hp_gain":5.0,"max_hp_loss":0.0,"gold_gain":0.0,"event_name":"Forgotten Altar","player_choice":"Shed Blood","floor":21.0,"gold_loss":0.0,"damage_taken":19.0},{"damage_healed":0.0,"max_hp_gain":0.0,"max_hp_loss":0.0,"gold_gain":0.0,"event_name":"Vampires","player_choice":"Ignored","floor":30.0,"gold_loss":0.0,"damage_taken":0.0},{"damage_healed":0.0,"max_hp_gain":0.0,"max_hp_loss":0.0,"gold_gain":0.0,"event_name":"SecretPortal","player_choice":"Ignored","floor":38.0,"gold_loss":0.0,"damage_taken":0.0}],"is_beta":false,"boss_relics":[{"not_picked":["Runic Pyramid","Sozu"],"picked":"Cursed Key"},{"not_picked":["Inserter","Pandora\u0027s Box"],"picked":"Fusion Hammer"}],"items_purged_floors":[25,37],"is_endless":false,"potions_floor_spawned":[5,8,11,22,24,27,31,33,35,36,39,45,47],"ascension_level":6}}