{"host":"yuqw1qbhv58x22od","time":1609480374,"event":{"mods":["BaseMod","Infinite Spire","Minty Spire (QoL Compilation)","Replay The Spire","StSLib","The Servant 0.9.4"],"gold_per_floor":[119,132,132,145,145,173,173,173,200,216,234,251,251,32,32,137,137,149,149,74,94,162,162,182,182,234,264,31,48,48,48,48,153,153,168,93,109,109,509,509,509,509,536,280,280,280,280],"floor_reached":46,"playtime":2577,"items_purged":["Decay","Writhe"],"score":466,"play_id":"28ac98ee-e35f-43ea-9bdb-34c7f574b62f","local_time":"20210101035254","is_ascension_mode":false,"campfire_choices":[{"floor":8.0,"key":"REST"},{"floor":13.0,"key":"REST"},{"data":"ReplayGash","floor":15.0,"key":"SMITH"},{"data":"Echo Form","floor":23.0,"key":"SMITH"},{"data":"Self Repair","floor":25.0,"key":"SMITH"},{"data":"Dualcast","floor":32.0,"key":"SMITH"},{"data":"infinitespire:Gouge","floor":40,"key":"SMITH"},{"data":"Mirror Shield","floor":45,"key":"SMITH"}],"circlet_count":0,"master_deck":["Zap","Dualcast+1","FIFO Queue","Leap","BasicCrystalCard","BasicCrystalCard","BootSequence","ReplayGash+1","Reinforced Body","Echo Form+1","Self Repair+1","ReplayTheSpireMod:Reroute Power","Buffer","Mirror Shield+1","FIFO Queue","ReplayTheSpireMod:Omega Cannon","All For One","Beam Cell+1","Glacier","infinitespire:UltimateForm","Thunder Strike","BasicCrystalCard+1","infinitespire:DeathsTouch","infinitespire:Gouge+1","Time Bomb+1","ReplayGash","ReplayGash+1"],"relics":["Cracked Core","Art of War","Bronze Scales","DataDisk","Pandora\u0027s Box","Solar Panel","MawBank","Question Card","infinitespire:Satchel","Philosopher\u0027s Stone","Replay:Towering Pillar of Hats","Happy Flower","Orrery"],"acts_visited":["Exordium","TheCity","TheBeyond"],"potions_floor_usage":[],"damage_taken":[{"damage":5.0,"enemies":"Cultist","floor":1.0,"turns":4.0},{"damage":2.0,"enemies":"2 Louse","floor":2.0,"turns":3.0},{"damage":16.0,"enemies":"Jaw Worm","floor":4.0,"turns":4.0},{"damage":41.0,"enemies":"Gremlin Nob","floor":6.0,"turns":5.0},{"damage":7.0,"enemies":"Large Slime","floor":10.0,"turns":5.0},{"damage":14.0,"enemies":"Gremlin Gang","floor":11.0,"turns":4.0},{"damage":3.0,"enemies":"Lots of Slimes","floor":12.0,"turns":3.0},{"damage":30.0,"enemies":"The Guardian","floor":16.0,"turns":11.0},{"damage":20.0,"enemies":"Spheric Guardian","floor":18.0,"turns":4.0},{"damage":27.0,"enemies":"2 Thieves","floor":21.0,"turns":4.0},{"damage":8.0,"enemies":"Snake Plant","floor":24.0,"turns":3.0},{"damage":0.0,"enemies":"Cultist and Chosen","floor":27.0,"turns":6.0},{"damage":18.0,"enemies":"3 Cultists","floor":29.0,"turns":3.0},{"damage":23.0,"enemies":"Collector","floor":33.0,"turns":10.0},{"damage":6.0,"enemies":"Orb Walker","floor":35.0,"turns":5.0},{"damage":34.0,"enemies":"3 Darklings","floor":37.0,"turns":5.0},{"damage":33.0,"enemies":"infinitespire:Three Voidlings","floor":39.0,"turns":4.0},{"damage":25.0,"enemies":"Nightmare_Alpha","floor":39.0,"turns":11.0},{"damage":58,"enemies":"Transient","floor":46,"turns":4}],"seed_played":"8057540903686198960","potions_obtained":[{"floor":2.0,"key":"PowerPotion"},{"floor":6.0,"key":"DistilledChaos"},{"floor":10.0,"key":"Doom Potion"},{"floor":12.0,"key":"Flashbang"},{"floor":21.0,"key":"Adrenaline Potion"},{"floor":24.0,"key":"Elixir"},{"floor":35.0,"key":"Energy Potion"},{"floor":39,"key":"Toxic Potion"}],"is_trial":false,"path_per_floor":["M","M","?","M","?","E","?","R","T","M","M","M","R","$","R","B",null,"M","?","?","M","T","R","M","R","T","M","$","M","AVR","?","R","B",null,"M","$","M","AVR","?","R","?","?","T","$","R","M"],"character_chosen":"DEFECT","items_purchased":["DataDisk","Reinforced Body","Question Card","Orrery"],"campfire_rested":2,"item_purchase_floors":[14,14,28,44],"current_hp_per_floor":[70,68,68,52,52,11,11,33,33,26,12,9,31,31,31,1,75,55,55,55,35,35,35,27,27,27,37,37,31,31,31,31,10,75,75,75,63,63,33,33,33,52,52,52,52,0,0],"gold":280,"neow_bonus":"TRANSFORM_CARD","is_daily":false,"chose_seed":false,"campfire_upgraded":6,"win_rate":0.0,"timestamp":1609480374,"path_taken":["M","?","?","M","?","E","?","R","T","M","M","?","R","?","R","BOSS","M","?","?","M","?","R","M","R","T","M","$","M","AVR","?","R","BOSS","M","$","M","AVR","?","R","?","?","T","?","R","?"],"items_purchased_type":["Relic","Card","Relic","Relic"],"build_version":"2020-12-22","purchased_purges":2,"victory":false,"max_hp_per_floor":[75,75,75,75,75,75,75,75,75,75,75,75,75,75,75,75,75,75,75,75,75,75,75,75,75,75,75,75,75,75,75,75,75,75,75,75,75,75,75,75,75,75,75,75,75,75,75],"card_choices":[{"not_picked":["Static Discharge","Storm"],"picked":"Leap","floor":1.0},{"not_picked":["Tempest","Rip and Tear"],"picked":"BasicCrystalCard","floor":2.0},{"not_picked":["Conserve Battery","Scrape"],"picked":"Go for the Eyes","floor":4.0},{"not_picked":["Sweeping Beam","Steam"],"picked":"BasicCrystalCard","floor":6.0},{"not_picked":["Redo","Steam Power"],"picked":"BootSequence","floor":10.0},{"not_picked":["Steam","Turbo","White Noise"],"picked":"SKIP","floor":11.0},{"not_picked":["Redo","All For One"],"picked":"ReplayGash","floor":12.0},{"not_picked":["Multi-Cast","Core Surge"],"picked":"Echo Form","floor":16.0},{"not_picked":["Barrage","Compile Driver+1","Hologram"],"picked":"SKIP","floor":18.0},{"not_picked":["Compile Driver+1","Ball Lightning","ReplaySort"],"picked":"SKIP","floor":21.0},{"not_picked":["Undo","Sweeping Beam+1"],"picked":"Beam Cell+1","floor":24.0},{"not_picked":["Hologram","Go for the Eyes+1","Sweeping Beam"],"picked":"SKIP","floor":27.0},{"not_picked":["BasicCrystalCard","Coolheaded","Ball Lightning"],"picked":"Glacier","floor":29.0},{"not_picked":["Hyperbeam","Creative AI","Multi-Cast"],"picked":"Thunder Strike","floor":33.0},{"not_picked":["Redo","Streamline+1","Scrape+1","Rebound"],"picked":"SKIP","floor":35.0},{"not_picked":["Steam Power","Rebound","Ball Lightning"],"picked":"BasicCrystalCard+1","floor":37.0},{"not_picked":["ReplayTheSpireMod:Echoes of Time","infinitespire:FutureSight"],"picked":"infinitespire:Gouge","floor":39},{"not_picked":["Ball Lightning","Beam Cell+1","Conserve Battery+1"],"picked":"Time Bomb+1","floor":44},{"not_picked":["Stack","Storm+1","Fission"],"picked":"ReplayGash","floor":44},{"not_picked":["Reinforced Body","Heatsinks","Stack+1"],"picked":"ReplayGash+1","floor":44}],"player_experience":155181,"relics_obtained":[{"floor":6.0,"key":"Art of War"},{"floor":9.0,"key":"Bronze Scales"},{"floor":22.0,"key":"Solar Panel"},{"floor":26.0,"key":"MawBank"},{"floor":39,"key":"Replay:Towering Pillar of Hats"},{"floor":43,"key":"Happy Flower"}],"event_choices":[{"damage_healed":0.0,"max_hp_gain":0.0,"max_hp_loss":0.0,"gold_gain":0.0,"event_name":"Liars Game","player_choice":"Ignored","floor":3.0,"gold_loss":0.0,"damage_taken":0.0},{"cards_removed":["Writhe"],"damage_healed":0.0,"max_hp_gain":0.0,"max_hp_loss":0.0,"gold_gain":0.0,"event_name":"NoteForYourself","player_choice":"Took Card","floor":7.0,"gold_loss":0.0,"damage_taken":0.0,"cards_obtained":["Writhe"]},{"damage_healed":0.0,"max_hp_gain":0.0,"max_hp_loss":0.0,"gold_gain":0.0,"event_name":"Vampires","player_choice":"Ignored","floor":19.0,"gold_loss":0.0,"damage_taken":0.0},{"cards_removed":["Go for the Eyes"],"damage_healed":0.0,"max_hp_gain":0.0,"max_hp_loss":0.0,"gold_gain":0.0,"event_name":"Beggar","player_choice":"Gave Gold","floor":20.0,"gold_loss":75.0,"damage_taken":0.0},{"damage_healed":0.0,"max_hp_gain":0.0,"max_hp_loss":0.0,"gold_gain":0.0,"event_name":"Wheel of Change","player_choice":"Cursed","floor":31.0,"gold_loss":0.0,"damage_taken":0.0,"cards_obtained":["Decay"]},{"damage_healed":0,"gold_gain":300,"player_choice":"Gold","damage_taken":0,"max_hp_gain":0,"max_hp_loss":0,"event_name":"Wheel of Change","floor":39,"gold_loss":0},{"damage_healed":0,"gold_gain":0,"player_choice":"Memory 1","damage_taken":0,"max_hp_gain":0,"max_hp_loss":0,"event_name":"SensoryStone","floor":41,"gold_loss":0},{"damage_healed":19,"gold_gain":0,"player_choice":"Writhe","damage_taken":0,"max_hp_gain":0,"max_hp_loss":0,"event_name":"Winding Halls","floor":42,"gold_loss":0,"cards_obtained":["Writhe"]}],"is_beta":false,"boss_relics":[{"not_picked":["Runic Dome","Calling Bell"],"picked":"Pandora\u0027s Box"},{"not_picked":["FrozenCore","Cursed Key"],"picked":"Philosopher\u0027s Stone"}],"items_purged_floors":[36,44],"is_endless":true,"potions_floor_spawned":[2,6,10,12,21,24,35,39],"killed_by":"Transient","ascension_level":0}}