{"host":"igj4vwc42ivwqexo","time":1609508097,"event":{"mods":["BaseMod","Better Third Choice","Koishi","Marisa????????","Minty Spire (QoL Compilation)","Shop Mod","StSLib","The Blue Laboratory","The Disciple","The Hierophant","The Servant 0.9.4"],"gold_per_floor":[111,130,150,150,167,167,192,192,192,205,220,220,252,252,252,351,351,363,288,288,299,316,341,353,377,415,427,473,500,512,623,635,747,759,782,794,806,818,842,886,898,943,1027,1058,1080,1112,1151,1177,1189,1201],"floor_reached":51,"playtime":5241,"items_purged":[],"score":964,"play_id":"3df106bb-4a7f-4142-afc7-496041b188cd","local_time":"20210101143457","is_ascension_mode":false,"campfire_choices":[{"data":"Defragment","floor":6,"key":"SMITH"},{"data":"White Noise","floor":8,"key":"SMITH"},{"data":"Genetic Algorithm","floor":12,"key":"SMITH"},{"data":"Zap","floor":15,"key":"SMITH"},{"data":"Dualcast","floor":24,"key":"SMITH"},{"data":"Chaos","floor":27,"key":"SMITH"},{"data":"Biased Cognition","floor":32,"key":"SMITH"},{"data":"Fission","floor":41,"key":"SMITH"},{"data":"Seek","floor":49,"key":"SMITH"}],"circlet_count":0,"master_deck":["Defend_B","Defend_B","Defend_B","Zap+1","Dualcast+1","Doom and Gloom","Chaos+1","White Noise+1","Defragment+1","Capacitor","Genetic Algorithm+1","All For One+1","Machine Learning","Cold Snap+1","Steam Power+1","Seek+1","Biased Cognition+1","Steam Power","Electrodynamics","Conserve Battery","Ghostly","Ghostly","Ghostly","Ghostly","Ghostly","Fission+1","Auto Shields+1","Reinforced Body","Undo+1","Skim+1","Echo Form","Coolheaded+1","Lockon+1","Parasite","Consume+1"],"relics":["Cracked Core","Emotion Chip","Ginger","Molten Egg 2","Nloth\u0027s Gift","MawBank","Akabeko","Mummified Hand","Sozu","Oddly Smooth Stone","Vajra","Eternal Feather","MealTicket"],"acts_visited":["Exordium","TheCity","TheBeyond"],"potions_floor_usage":[10,13,16,18,21,33,33],"damage_taken":[{"damage":3,"enemies":"Small Slimes","floor":1,"turns":2},{"damage":1,"enemies":"Cultist","floor":2,"turns":4},{"damage":1,"enemies":"2 Louse","floor":3,"turns":3},{"damage":3,"enemies":"Red Slaver","floor":5,"turns":3},{"damage":26,"enemies":"3 Sentries","floor":7,"turns":5},{"damage":10,"enemies":"Looter","floor":10,"turns":3},{"damage":0,"enemies":"Lots of Slimes","floor":11,"turns":2},{"damage":5,"enemies":"Lagavulin","floor":13,"turns":7},{"damage":0,"enemies":"Hexaghost","floor":16,"turns":10},{"damage":22,"enemies":"2 Thieves","floor":18,"turns":3},{"damage":8,"enemies":"3 Byrds","floor":21,"turns":4},{"damage":3,"enemies":"Cultist and Chosen","floor":22,"turns":6},{"damage":10,"enemies":"Book of Stabbing","floor":23,"turns":4},{"damage":6,"enemies":"Chosen and Byrds","floor":25,"turns":6},{"damage":14,"enemies":"Slavers","floor":28,"turns":5},{"damage":8,"enemies":"Centurion and Healer","floor":29,"turns":4},{"damage":0,"enemies":"Automaton","floor":33,"turns":9},{"damage":0,"enemies":"3 Shapes","floor":35,"turns":4},{"damage":8,"enemies":"Orb Walker","floor":39,"turns":3},{"damage":0,"enemies":"Reptomancer","floor":40,"turns":7},{"damage":2,"enemies":"Nemesis","floor":42,"turns":5},{"damage":0,"enemies":"4 Shapes","floor":44,"turns":3},{"damage":0,"enemies":"Jaw Worm Horde","floor":45,"turns":3},{"damage":0,"enemies":"Spire Growth","floor":46,"turns":4},{"damage":1,"enemies":"Reptomancer","floor":47,"turns":5},{"damage":14,"enemies":"Writhing Mass","floor":48,"turns":5},{"damage":5,"enemies":"Awakened One","floor":50,"turns":13}],"seed_played":"-6376580408632366100","potions_obtained":[{"floor":1,"key":"Weak Potion"},{"floor":5,"key":"blueLaboratory:FrostheartPotion"},{"floor":7,"key":"PowerPotion"},{"floor":11,"key":"ColorlessPotion"},{"floor":16,"key":"blueLaboratory:EmptyBottle"},{"floor":21,"key":"Energy Potion"},{"floor":28,"key":"Dexterity Potion"},{"floor":29,"key":"DistilledChaos"},{"floor":33,"key":"FocusPotion"}],"is_trial":false,"path_per_floor":["M","M","M","?","M","R","E","R","T","M","M","R","E","?","R","B",null,"M","?","?","M","M","E","R","M","T","R","E","M","?","?","R","B",null,"M","?","?","?","M","E","R","E","T","M","M","M","E","M","R","B",null],"character_chosen":"DEFECT","items_purchased":[],"campfire_rested":0,"item_purchase_floors":[],"current_hp_per_floor":[79,78,77,77,74,74,48,48,48,38,38,38,33,33,33,33,82,60,60,60,52,49,39,39,33,33,33,19,11,11,11,11,11,41,41,41,39,39,31,31,31,29,29,29,29,29,28,14,35,30],"gold":1213,"neow_bonus":"TEN_PERCENT_HP_BONUS","is_daily":false,"chose_seed":false,"campfire_upgraded":9,"win_rate":0.0,"timestamp":1609508097,"path_taken":["M","M","M","?","M","R","E","R","T","M","?","R","E","?","R","BOSS","M","?","?","M","?","E","R","M","T","R","E","M","?","?","R","BOSS","M","?","?","?","M","E","R","E","T","M","M","?","E","M","R","BOSS"],"items_purchased_type":[],"build_version":"2020-12-22","purchased_purges":0,"victory":true,"max_hp_per_floor":[82,82,82,82,82,82,82,82,82,82,82,82,82,82,82,82,82,82,82,82,82,82,82,82,82,82,82,82,82,41,41,41,41,41,41,41,39,39,39,39,39,39,39,39,39,39,39,39,39,39],"card_choices":[{"not_picked":["Turbo","Go for the Eyes"],"picked":"Doom and Gloom","floor":1},{"not_picked":["FTL","Barrage"],"picked":"Chaos","floor":2},{"not_picked":["Scrape","Barrage"],"picked":"White Noise","floor":3},{"not_picked":["Conserve Battery","Consume"],"picked":"Defragment","floor":5},{"not_picked":["Leap","Streamline"],"picked":"Capacitor","floor":7},{"not_picked":["Barrage","Compile Driver"],"picked":"Cold Snap","floor":10},{"not_picked":["Redo","Force Field"],"picked":"Genetic Algorithm","floor":11},{"not_picked":["Barrage+1","Steam Power"],"picked":"All For One+1","floor":13},{"not_picked":["Reboot","Creative AI"],"picked":"Machine Learning","floor":16},{"not_picked":["Leap+1","Sweeping Beam+1"],"picked":"Cold Snap+1","floor":18},{"not_picked":["Barrage+1","Auto Shields"],"picked":"Steam Power+1","floor":21},{"not_picked":["Barrage+1","Sweeping Beam+1"],"picked":"Seek","floor":22},{"not_picked":["Machine Learning","All For One+1"],"picked":"Biased Cognition","floor":23},{"not_picked":["Beam Cell+1","Sweeping Beam+1"],"picked":"Steam Power","floor":25},{"not_picked":["Multi-Cast","Leap"],"picked":"Electrodynamics","floor":28},{"not_picked":["Barrage+1","Sweeping Beam+1"],"picked":"Conserve Battery","floor":29},{"not_picked":["Amplify","Echo Form"],"picked":"Fission","floor":33},{"not_picked":["Redo+1","Go for the Eyes+1"],"picked":"Auto Shields+1","floor":35},{"not_picked":["Gash+1","Leap"],"picked":"Undo+1","floor":39},{"not_picked":["Blizzard+1","Hello World+1"],"picked":"Skim+1","floor":40},{"not_picked":["Gash+1","Core Surge+1"],"picked":"Echo Form","floor":42},{"not_picked":["Conserve Battery","Turbo+1","Blizzard+1"],"picked":"SKIP","floor":44},{"not_picked":["Conserve Battery+1","Leap"],"picked":"Coolheaded+1","floor":45},{"not_picked":["Turbo","Streamline+1","Hyperbeam+1"],"picked":"SKIP","floor":46},{"not_picked":["Leap+1","Reinforced Body+1"],"picked":"Lockon+1","floor":47},{"not_picked":["Echo Form","Turbo+1"],"picked":"Consume+1","floor":48}],"player_experience":303011,"relics_obtained":[{"floor":7,"key":"Emotion Chip"},{"floor":9,"key":"Ginger"},{"floor":13,"key":"Molten Egg 2"},{"floor":23,"key":"MawBank"},{"floor":26,"key":"Akabeko"},{"floor":28,"key":"Mummified Hand"},{"floor":40,"key":"Oddly Smooth Stone"},{"floor":42,"key":"Vajra"},{"floor":43,"key":"Eternal Feather"},{"floor":47,"key":"MealTicket"}],"event_choices":[{"cards_removed":["Strike_B"],"damage_healed":0,"gold_gain":0,"player_choice":"Purged","damage_taken":0,"max_hp_gain":0,"max_hp_loss":0,"event_name":"Purifier","floor":4,"gold_loss":0},{"cards_removed":["Strike_B"],"damage_healed":0,"gold_gain":0,"player_choice":"Offered Basic","damage_taken":0,"max_hp_gain":0,"max_hp_loss":0,"event_name":"Bonfire Elementals","floor":14,"gold_loss":0},{"cards_removed":["Strike_B"],"damage_healed":0,"gold_gain":0,"player_choice":"Gave Gold","damage_taken":0,"max_hp_gain":0,"max_hp_loss":0,"event_name":"Beggar","floor":19,"gold_loss":75},{"damage_healed":0,"gold_gain":0,"player_choice":"Traded Relic","damage_taken":0,"relics_obtained":["Nloth\u0027s Gift"],"max_hp_gain":0,"max_hp_loss":0,"event_name":"N\u0027loth","floor":20,"relics_lost":["Empty Cage"],"gold_loss":0},{"damage_healed":0,"gold_gain":0,"player_choice":"Became a Ghost","damage_taken":0,"max_hp_gain":0,"max_hp_loss":41,"event_name":"Ghosts","floor":30,"gold_loss":0,"cards_obtained":["Ghostly","Ghostly","Ghostly","Ghostly","Ghostly"]},{"damage_healed":0,"gold_gain":99,"player_choice":"Steal","damage_taken":0,"max_hp_gain":0,"max_hp_loss":0,"event_name":"betterThird:BetterNest","floor":31,"gold_loss":0},{"cards_removed":["Cold Snap"],"damage_healed":0,"gold_gain":0,"player_choice":"Removed Attack","damage_taken":0,"max_hp_gain":0,"max_hp_loss":0,"event_name":"Falling","floor":36,"gold_loss":0},{"damage_healed":0,"gold_gain":0,"player_choice":"Max HP","damage_taken":0,"max_hp_gain":0,"max_hp_loss":2,"event_name":"Winding Halls","floor":37,"gold_loss":0},{"damage_healed":0,"gold_gain":0,"player_choice":"1 cards matched","damage_taken":0,"max_hp_gain":0,"max_hp_loss":0,"event_name":"Match and Keep!","floor":38,"gold_loss":0,"cards_obtained":["Reinforced Body"]}],"is_beta":false,"boss_relics":[{"not_picked":["Tiny House","Velvet Choker"],"picked":"Empty Cage"},{"not_picked":["FrozenCore","Snecko Eye"],"picked":"Sozu"}],"items_purged_floors":[],"is_endless":false,"potions_floor_spawned":[1,5,7,11,16,21,28,29,33,35,40,45,47],"ascension_level":0}}