{"host":"mvq3y0vr4azttkc6","time":1609534299,"event":{"mods":["BaseMod","Colored Powertips","Marisa????????","Minty Spire (QoL Compilation)","Replay The Spire","StSLib","The Cursed"],"gold_per_floor":[114,114,114,124,55,85,104,122,122,152,162,179,179,179,179,274,274,288,288,288,288,288],"floor_reached":21,"playtime":1349,"items_purged":[],"score":265,"play_id":"e3ea0fa0-79ca-4f9a-9076-aa43655827a3","local_time":"20210101235139","is_ascension_mode":true,"campfire_choices":[{"floor":13,"key":"REST"},{"data":"OortCloud","floor":15,"key":"SMITH"}],"circlet_count":0,"master_deck":["Strike_MRS","Strike_MRS","Strike_MRS","Defend_MRS","Defend_MRS","Defend_MRS","Defend_MRS","MasterSpark","UpSweep","GravityBeat","StarlightTyphoon","OortCloud+1","IllusionStar","AsteroidBelt","MysteriousBeam","UltimateShortwave","PowerUp","EscapeVelocity","Sickly","Doubt","Injury","ShootingEcho+1"],"relics":["MiniHakkero","NeowsBlessing","Gremlin Horn","CultistMask","Replay:Kaleidoscope","Mirror","Pantograph","Replay:Ancient Bell","ReplayFunnel","Replay:WaspNest","TungstenRod","MutagenicStrength"],"acts_visited":["Exordium","TheCity"],"potions_floor_usage":[16],"damage_taken":[{"damage":0,"enemies":"2 Louse","floor":1,"turns":1},{"damage":0,"enemies":"Jaw Worm","floor":4,"turns":1},{"damage":0,"enemies":"Gremlin Nob","floor":6,"turns":1},{"damage":0,"enemies":"Cultist","floor":7,"turns":4},{"damage":6,"enemies":"Red Slaver","floor":8,"turns":4},{"damage":0,"enemies":"Replay:BlueRogue","floor":10,"turns":8},{"damage":0,"enemies":"Gremlin Gang","floor":11,"turns":4},{"damage":8,"enemies":"Large Slime","floor":12,"turns":5},{"damage":35,"enemies":"Hexaghost","floor":16,"turns":9},{"damage":20,"enemies":"Shell Parasite","floor":18,"turns":4},{"damage":5,"enemies":"3 Byrds","floor":21,"turns":3}],"seed_played":"7918202186826526513","potions_obtained":[{"floor":4,"key":"PowerPotion"},{"floor":6,"key":"DuplicationPotion"},{"floor":12,"key":"AttackPotion"},{"floor":16,"key":"PowerPotion"}],"is_trial":false,"path_per_floor":["M","?","?","M","$","E","M","M","T","E","M","M","R","?","R","B",null,"M","?","?","M"],"character_chosen":"MARISA","items_purchased":["StarlightTyphoon"],"campfire_rested":1,"item_purchase_floors":[5],"current_hp_per_floor":[75,68,68,68,68,68,68,62,62,62,62,54,75,68,68,40,75,55,55,55,50,50],"gold":288,"neow_bonus":"THREE_ENEMY_KILL","is_daily":false,"chose_seed":false,"campfire_upgraded":1,"win_rate":0.0,"timestamp":1609534299,"path_taken":["M","?","?","?","?","E","M","?","T","E","M","M","R","?","R","BOSS","M","?","?","?"],"items_purchased_type":["Card"],"build_version":"2020-12-22","purchased_purges":0,"victory":false,"max_hp_per_floor":[75,75,75,75,75,75,75,75,75,75,75,75,75,75,75,75,75,75,75,75,75,75],"card_choices":[{"not_picked":["GalacticHalo","LuminesStrike","DeepEcoloBomb"],"picked":"SKIP","floor":1},{"not_picked":["IllusionStar","LuminesStrike"],"picked":"GravityBeat","floor":4},{"not_picked":["EnergyRecoil","6A"],"picked":"OortCloud","floor":6},{"not_picked":["UnstableBomb","GalacticHalo"],"picked":"IllusionStar","floor":7},{"not_picked":["IllusionStar","WitchLeyline"],"picked":"AsteroidBelt","floor":8},{"not_picked":["Acceleration","WitchOfGreed"],"picked":"MysteriousBeam","floor":10},{"not_picked":["Acceleration","ChargeUpSpray"],"picked":"UltimateShortwave","floor":11},{"not_picked":["WitchLeyline","DC"],"picked":"PowerUp","floor":12},{"not_picked":["BinaryStars","MaximisePower"],"picked":"EscapeVelocity","floor":16},{"not_picked":["Overencumbered","Doubt"],"picked":"Sickly","floor":17},{"not_picked":["Delirium","CurseOfTheBell"],"picked":"Doubt","floor":17},{"not_picked":["Replay:Sluggish","Doubt"],"picked":"Injury","floor":17},{"not_picked":["GrandCross","DC"],"picked":"ShootingEcho","floor":18}],"player_experience":97440,"relics_obtained":[{"floor":6,"key":"Replay:Kaleidoscope"},{"floor":9,"key":"Mirror"},{"floor":10,"key":"Pantograph"}],"event_choices":[{"damage_healed":0,"gold_gain":0,"player_choice":"Success","damage_taken":7,"relics_obtained":["Gremlin Horn"],"max_hp_gain":0,"max_hp_loss":0,"event_name":"Scrap Ooze","floor":2,"gold_loss":0},{"damage_healed":0,"gold_gain":0,"player_choice":"Trade","damage_taken":0,"relics_obtained":["CultistMask"],"max_hp_gain":0,"max_hp_loss":0,"event_name":"FaceTrader","floor":3,"gold_loss":0},{"cards_removed":["Strike_MRS"],"damage_healed":0,"gold_gain":0,"player_choice":"Card Removal","damage_taken":7,"max_hp_gain":0,"max_hp_loss":0,"event_name":"Golden Wing","floor":14,"gold_loss":0},{"damage_healed":0,"gold_gain":0,"player_choice":"Inject Mutagens","damage_taken":0,"relics_obtained":["MutagenicStrength"],"max_hp_gain":0,"max_hp_loss":0,"event_name":"Drug Dealer","floor":19,"gold_loss":0},{"damage_healed":0,"gold_gain":0,"player_choice":"Forge","damage_taken":0,"max_hp_gain":0,"max_hp_loss":0,"event_name":"Accursed Blacksmith","floor":20,"gold_loss":0,"cards_upgraded":["ShootingEcho"]}],"is_beta":false,"boss_relics":[{"not_picked":["Replay:Wanted Poster","Pandora\u0027s Box"],"picked":"Replay:Ancient Bell"},{"not_picked":["Anchor","Regal Pillow"],"picked":"ReplayFunnel"},{"not_picked":["White Beast Statue","Garlic"],"picked":"Replay:WaspNest"},{"not_picked":["WingedGreaves","Pocketwatch"],"picked":"TungstenRod"}],"items_purged_floors":[],"is_endless":false,"potions_floor_spawned":[4,6,12,16,18],"killed_by":"3 Byrds","ascension_level":2}}