{"host":"98zq812qbocdqs0d","time":1609543611,"event":{"mods":["BaseMod","GifTheSpireLib","Minty Spire (QoL Compilation)","Replay The Spire","StSLib","The Cursed","The Hierophant"],"gold_per_floor":[113,113,113,113,133,133,150,169,192,192,210,210,210,157,157,256,256,272,82,82,102,116,116,149,149,149,176,276,276,287,305,305,408,408,428,528,542,553,567,567,593,593,593,593,611,19,19,19,19,19,19],"floor_reached":50,"playtime":2626,"items_purged":["Combust+1"],"score":750,"play_id":"5bbcde23-5ef1-4392-ad76-221e50f7c5a8","local_time":"20210102002651","is_ascension_mode":true,"campfire_choices":[{"data":"Perfected Strike","floor":6,"key":"SMITH"},{"data":"Bash","floor":10,"key":"SMITH"},{"data":"Pot Of Greed","floor":12,"key":"SMITH"},{"data":"Pommel Strike","floor":15,"key":"SMITH"},{"floor":23,"key":"REST"},{"floor":25,"key":"REST"},{"floor":29,"key":"REST"},{"data":"Wild Strike","floor":32,"key":"SMITH"},{"floor":40,"key":"REST"},{"floor":42,"key":"REST"},{"data":"Impervious","floor":44,"key":"SMITH"},{"data":"Dual Wield","floor":47,"key":"SMITH"},{"floor":49,"key":"REST"}],"circlet_count":0,"master_deck":["AscendersBane","Strike_R+1","Strike_R+1","Strike_R+1","Strike_R+1","Strike_R+1","Defend_R+1","Defend_R+1","Bash+1","Perfected Strike+1","Pot Of Greed+1","Pot Of Greed+1","Pommel Strike+1","Impervious+1","Wild Strike+1","Twin Strike+1","Flame Barrier+1","Body Slam+1","Headbutt+1","Seeing Red+1","Perfected Strike+1","Dual Wield+1","Pot Of Greed+1"],"relics":["Black Blood","Another Sword","Grinning Jar","Sozu","Bag of Marbles","Enchiridion","Bag of Preparation","Torii","MealTicket","Replay:Grab Bag","Ooze Armor","Busted Crown","Astrolabe","The Courier","Replay:Ringing Soul","Gremlin Food","Ancient Tea Set","Toy Ornithopter","Centennial Puzzle","Mark of the Bloom"],"acts_visited":["Exordium","TheCity","TheBeyond"],"potions_floor_usage":[22,33],"damage_taken":[{"damage":2,"enemies":"Jaw Worm","floor":1,"turns":3},{"damage":0,"enemies":"Small Slimes","floor":5,"turns":2},{"damage":0,"enemies":"Cultist","floor":7,"turns":1},{"damage":9,"enemies":"2 Fungi Beasts","floor":8,"turns":2},{"damage":0,"enemies":"Looter","floor":11,"turns":1},{"damage":51,"enemies":"The Guardian","floor":16,"turns":8},{"damage":9,"enemies":"Shell Parasite","floor":18,"turns":2},{"damage":8,"enemies":"2 Thieves","floor":21,"turns":4},{"damage":27,"enemies":"Snake Plant","floor":22,"turns":3},{"damage":15,"enemies":"Replay:Snechameleon","floor":24,"turns":2},{"damage":30,"enemies":"Gremlin Leader","floor":27,"turns":3},{"damage":1,"enemies":"3 Cultists","floor":30,"turns":4},{"damage":1,"enemies":"Cultist and Chosen","floor":31,"turns":3},{"damage":66,"enemies":"Collector","floor":33,"turns":5},{"damage":0,"enemies":"3 Shapes","floor":35,"turns":3},{"damage":2,"enemies":"3 Darklings","floor":37,"turns":3},{"damage":29,"enemies":"Spire Growth","floor":38,"turns":4},{"damage":44,"enemies":"Maw","floor":39,"turns":6},{"damage":19,"enemies":"Giant Head","floor":41,"turns":6},{"damage":0,"enemies":"Writhing Mass","floor":45,"turns":1},{"damage":94,"enemies":"Donu and Deca","floor":50,"turns":6}],"seed_played":"-867233392031022341","potions_obtained":[{"floor":1,"key":"EssenceOfSteel"},{"floor":5,"key":"FearPotion"}],"is_trial":false,"path_per_floor":["M","?","$","?","M","R","M","M","T","R","M","R","?","$","R","B",null,"M","$","?","M","M","R","E","R","T","E","?","R","M","M","R","B",null,"M","?","M","M","M","R","E","R","T","R","M","$","R","?","R","B"],"character_chosen":"IRONCLAD","items_purchased":["Pommel Strike","Bag of Marbles","Twin Strike","Gremlin Food","Ancient Tea Set","Dual Wield","Toy Ornithopter","Centennial Puzzle"],"campfire_rested":6,"item_purchase_floors":[14,19,19,46,46,46,46,46],"current_hp_per_floor":[55,55,55,55,61,61,67,64,64,64,70,70,70,70,70,25,66,63,63,47,45,24,48,39,63,63,39,39,63,68,73,73,13,63,75,75,80,63,31,55,48,72,72,72,80,83,83,83,83,0,0],"gold":19,"neow_bonus":"ONE_RARE_RELIC","is_daily":false,"chose_seed":false,"campfire_upgraded":7,"win_rate":0.0,"timestamp":1609543611,"path_taken":["M","?","$","?","?","R","M","M","T","R","M","R","?","$","R","BOSS","M","$","?","M","M","R","E","R","T","E","?","R","?","M","R","BOSS","M","?","M","M","?","R","E","R","T","R","M","$","R","?","R","BOSS"],"items_purchased_type":["Card","Relic","Card","Relic","Relic","Card","Relic","Relic"],"build_version":"2020-12-22","purchased_purges":1,"victory":false,"max_hp_per_floor":[80,80,80,80,80,80,80,80,80,80,80,80,80,80,80,80,80,80,80,80,80,80,80,80,80,80,80,80,80,80,80,80,80,80,80,80,80,80,80,80,80,80,80,80,80,83,83,83,83,83,83],"card_choices":[{"not_picked":["Flame Barrier","Life Link"],"picked":"Perfected Strike","floor":1},{"not_picked":["Iron Wave","Shrug It Off","Sever Soul"],"picked":"SKIP","floor":5},{"not_picked":["ReplayTheSpireMod:Strike From Hell","Dropkick","Clash"],"picked":"SKIP","floor":7},{"not_picked":["ReplayTheSpireMod:Stacked","Evolve","Iron Wave"],"picked":"SKIP","floor":8},{"not_picked":["Replay:Undeath\u0027s Touch","Clothesline","Immolate"],"picked":"SKIP","floor":11},{"not_picked":["Corruption","Limit Break"],"picked":"Impervious","floor":16},{"not_picked":["Run Through","Shrug It Off"],"picked":"Wild Strike","floor":18},{"not_picked":["Inflame","Flex","ReplayTheSpireMod:Corrosion Curse"],"picked":"SKIP","floor":21},{"not_picked":["Replay:Undeath\u0027s Touch","Clothesline","Metallicize"],"picked":"SKIP","floor":22},{"not_picked":["Pummel","Barricade","Warcry+1"],"picked":"SKIP","floor":24},{"not_picked":["Massacre","Dual Wield","ReplayTheSpireMod:LeadingStrike"],"picked":"SKIP","floor":27},{"not_picked":["Clash","Seeing Red"],"picked":"Wild Strike+1","floor":30},{"not_picked":["Body Slam+1","Cleave+1","Warcry"],"picked":"SKIP","floor":31},{"not_picked":["Dropkick+1"],"picked":"SKIP","floor":35},{"not_picked":["ReplayTheSpireMod:Stacked"],"picked":"SKIP","floor":37},{"not_picked":[],"picked":"Headbutt","floor":38},{"not_picked":[],"picked":"Seeing Red+1","floor":39},{"not_picked":[],"picked":"Perfected Strike+1","floor":41},{"not_picked":["Carnage+1"],"picked":"SKIP","floor":45}],"player_experience":885276,"relics_obtained":[{"floor":9,"key":"Grinning Jar"},{"floor":20,"key":"Enchiridion"},{"floor":24,"key":"Bag of Preparation"},{"floor":26,"key":"Torii"},{"floor":27,"key":"MealTicket"},{"floor":41,"key":"The Courier"},{"floor":43,"key":"Replay:Ringing Soul"}],"event_choices":[{"damage_healed":0,"gold_gain":0,"player_choice":"Ignored","damage_taken":0,"max_hp_gain":0,"max_hp_loss":0,"event_name":"Transmorgrifier","floor":4,"gold_loss":0},{"damage_healed":0,"gold_gain":0,"player_choice":"Grow","damage_taken":0,"max_hp_gain":0,"max_hp_loss":0,"event_name":"Living Wall","floor":13,"gold_loss":0,"cards_upgraded":["Pot Of Greed"]},{"damage_healed":0,"gold_gain":0,"player_choice":"Obtained Book","damage_taken":16,"max_hp_gain":0,"max_hp_loss":0,"event_name":"Cursed Tome","floor":20,"gold_loss":0},{"damage_healed":0,"gold_gain":100,"player_choice":"Pray","damage_taken":0,"max_hp_gain":0,"max_hp_loss":0,"event_name":"Golden Shrine","floor":28,"gold_loss":0},{"damage_healed":0,"gold_gain":100,"player_choice":"Pray","damage_taken":0,"max_hp_gain":0,"max_hp_loss":0,"event_name":"Golden Shrine","floor":36,"gold_loss":0},{"damage_healed":0,"gold_gain":0,"player_choice":"Upgrade","damage_taken":0,"relics_obtained":["Mark of the Bloom"],"max_hp_gain":0,"max_hp_loss":0,"event_name":"MindBloom","floor":48,"gold_loss":0,"cards_upgraded":["Strike_R","Strike_R","Strike_R","Strike_R","Defend_R","Defend_R","Twin Strike","Headbutt","Pot Of Greed"]}],"is_beta":false,"boss_relics":[{"not_picked":["Replay:Drink Me","Replay:Wanted Poster"],"picked":"Sozu"},{"not_picked":["Replay:Ancient Bell","Ring of Chaos"],"picked":"Replay:Grab Bag"},{"not_picked":["ReplayTheSpireMod:Onyx Gauntlets","Electric Blood"],"picked":"Ooze Armor"},{"not_picked":["ReplayTheSpireMod:DimensionalGlitch","ChewingGum"],"picked":"Busted Crown"},{"not_picked":["Runic Cube","Kintsugi"],"picked":"Astrolabe"},{"not_picked":["SacredBark","Pandora\u0027s Box"],"picked":"Black Blood"}],"items_purged_floors":[46],"is_endless":false,"potions_floor_spawned":[1,5,18,22,27,30,33,38,39,41,45],"killed_by":"Donu and Deca","ascension_level":10}}