{"host":"uv231blk40vjdojr","time":1609507469,"event":{"mods":["BaseMod","Minty Spire (QoL Compilation)","Relic Stats"],"gold_per_floor":[217,233,153,171,14,41,41,65,65,65,84,84,84,117,117,193,193,207,219,219,48,63,93,93,127,127,127,9,36,36,36],"floor_reached":30,"playtime":1124,"items_purged":[],"score":521,"play_id":"bcc1deb2-8aac-40a6-a883-7e972e08a7ca","local_time":"20210101142429","is_ascension_mode":true,"campfire_choices":[{"data":"Anger","floor":7.0,"key":"SMITH"},{"data":"Bash","floor":10.0,"key":"SMITH"},{"data":"Fire Breathing","floor":15.0,"key":"SMITH"},{"floor":24,"key":"REST"},{"floor":27,"key":"REST"}],"circlet_count":0,"master_deck":["AscendersBane","Strike_R","Strike_R","Strike_R","Strike_R","Defend_R","Defend_R","Defend_R","Defend_R","Bash+1","Dropkick","Anger+1","Carnage","Fire Breathing+1","Shrug It Off","Armaments+1","Bludgeon","Seeing Red+1","Burning Pact+1","Cleave","True Grit+1","Panacea+1","Armaments+1","Corruption"],"relics":["Burning Blood","HandDrill","Pear","Toxic Egg 2","Bag of Marbles","Fusion Hammer","Nloth\u0027s Gift","Oddly Smooth Stone","Gambling Chip","Red Mask","Letter Opener","Matryoshka"],"acts_visited":["Exordium","TheCity"],"potions_floor_usage":[25],"damage_taken":[{"damage":12.0,"enemies":"Jaw Worm","floor":1.0,"turns":3.0},{"damage":2.0,"enemies":"2 Louse","floor":2.0,"turns":4.0},{"damage":1.0,"enemies":"Cultist","floor":4.0,"turns":3.0},{"damage":32.0,"enemies":"Gremlin Nob","floor":6.0,"turns":4.0},{"damage":21.0,"enemies":"The Mushroom Lair","floor":8.0,"turns":5.0},{"damage":12.0,"enemies":"Exordium Wildlife","floor":11.0,"turns":4.0},{"damage":22.0,"enemies":"Lagavulin","floor":14.0,"turns":5.0},{"damage":6.0,"enemies":"Hexaghost","floor":16.0,"turns":7.0},{"damage":19.0,"enemies":"Spheric Guardian","floor":18.0,"turns":4.0},{"damage":12.0,"enemies":"2 Thieves","floor":19.0,"turns":4.0},{"damage":18.0,"enemies":"Cultist and Chosen","floor":22.0,"turns":6.0},{"damage":32,"enemies":"Book of Stabbing","floor":23,"turns":4},{"damage":17,"enemies":"Masked Bandits","floor":25,"turns":4},{"damage":31,"enemies":"Gremlin Leader","floor":29,"turns":7},{"damage":30,"enemies":"Centurion and Healer","floor":30,"turns":3}],"seed_played":"8817485229694739677","potions_obtained":[{"floor":1.0,"key":"Strength Potion"},{"floor":8.0,"key":"DuplicationPotion"},{"floor":11.0,"key":"FearPotion"},{"floor":18.0,"key":"Fire Potion"},{"floor":25,"key":"Energy Potion"},{"floor":29,"key":"Energy Potion"}],"is_trial":false,"path_per_floor":["M","M","$","M","$","E","R","?","T","R","M","?","?","E","R","B",null,"M","M","?","$","M","E","R","?","T","R","$","E","M"],"character_chosen":"IRONCLAD","items_purchased":["Carnage","HandDrill","Oddly Smooth Stone","Panacea+1","Armaments+1"],"campfire_rested":2,"item_purchase_floors":[3,5,21,28,28],"current_hp_per_floor":[62,66,66,71,71,55,55,40,40,40,34,34,27,11,11,11,67,54,48,48,48,36,10,35,24,24,49,49,24,0,0],"gold":36,"neow_bonus":"HUNDRED_GOLD","is_daily":false,"chose_seed":false,"campfire_upgraded":3,"win_rate":0.0,"timestamp":1609507469,"path_taken":["M","M","$","M","$","E","R","?","T","R","M","?","?","E","R","BOSS","M","M","?","$","?","E","R","?","T","R","$","E","M"],"items_purchased_type":["Card","Relic","Relic","Card","Card"],"build_version":"2020-12-22","purchased_purges":0,"victory":false,"max_hp_per_floor":[75,75,75,75,75,85,85,85,85,85,85,85,85,85,85,85,85,85,85,85,85,85,85,85,85,85,85,85,85,85,85],"relic_stats":{"counters":[15,67],"Gambling Chip":[10],"HandDrill":[16],"Nloth\u0027s Gift":3,"Letter Opener":[35],"obtain_stats":[{"Pear":6,"Oddly Smooth Stone":21,"Letter Opener":26,"Odd Mushroom":8,"Burning Blood":0,"Matryoshka":29,"Gambling Chip":23,"Fusion Hammer":17,"HandDrill":5,"Bag of Marbles":14,"Nloth\u0027s Gift":20,"Red Mask":25,"Toxic Egg 2":9},{"Pear":4,"Oddly Smooth Stone":10,"Letter Opener":13,"Odd Mushroom":5,"Burning Blood":0,"Matryoshka":14,"Gambling Chip":12,"Fusion Hammer":8,"HandDrill":3,"Bag of Marbles":7,"Nloth\u0027s Gift":10,"Red Mask":13,"Toxic Egg 2":5},{"Pear":14,"Oddly Smooth Stone":43,"Letter Opener":57,"Odd Mushroom":19,"Burning Blood":0,"Matryoshka":64,"Gambling Chip":53,"Fusion Hammer":35,"HandDrill":10,"Bag of Marbles":28,"Nloth\u0027s Gift":43,"Red Mask":57,"Toxic Egg 2":19}],"Burning Blood":84},"card_choices":[{"not_picked":["Infernal Blade","Anger"],"picked":"Dropkick","floor":1.0},{"not_picked":["Heavy Blade","Clothesline"],"picked":"Anger","floor":2.0},{"not_picked":["Havoc","Pommel Strike"],"picked":"Fire Breathing","floor":4.0},{"not_picked":["Body Slam","Perfected Strike"],"picked":"Shrug It Off","floor":6.0},{"not_picked":["Anger","Ghostly Armor+1"],"picked":"Armaments+1","floor":11.0},{"not_picked":["Anger","Wild Strike","Exhume+1"],"picked":"SKIP","floor":14.0},{"not_picked":["Berserk","Juggernaut"],"picked":"Bludgeon","floor":16.0},{"not_picked":["Hemokinesis","Clothesline"],"picked":"Seeing Red+1","floor":18.0},{"not_picked":["Anger","Infernal Blade+1","Havoc+1"],"picked":"SKIP","floor":19.0},{"not_picked":["Headbutt","Double Tap+1"],"picked":"Burning Pact+1","floor":22.0},{"not_picked":["Twin Strike","Clothesline"],"picked":"Cleave","floor":23},{"not_picked":["Thunderclap","Whirlwind"],"picked":"True Grit+1","floor":25},{"not_picked":["Offering+1","Twin Strike"],"picked":"Corruption","floor":29}],"player_experience":543538,"relics_obtained":[{"floor":6.0,"key":"Pear"},{"floor":8.0,"key":"Odd Mushroom"},{"floor":9.0,"key":"Toxic Egg 2"},{"floor":14.0,"key":"Bag of Marbles"},{"floor":23,"key":"Gambling Chip"},{"floor":25,"key":"Red Mask"},{"floor":26,"key":"Letter Opener"},{"floor":29,"key":"Matryoshka"}],"event_choices":[{"damage_healed":0.0,"max_hp_gain":0.0,"max_hp_loss":0.0,"gold_gain":0.0,"event_name":"Mushrooms","player_choice":"Fought Mushrooms","floor":8.0,"gold_loss":0.0,"damage_taken":0.0},{"damage_healed":0.0,"max_hp_gain":0.0,"max_hp_loss":0.0,"gold_gain":0.0,"event_name":"Liars Game","player_choice":"Ignored","floor":12.0,"gold_loss":0.0,"damage_taken":0.0},{"cards_removed":["Strike_R"],"damage_healed":0.0,"max_hp_gain":0.0,"max_hp_loss":0.0,"gold_gain":0.0,"event_name":"Golden Wing","player_choice":"Card Removal","floor":13.0,"gold_loss":0.0,"damage_taken":7.0},{"damage_healed":0.0,"max_hp_gain":0.0,"max_hp_loss":0.0,"gold_gain":0.0,"event_name":"N\u0027loth","player_choice":"Traded Relic","floor":20.0,"relics_lost":["Odd Mushroom"],"gold_loss":0.0,"damage_taken":0.0,"relics_obtained":["Nloth\u0027s Gift"]},{"damage_healed":0,"gold_gain":0,"player_choice":"Fought Bandits","damage_taken":0,"max_hp_gain":0,"max_hp_loss":0,"event_name":"Masked Bandits","floor":25,"gold_loss":0}],"is_beta":false,"boss_relics":[{"not_picked":["Black Blood","Philosopher\u0027s Stone"],"picked":"Fusion Hammer"}],"items_purged_floors":[],"is_endless":false,"potions_floor_spawned":[1,8,11,18,25,29],"killed_by":"Centurion and Healer","ascension_level":18}}