{"host":"slngz8sobihb8iwl","time":1609474083,"event":{"mods":["2.2 Compatiblity","Act Like it!","BaseMod","Colored Powertips","Elementarium","Gensokyo","GifTheSpireLib","Hallownest","Hermit","Marisa????????","Menagerie","Minty Spire (QoL Compilation)","Permanent Neow","Random Character Button","Rare Cards Sparkle","Relic Filter","Robot Space Explorer","StSLib","SuperFastMode","Td1madao Mod","The Bug Knight","The Disciple","The Gatherer","The Hierophant","The Judge","The Marked","The Runesmith","The Servant 0.9.4","TheVelvet","Unceasing Turn Reminder"],"gold_per_floor":[212,212,212,228,84,109,109,140,167,177,57,83,83,95,95,198,198,209,209,209,229,229,229],"floor_reached":22,"playtime":2006,"items_purged":["Clumsy"],"score":219,"play_id":"a38ab4f6-cae3-4d32-b2d2-1781b01edc4d","local_time":"20201231230803","is_ascension_mode":true,"campfire_choices":[{"data":"Runesmith:UnlimitedPower","floor":7,"key":"SMITH"},{"floor":13,"key":"DIG"},{"floor":15,"key":"REST"}],"circlet_count":0,"master_deck":["Runesmith:Strike_RS","Runesmith:Strike_RS","Runesmith:Defend_RS","Runesmith:Defend_RS","Runesmith:Defend_RS","Runesmith:CraftFirestone","Runesmith:Fortify","Runesmith:ChaoticBlast","Runesmith:CraftProtectio","Runesmith:Firewall","Runesmith:CraftMagma","Runesmith:RunicBlueprint","Runesmith:UnlimitedPower+1","Runesmith:EarthShield","Runesmith:EarthShield","Runesmith:PerfectChisel","Runesmith:CraftMagma+1","Runesmith:GrandSlam","Runesmith:Duplicate","Runesmith:DoubleUp+1","Runesmith:PerfectChisel+1","Runesmith:GoWithTheFlow+1","Runesmith:CraftObretio","Runesmith:HammerAndChisel"],"relics":["Runesmith:BrokenRuby","Gensokyo:NagashiBinaDoll","Lantern","Shovel","PreservedInsect","Juzu Bracelet","Ancient Tea Set","Pen Nib","Astrolabe"],"acts_visited":["Exordium","Gensokyo:Gensokyo"],"potions_floor_usage":[],"damage_taken":[{"damage":0,"enemies":"Gensokyo:Python","floor":1,"turns":4},{"damage":0,"enemies":"Gensokyo:3_Fairies","floor":4,"turns":4},{"damage":6,"enemies":"Gensokyo:Aya","floor":6,"turns":6},{"damage":8,"enemies":"Gensokyo:Mamizou","floor":8,"turns":6},{"damage":2,"enemies":"Gensokyo:2_Kodama","floor":10,"turns":2},{"damage":4,"enemies":"Gensokyo:Aya","floor":12,"turns":6},{"damage":25,"enemies":"Gensokyo:LivingMonolith","floor":14,"turns":6},{"damage":25,"enemies":"Gensokyo:Reimu","floor":16,"turns":15},{"damage":23,"enemies":"Gensokyo:3_Dogs","floor":18,"turns":4},{"damage":10,"enemies":"Gensokyo:CosmicMonolith","floor":21,"turns":5},{"damage":0,"enemies":"Gensokyo:Chomper_and_Gloop","floor":22,"turns":1}],"seed_played":"1600326033995869433","potions_obtained":[{"floor":8,"key":"Strength Potion"},{"floor":10,"key":"Weak Potion"},{"floor":12,"key":"FearPotion"}],"is_trial":false,"path_per_floor":["M","?","?","M","$","E","R","E","T","M","COS","E","R","M","R","B",null,"M","?","?","M","M"],"character_chosen":"RUNESMITH_CLASS","items_purchased":["Runesmith:RunicBlueprint"],"campfire_rested":1,"item_purchase_floors":[5],"current_hp_per_floor":[70,70,70,70,70,64,64,56,56,54,54,50,50,25,46,21,70,47,47,47,37,37,37],"gold":229,"neow_bonus":"HUNDRED_GOLD","is_daily":false,"chose_seed":false,"campfire_upgraded":1,"win_rate":0.0,"timestamp":1609474083,"path_taken":["M","?","?","?","?","E","R","E","T","M","COS","E","R","M","R","BOSS","M","?","?","M","M"],"items_purchased_type":["Card"],"build_version":"2020-12-22","purchased_purges":1,"victory":false,"max_hp_per_floor":[70,70,70,70,70,70,70,70,70,70,70,70,70,70,70,70,70,70,70,70,70,70,70],"card_choices":[{"not_picked":["Runesmith:BackupBattery","Runesmith:StaticCage"],"picked":"Runesmith:ChaoticBlast","floor":1},{"not_picked":["Runesmith:EnergizedChisel","Runesmith:Terraform"],"picked":"Runesmith:CraftProtectio","floor":2},{"not_picked":["Runesmith:MakeshiftArmor","Runesmith:Grindstone"],"picked":"Runesmith:Firewall","floor":2},{"not_picked":["Runesmith:Repurpose","Runesmith:HammerThrow"],"picked":"Runesmith:CraftMagma","floor":4},{"not_picked":["Runesmith:Augment","Runesmith:CraftMagma"],"picked":"Runesmith:UnlimitedPower","floor":6},{"not_picked":["Runesmith:Electrocute","Runesmith:Overpower","Runesmith:NanitesCloud"],"picked":"SKIP","floor":8},{"not_picked":["Runesmith:UnstableHammer","Runesmith:WhiteBalance"],"picked":"Runesmith:EarthShield","floor":10},{"not_picked":["Runesmith:CraftIndustria","Runesmith:CraftSpiculum"],"picked":"Runesmith:EarthShield","floor":12},{"not_picked":["Runesmith:Permafrost","Runesmith:HeatedChisel"],"picked":"Runesmith:PerfectChisel","floor":14},{"not_picked":["Runesmith:StaticCage+1","Runesmith:Overpower+1"],"picked":"Runesmith:CraftMagma+1","floor":14},{"not_picked":["Runesmith:Duplicate","Runesmith:UnlimitedPower"],"picked":"Runesmith:GrandSlam","floor":16},{"not_picked":["Runesmith:LastStand","Runesmith:UnlimitedPower"],"picked":"Runesmith:Duplicate","floor":16},{"not_picked":["Runesmith:HeatExchange","Runesmith:Reinforce"],"picked":"Runesmith:CraftObretio","floor":18},{"not_picked":["Runesmith:Overpower","Runesmith:MakeshiftArmor","Runesmith:UnstableHammer+1"],"picked":"SKIP","floor":21}],"player_experience":395380,"relics_obtained":[{"floor":6,"key":"Lantern"},{"floor":8,"key":"Shovel"},{"floor":9,"key":"PreservedInsect"},{"floor":12,"key":"Juzu Bracelet"},{"floor":13,"key":"Ancient Tea Set"}],"event_choices":[],"is_beta":false,"boss_relics":[{"not_picked":["SlaversCollar","Runesmith:UraniumAnvil"],"picked":"Astrolabe"}],"items_purged_floors":[5],"is_endless":false,"potions_floor_spawned":[8,10,12],"killed_by":"Gensokyo:Chomper_and_Gloop","ascension_level":2}}