{"host":"htqwg582tjjtn9p7","time":1609506365,"event":{"mods":["2.2 Compatiblity","AchievementEnabler","Act Like it!","Aspiration","BaseMod","Better Third Choice","Colored Map","Conspire","Curses Come First","Displayed Cursed Tome","Energized Spire","Force Act Four","GifTheSpireLib","Hermit","Highlight Path","JesterMod","Mad Scientist","Minty Spire (QoL Compilation)","Pale of the Ancients","Permanent Neow","Random Character Button","Relic Stats","Replay The Spire","Robot Space Explorer","Somnambulant","Spicy Shops","Spikes Relics","StSLib","Stuff the Spire","The Blue Laboratory","The Disciple","The Dragon Tamer","The Forsaken","The Gatherer","The Judge","The Jungle","The Marked","The Runesmith","The Servant 0.9.4"],"gold_per_floor":[110,53,72,72,87,87,87,103,103,103,138,138,30,44,44,117,117,136,149,5,24,24,24,54,72,120,120,134,134,162,162,162,235,235,245,51,51,71,21,54,54,86,86,112,112,133,133,149,149,149,161,173,173,173,173,188,188,39,39,39],"floor_reached":61,"playtime":3017,"items_purged":["Dash","Tactician","Strike_G"],"score":2065,"play_id":"5a96e01f-b012-4232-a52d-4631c4df44a4","local_time":"20210101140605","is_ascension_mode":true,"campfire_choices":[{"data":"StuffTheSpire:Injection","floor":6,"key":"SMITH"},{"data":"Draining Mist","floor":10,"key":"SMITH"},{"data":"Accuracy","floor":12,"key":"SMITH"},{"floor":15,"key":"REST"},{"data":"Storm of Steel","floor":23,"key":"SMITH"},{"data":"Noxious Fumes","floor":27,"key":"SMITH"},{"floor":29,"key":"REST"},{"floor":32,"key":"REST"},{"data":"Envenom","floor":41,"key":"SMITH"},{"data":"Neutralize","floor":47,"key":"SMITH"},{"floor":55,"key":"REST"},{"data":"Distraction","floor":57,"key":"SMITH"}],"circlet_count":0,"master_deck":["AscendersBane","Strike_G","Strike_G","Strike_G","Defend_G","Defend_G","Defend_G","Defend_G","Defend_G","Survivor","Neutralize+1","StuffTheSpire:Injection+1","Footwork+1","Blade Dance","Draining Mist+1","Accuracy+1","Noxious Fumes+1","Leg Sweep","Storm of Steel+1","StuffTheSpire:ReptileScales","Deflect+1","Slice","Blade Dance","Slice","Deflect","Footwork","Envenom+1","Deflect+1","Noxious Fumes","Deflect","Blur","Accuracy+1","Blade Dance+1","Accuracy+1","PiercingWail","Distraction+1"],"relics":["aspiration:Nostalgia","StuffTheSpire:OccultApparatus","StuffTheSpire:CocoNut","aspiration:HiddenCompartment","StuffTheSpire:RunicHypercube","Smiling Mask","MiniBlackHole","LugNut","Nloth\u0027s Gift","Painkiller Herb","Orrery","Thread and Needle","Gambling Chip","Snake Skull","Rawhide","Potion Belt","paleoftheancients:Timepiece","paleoftheancients:KeyRelic","Gremlin Horn","CultistMask","paleoftheancients:SoulOfTheGuardian","Garlic"],"acts_visited":["Exordium","TheCity","TheBeyond","TheBeyond"],"potions_floor_usage":[11,28,28,38,44,46,46,46,52,52,52,60],"damage_taken":[{"damage":5,"enemies":"Jaw Worm","floor":1,"turns":6},{"damage":0,"enemies":"2 Louse","floor":3,"turns":3},{"damage":0,"enemies":"Cultist","floor":5,"turns":4},{"damage":0,"enemies":"Large Slime","floor":8,"turns":7},{"damage":9,"enemies":"Gremlin Nob","floor":11,"turns":5},{"damage":11,"enemies":"Exordium Thugs","floor":14,"turns":4},{"damage":0,"enemies":"The Guardian","floor":16,"turns":8},{"damage":4,"enemies":"2 Thieves","floor":18,"turns":3},{"damage":12,"enemies":"3 Byrds","floor":19,"turns":6},{"damage":7,"enemies":"Cultist and Chosen","floor":21,"turns":6},{"damage":6,"enemies":"Gremlin Leader","floor":24,"turns":4},{"damage":0,"enemies":"3 Cultists","floor":25,"turns":3},{"damage":0,"enemies":"Centurion and Healer","floor":28,"turns":3},{"damage":12,"enemies":"Slavers","floor":30,"turns":3},{"damage":12,"enemies":"Automaton","floor":33,"turns":5},{"damage":6,"enemies":"Orb Walker","floor":35,"turns":2},{"damage":6,"enemies":"3 Darklings","floor":38,"turns":4},{"damage":0,"enemies":"Giant Head","floor":40,"turns":7},{"damage":0,"enemies":"Reptomancer","floor":42,"turns":5},{"damage":0,"enemies":"Nemesis","floor":44,"turns":5},{"damage":0,"enemies":"Maw","floor":46,"turns":4},{"damage":8,"enemies":"Sphere and 2 Shapes","floor":48,"turns":3},{"damage":30,"enemies":"Replay:Hell Engine","floor":50,"turns":6},{"damage":38,"enemies":"Replay:Hell Engine","floor":51,"turns":7},{"damage":52,"enemies":"Replay:Hell Engine","floor":52,"turns":6},{"damage":0,"enemies":"Replay:Hell Engine","floor":56,"turns":4},{"damage":256,"enemies":"paleoftheancients:N","floor":60,"turns":12}],"seed_played":"1583096209591647448","potions_obtained":[{"floor":1,"key":"blueLaboratory:BottleOfVodka"},{"floor":16,"key":"Fire Potion"},{"floor":21,"key":"blueLaboratory:HummingbirdPotion"},{"floor":22,"key":"blueLaboratory:ArtificerPotion"},{"floor":30,"key":"blueLaboratory:LouseDecoction"},{"floor":33,"key":"Poison Potion"},{"floor":40,"key":"SneckoOil"},{"floor":42,"key":"EntropicBrew"},{"floor":51,"key":"Strength Potion"}],"is_trial":false,"path_per_floor":["M","$","M","?","M","R","?","M","T","R","E","R","$","M","R","B",null,"M","M","$","M","?","R","E","M","T","R","M","R","E","?","R","B",null,"?","T","?","?","T","E","T","E","T","E","?","?","T","?","T","B","?","?","?","T","T","?","T","T","?","B",null],"character_chosen":"THE_SILENT","items_purchased":["Footwork+1","Noxious Fumes","Deflect","Slice","Blade Dance","Noxious Fumes","Orrery","blueLaboratory:ArtistsPotion"],"campfire_rested":4,"item_purchase_floors":[2,13,20,20,20,36,36,58],"current_hp_per_floor":[54,54,54,47,47,47,52,52,59,59,50,50,50,39,62,62,74,70,58,58,51,51,51,45,45,45,45,45,68,56,56,78,66,75,69,69,69,63,63,63,63,63,63,63,63,63,63,55,78,71,56,41,37,37,60,69,69,69,69,78],"gold":39,"neow_bonus":"NOSTALGIA","is_daily":false,"chose_seed":false,"campfire_upgraded":8,"win_rate":0.0,"timestamp":1609506365,"path_taken":["M","$","M","?","M","R","?","M","T","R","E","R","?","M","R","BOSS","M","?","$","M","?","R","E","?","T","R","M","R","E","?","R","BOSS","?","T","?","?","?","E","T","E","T","E","?","?","T","?","T","BOSS","?","?","?","T","T","?","T","T","?","BOSS"],"items_purchased_type":["Card","Card","Card","Card","Card","Card","Relic","Potion"],"build_version":"2020-12-22","purchased_purges":3,"victory":true,"max_hp_per_floor":[66,66,66,66,66,66,71,71,78,78,78,78,78,78,78,78,78,78,78,78,78,78,78,78,78,78,78,78,78,78,78,78,78,78,78,78,78,78,78,78,78,78,78,78,78,78,78,78,78,78,78,78,78,78,78,78,78,78,78,78],"relic_stats":{"Gremlin Horn":[16,16],"counters":[27,135],"Gambling Chip":[30],"Snake Skull":[217],"Nloth\u0027s Gift":1,"Smiling Mask":150,"obtain_stats":[{"Potion Belt":44,"paleoftheancients:KeyRelic":50,"StuffTheSpire:RunicHypercube":17,"Gremlin Horn":50,"aspiration:Nostalgia":0,"Painkiller Herb":34,"Thread and Needle":37,"Rawhide":43,"Snake Skull":42,"aspiration:HiddenCompartment":11,"Smiling Mask":24,"StuffTheSpire:OccultApparatus":45,"paleoftheancients:Timepiece":50,"theMarked:ArtifactOfAir":0,"paleoftheancients:SoulOfTheGuardian":52,"Gambling Chip":40,"MiniBlackHole":26,"Orrery":36,"StuffTheSpire:CocoNut":9,"CultistMask":50,"Nloth\u0027s Gift":31,"Garlic":54,"LugNut":30,"Ring of the Snake":0},{"Potion Belt":20,"paleoftheancients:KeyRelic":23,"StuffTheSpire:RunicHypercube":7,"Gremlin Horn":23,"aspiration:Nostalgia":0,"Painkiller Herb":15,"Thread and Needle":16,"Rawhide":19,"Snake Skull":19,"aspiration:HiddenCompartment":5,"Smiling Mask":11,"StuffTheSpire:OccultApparatus":20,"paleoftheancients:Timepiece":23,"theMarked:ArtifactOfAir":0,"paleoftheancients:SoulOfTheGuardian":25,"Gambling Chip":18,"MiniBlackHole":12,"Orrery":16,"StuffTheSpire:CocoNut":4,"CultistMask":23,"Nloth\u0027s Gift":14,"Garlic":25,"LugNut":14,"Ring of the Snake":0},{"Potion Belt":93,"paleoftheancients:KeyRelic":106,"StuffTheSpire:RunicHypercube":37,"Gremlin Horn":106,"aspiration:Nostalgia":0,"Painkiller Herb":70,"Thread and Needle":72,"Rawhide":88,"Snake Skull":88,"aspiration:HiddenCompartment":25,"Smiling Mask":56,"StuffTheSpire:OccultApparatus":93,"paleoftheancients:Timepiece":106,"theMarked:ArtifactOfAir":0,"paleoftheancients:SoulOfTheGuardian":119,"Gambling Chip":83,"MiniBlackHole":59,"Orrery":72,"StuffTheSpire:CocoNut":20,"CultistMask":106,"Nloth\u0027s Gift":65,"Garlic":119,"LugNut":65,"Ring of the Snake":0}]},"card_choices":[{"not_picked":["StuffTheSpire:Incantation","Dodge and Roll"],"picked":"StuffTheSpire:Injection","floor":1},{"not_picked":["Sucker Punch","StuffTheSpire:BumpUp"],"picked":"Dash","floor":3},{"not_picked":["Dodge and Roll","StuffTheSpire:BumpUp"],"picked":"Blade Dance","floor":5},{"not_picked":["StuffTheSpire:Incursion","Blade Dance"],"picked":"Draining Mist","floor":8},{"not_picked":["Blade Dance","ReplayTheSpireMod:The Works"],"picked":"Accuracy","floor":11},{"not_picked":["Deadly Poison","Toxin Wave"],"picked":"Leg Sweep","floor":14},{"not_picked":["Replay:Bag of Tricks","Wraith Form v2"],"picked":"Storm of Steel","floor":16},{"not_picked":["Bane","Flying Knee","Dagger Throw+1"],"picked":"SKIP","floor":18},{"not_picked":["Blade Dance","Slice"],"picked":"StuffTheSpire:ReptileScales","floor":19},{"not_picked":["PiercingWail","Choke"],"picked":"Slice","floor":21},{"not_picked":["Backflip","Quick Slash","StuffTheSpire:Repulse"],"picked":"SKIP","floor":24},{"not_picked":["Replay:Bag of Tricks","Blade Dance"],"picked":"Tactician","floor":25},{"not_picked":["PiercingWail","Sucker Punch"],"picked":"Deflect","floor":28},{"not_picked":["ReplayTheSpireMod:The Works","Slice"],"picked":"Footwork","floor":30},{"not_picked":["ReplayTheSpireMod:From All Sides","ReplayTheSpireMod:Necrosis"],"picked":"Envenom","floor":33},{"not_picked":["Dodge and Roll","Cloak And Dagger"],"picked":"Deflect+1","floor":35},{"not_picked":["Backflip+1","Accuracy"],"picked":"Deflect","floor":36},{"not_picked":["Acrobatics","Quick Slash+1"],"picked":"Blur","floor":38},{"not_picked":["Deflect","Bouncing Flask+1"],"picked":"Accuracy+1","floor":40},{"not_picked":["Predator+1","Acrobatics+1","Bane+1"],"picked":"SKIP","floor":42},{"not_picked":["Masterful Stab","StuffTheSpire:Fury"],"picked":"Blade Dance+1","floor":44},{"not_picked":["Draining Mist","ReplayTheSpireMod:The Works","Dodge and Roll"],"picked":"SKIP","floor":46},{"not_picked":["Unload","PiercingWail"],"picked":"Accuracy+1","floor":48},{"not_picked":["Setup","StuffTheSpire:Incantation+1"],"picked":"PiercingWail","floor":51},{"not_picked":["Flying Knee+1","Sucker Punch+1"],"picked":"Distraction","floor":52},{"not_picked":["Die Die Die","Dagger Spray","StuffTheSpire:Python"],"picked":"SKIP","floor":56}],"player_experience":1855065,"relics_obtained":[{"floor":9,"key":"StuffTheSpire:CocoNut"},{"floor":11,"key":"aspiration:HiddenCompartment"},{"floor":24,"key":"Smiling Mask"},{"floor":26,"key":"MiniBlackHole"},{"floor":30,"key":"LugNut"},{"floor":40,"key":"Gambling Chip"},{"floor":42,"key":"Snake Skull"},{"floor":43,"key":"Rawhide"},{"floor":44,"key":"Potion Belt"},{"floor":52,"key":"paleoftheancients:SoulOfTheGuardian"},{"floor":54,"key":"Garlic"}],"event_choices":[{"cards_removed":["Strike_G"],"damage_healed":0,"gold_gain":0,"player_choice":"Card Removal","damage_taken":7,"max_hp_gain":0,"max_hp_loss":0,"event_name":"Golden Wing","floor":4,"gold_loss":0},{"damage_healed":0,"gold_gain":0,"player_choice":"Donut","damage_taken":0,"max_hp_gain":5,"max_hp_loss":0,"event_name":"Big Fish","floor":7,"gold_loss":0},{"damage_healed":0,"gold_gain":0,"player_choice":"Got Potions","damage_taken":0,"max_hp_gain":0,"max_hp_loss":0,"event_name":"Lab","floor":22,"gold_loss":0},{"damage_healed":0,"gold_gain":0,"player_choice":"Traded Relic","damage_taken":0,"relics_obtained":["Nloth\u0027s Gift"],"max_hp_gain":0,"max_hp_loss":0,"event_name":"N\u0027loth","floor":31,"relics_lost":["Ring of the Snake"],"gold_loss":0},{"damage_healed":0,"gold_gain":0,"player_choice":"Gave Potion","damage_taken":0,"relics_obtained":["Thread and Needle"],"max_hp_gain":0,"max_hp_loss":0,"event_name":"WeMeetAgain","floor":37,"gold_loss":0},{"damage_healed":0,"gold_gain":0,"player_choice":"Leave","damage_taken":0,"max_hp_gain":0,"max_hp_loss":0,"event_name":"conspire:Investor","floor":53,"gold_loss":0}],"is_beta":false,"boss_relics":[{"not_picked":["energizedSpire:EnergizedDie","Abe\u0027s Treasure"],"picked":"StuffTheSpire:RunicHypercube"},{"not_picked":["Velvet Choker","aspiration:ServantSkillbook"],"picked":"Painkiller Herb"}],"items_purged_floors":[39,58,58],"is_endless":false,"potions_floor_spawned":[1,16,21,30,33,40,42,51],"ascension_level":15}}