{"host":"d8d3jqle49sogkjv","time":1609459569,"event":{"mods":["BaseMod","Colored Map","Colored Powertips","Minty Spire (QoL Compilation)","StSLib"],"gold_per_floor":[109,125,125,32,51,51,79,98,125,136,153,178,202,18,18,18,18],"floor_reached":16,"playtime":887,"items_purged":["Strike_R"],"score":174,"play_id":"ebe30264-7692-45a8-8e0e-6277f0e3a94f","local_time":"20210101010609","is_ascension_mode":true,"campfire_choices":[{"data":"Bash","floor":6,"key":"SMITH"},{"floor":15,"key":"REST"}],"circlet_count":0,"master_deck":["AscendersBane","Strike_R","Strike_R","Strike_R+1","Strike_R+1","Defend_R","Defend_R","Defend_R","Defend_R","Bash+1","Inflame","True Grit","Seeing Red","Fire Breathing","Flame Barrier","Double Tap","Dropkick","Rage"],"relics":["Burning Blood","NeowsBlessing","Tiny Chest","PreservedInsect","Oddly Smooth Stone","Whetstone","Boot","Odd Mushroom"],"acts_visited":["Exordium"],"potions_floor_usage":[8,11,13,13],"damage_taken":[{"damage":0,"enemies":"Small Slimes","floor":1,"turns":1},{"damage":0,"enemies":"Jaw Worm","floor":2,"turns":1},{"damage":0,"enemies":"Cultist","floor":5,"turns":1},{"damage":35,"enemies":"3 Sentries","floor":7,"turns":8},{"damage":2,"enemies":"2 Fungi Beasts","floor":8,"turns":4},{"damage":6,"enemies":"Blue Slaver","floor":10,"turns":5},{"damage":0,"enemies":"Gremlin Gang","floor":11,"turns":6},{"damage":26,"enemies":"Gremlin Nob","floor":12,"turns":5},{"damage":46,"enemies":"The Mushroom Lair","floor":13,"turns":7},{"damage":84,"enemies":"The Guardian","floor":16,"turns":17}],"seed_played":"-8599853320088171259","potions_obtained":[{"floor":7,"key":"EntropicBrew"},{"floor":8,"key":"BloodPotion"},{"floor":13,"key":"FairyPotion"}],"is_trial":false,"path_per_floor":["M","M","?","?","M","R","E","M","T","M","M","E","?","$","R","B"],"character_chosen":"IRONCLAD","items_purchased":["Dropkick","Rage"],"campfire_rested":1,"item_purchase_floors":[14,14],"current_hp_per_floor":[78,80,73,73,79,79,50,70,70,70,76,56,16,16,40,0,0],"gold":18,"neow_bonus":"THREE_ENEMY_KILL","is_daily":false,"chose_seed":false,"campfire_upgraded":1,"win_rate":0.0,"timestamp":1609459569,"path_taken":["M","M","?","?","M","R","E","?","T","M","M","E","?","$","R","BOSS"],"items_purchased_type":["Card","Card"],"build_version":"2020-12-22","purchased_purges":1,"victory":false,"max_hp_per_floor":[80,80,80,80,80,80,80,80,80,80,80,80,80,80,80,80,80],"card_choices":[{"not_picked":["Twin Strike","Havoc","Perfected Strike"],"picked":"SKIP","floor":1},{"not_picked":["Heavy Blade","Headbutt","Thunderclap"],"picked":"SKIP","floor":2},{"not_picked":["Searing Blow","Clothesline"],"picked":"Inflame","floor":5},{"not_picked":["Blood for Blood","Dropkick"],"picked":"True Grit","floor":7},{"not_picked":["Dark Embrace","Brutality"],"picked":"Seeing Red","floor":8},{"not_picked":["Wild Strike","Twin Strike"],"picked":"Fire Breathing","floor":10},{"not_picked":["Pommel Strike","Warcry"],"picked":"Flame Barrier","floor":11},{"not_picked":["Feel No Pain","Anger"],"picked":"Double Tap","floor":12}],"player_experience":342969,"relics_obtained":[{"floor":7,"key":"Oddly Smooth Stone"},{"floor":9,"key":"Whetstone"},{"floor":12,"key":"Boot"},{"floor":13,"key":"Odd Mushroom"}],"event_choices":[{"damage_healed":0,"gold_gain":0,"player_choice":"Success","damage_taken":7,"relics_obtained":["Tiny Chest"],"max_hp_gain":0,"max_hp_loss":0,"event_name":"Scrap Ooze","floor":3,"gold_loss":0},{"damage_healed":0,"gold_gain":0,"player_choice":"Paid Gold","damage_taken":0,"relics_obtained":["PreservedInsect"],"max_hp_gain":0,"max_hp_loss":0,"event_name":"WeMeetAgain","floor":4,"gold_loss":93},{"damage_healed":0,"gold_gain":0,"player_choice":"Fought Mushrooms","damage_taken":0,"max_hp_gain":0,"max_hp_loss":0,"event_name":"Mushrooms","floor":13,"gold_loss":0}],"is_beta":false,"boss_relics":[],"items_purged_floors":[14],"is_endless":false,"potions_floor_spawned":[7,8,11,12,13],"killed_by":"The Guardian","ascension_level":11}}