{"host":"w4b7hmige5bnqipq","time":1609468964,"event":{"mods":["2.2 Compatiblity","BaseMod","Colored Map","DeckTracker","Keyboard Shortcuts","Minty Spire (QoL Compilation)","Permanent Neow","Rare Cards Sparkle","SuperFastMode","everything is the same but u backflip on backflip","slay the spire mod where everything is the same but ironclad has a cowboy hat"],"gold_per_floor":[117,117,135,148,165,165,194,208,280,280,280,280,293,306,306,306,306],"floor_reached":16,"playtime":370,"items_purged":[],"score":203,"play_id":"910cacbb-0470-4261-b939-dff6bae812cc","local_time":"20210101114244","is_ascension_mode":true,"campfire_choices":[{"data":"Barricade","floor":6,"key":"SMITH"},{"floor":10,"key":"REST"},{"data":"Pommel Strike","floor":12,"key":"SMITH"},{"floor":15,"key":"REST"}],"circlet_count":0,"master_deck":["AscendersBane","Strike_R","Strike_R","Strike_R","Strike_R","Strike_R","Defend_R","Defend_R","Defend_R","Defend_R","Bash+1","Pommel Strike+1","Shrug It Off","Barricade+1","Feel No Pain","Body Slam+1","Shrug It Off"],"relics":["Burning Blood","The Courier","Ginger","Question Card"],"acts_visited":["Exordium"],"potions_floor_usage":[7,13,16],"damage_taken":[{"damage":4,"enemies":"2 Louse","floor":1,"turns":4},{"damage":1,"enemies":"Cultist","floor":3,"turns":3},{"damage":9,"enemies":"Jaw Worm","floor":4,"turns":3},{"damage":7,"enemies":"2 Fungi Beasts","floor":5,"turns":4},{"damage":56,"enemies":"Gremlin Nob","floor":7,"turns":5},{"damage":13,"enemies":"Large Slime","floor":8,"turns":7},{"damage":26,"enemies":"Exordium Wildlife","floor":13,"turns":4},{"damage":11,"enemies":"Looter","floor":14,"turns":3},{"damage":24,"enemies":"Hexaghost","floor":16,"turns":9}],"seed_played":"338946460054677221","potions_obtained":[{"floor":3,"key":"SneckoOil"},{"floor":4,"key":"LiquidBronze"},{"floor":8,"key":"Explosive Potion"}],"is_trial":false,"path_per_floor":["M","?","M","M","M","R","E","M","T","R","?","R","M","M","R","B"],"character_chosen":"IRONCLAD","items_purchased":[],"campfire_rested":2,"item_purchase_floors":[],"current_hp_per_floor":[70,70,75,72,71,71,21,14,14,36,36,36,16,11,33,9,9],"gold":306,"neow_bonus":"UPGRADE_CARD","is_daily":false,"chose_seed":false,"campfire_upgraded":2,"win_rate":0.0,"timestamp":1609468964,"path_taken":["M","?","M","M","?","R","E","M","T","R","?","R","M","M","R","BOSS"],"items_purchased_type":[],"build_version":"2020-12-22","purchased_purges":0,"victory":false,"max_hp_per_floor":[75,75,75,75,75,75,75,75,75,75,75,75,75,75,75,75,75],"card_choices":[{"not_picked":["Body Slam","Metallicize"],"picked":"Cleave","floor":1},{"not_picked":["Body Slam","Shrug It Off"],"picked":"Pommel Strike","floor":3},{"not_picked":["Anger","Wild Strike"],"picked":"Shrug It Off","floor":4},{"not_picked":["Intimidate","Twin Strike"],"picked":"Barricade","floor":5},{"not_picked":["Sever Soul","Disarm"],"picked":"Feel No Pain","floor":7},{"not_picked":["Heavy Blade","Pommel Strike"],"picked":"Body Slam","floor":8},{"not_picked":["Clash","Warcry","Headbutt"],"picked":"Shrug It Off","floor":13},{"not_picked":["Rampage","Armaments","Wild Strike","Sword Boomerang"],"picked":"SKIP","floor":14}],"player_experience":447314,"relics_obtained":[{"floor":7,"key":"Ginger"},{"floor":9,"key":"Question Card"}],"event_choices":[{"cards_removed":["Cleave"],"damage_healed":0,"gold_gain":0,"player_choice":"Gave Card","damage_taken":0,"relics_obtained":["The Courier"],"max_hp_gain":0,"max_hp_loss":0,"event_name":"WeMeetAgain","floor":2,"gold_loss":0},{"damage_healed":0,"gold_gain":0,"player_choice":"Upgraded","damage_taken":0,"max_hp_gain":0,"max_hp_loss":0,"event_name":"Upgrade Shrine","floor":11,"gold_loss":0,"cards_upgraded":["Body Slam"]}],"is_beta":false,"boss_relics":[],"items_purged_floors":[],"is_endless":false,"potions_floor_spawned":[3,4,8],"killed_by":"Hexaghost","ascension_level":19}}