{"host":"u2zgzag0koeblr9v","time":1609460225,"event":{"mods":["AchievementEnabler","BaseMod","Colored Map","Key Reminder","Minty Spire (QoL Compilation)"],"gold_per_floor":[113,132,57,57,76,76,106,119,119,151,151,176,189,222,222,327,377,397,397,397,397,140,175,200,219,219,219,234,262,273,46,46,150,150,169,187,187,462,52,52,77,77,77,103,182,197,247,259,259,259,259],"floor_reached":50,"playtime":5219,"items_purged":["Defend_P","Writhe","Regret"],"score":1019,"play_id":"e7266b39-603e-4140-819f-bf4a3fce71b5","local_time":"20201231191705","is_ascension_mode":true,"campfire_choices":[{"floor":6,"key":"REST"},{"floor":11,"key":"REST"},{"floor":15,"key":"REST"},{"floor":27,"key":"REST"},{"data":"WheelKick","floor":32,"key":"SMITH"},{"data":"Wireheading","floor":40,"key":"SMITH"},{"data":"SandsOfTime","floor":42,"key":"SMITH"},{"floor":49,"key":"RECALL"}],"circlet_count":0,"master_deck":["AscendersBane","Strike_P+1","Strike_P+1","Strike_P+1","Strike_P+1","Defend_P+1","Defend_P+1","Defend_P+1","Eruption+1","Vigilance+1","CrushJoints","DeceiveReality","Crescendo","CarveReality","WaveOfTheHand","Sanctity+1","Sanctity","EmptyMind","CutThroughFate","Omniscience","SandsOfTime+1","BattleHymn+1","ClearTheMind","WheelKick+1","TalkToTheHand+1","Wireheading+1","Vault+1","Swivel+1","DeceiveReality+1","DeceiveReality+1","Collect+1","Wallop+1","FlurryOfBlows+1"],"relics":["Snecko Eye","Dream Catcher","WingedGreaves","Mercury Hourglass","Bronze Scales","Tiny Chest","Tiny House","MutagenicStrength","HornCleat","War Paint","Lantern","Potion Belt","InkBottle","Toxic Egg 2","Sling","SlaversCollar","Frozen Eye","Omamori","PreservedInsect","TeardropLocket","Bird Faced Urn"],"acts_visited":["Exordium","TheCity","TheBeyond"],"potions_floor_usage":[8,10,23,29,33,50],"damage_taken":[{"damage":1,"enemies":"2 Louse","floor":1,"turns":5},{"damage":0,"enemies":"Jaw Worm","floor":2,"turns":2},{"damage":5,"enemies":"Small Slimes","floor":5,"turns":3},{"damage":0,"enemies":"Gremlin Nob","floor":7,"turns":2},{"damage":0,"enemies":"3 Louse","floor":8,"turns":3},{"damage":2,"enemies":"3 Sentries","floor":10,"turns":4},{"damage":13,"enemies":"Lagavulin","floor":12,"turns":4},{"damage":6,"enemies":"Exordium Wildlife","floor":13,"turns":2},{"damage":0,"enemies":"Gremlin Nob","floor":14,"turns":2},{"damage":8,"enemies":"The Guardian","floor":16,"turns":8},{"damage":2,"enemies":"Chosen","floor":18,"turns":3},{"damage":15,"enemies":"Slavers","floor":23,"turns":4},{"damage":0,"enemies":"3 Byrds","floor":25,"turns":2},{"damage":0,"enemies":"Snecko","floor":28,"turns":2},{"damage":10,"enemies":"Book of Stabbing","floor":29,"turns":2},{"damage":0,"enemies":"Snake Plant","floor":30,"turns":3},{"damage":8,"enemies":"Champ","floor":33,"turns":9},{"damage":0,"enemies":"3 Shapes","floor":35,"turns":3},{"damage":0,"enemies":"Orb Walker","floor":36,"turns":3},{"damage":5,"enemies":"Nemesis","floor":41,"turns":4},{"damage":0,"enemies":"Giant Head","floor":44,"turns":7},{"damage":0,"enemies":"Maw","floor":46,"turns":5},{"damage":0,"enemies":"Mind Bloom Boss Battle","floor":47,"turns":3},{"damage":0,"enemies":"Spire Growth","floor":48,"turns":4},{"damage":72,"enemies":"Time Eater","floor":50,"turns":5}],"seed_played":"-7987087268459529967","potions_obtained":[{"floor":1,"key":"SteroidPotion"},{"floor":7,"key":"ColorlessPotion"},{"floor":8,"key":"StancePotion"},{"floor":12,"key":"Energy Potion"},{"floor":14,"key":"Ambrosia"},{"floor":29,"key":"LiquidMemories"},{"floor":30,"key":"ColorlessPotion"},{"floor":33,"key":"Explosive Potion"},{"floor":46,"key":"EntropicBrew"}],"is_trial":false,"path_per_floor":["M","M","$","?","M","R","E","M","T","E","R","E","M","E","R","B",null,"M","?","?","?","$","E","T","M","T","R","M","E","M","$","R","B",null,"M","M","?","?","$","R","E","R","T","E","T","M","?","M","R","B"],"character_chosen":"WATCHER","items_purchased":["War Paint","Sling","Wireheading","Frozen Eye","BottledMiracle","Regen Potion"],"campfire_rested":4,"item_purchase_floors":[22,31,31,39,39,39],"current_hp_per_floor":[64,64,64,46,41,62,62,62,62,60,72,59,53,53,72,64,75,73,73,73,73,73,58,58,58,58,77,77,67,67,67,67,59,73,73,73,73,73,73,73,68,68,68,68,68,68,68,68,68,0,0],"gold":259,"neow_bonus":"BOSS_RELIC","is_daily":false,"chose_seed":false,"campfire_upgraded":3,"win_rate":0.0,"timestamp":1609460225,"path_taken":["M","M","$","?","M","R","E","M","T","E","R","E","M","E","R","BOSS","M","?","?","?","$","E","?","?","T","R","M","E","M","$","R","BOSS","M","M","?","?","$","R","E","R","T","E","?","?","?","M","R","BOSS"],"items_purchased_type":["Relic","Relic","Card","Relic","Potion","Potion"],"build_version":"2020-12-22","purchased_purges":3,"victory":false,"max_hp_per_floor":[72,72,72,72,72,72,72,72,72,72,72,72,72,72,72,72,77,77,77,77,77,77,77,77,77,77,77,77,77,77,77,77,77,77,77,77,77,77,77,77,77,77,77,77,77,77,77,77,77,77,77],"card_choices":[{"not_picked":["Indignation","FlyingSleeves","BowlingBash"],"picked":"SKIP","floor":1},{"not_picked":["PathToVictory","FlurryOfBlows"],"picked":"CrushJoints","floor":2},{"not_picked":["Consecrate","CutThroughFate","SignatureMove"],"picked":"SKIP","floor":5},{"not_picked":["FlurryOfBlows","CutThroughFate"],"picked":"DeceiveReality","floor":6},{"not_picked":["Weave","ClearTheMind"],"picked":"Crescendo","floor":7},{"not_picked":["ThirdEye","Nirvana"],"picked":"CarveReality","floor":8},{"not_picked":["ForeignInfluence","Conclude","Evaluate"],"picked":"SKIP","floor":10},{"not_picked":["Protect","Perseverance"],"picked":"WaveOfTheHand","floor":11},{"not_picked":["Adaptation","MentalFortress"],"picked":"Sanctity","floor":12},{"not_picked":["CarveReality","ThirdEye"],"picked":"Sanctity","floor":13},{"not_picked":["FollowUp","Weave"],"picked":"EmptyMind","floor":14},{"not_picked":["PathToVictory","EmptyBody"],"picked":"CutThroughFate","floor":15},{"not_picked":["LessonLearned","DeusExMachina"],"picked":"Omniscience","floor":16},{"not_picked":["WaveOfTheHand","Indignation"],"picked":"SandsOfTime","floor":18},{"not_picked":["FlurryOfBlows","ForeignInfluence","Protect"],"picked":"SKIP","floor":23},{"not_picked":["Prostrate","PathToVictory"],"picked":"BattleHymn+1","floor":25},{"not_picked":["FlurryOfBlows+1","Prostrate"],"picked":"ClearTheMind","floor":27},{"not_picked":["ThirdEye+1","MentalFortress","CrushJoints"],"picked":"SKIP","floor":28},{"not_picked":["Fasting2","Blasphemy+1"],"picked":"WheelKick","floor":29},{"not_picked":["LikeWater","FollowUp"],"picked":"TalkToTheHand+1","floor":30},{"not_picked":["Scrawl+1","SpiritShield+1"],"picked":"Vault+1","floor":33},{"not_picked":["Halt+1","CutThroughFate"],"picked":"Swivel+1","floor":35},{"not_picked":["FollowUp+1","BattleHymn"],"picked":"DeceiveReality+1","floor":36},{"not_picked":["Wireheading","Fasting2"],"picked":"DeceiveReality+1","floor":41},{"not_picked":["PathToVictory+1","FollowUp+1"],"picked":"Collect+1","floor":44},{"not_picked":["Indignation+1","BowlingBash"],"picked":"Wallop+1","floor":46},{"not_picked":["ThirdEye+1","EmptyFist"],"picked":"FlurryOfBlows+1","floor":48}],"player_experience":374180,"relics_obtained":[{"floor":7,"key":"WingedGreaves"},{"floor":9,"key":"Mercury Hourglass"},{"floor":10,"key":"Bronze Scales"},{"floor":12,"key":"Tiny Chest"},{"floor":23,"key":"Lantern"},{"floor":24,"key":"Potion Belt"},{"floor":26,"key":"InkBottle"},{"floor":29,"key":"Toxic Egg 2"},{"floor":41,"key":"Omamori"},{"floor":44,"key":"PreservedInsect"},{"floor":45,"key":"TeardropLocket"},{"floor":47,"key":"Bird Faced Urn"}],"event_choices":[{"damage_healed":0,"gold_gain":0,"player_choice":"Success","damage_taken":18,"relics_obtained":["Dream Catcher"],"max_hp_gain":0,"max_hp_loss":0,"event_name":"Scrap Ooze","floor":4,"gold_loss":0},{"damage_healed":0,"gold_gain":0,"player_choice":"Simplicity","damage_taken":0,"max_hp_gain":0,"max_hp_loss":0,"event_name":"Back to Basics","floor":19,"gold_loss":0,"cards_upgraded":["Strike_P","Strike_P","Strike_P","Strike_P","Defend_P","Defend_P","Defend_P"]},{"damage_healed":0,"gold_gain":0,"player_choice":"Inject Mutagens","damage_taken":0,"relics_obtained":["MutagenicStrength"],"max_hp_gain":0,"max_hp_loss":0,"event_name":"Drug Dealer","floor":20,"gold_loss":0},{"damage_healed":0,"gold_gain":0,"player_choice":"Opened","damage_taken":0,"relics_obtained":["HornCleat"],"max_hp_gain":0,"max_hp_loss":0,"event_name":"The Mausoleum","floor":21,"gold_loss":0,"cards_obtained":["Writhe"]},{"damage_healed":0,"gold_gain":0,"player_choice":"Memory 1","damage_taken":0,"max_hp_gain":0,"max_hp_loss":0,"event_name":"SensoryStone","floor":37,"gold_loss":0},{"damage_healed":0,"gold_gain":275,"player_choice":"Desecrate","damage_taken":0,"max_hp_gain":0,"max_hp_loss":0,"event_name":"Golden Shrine","floor":38,"gold_loss":0,"cards_obtained":["Regret"]},{"damage_healed":0,"gold_gain":0,"player_choice":"Fight","damage_taken":0,"max_hp_gain":0,"max_hp_loss":0,"event_name":"MindBloom","floor":47,"gold_loss":0}],"is_beta":false,"boss_relics":[{"not_picked":["VioletLotus","Ectoplasm"],"picked":"Tiny House"},{"not_picked":["Pandora\u0027s Box","SacredBark"],"picked":"SlaversCollar"}],"items_purged_floors":[3,22,39],"is_endless":false,"potions_floor_spawned":[1,7,8,12,14,29,30,33,41,46,47],"killed_by":"Time Eater","ascension_level":11}}