{"host":"qgru5siit3fz0wh9","time":1609507598,"event":{"mods":["AchievementEnabler","BaseMod","Highlight Path","Minty Spire (QoL Compilation)"],"gold_per_floor":[114,114,125,143,143,170,170,182,182,30,63,80,114,128,128,232,232,242,167,167,182,182,182,182,217,217,261,290,318,318,15,15,121,121,140,149,24,40,0,0,28,47,126,135,135,176,195,219,219,219,219],"floor_reached":50,"playtime":3667,"items_purged":["Storm","Tempest","Writhe"],"score":672,"play_id":"fa0a621f-3416-43b1-b84d-3697da137019","local_time":"20210101142638","is_ascension_mode":true,"campfire_choices":[{"floor":7,"key":"REST"},{"data":"Reprogram","floor":15,"key":"SMITH"},{"data":"Creative AI","floor":23,"key":"SMITH"},{"data":"Echo Form","floor":30,"key":"SMITH"},{"floor":32,"key":"REST"},{"floor":40,"key":"RECALL"},{"data":"Recycle","floor":49,"key":"SMITH"}],"circlet_count":0,"master_deck":["Zap","Reprogram+1","BootSequence","Beam Cell","Leap","Conserve Battery+1","Sweeping Beam","Creative AI+1","Self Repair","Heatsinks","Force Field","Machine Learning","Sunder","Ball Lightning","Force Field+1","Gash","Sweeping Beam","RitualDagger","Recycle+1","Rebound+1","Echo Form+1","Recycle+1","Meteor Strike","Gash+1","Mayhem","Go for the Eyes+1","Beam Cell+1"],"relics":["Cracked Core","NeowsBlessing","Vajra","Meat on the Bone","Regal Pillow","White Beast Statue","Bag of Preparation","Happy Flower","Cables","Pandora\u0027s Box","CeramicFish","Toy Ornithopter","CaptainsWheel","War Paint","Black Star","Red Mask","StoneCalendar","Potion Belt","Lantern","Frozen Egg 2"],"acts_visited":["Exordium","TheCity","TheBeyond"],"potions_floor_usage":[6,6,13,13,16,18,21,25,25,27,28,33,33,38,41,46,47,47,48],"damage_taken":[{"damage":0,"enemies":"Jaw Worm","floor":1,"turns":1},{"damage":0,"enemies":"Cultist","floor":3,"turns":1},{"damage":0,"enemies":"2 Louse","floor":4,"turns":1},{"damage":38,"enemies":"3 Sentries","floor":6,"turns":14},{"damage":2,"enemies":"Blue Slaver","floor":8,"turns":3},{"damage":38,"enemies":"Lagavulin","floor":11,"turns":9},{"damage":3,"enemies":"3 Louse","floor":12,"turns":4},{"damage":6,"enemies":"3 Sentries","floor":13,"turns":7},{"damage":0,"enemies":"Exordium Wildlife","floor":14,"turns":2},{"damage":11,"enemies":"The Guardian","floor":16,"turns":13},{"damage":6,"enemies":"Shell Parasite","floor":18,"turns":7},{"damage":16,"enemies":"2 Thieves","floor":21,"turns":4},{"damage":14,"enemies":"Slavers","floor":25,"turns":5},{"damage":50,"enemies":"Book of Stabbing","floor":27,"turns":8},{"damage":8,"enemies":"Snake Plant","floor":28,"turns":6},{"damage":18,"enemies":"Snecko","floor":29,"turns":5},{"damage":26,"enemies":"Automaton","floor":33,"turns":10},{"damage":19,"enemies":"Orb Walker","floor":35,"turns":3},{"damage":0,"enemies":"3 Shapes","floor":38,"turns":3},{"damage":35,"enemies":"Nemesis","floor":41,"turns":7},{"damage":40,"enemies":"Transient","floor":42,"turns":5},{"damage":28,"enemies":"Giant Head","floor":46,"turns":8},{"damage":15,"enemies":"3 Darklings","floor":47,"turns":6},{"damage":2,"enemies":"Writhing Mass","floor":48,"turns":6},{"damage":85,"enemies":"Time Eater","floor":50,"turns":8}],"seed_played":"-5603543760741124307","potions_obtained":[{"floor":3,"key":"SkillPotion"},{"floor":4,"key":"DistilledChaos"},{"floor":11,"key":"Explosive Potion"},{"floor":12,"key":"GamblersBrew"},{"floor":13,"key":"SkillPotion"},{"floor":14,"key":"Energy Potion"},{"floor":16,"key":"DuplicationPotion"},{"floor":18,"key":"Fruit Juice"},{"floor":21,"key":"Ancient Potion"},{"floor":25,"key":"Block Potion"},{"floor":27,"key":"Swift Potion"},{"floor":28,"key":"Ancient Potion"},{"floor":29,"key":"GamblersBrew"},{"floor":33,"key":"ColorlessPotion"},{"floor":35,"key":"Explosive Potion"},{"floor":38,"key":"FocusPotion"},{"floor":42,"key":"AttackPotion"},{"floor":46,"key":"Strength Potion"},{"floor":47,"key":"Weak Potion"},{"floor":48,"key":"SteroidPotion"}],"is_trial":false,"path_per_floor":["M","?","M","M","?","E","R","M","T","$","E","M","E","M","R","B",null,"M","$","?","M","?","R","?","E","T","E","M","M","R","$","R","B",null,"M","?","$","M","?","R","E","M","T","?","?","E","M","M","R","B"],"character_chosen":"DEFECT","items_purchased":["Bag of Preparation","War Paint","BlessingOfTheForge"],"campfire_rested":2,"item_purchase_floors":[10,31,31],"current_hp_per_floor":[75,75,75,75,63,37,74,72,72,72,46,43,49,49,49,38,75,80,80,80,71,71,71,65,58,58,32,48,49,49,49,80,61,80,61,80,80,80,80,80,59,38,38,38,70,49,58,68,68,0,0],"gold":219,"neow_bonus":"THREE_ENEMY_KILL","is_daily":false,"chose_seed":false,"campfire_upgraded":4,"win_rate":0.0,"timestamp":1609507598,"path_taken":["M","?","M","?","?","E","R","M","T","$","E","M","E","M","R","BOSS","M","$","?","M","?","R","?","E","T","E","M","M","R","$","R","BOSS","M","?","$","M","?","R","E","M","T","?","?","E","M","M","R","BOSS"],"items_purchased_type":["Relic","Relic","Potion"],"build_version":"2020-12-22","purchased_purges":3,"victory":false,"max_hp_per_floor":[75,75,75,75,75,75,75,75,75,75,75,75,75,75,75,75,75,80,80,80,80,80,80,80,80,80,80,80,80,80,80,80,80,80,80,80,80,80,80,80,80,80,80,80,70,70,70,70,70,70,70],"card_choices":[{"not_picked":["Redo","Hello World"],"picked":"Coolheaded","floor":1},{"not_picked":["Hologram","Stack"],"picked":"Reprogram","floor":3},{"not_picked":["Stack","Ball Lightning","Redo"],"picked":"SKIP","floor":4},{"not_picked":["Steam","Blizzard"],"picked":"BootSequence","floor":6},{"not_picked":["Redo","Recycle"],"picked":"Beam Cell","floor":8},{"not_picked":["Beam Cell","Cold Snap"],"picked":"Leap","floor":11},{"not_picked":["Ball Lightning","Barrage"],"picked":"Conserve Battery","floor":12},{"not_picked":["Ball Lightning","Aggregate","Rainbow"],"picked":"SKIP","floor":13},{"not_picked":["Barrage","Sunder"],"picked":"Sweeping Beam","floor":14},{"not_picked":["Fission","All For One"],"picked":"Creative AI","floor":16},{"not_picked":["Rebound","Conserve Battery"],"picked":"Force Field+1","floor":18},{"not_picked":["Auto Shields","Redo+1"],"picked":"Sweeping Beam","floor":21},{"not_picked":["Glacier","Blizzard"],"picked":"Recycle","floor":25},{"not_picked":["Leap","Streamline"],"picked":"Rebound+1","floor":27},{"not_picked":["Chill+1","Ball Lightning+1"],"picked":"Echo Form","floor":28},{"not_picked":["Stack","Ball Lightning"],"picked":"Recycle","floor":29},{"not_picked":["Core Surge","Amplify"],"picked":"Meteor Strike","floor":33},{"not_picked":["Redo+1","Streamline+1","Chill"],"picked":"SKIP","floor":35},{"not_picked":["Darkness","Conserve Battery","Stack"],"picked":"SKIP","floor":38},{"not_picked":["Redo","Capacitor+1","Doom and Gloom+1"],"picked":"SKIP","floor":41},{"not_picked":["Storm","Cold Snap+1"],"picked":"Gash+1","floor":42},{"not_picked":["Mind Blast","Panacea"],"picked":"Mayhem","floor":44},{"not_picked":["Undo+1","Sunder+1"],"picked":"Go for the Eyes+1","floor":46},{"not_picked":["Rebound","Coolheaded","Redo+1"],"picked":"SKIP","floor":47},{"not_picked":["Blizzard","Static Discharge+1"],"picked":"Beam Cell+1","floor":48}],"player_experience":368043,"relics_obtained":[{"floor":6,"key":"Regal Pillow"},{"floor":9,"key":"White Beast Statue"},{"floor":11,"key":"Happy Flower"},{"floor":13,"key":"Cables"},{"floor":25,"key":"CeramicFish"},{"floor":26,"key":"Toy Ornithopter"},{"floor":27,"key":"CaptainsWheel"},{"floor":41,"key":"StoneCalendar"},{"floor":41,"key":"Potion Belt"},{"floor":46,"key":"Lantern"},{"floor":46,"key":"Frozen Egg 2"}],"event_choices":[{"cards_removed":["Coolheaded"],"damage_healed":0,"gold_gain":0,"player_choice":"Gave Card","damage_taken":0,"relics_obtained":["Vajra"],"max_hp_gain":0,"max_hp_loss":0,"event_name":"WeMeetAgain","floor":2,"gold_loss":0},{"damage_healed":0,"gold_gain":0,"player_choice":"Success","damage_taken":12,"relics_obtained":["Meat on the Bone"],"max_hp_gain":0,"max_hp_loss":0,"event_name":"Scrap Ooze","floor":5,"gold_loss":0},{"damage_healed":0,"gold_gain":0,"player_choice":"Read","damage_taken":0,"max_hp_gain":0,"max_hp_loss":0,"event_name":"The Library","floor":20,"gold_loss":0,"cards_obtained":["Gash"]},{"cards_removed":["Dualcast"],"damage_healed":0,"gold_gain":0,"player_choice":"Elegance","damage_taken":0,"max_hp_gain":0,"max_hp_loss":0,"event_name":"Back to Basics","floor":22,"gold_loss":0},{"damage_healed":0,"gold_gain":0,"player_choice":"Joined the Cult","damage_taken":6,"max_hp_gain":0,"max_hp_loss":0,"event_name":"Nest","floor":24,"gold_loss":0,"cards_obtained":["RitualDagger"]},{"damage_healed":20,"gold_gain":0,"player_choice":"Writhe","damage_taken":0,"max_hp_gain":0,"max_hp_loss":0,"event_name":"Winding Halls","floor":36,"gold_loss":0,"cards_obtained":["Writhe"]},{"damage_healed":0,"gold_gain":0,"player_choice":"Paid","damage_taken":0,"relics_obtained":["Red Mask"],"max_hp_gain":0,"max_hp_loss":0,"event_name":"Tomb of Lord Red Mask","floor":39,"gold_loss":40},{"damage_healed":0,"gold_gain":0,"player_choice":"Memory 1","damage_taken":0,"max_hp_gain":0,"max_hp_loss":0,"event_name":"SensoryStone","floor":44,"gold_loss":0},{"damage_healed":70,"gold_gain":0,"player_choice":"Heal","damage_taken":0,"max_hp_gain":0,"max_hp_loss":10,"event_name":"The Moai Head","floor":45,"gold_loss":0}],"is_beta":false,"boss_relics":[{"not_picked":["Astrolabe","Cursed Key"],"picked":"Pandora\u0027s Box"},{"not_picked":["FrozenCore","Philosopher\u0027s Stone"],"picked":"Black Star"}],"items_purged_floors":[19,31,37],"is_endless":false,"potions_floor_spawned":[3,4,11,12,13,14,16,18,21,25,27,28,29,33,35,38,42,46,47,48],"killed_by":"Time Eater","ascension_level":4}}