{"host":"6pfj0wha12yu6wq3","time":1609469716,"event":{"mods":["BaseMod","Colored Map","Colored Powertips","Curses Come First","DeckTracker","Minty Spire (QoL Compilation)","RNG Fix","Relic Sorter","Relic Stats","StSLib","ojb\u0027s Better Paths Mod","ojb\u0027s Info Mod"],"gold_per_floor":[116,116,132,148,126,126,155,155,180,210,39,67,67,83,83,154,154,164,176,176,15,31,63,63,395,395,395,395],"floor_reached":27,"playtime":2101,"items_purged":[],"score":542,"play_id":"1f757193-39ed-403e-b16b-af582cc59695","local_time":"20201231215516","is_ascension_mode":true,"campfire_choices":[{"data":"Poisoned Stab","floor":6,"key":"SMITH"},{"floor":8,"key":"REST"},{"data":"Footwork","floor":15,"key":"SMITH"},{"floor":24,"key":"REST"}],"circlet_count":0,"master_deck":["AscendersBane","Strike_G+1","Strike_G+1","Defend_G","Defend_G","Defend_G","Defend_G","Defend_G","Survivor","Neutralize","Poisoned Stab+1","Venomology","Quick Slash","Blade Dance","Tools of the Trade","Skewer","Corpse Explosion","Footwork+1","Tools of the Trade","Calculated Gamble+1","Endless Agony+1","Malaise+1","Bouncing Flask","Leg Sweep","Outmaneuver"],"relics":["Ring of the Snake","Mango","Pantograph","Omamori","Oddly Smooth Stone","Bronze Scales","Whetstone","Astrolabe","Happy Flower","Potion Belt","Old Coin","Frozen Egg 2"],"acts_visited":["Exordium","TheCity"],"potions_floor_usage":[4,5,7,10,12,12,16,16,16,18,19,22,23,25,27,27],"damage_taken":[{"damage":12,"enemies":"Small Slimes","floor":1,"turns":6},{"damage":0,"enemies":"Cultist","floor":3,"turns":4},{"damage":2,"enemies":"Jaw Worm","floor":4,"turns":4},{"damage":11,"enemies":"Exordium Thugs","floor":5,"turns":4},{"damage":31,"enemies":"Lagavulin","floor":7,"turns":6},{"damage":24,"enemies":"3 Sentries","floor":10,"turns":8},{"damage":11,"enemies":"Gremlin Nob","floor":12,"turns":3},{"damage":0,"enemies":"Blue Slaver","floor":14,"turns":3},{"damage":20,"enemies":"The Guardian","floor":16,"turns":11},{"damage":4,"enemies":"Spheric Guardian","floor":18,"turns":7},{"damage":15,"enemies":"Chosen","floor":19,"turns":7},{"damage":0,"enemies":"3 Cultists","floor":22,"turns":2},{"damage":16,"enemies":"Book of Stabbing","floor":23,"turns":7},{"damage":40,"enemies":"Slavers","floor":25,"turns":3},{"damage":7,"enemies":"Centurion and Healer","floor":27,"turns":2}],"seed_played":"-47349637129274410","potions_obtained":[{"floor":4,"key":"Fire Potion"},{"floor":7,"key":"AttackPotion"},{"floor":12,"key":"PowerPotion"},{"floor":16,"key":"Swift Potion"},{"floor":19,"key":"Energy Potion"},{"floor":25,"key":"Swift Potion"}],"is_trial":false,"path_per_floor":["M","?","M","M","M","R","E","R","T","E","$","E","$","M","R","B",null,"M","M","?","$","M","E","R","E","T","M"],"character_chosen":"THE_SILENT","items_purchased":["Bronze Scales","Happy Flower"],"campfire_rested":2,"item_purchase_floors":[11,21],"current_hp_per_floor":[61,61,61,59,48,48,17,39,39,15,15,4,4,4,4,9,58,54,39,39,39,39,23,45,5,5,0,0],"gold":395,"neow_bonus":"ONE_RARE_RELIC","is_daily":false,"chose_seed":false,"campfire_upgraded":2,"win_rate":0.0,"timestamp":1609469716,"path_taken":["M","?","M","M","M","R","E","R","T","E","$","E","$","M","R","BOSS","M","M","?","$","M","E","R","E","T","M"],"items_purchased_type":["Relic","Relic"],"build_version":"2020-12-22","purchased_purges":0,"victory":false,"max_hp_per_floor":[74,74,74,74,74,74,74,74,74,74,74,74,74,74,74,74,74,74,74,74,74,74,74,74,74,74,74,74],"relic_stats":{"Happy Flower":[4],"counters":[15,77],"Pantograph":25,"Bronze Scales":[153],"Astrolabe":["Calculated Gamble","Endless Agony","Malaise"],"Whetstone":["Strike_G","Strike_G"],"obtain_stats":[{"Potion Belt":23,"Happy Flower":21,"Pantograph":7,"Bronze Scales":11,"Astrolabe":17,"Oddly Smooth Stone":10,"Mango":0,"Omamori":9,"Whetstone":12,"Frozen Egg 2":26,"Ring of the Snake":0,"Old Coin":25},{"Potion Belt":13,"Happy Flower":11,"Pantograph":5,"Bronze Scales":6,"Astrolabe":9,"Oddly Smooth Stone":6,"Mango":0,"Omamori":5,"Whetstone":7,"Frozen Egg 2":14,"Ring of the Snake":0,"Old Coin":14},{"Potion Belt":72,"Happy Flower":63,"Pantograph":24,"Bronze Scales":32,"Astrolabe":49,"Oddly Smooth Stone":32,"Mango":0,"Omamori":24,"Whetstone":35,"Frozen Egg 2":75,"Ring of the Snake":0,"Old Coin":75}],"Ring of the Snake":[30]},"card_choices":[{"not_picked":["Dagger Throw","Deadly Poison"],"picked":"Poisoned Stab","floor":1},{"not_picked":["Prepared","Blade Dance"],"picked":"Venomology","floor":3},{"not_picked":["Slice","Deflect"],"picked":"Quick Slash","floor":4},{"not_picked":["Riddle With Holes","Prepared"],"picked":"Blade Dance","floor":5},{"not_picked":["Heel Hook","Backflip"],"picked":"Tools of the Trade","floor":7},{"not_picked":["Backflip","Heel Hook"],"picked":"Skewer","floor":10},{"not_picked":["Heel Hook","Flying Knee"],"picked":"Corpse Explosion","floor":12},{"not_picked":["Poisoned Stab","Tactician"],"picked":"Footwork","floor":14},{"not_picked":["Storm of Steel","Unload"],"picked":"Tools of the Trade","floor":16},{"not_picked":["Dagger Throw","Quick Slash"],"picked":"Bouncing Flask","floor":18},{"not_picked":["Poisoned Stab","Caltrops","Flying Knee"],"picked":"SKIP","floor":19},{"not_picked":["Setup+1","Outmaneuver"],"picked":"Leg Sweep","floor":22},{"not_picked":["Bouncing Flask","Deadly Poison"],"picked":"Outmaneuver","floor":23},{"not_picked":["Setup","Sucker Punch","Infinite Blades"],"picked":"SKIP","floor":25}],"player_experience":38750,"relics_obtained":[{"floor":7,"key":"Pantograph"},{"floor":9,"key":"Omamori"},{"floor":10,"key":"Oddly Smooth Stone"},{"floor":12,"key":"Whetstone"},{"floor":23,"key":"Potion Belt"},{"floor":25,"key":"Old Coin"},{"floor":26,"key":"Frozen Egg 2"}],"event_choices":[{"damage_healed":0,"gold_gain":0,"player_choice":"Ignored","damage_taken":0,"max_hp_gain":0,"max_hp_loss":0,"event_name":"Liars Game","floor":2,"gold_loss":0},{"damage_healed":0,"gold_gain":0,"player_choice":"0 cards matched","damage_taken":0,"max_hp_gain":0,"max_hp_loss":0,"event_name":"Match and Keep!","floor":20,"gold_loss":0,"cards_obtained":[]}],"is_beta":false,"boss_relics":[{"not_picked":["Philosopher\u0027s Stone","SacredBark"],"picked":"Astrolabe"}],"items_purged_floors":[],"is_endless":false,"potions_floor_spawned":[4,7,12,16,19,25],"killed_by":"Centurion and Healer","ascension_level":20}}