{"host":"apvnte8t1esriuig","time":1609543486,"event":{"mods":["2.2 Compatiblity","AchievementEnabler","BaseMod","Infinite Spire","Minty Spire (QoL Compilation)","Rare Cards Sparkle","StSLib"],"gold_per_floor":[117,117,137,137,147,180,207,207,207,207,226,251,280,25,25,126,126,146,159,159,159,186,186,211,241,241,241,269,281,334,362,374,490,502,534,124,169,194,45,45,329,352,375,387,430,402,402,445,445,445],"floor_reached":51,"playtime":1564,"items_purged":["Thinking Ahead"],"score":1078,"play_id":"245595fd-9e8f-435a-9f03-8a3dd8f30bd1","local_time":"20210102002446","daily_mods":["Draft","Vintage","Colorless Cards","Heirloom","Time Dilation","Flight","DeadlyEvents","Elite Swarm"],"is_ascension_mode":true,"campfire_choices":[{"floor":8,"key":"REST"},{"data":"DevaForm","floor":10,"key":"SMITH"},{"floor":15,"key":"REST"},{"floor":23,"key":"REST"},{"floor":29,"key":"REST"},{"data":"infinitespire:Punishment","floor":32,"key":"SMITH"},{"floor":40,"key":"REST"},{"floor":49,"key":"REST"}],"circlet_count":0,"master_deck":["Demon Form","Wraith Form v2","Echo Form","DevaForm+1","Cold Snap+1","Cold Snap","Cold Snap","Conserve Battery","Go for the Eyes+1","Cold Snap","Storm","Ball Lightning","Chill","Mind Blast","Glacier+1","Beam Cell","Auto Shields","Electrodynamics","Echo Form+1","Forethought","Electrodynamics+1","infinitespire:Punishment+1","Buffer+1","Capacitor+1","Regret","Electrodynamics+1","Loop+1","Buffer+1"],"relics":["Cracked Core","Pocketwatch","Bronze Scales","GremlinMask","Question Card","StoneCalendar","infinitespire:PuzzleCube","Cables","Kunai","Ornamental Fan","Incense Burner","War Paint","Ginger","Frozen Egg 2","Inserter","Tiny Chest","infinitespire:Satchel","Enchiridion","Akabeko","Art of War","Whetstone","StrikeDummy","MawBank","Oddly Smooth Stone","CeramicFish","Bottled Tornado","Centennial Puzzle","Membership Card","MealTicket","infinitespire:ShieldingShard","DataDisk","Unceasing Top","FossilizedHelix","Potion Belt","Happy Flower","Mercury Hourglass","Orichalcum","infinitespire:Eraser","infinitespire:CursedDice"],"acts_visited":["Exordium","TheCity","TheBeyond"],"potions_floor_usage":[38,38,38],"damage_taken":[{"damage":4,"enemies":"Small Slimes","floor":1,"turns":3},{"damage":0,"enemies":"infinitespire:Voidling","floor":3,"turns":3},{"damage":2,"enemies":"Jaw Worm","floor":5,"turns":2},{"damage":12,"enemies":"Gremlin Nob","floor":6,"turns":4},{"damage":0,"enemies":"Lagavulin","floor":7,"turns":5},{"damage":6,"enemies":"Red Slaver","floor":11,"turns":3},{"damage":25,"enemies":"3 Sentries","floor":13,"turns":6},{"damage":30,"enemies":"Slime Boss","floor":16,"turns":4},{"damage":0,"enemies":"Chosen","floor":18,"turns":4},{"damage":18,"enemies":"2 Thieves","floor":19,"turns":3},{"damage":13,"enemies":"Book of Stabbing","floor":25,"turns":5},{"damage":0,"enemies":"Cultist and Chosen","floor":28,"turns":4},{"damage":8,"enemies":"Gremlin Leader","floor":30,"turns":4},{"damage":0,"enemies":"Centurion and Healer","floor":31,"turns":4},{"damage":0,"enemies":"Automaton","floor":33,"turns":6},{"damage":9,"enemies":"3 Shapes","floor":35,"turns":3},{"damage":37,"enemies":"Nemesis","floor":38,"turns":5},{"damage":37,"enemies":"3 Darklings","floor":44,"turns":3},{"damage":0,"enemies":"Giant Head","floor":45,"turns":6},{"damage":6,"enemies":"Nemesis","floor":48,"turns":4},{"damage":55,"enemies":"Awakened One","floor":50,"turns":8}],"seed_played":"4459298626502713760","potions_obtained":[{"floor":1,"key":"SkillPotion"},{"floor":6,"key":"Regen Potion"},{"floor":11,"key":"SneckoOil"},{"floor":16,"key":"LiquidBronze"}],"is_trial":true,"path_per_floor":["M","?","M","?","M","E","E","R","T","R","M","T","E","$","R","B",null,"M","M","?","?","T","R","T","E","T","AVR","M","R","E","M","R","B",null,"M","$","T","E","$","R","?","T","T","M","E","$","T","E","R","B",null],"character_chosen":"DEFECT","items_purchased":["Frozen Egg 2","Membership Card","MealTicket","infinitespire:ShieldingShard","Capacitor+1","FossilizedHelix","Loop+1"],"campfire_rested":6,"item_purchase_floors":[14,36,36,36,36,39,46],"current_hp_per_floor":[71,71,71,71,69,57,57,75,75,75,69,69,44,44,66,36,75,75,57,57,41,41,63,63,50,50,50,50,72,64,64,64,64,75,66,66,66,34,49,71,71,71,71,34,34,49,49,43,65,10],"gold":445,"neow_bonus":"","is_daily":false,"chose_seed":false,"campfire_upgraded":2,"win_rate":0.0,"timestamp":1609543486,"path_taken":["M","?","?","?","?","E","?","R","T","R","M","?","E","$","R","BOSS","M","M","?","?","?","R","?","?","T","AVR","?","R","?","M","R","BOSS","M","$","?","?","?","R","?","?","T","?","?","?","?","?","R","BOSS"],"items_purchased_type":["Relic","Relic","Relic","Relic","Card","Relic","Card"],"build_version":"2020-12-22","purchased_purges":1,"victory":true,"max_hp_per_floor":[75,75,75,75,75,75,75,75,75,75,75,75,75,75,75,75,75,75,75,75,75,75,75,75,75,75,75,75,75,75,75,75,75,75,75,75,75,75,75,75,75,75,75,75,75,75,75,75,75,75],"card_choices":[{"not_picked":["Steam","Barrage"],"picked":"Cold Snap","floor":0},{"not_picked":["Rebound","Redo"],"picked":"Cold Snap","floor":0},{"not_picked":["Steam","Gash"],"picked":"Cold Snap","floor":0},{"not_picked":["Hologram","Coolheaded"],"picked":"Conserve Battery","floor":0},{"not_picked":["PanicButton","Gash"],"picked":"Go for the Eyes","floor":0},{"not_picked":["Force Field","Swift Strike"],"picked":"Cold Snap","floor":0},{"not_picked":["Redo","Cold Snap"],"picked":"Storm","floor":0},{"not_picked":["Hologram","Undo"],"picked":"Ball Lightning","floor":0},{"not_picked":["Streamline","Leap"],"picked":"Chill","floor":0},{"not_picked":["Streamline","Redo"],"picked":"Mind Blast","floor":0},{"not_picked":["Stack","Deep Breath"],"picked":"Turbo","floor":0},{"not_picked":["Leap","Reinforced Body"],"picked":"Double Energy","floor":0},{"not_picked":["Steam","Leap"],"picked":"Glacier","floor":0},{"not_picked":["Compile Driver","Dark Shackles"],"picked":"Beam Cell","floor":0},{"not_picked":["Coolheaded","Streamline"],"picked":"Auto Shields","floor":0},{"not_picked":["Secret Technique","Rainbow","Thunder Strike","Metamorphosis"],"picked":"SKIP","floor":6},{"not_picked":["All For One","Reboot","Rainbow","Amplify"],"picked":"SKIP","floor":7},{"not_picked":["Machine Learning","Seek","Apotheosis"],"picked":"Electrodynamics","floor":13},{"not_picked":["Multi-Cast","Machine Learning+1","The Bomb"],"picked":"Echo Form+1","floor":16},{"not_picked":["Buffer+1","Fission","Mayhem+1"],"picked":"Electrodynamics+1","floor":25},{"not_picked":["Transmutation","Thunder Strike","Seek"],"picked":"Buffer+1","floor":30},{"not_picked":["Violence","Reboot","Chrysalis","Core Surge"],"picked":"SKIP","floor":38},{"not_picked":["The Bomb","Magnetism+1","Panache+1"],"picked":"Electrodynamics+1","floor":45},{"not_picked":["Multi-Cast","The Bomb","Seek"],"picked":"Buffer+1","floor":48}],"player_experience":345150,"relics_obtained":[{"floor":1,"key":"Bronze Scales"},{"floor":3,"key":"Question Card"},{"floor":5,"key":"infinitespire:PuzzleCube"},{"floor":6,"key":"Cables"},{"floor":7,"key":"Kunai"},{"floor":9,"key":"Ornamental Fan"},{"floor":11,"key":"Incense Burner"},{"floor":12,"key":"War Paint"},{"floor":13,"key":"Ginger"},{"floor":18,"key":"Tiny Chest"},{"floor":19,"key":"infinitespire:Satchel"},{"floor":21,"key":"Enchiridion"},{"floor":22,"key":"Akabeko"},{"floor":24,"key":"Art of War"},{"floor":25,"key":"Whetstone"},{"floor":26,"key":"StrikeDummy"},{"floor":28,"key":"Oddly Smooth Stone"},{"floor":30,"key":"CeramicFish"},{"floor":31,"key":"Bottled Tornado"},{"floor":35,"key":"Centennial Puzzle"},{"floor":37,"key":"DataDisk"},{"floor":38,"key":"Unceasing Top"},{"floor":42,"key":"Potion Belt"},{"floor":43,"key":"Happy Flower"},{"floor":44,"key":"Mercury Hourglass"},{"floor":45,"key":"Orichalcum"},{"floor":47,"key":"infinitespire:Eraser"},{"floor":48,"key":"infinitespire:CursedDice"}],"event_choices":[{"damage_healed":0,"gold_gain":0,"player_choice":"Trade","damage_taken":0,"relics_obtained":["GremlinMask"],"max_hp_gain":0,"max_hp_loss":0,"event_name":"FaceTrader","floor":2,"gold_loss":0},{"damage_healed":0,"gold_gain":0,"player_choice":"Gave Potion","damage_taken":0,"relics_obtained":["StoneCalendar"],"max_hp_gain":0,"max_hp_loss":0,"event_name":"WeMeetAgain","floor":4,"gold_loss":0},{"damage_healed":0,"gold_gain":0,"cards_transformed":["Turbo","Double Energy"],"player_choice":"Became Test Subject","damage_taken":0,"max_hp_gain":0,"max_hp_loss":0,"event_name":"Drug Dealer","floor":20,"gold_loss":0,"cards_obtained":["Thinking Ahead","Forethought"]},{"damage_healed":0,"gold_gain":0,"player_choice":"Obtained Book","damage_taken":16,"max_hp_gain":0,"max_hp_loss":0,"event_name":"Cursed Tome","floor":21,"gold_loss":0},{"damage_healed":0,"gold_gain":275,"player_choice":"Desecrate","damage_taken":0,"max_hp_gain":0,"max_hp_loss":0,"event_name":"Golden Shrine","floor":41,"gold_loss":0,"cards_obtained":["Regret"]}],"is_beta":false,"boss_relics":[{"not_picked":["Runic Pyramid","Snecko Eye"],"picked":"Inserter"},{"not_picked":["infinitespire:Cupcake","Velvet Choker","Coffee Dripper"]}],"items_purged_floors":[36],"is_endless":false,"potions_floor_spawned":[1,6,11,16,19,30,33,35,48],"ascension_level":1}}