{"host":"r1hgdlwib9qjn5kx","time":1609542895,"event":{"mods":["BaseMod","Downfall","Duelist Mod","Hermit","Hubris","Marisa????????","Minty Spire (QoL Compilation)","READ ME - Guardian Mod","Replay The Spire","StSLib","The Bug Knight","The Cursed","The Disciple","The Necromancer","The Senshi","The Servant 0.9.4"],"gold_per_floor":[113,113,133,145,162,162,197,212,235,253,271,271,282,282,282,357,357,460,460,474,224,224,224,74,90,90,15,42,67,67,80,80,92,92,92,92],"floor_reached":35,"playtime":2760,"items_purged":["Strike_R"],"score":279,"play_id":"0cef978a-1710-4804-9cfd-542beb69eb82","local_time":"20210101231455","is_ascension_mode":false,"campfire_choices":[{"data":"Neutralize","floor":6,"key":"SMITH"},{"data":"Body Slam","floor":12,"key":"SMITH"},{"data":"Intimidate","floor":17,"key":"SMITH"},{"data":"ReplayTheSpireMod:Necrogeddon","floor":26,"key":"SMITH"},{"data":"Panacea","floor":30,"key":"SMITH"},{"data":"Survivor","floor":32,"key":"SMITH"},{"data":"Hemokinesis","floor":34,"key":"SMITH"}],"circlet_count":0,"master_deck":["Strike_R","Strike_R","Strike_R","Defend_R","Defend_R","Defend_R","Rage","Survivor+1","Neutralize+1","Flame Barrier","ReplayTheSpireMod:Stacked","ReplayReversal","Body Slam+1","Intimidate+1","Juggernaut","ReplayTheSpireMod:Necrogeddon+1","True Grit+1","Panacea+1","Disarm","Abandon+1","Offering","Hemokinesis+1","Body Slam+1"],"relics":["Black Blood","Bottled Lightning","Nunchaku","Vajra","MealTicket"],"acts_visited":["Exordium","TheCity"],"potions_floor_usage":[7,10,18,25,33,35],"damage_taken":[{"damage":0,"enemies":"2 Louse","floor":1,"turns":3},{"damage":2,"enemies":"Jaw Worm","floor":3,"turns":5},{"damage":0,"enemies":"Small Slimes","floor":4,"turns":4},{"damage":3,"enemies":"Exordium Wildlife","floor":5,"turns":6},{"damage":29,"enemies":"3 Sentries","floor":7,"turns":15},{"damage":1,"enemies":"Blue Slaver","floor":8,"turns":4},{"damage":0,"enemies":"Red Slaver","floor":10,"turns":5},{"damage":14,"enemies":"Gremlin Gang","floor":11,"turns":9},{"damage":0,"enemies":"Large Slime","floor":13,"turns":9},{"damage":57,"enemies":"Fading Forest","floor":18,"turns":11},{"damage":0,"enemies":"3 Byrds","floor":20,"turns":4},{"damage":15,"enemies":"Centurion and Healer","floor":25,"turns":8},{"damage":4,"enemies":"Replay:Snechameleon","floor":29,"turns":7},{"damage":8,"enemies":"Snake Plant","floor":31,"turns":5},{"damage":20,"enemies":"Snecko","floor":33,"turns":6},{"damage":83,"enemies":"Collector","floor":35,"turns":10}],"seed_played":"2086227254524019003","potions_obtained":[{"floor":1,"key":"ColorlessPotion"},{"floor":7,"key":"Elixir"},{"floor":8,"key":"Swift Potion"},{"floor":11,"key":"DistilledChaos"},{"floor":20,"key":"ColorlessPotion"},{"floor":29,"key":"champ:CounterPotion"},{"floor":31,"key":"BloodPotion"}],"is_trial":false,"path_per_floor":["M","?","M","M","M","R","E","M","T","M","M","R","M","PTL","PTL","?","R","B",null,"M","$","?","?","$","M","R","?","T","E","R","M","R","M","R","B"],"character_chosen":"IRONCLAD","items_purchased":["ReplayTheSpireMod:Necrogeddon","Panacea","Disarm"],"campfire_rested":0,"item_purchase_floors":[21,24,24],"current_hp_per_floor":[80,80,80,80,80,80,57,62,62,68,60,60,66,66,66,55,55,12,80,80,80,80,80,80,77,77,77,77,80,80,80,80,80,80,0,0],"gold":92,"neow_bonus":"REMOVE_CARD","is_daily":false,"chose_seed":false,"campfire_upgraded":7,"win_rate":0.0,"timestamp":1609542895,"path_taken":["M","?","M","M","M","R","E","M","T","M","M","R","M","PTL","PTL","?","R","BOSS","M","$","?","?","$","M","R","?","T","E","R","M","R","M","R","BOSS"],"items_purchased_type":["Card","Card","Card"],"build_version":"2020-12-22","purchased_purges":1,"victory":false,"max_hp_per_floor":[80,80,80,80,80,80,80,80,80,80,80,80,80,80,80,80,80,80,80,80,80,80,80,80,80,80,80,80,80,80,80,80,80,80,80,80],"card_choices":[{"not_picked":["Blood for Blood","Shrug It Off"],"picked":"Rage","floor":1},{"not_picked":["Sever Soul","Thunderclap"],"picked":"Flame Barrier","floor":3},{"not_picked":["Anger","Warcry","Flame Barrier"],"picked":"SKIP","floor":4},{"not_picked":["Havoc","Combust"],"picked":"ReplayTheSpireMod:Stacked","floor":5},{"not_picked":["Sword Boomerang","Cleave"],"picked":"ReplayReversal","floor":7},{"not_picked":["Ghostly Armor","hubris:SharpeningStone"],"picked":"Body Slam","floor":8},{"not_picked":["Sword Boomerang","Massacre","Power Through"],"picked":"SKIP","floor":10},{"not_picked":["Pummel","Defy Death","Heavy Blade"],"picked":"SKIP","floor":11},{"not_picked":["Clash","Thunderclap"],"picked":"Intimidate","floor":13},{"not_picked":["Berserk","hubris:StunningStrike"],"picked":"Juggernaut","floor":18},{"not_picked":["Life Link","Headbutt","Thunderclap"],"picked":"SKIP","floor":20},{"not_picked":["Flex","Anger"],"picked":"Abandon+1","floor":25},{"not_picked":["Shrug It Off","Thunderclap"],"picked":"Offering","floor":29},{"not_picked":["Twin Strike","ReplayTheSpireMod:Limb From Limb"],"picked":"Hemokinesis","floor":31},{"not_picked":["Armaments","Rage"],"picked":"Body Slam+1","floor":33}],"player_experience":328885,"relics_obtained":[{"floor":7,"key":"Bottled Lightning"},{"floor":9,"key":"Nunchaku"},{"floor":28,"key":"Vajra"},{"floor":29,"key":"MealTicket"}],"event_choices":[{"damage_healed":0,"gold_gain":75,"player_choice":"Gather Gold","damage_taken":11,"max_hp_gain":0,"max_hp_loss":0,"event_name":"World of Goop","floor":16,"gold_loss":0},{"damage_healed":0,"gold_gain":0,"player_choice":"Read","damage_taken":0,"max_hp_gain":0,"max_hp_loss":0,"event_name":"The Library","floor":22,"gold_loss":0,"cards_obtained":["True Grit"]},{"cards_removed":["Defend_R"],"damage_healed":0,"gold_gain":0,"player_choice":"Gave Gold","damage_taken":0,"max_hp_gain":0,"max_hp_loss":0,"event_name":"Beggar","floor":27,"gold_loss":75}],"is_beta":false,"boss_relics":[{"not_picked":["Kintsugi","ReplayTheSpireMod:DimensionalGlitch"],"picked":"Black Blood"}],"items_purged_floors":[21],"is_endless":false,"potions_floor_spawned":[1,7,8,11,20,29,31],"killed_by":"Collector","ascension_level":0}}