{"host":"j5ispplrhygufqz4","time":1609481551,"event":{"mods":["BaseMod","Bestiary","Colored Powertips","Minty Spire (QoL Compilation)","Quick Restart","Random Character Button","everything is the same but u backflip on backflip","ojb\u0027s Better Paths Mod"],"gold_per_floor":[117,117,117,42,62,93,117,117,186,186,207,247,266,289,289,384,384,402,418,86,109,127,127,148,187,187,187,187,187,187],"floor_reached":29,"playtime":2301,"items_purged":["Strike_B"],"score":564,"play_id":"8de5aa6f-dada-4e18-8497-07a037ad51f7","local_time":"20210101011231","is_ascension_mode":true,"campfire_choices":[{"data":"Defragment","floor":8.0,"key":"SMITH"},{"data":"Sunder","floor":10.0,"key":"SMITH"},{"data":"Coolheaded","floor":15.0,"key":"SMITH"},{"data":"Defragment","floor":23,"key":"SMITH"}],"circlet_count":0,"master_deck":["AscendersBane","Zap","Dualcast","Defragment+1","Sunder+1","Compile Driver","Coolheaded+1","Coolheaded","Genetic Algorithm","Echo Form","Buffer","Steam","Lockon","Amplify","Hologram","Loop","Go for the Eyes","Self Repair","Undo","Defragment+1","Loop","Cold Snap","Seek","Capacitor+1","Double Energy","Chaos","Decay"],"relics":["Cracked Core","NeowsBlessing","Golden Idol","Smiling Mask","Pear","StrikeDummy","Pandora\u0027s Box","Orrery","Gremlin Horn","Lantern"],"acts_visited":["Exordium","TheCity"],"potions_floor_usage":[16,16,21,29],"damage_taken":[{"damage":0.0,"enemies":"2 Louse","floor":1.0,"turns":1.0},{"damage":0.0,"enemies":"Jaw Worm","floor":5.0,"turns":1.0},{"damage":0.0,"enemies":"Lagavulin","floor":6.0,"turns":1.0},{"damage":0.0,"enemies":"Cultist","floor":7.0,"turns":3.0},{"damage":25.0,"enemies":"Exordium Thugs","floor":11.0,"turns":6.0},{"damage":1.0,"enemies":"3 Sentries","floor":12.0,"turns":9.0},{"damage":0.0,"enemies":"2 Fungi Beasts","floor":13.0,"turns":2.0},{"damage":7.0,"enemies":"Lots of Slimes","floor":14.0,"turns":5.0},{"damage":23,"enemies":"Hexaghost","floor":16,"turns":16},{"damage":24,"enemies":"Spheric Guardian","floor":18,"turns":5},{"damage":0,"enemies":"Chosen","floor":19,"turns":6},{"damage":13,"enemies":"Centurion and Healer","floor":21,"turns":7},{"damage":5,"enemies":"Snecko","floor":22,"turns":9},{"damage":0,"enemies":"Chosen and Byrds","floor":24,"turns":11},{"damage":18,"enemies":"Book of Stabbing","floor":25,"turns":9},{"damage":52,"enemies":"Gremlin Leader","floor":29,"turns":4}],"seed_played":"-6520771858089436871","potions_obtained":[{"floor":11.0,"key":"Block Potion"},{"floor":12.0,"key":"SneckoOil"},{"floor":13.0,"key":"Strength Potion"},{"floor":14.0,"key":"Swift Potion"},{"floor":19,"key":"SneckoOil"},{"floor":24,"key":"Explosive Potion"}],"is_trial":false,"path_per_floor":["M","?","?","$","M","E","M","R","T","R","M","E","M","M","R","B",null,"M","M","$","M","M","R","M","E","T","?","?","E"],"character_chosen":"DEFECT","items_purchased":["Self Repair","Undo","Orrery"],"campfire_rested":0,"item_purchase_floors":[20,20,20],"current_hp_per_floor":[64,57,57,57,57,57,57,57,67,67,42,41,41,34,34,11,58,34,34,34,35,44,44,51,40,40,40,40,0,0],"gold":187,"neow_bonus":"THREE_ENEMY_KILL","is_daily":false,"chose_seed":false,"campfire_upgraded":4,"win_rate":0.0,"timestamp":1609481551,"path_taken":["M","?","?","?","M","E","M","R","T","R","M","E","M","M","R","BOSS","M","?","$","M","M","R","M","E","T","?","?","E"],"items_purchased_type":["Card","Card","Relic"],"build_version":"2020-12-22","purchased_purges":1,"victory":false,"max_hp_per_floor":[71,71,64,64,64,64,64,64,74,74,74,74,74,74,74,74,74,74,74,74,74,74,74,74,74,74,74,74,74,74],"card_choices":[{"not_picked":["Compile Driver","Conserve Battery"],"picked":"Defragment","floor":1.0},{"not_picked":["Beam Cell","Streamline"],"picked":"Sunder","floor":5.0},{"not_picked":["Steam","Darkness"],"picked":"Compile Driver","floor":6.0},{"not_picked":["Scrape","Stack"],"picked":"Coolheaded","floor":7.0},{"not_picked":["Skim","Streamline","Stack"],"picked":"SKIP","floor":11.0},{"not_picked":["Rebound","Go for the Eyes"],"picked":"Coolheaded","floor":12.0},{"not_picked":["Hologram","Lockon"],"picked":"Genetic Algorithm","floor":13.0},{"not_picked":["Tempest","Go for the Eyes"],"picked":"Echo Form","floor":14.0},{"not_picked":["Multi-Cast","Reboot"],"picked":"Buffer","floor":16},{"not_picked":["Skim","Sunder"],"picked":"Loop","floor":18},{"not_picked":["Coolheaded","Scrape+1"],"picked":"Go for the Eyes","floor":19},{"not_picked":["Streamline","Turbo"],"picked":"Defragment","floor":20},{"not_picked":["Sunder","Tempest"],"picked":"Loop","floor":20},{"not_picked":["Turbo","Steam"],"picked":"Cold Snap","floor":20},{"not_picked":["Streamline","Stack","Turbo"],"picked":"SKIP","floor":21},{"not_picked":["Streamline+1","Coolheaded","Redo"],"picked":"SKIP","floor":22},{"not_picked":["Rebound","Scrape"],"picked":"Seek","floor":24},{"not_picked":["Darkness","Chaos"],"picked":"Capacitor+1","floor":25}],"player_experience":731033,"relics_obtained":[{"floor":6.0,"key":"Smiling Mask"},{"floor":9.0,"key":"Pear"},{"floor":12.0,"key":"StrikeDummy"},{"floor":25,"key":"Gremlin Horn"},{"floor":26,"key":"Lantern"}],"event_choices":[{"cards_removed":["Strike_B"],"damage_healed":0.0,"max_hp_gain":0.0,"max_hp_loss":0.0,"gold_gain":0.0,"event_name":"Golden Wing","player_choice":"Card Removal","floor":2.0,"gold_loss":0.0,"damage_taken":7.0},{"damage_healed":0.0,"max_hp_gain":0.0,"max_hp_loss":7.0,"gold_gain":0.0,"event_name":"Golden Idol","player_choice":"Lose Max HP","floor":3.0,"gold_loss":0.0,"damage_taken":0.0,"relics_obtained":["Golden Idol"]},{"damage_healed":0,"gold_gain":0,"cards_transformed":["Hello World","Rebound"],"player_choice":"Became Test Subject","damage_taken":0,"max_hp_gain":0,"max_hp_loss":0,"event_name":"Drug Dealer","floor":27,"gold_loss":0,"cards_obtained":["Double Energy","Chaos"]},{"damage_healed":0,"gold_gain":0,"player_choice":"Cursed","damage_taken":0,"max_hp_gain":0,"max_hp_loss":0,"event_name":"Wheel of Change","floor":28,"gold_loss":0,"cards_obtained":["Decay"]}],"is_beta":false,"boss_relics":[{"not_picked":["Empty Cage","Black Star"],"picked":"Pandora\u0027s Box"}],"items_purged_floors":[4],"is_endless":false,"potions_floor_spawned":[11,12,13,14,19,24],"killed_by":"Gremlin Leader","ascension_level":20}}