{"host":"q1yq0ibtlljsjzm9","time":1609466221,"event":{"mods":["BaseMod","DeckTracker","Hermit","Minty Spire (QoL Compilation)","StSLib"],"gold_per_floor":[115,65,65,42,112,112,89,103,103,153,164,181,242,258,258,258,258],"floor_reached":16,"playtime":1009,"items_purged":[],"score":94,"play_id":"3ba57467-f111-4d01-8b9b-ef602f3799ea","local_time":"20201231175701","is_ascension_mode":false,"campfire_choices":[{"data":"Electrodynamics","floor":6.0,"key":"SMITH"},{"floor":15,"key":"REST"}],"circlet_count":0,"master_deck":["Strike_B","Strike_B","Defend_B","Defend_B","Defend_B","Defend_B","Zap","Dualcast","Electrodynamics+1","Go for the Eyes","Leap","Cold Snap","Fusion","Conserve Battery","Genetic Algorithm","BootSequence","Cold Snap","Redo"],"relics":["Cracked Core","SsserpentHead","Omamori"],"acts_visited":["Exordium"],"potions_floor_usage":[],"damage_taken":[{"damage":1.0,"enemies":"2 Louse","floor":1.0,"turns":3.0},{"damage":0.0,"enemies":"Cultist","floor":5.0,"turns":3.0},{"damage":0.0,"enemies":"Jaw Worm","floor":8.0,"turns":3.0},{"damage":19.0,"enemies":"Exordium Thugs","floor":11.0,"turns":3.0},{"damage":5.0,"enemies":"Exordium Wildlife","floor":12.0,"turns":4.0},{"damage":7.0,"enemies":"2 Fungi Beasts","floor":13.0,"turns":4.0},{"damage":0.0,"enemies":"Looter","floor":14.0,"turns":3.0},{"damage":62,"enemies":"Hexaghost","floor":16,"turns":15}],"seed_played":"6962885583814412033","potions_obtained":[{"floor":1.0,"key":"Dexterity Potion"},{"floor":5.0,"key":"SteroidPotion"},{"floor":12.0,"key":"PowerPotion"}],"is_trial":false,"path_per_floor":["M","?","?","$","M","R","$","M","T","?","M","M","M","M","R","B"],"character_chosen":"DEFECT","items_purchased":["Leap","Fusion"],"campfire_rested":1,"item_purchase_floors":[4,7],"current_hp_per_floor":[74,74,74,74,74,74,74,74,74,67,48,43,36,36,58,0,0],"gold":258,"neow_bonus":"ONE_RANDOM_RARE_CARD","is_daily":false,"chose_seed":false,"campfire_upgraded":1,"win_rate":0.0,"timestamp":1609466221,"path_taken":["M","?","?","$","?","R","?","M","T","?","M","M","?","M","R","BOSS"],"items_purchased_type":["Card","Card"],"build_version":"2020-12-22","purchased_purges":0,"victory":false,"max_hp_per_floor":[75,75,75,75,75,75,75,75,75,75,75,75,75,75,75,75,75],"card_choices":[{"not_picked":["Scrape","Rebound"],"picked":"Go for the Eyes","floor":1.0},{"not_picked":["Stack","Force Field"],"picked":"Cold Snap","floor":5.0},{"not_picked":["Steam","Rip and Tear"],"picked":"Conserve Battery","floor":8.0},{"not_picked":["Gash","Ball Lightning"],"picked":"Genetic Algorithm","floor":11.0},{"not_picked":["Stack","Chaos"],"picked":"BootSequence","floor":12.0},{"not_picked":["Blizzard","Force Field"],"picked":"Cold Snap","floor":13.0},{"not_picked":["Rebound","Sweeping Beam"],"picked":"Redo","floor":14.0}],"player_experience":30178,"relics_obtained":[{"floor":9.0,"key":"Omamori"}],"event_choices":[{"cards_removed":["Strike_B"],"damage_healed":0.0,"max_hp_gain":0.0,"max_hp_loss":0.0,"gold_gain":0.0,"event_name":"The Cleric","player_choice":"Card Removal","floor":2.0,"gold_loss":50.0,"damage_taken":0.0},{"damage_healed":0.0,"max_hp_gain":0.0,"max_hp_loss":0.0,"gold_gain":0.0,"event_name":"FaceTrader","player_choice":"Trade","floor":3.0,"gold_loss":0.0,"damage_taken":0.0,"relics_obtained":["SsserpentHead"]},{"cards_removed":["Strike_B"],"damage_healed":0.0,"max_hp_gain":0.0,"max_hp_loss":0.0,"gold_gain":0.0,"event_name":"Golden Wing","player_choice":"Card Removal","floor":10.0,"gold_loss":0.0,"damage_taken":7.0}],"is_beta":false,"boss_relics":[],"items_purged_floors":[],"is_endless":false,"potions_floor_spawned":[1,5,12],"killed_by":"Hexaghost","ascension_level":0}}