{"host":"ds28d883r3sz42zs","time":1609545045,"event":{"mods":["2.2 Compatiblity","AchievementEnabler","Act Like it!","BaseMod","Bestiary","Better Match","Better Sensory Stone","Better Third Choice","Better-Laid Plans","BetterRewards","Block Reminder","Challenge The Spire","Colored Map","Colored Powertips","DeckTracker","Defuse TimeMaze Blight","Disable Question Mark Monsters","Displayed Cursed Tome","Emptier Cage","GifTheSpireLib","Gold Saver","Hallownest","Infinite Spire","Jedi Mod","Minty Spire (QoL Compilation)","Permanent Neow","Practice Mode","Quick Restart","Random Character Button","Rare Cards Sparkle","Relic Filter","Relic Sorter","Relic Stats","SacredBarkPlus","Shop Mod","StSLib","SuperFastMode","The Bug Knight","Uncapped","Unknown Chances"],"gold_per_floor":[468,482,407,407,185,185,213,213,238,248,248,248,248],"floor_reached":12,"playtime":228,"items_purged":["Strike_B"],"score":133,"play_id":"9c2ff8d2-f2b9-4c81-9b4d-133e092ed2cd","local_time":"20210101185045","is_ascension_mode":true,"campfire_choices":[{"data":"Sunder","floor":6,"key":"SMITH"},{"data":"Buffer","floor":8,"key":"SMITH"},{"data":"Leap","floor":11,"key":"SMITH"}],"circlet_count":0,"master_deck":["AscendersBane","Strike_B+1","Strike_B+1","Defend_B","Defend_B","Defend_B","Defend_B","Zap","Dualcast","Leap+1","Sunder+1","Buffer+1"],"relics":["Runic Dome","Toy Ornithopter","jedi:laserpointer","Pen Nib"],"acts_visited":["Exordium"],"potions_floor_usage":[],"damage_taken":[{"damage":6,"enemies":"2 Louse","floor":1,"turns":2},{"damage":6,"enemies":"Jaw Worm","floor":2,"turns":5},{"damage":20,"enemies":"Gremlin Nob","floor":7,"turns":4},{"damage":0,"enemies":"Small Slimes","floor":10,"turns":1},{"damage":13,"enemies":"3 Sentries","floor":12,"turns":6}],"seed_played":"-3557026777276434952","potions_obtained":[{"floor":2,"key":"jedi:coolantleak"},{"floor":7,"key":"FocusPotion"}],"is_trial":false,"path_per_floor":["M","M","?","?","$","R","E","R","T","M","R","E"],"character_chosen":"DEFECT","items_purchased":["Toy Ornithopter"],"campfire_rested":0,"item_purchase_floors":[5],"current_hp_per_floor":[58,52,52,31,31,31,11,11,11,11,11,0,0],"gold":248,"neow_bonus":"BOSS_RELIC","is_daily":false,"chose_seed":false,"campfire_upgraded":3,"win_rate":0.0,"timestamp":1609545045,"path_taken":["M","M","?","?","$","R","E","R","T","M","R","E"],"items_purchased_type":["Relic"],"build_version":"2020-12-22","purchased_purges":1,"victory":false,"max_hp_per_floor":[71,71,71,71,71,71,71,71,71,71,71,71,71],"relic_stats":{"counters":[5,18],"Pen Nib":[0],"obtain_stats":[{"Runic Dome":0,"jedi:laserpointer":7,"Pen Nib":9,"Cracked Core":0,"Toy Ornithopter":5},{"Runic Dome":0,"jedi:laserpointer":3,"Pen Nib":3,"Cracked Core":0,"Toy Ornithopter":2},{"Runic Dome":0,"jedi:laserpointer":11,"Pen Nib":11,"Cracked Core":0,"Toy Ornithopter":7}],"Toy Ornithopter":0},"card_choices":[{"not_picked":["Stack","Rebound"],"picked":"Leap","floor":1},{"not_picked":["Doom and Gloom","Cold Snap"],"picked":"Sunder","floor":2},{"not_picked":["Steam","Compile Driver"],"picked":"Buffer","floor":7},{"not_picked":["Beam Cell","jedi:BurstLightning","Rebound"],"picked":"SKIP","floor":10}],"player_experience":758859,"relics_obtained":[{"floor":7,"key":"jedi:laserpointer"},{"floor":9,"key":"Pen Nib"}],"event_choices":[{"cards_removed":["Strike_B"],"damage_healed":0,"gold_gain":0,"player_choice":"Card Removal","damage_taken":0,"max_hp_gain":0,"max_hp_loss":0,"event_name":"The Cleric","floor":3,"gold_loss":75},{"damage_healed":52,"gold_gain":0,"player_choice":"Upgrade","damage_taken":21,"max_hp_gain":0,"max_hp_loss":71,"event_name":"betterThird:BetterShining","floor":4,"gold_loss":0,"cards_upgraded":["Strike_B","Strike_B"]}],"is_beta":false,"boss_relics":[],"items_purged_floors":[5],"is_endless":false,"potions_floor_spawned":[2,7,10],"killed_by":"3 Sentries","ascension_level":15}}