{"host":"92108ef2q9tm8rod","time":1609524904,"event":{"mods":["BaseMod","Defuse TimeMaze Blight","Minty Spire (QoL Compilation)","StSLib","The Jungle"],"gold_per_floor":[113,124,134,134,153,153,179,191,216,216,235,235,235,260,260,357,357,369,369,294,311,12,12,37,60,126,138,182,206,218,242,254,370,382,409,421,443,455,467,479,491,518,530,568,605,617,274,289,289,289],"floor_reached":51,"playtime":2775,"items_purged":["Seeing Red"],"score":930,"play_id":"a326ab6c-2e3f-4946-821d-465cc62d0629","local_time":"20210101181504","daily_mods":["SealedDeck","Colorless Cards","Heirloom","Flight"],"is_ascension_mode":false,"campfire_choices":[{"data":"Rampage","floor":6,"key":"SMITH"},{"data":"Madness","floor":10,"key":"SMITH"},{"data":"Madness","floor":12,"key":"SMITH"},{"data":"Evolve","floor":15,"key":"SMITH"},{"data":"Flex","floor":23,"key":"SMITH"},{"data":"Flame Barrier","floor":27,"key":"SMITH"},{"data":"Shrug It Off","floor":30,"key":"SMITH"},{"data":"Intimidate","floor":32,"key":"SMITH"},{"data":"Finesse","floor":40,"key":"SMITH"},{"data":"Flash of Steel","floor":41,"key":"SMITH"},{"data":"Flash of Steel","floor":49,"key":"SMITH"}],"circlet_count":0,"master_deck":["Evolve+1","Flex+1","Flame Barrier+1","Madness+1","Rampage+1","Madness+1","Shrug It Off+1","Flash of Steel+1","Flash of Steel+1","Rampage+1","Fire Breathing+1","Master of Strategy+1","Finesse+1","Flash of Steel+1","Finesse"],"relics":["Burning Blood","Incense Burner","Peace Pipe","Vajra","Orichalcum","SlaversCollar","DollysMirror","Oddly Smooth Stone","MawBank","Pen Nib","Mercury Hourglass","Darkstone Periapt","War Paint","Whetstone","Membership Card","Bronze Scales","Lantern"],"acts_visited":["Exordium","Exordium","TheBeyond"],"potions_floor_usage":[14,33,48,50,50],"damage_taken":[{"damage":0,"enemies":"Small Slimes","floor":1,"turns":3},{"damage":0,"enemies":"Jaw Worm","floor":2,"turns":4},{"damage":0,"enemies":"Cultist","floor":3,"turns":3},{"damage":0,"enemies":"Large Slime","floor":5,"turns":3},{"damage":18,"enemies":"3 Sentries","floor":7,"turns":5},{"damage":18,"enemies":"3 Louse","floor":8,"turns":3},{"damage":0,"enemies":"2 Fungi Beasts","floor":11,"turns":3},{"damage":0,"enemies":"Gremlin Nob","floor":14,"turns":2},{"damage":16,"enemies":"Hexaghost","floor":16,"turns":5},{"damage":0,"enemies":"theJungle:GiantWrat","floor":18,"turns":3},{"damage":0,"enemies":"Shell Parasite","floor":21,"turns":3},{"damage":0,"enemies":"theJungle:2_Phrogs","floor":24,"turns":4},{"damage":8,"enemies":"theJungle:2_Snecko_Cultists","floor":25,"turns":3},{"damage":14,"enemies":"theJungle:Cassacara","floor":28,"turns":4},{"damage":0,"enemies":"theJungle:SlimyTreeVines","floor":29,"turns":4},{"damage":0,"enemies":"theJungle:Lyon","floor":31,"turns":4},{"damage":0,"enemies":"theJungle:FunGuy","floor":33,"turns":4},{"damage":0,"enemies":"Orb Walker","floor":35,"turns":2},{"damage":1,"enemies":"3 Darklings","floor":37,"turns":3},{"damage":0,"enemies":"4 Shapes","floor":42,"turns":2},{"damage":1,"enemies":"Giant Head","floor":44,"turns":4},{"damage":0,"enemies":"Reptomancer","floor":45,"turns":2},{"damage":0,"enemies":"Transient","floor":48,"turns":5},{"damage":0,"enemies":"Donu and Deca","floor":50,"turns":4}],"seed_played":"-831851663944630646","potions_obtained":[{"floor":8,"key":"Strength Potion"},{"floor":11,"key":"AttackPotion"},{"floor":14,"key":"SpeedPotion"},{"floor":21,"key":"ElixirPotion"},{"floor":25,"key":"FearPotion"},{"floor":33,"key":"PowerPotion"},{"floor":44,"key":"LiquidMemories"},{"floor":48,"key":"Weak Potion"}],"is_trial":true,"path_per_floor":["M","M","M","$","M","R","E","M","T","R","M","R","$","E","R","B",null,"M","?","$","M","$","R","E","M","T","R","E","M","R","M","R","B",null,"M","?","M","$","?","R","R","M","T","E","E","$","$","M","R","B",null],"character_chosen":"IRONCLAD","items_purchased":["DollysMirror","Oddly Smooth Stone","Membership Card","Bronze Scales","Lantern","Finesse"],"campfire_rested":0,"item_purchase_floors":[22,22,47,47,47,47],"current_hp_per_floor":[80,80,80,80,80,80,68,56,56,56,62,62,62,68,68,58,80,80,80,80,80,80,80,80,78,78,78,70,80,80,80,80,80,80,80,80,80,80,80,80,80,80,80,80,80,80,80,80,80,80],"gold":289,"neow_bonus":"","is_daily":false,"chose_seed":false,"campfire_upgraded":11,"win_rate":0.0,"timestamp":1609524904,"path_taken":["M","M","M","$","M","R","E","M","T","R","M","R","$","E","R","BOSS","M","?","$","M","$","R","E","M","T","R","E","M","R","M","R","BOSS","M","?","?","$","?","R","R","M","T","E","E","$","$","M","R","BOSS"],"items_purchased_type":["Relic","Relic","Relic","Relic","Relic","Card"],"build_version":"2020-12-22","purchased_purges":1,"victory":true,"max_hp_per_floor":[80,80,80,80,80,80,80,80,80,80,80,80,80,80,80,80,80,80,80,80,80,80,80,80,80,80,80,80,80,80,80,80,80,80,80,80,80,80,80,80,80,80,80,80,80,80,80,80,80,80],"card_choices":[{"not_picked":["Body Slam","Sword Boomerang"],"picked":"Flash of Steel","floor":1},{"not_picked":["Thunderclap","Sword Boomerang","Clash"],"picked":"SKIP","floor":2},{"not_picked":["Warcry","Body Slam","Whirlwind"],"picked":"SKIP","floor":3},{"not_picked":["Dramatic Entrance","Pommel Strike","Body Slam"],"picked":"SKIP","floor":5},{"not_picked":["Cleave","Twin Strike","Feed"],"picked":"SKIP","floor":7},{"not_picked":["Dual Wield","Power Through","Trip"],"picked":"SKIP","floor":8},{"not_picked":["Reckless Charge","Sentinel","Sword Boomerang"],"picked":"SKIP","floor":11},{"not_picked":["Reckless Charge","Sentinel","Sword Boomerang"],"picked":"SKIP","floor":11},{"not_picked":["Rupture","Twin Strike","Clothesline"],"picked":"SKIP","floor":14},{"not_picked":["Perfected Strike","Shrug It Off","Forethought"],"picked":"SKIP","floor":18},{"not_picked":["Cleave+1","Warcry","Intimidate"],"picked":"SKIP","floor":21},{"not_picked":["Dark Embrace","Dropkick","Power Through+1"],"picked":"SKIP","floor":24},{"not_picked":["Thunderclap","Dual Wield+1","Mind Blast+1"],"picked":"SKIP","floor":25},{"not_picked":["Armaments+1","Cleave+1"],"picked":"Fire Breathing+1","floor":28},{"not_picked":["Perfected Strike","Warcry","Cleave"],"picked":"SKIP","floor":29},{"not_picked":["Thunderclap","Dual Wield","Clash+1"],"picked":"SKIP","floor":31},{"not_picked":["Exhume","Fiend Fire"],"picked":"Master of Strategy","floor":33},{"not_picked":["Armaments","Headbutt","Disarm+1"],"picked":"SKIP","floor":35},{"not_picked":["Headbutt+1","Anger+1","Mind Blast"],"picked":"SKIP","floor":37},{"not_picked":["Dark Shackles","Secret Weapon"],"picked":"Finesse","floor":39},{"not_picked":["Uppercut","Shrug It Off","Second Wind"],"picked":"SKIP","floor":42},{"not_picked":["Clash+1","Rage+1","Enlightenment"],"picked":"SKIP","floor":44},{"not_picked":["Pummel","Panache"],"picked":"Flash of Steel","floor":45},{"not_picked":["Shrug It Off+1","Perfected Strike","Infernal Blade"],"picked":"SKIP","floor":48}],"player_experience":3228498,"relics_obtained":[{"floor":7,"key":"Peace Pipe"},{"floor":9,"key":"Vajra"},{"floor":14,"key":"Orichalcum"},{"floor":24,"key":"MawBank"},{"floor":26,"key":"Pen Nib"},{"floor":28,"key":"Mercury Hourglass"},{"floor":43,"key":"Darkstone Periapt"},{"floor":44,"key":"War Paint"},{"floor":45,"key":"Whetstone"}],"event_choices":[{"cards_removed":["Intimidate"],"damage_healed":0,"gold_gain":0,"player_choice":"Offered Uncommon","damage_taken":0,"max_hp_gain":0,"max_hp_loss":0,"event_name":"Bonfire Elementals","floor":36,"gold_loss":0},{"damage_healed":0,"gold_gain":0,"player_choice":"Memory 1","damage_taken":0,"max_hp_gain":0,"max_hp_loss":0,"event_name":"SensoryStone","floor":39,"gold_loss":0}],"is_beta":false,"boss_relics":[{"not_picked":["Empty Cage","Runic Dome"],"picked":"SlaversCollar"},{"not_picked":["Philosopher\u0027s Stone","Sozu","Coffee Dripper"]}],"items_purged_floors":[20],"is_endless":false,"potions_floor_spawned":[8,11,14,21,25,28,29,33,44,48],"ascension_level":0}}