{"host":"sjo4oracihb00px1","time":1609473062,"event":{"mods":["Astrologer","BaseMod","Better Note","Colored Powertips","Defective Defect","Friendly Minions","Hermit","HololiveMod","Hubris","Jorbs\u0027s Wanderer Trilogy","Kiyohime????","Marisa????????","Minty Spire (QoL Compilation)","Quick Restart","Random Character Button","Remilia??????","Replay The Spire","Shop Mod","ShortenTheSpire","Somnambulant","StSLib","The Administrix","The Animator","The Awakened One except there are too many feathers","The Bug Knight","The Cursed","The Death Knight","The Disciple","The Gatherer","The IronCluck","The Necromancer","The Problem Sleuth","The Runesmith","The Servant 0.9.4","The Vixen","TheBandit","Waifu the Spire","Wandering Minibosses","Yuri Mod","everything is the same but u backflip on backflip","slay the spire mod where everything is the same but ironclad has a cowboy hat","thorton"],"gold_per_floor":[116,116,81,23,23,56,56,75,75,90,124,134,134,134,151,178,178,178,178],"floor_reached":18,"playtime":1203,"items_purged":[],"score":156,"play_id":"18770c3e-30e4-4937-a6f6-693c4d76c373","local_time":"20201231225102","is_ascension_mode":true,"campfire_choices":[{"data":"yuri:Oolong","floor":7,"key":"SMITH"},{"floor":17,"key":"DIG"}],"circlet_count":0,"master_deck":["yuri:yuriStrike","yuri:yuriStrike","yuri:yuriStrike","yuri:yuriStrike+1","yuri:yuriStrike","yuri:yuriDefend","yuri:yuriDefend","yuri:yuriDefend","yuri:yuriDefend","yuri:yuriDefend+1","yuri:Oolong+1","yuri:yuriStab","yuri:HeavierStrike","yuri:HoldBack","yuri:HoldBack","yuri:DeepBreathing","yuri:Parry","yuri:ThrowingKnives","yuri:yuriQuickStrike","yuri:Stalk","yuri:DeepBreathing","yuri:WickedSlash"],"relics":["Replay:Bronze Core","Oddly Smooth Stone","Blue Doll","Chameleon Ring","Gremlin Horn","Replay:Multitool","Matryoshka"],"acts_visited":["Exordium"],"potions_floor_usage":[6],"damage_taken":[{"damage":3,"enemies":"Jaw Worm","floor":1,"turns":3},{"damage":12,"enemies":"Lagavulin","floor":6,"turns":7},{"damage":8,"enemies":"2 Louse","floor":8,"turns":2},{"damage":0,"enemies":"Small Slimes","floor":10,"turns":2},{"damage":33,"enemies":"3 Sentries","floor":11,"turns":8},{"damage":10,"enemies":"Exordium Wildlife","floor":12,"turns":4},{"damage":8,"enemies":"Large Slime","floor":15,"turns":7},{"damage":17,"enemies":"The Guardian","floor":18,"turns":2}],"seed_played":"-770617110415366376","potions_obtained":[{"floor":1,"key":"AttackPotion"},{"floor":12,"key":"Swift Potion"},{"floor":15,"key":"Cursed Concoction"}],"is_trial":false,"path_per_floor":["M","?","?","$","?","E","R","M","T","M","E","M","PTL","PTL","M","?","R","B"],"character_chosen":"YURI","items_purchased":["yuri:HoldBack"],"campfire_rested":0,"item_purchase_floors":[4],"current_hp_per_floor":[73,57,77,77,74,66,66,65,65,65,39,36,36,36,35,3,3,0,0],"gold":178,"neow_bonus":"BOSS_RELIC","is_daily":false,"chose_seed":false,"campfire_upgraded":1,"win_rate":0.0,"timestamp":1609473062,"path_taken":["M","?","?","$","?","E","R","?","T","M","E","M","PTL","PTL","M","?","R","BOSS"],"items_purchased_type":["Card"],"build_version":"2020-12-22","purchased_purges":0,"victory":false,"max_hp_per_floor":[80,80,80,80,80,80,80,80,80,80,80,80,80,80,80,80,80,80,80],"card_choices":[{"not_picked":["yuri:BookBlue","yuri:MPose"],"picked":"yuri:HeavierStrike","floor":1},{"not_picked":["yuri:RepairCode","yuri:ThrowingKnives"],"picked":"yuri:DeepBreathing","floor":6},{"not_picked":["yuri:CalmingAura","yuri:TPose"],"picked":"yuri:Parry","floor":8},{"not_picked":["yuri:ThornRemove","yuri:RecklessStrike"],"picked":"yuri:ThrowingKnives","floor":10},{"not_picked":["yuri:NoEscape","yuri:BookPurple"],"picked":"yuri:yuriQuickStrike","floor":11},{"not_picked":["yuri:yuriQuickStrike","yuri:UntestedCode"],"picked":"yuri:Stalk","floor":12},{"not_picked":["yuri:Stare","yuri:yuriHeavyStrike"],"picked":"yuri:DeepBreathing","floor":15},{"not_picked":["yuri:SeeingDouble","yuri:GlitchedStrike"],"picked":"yuri:WickedSlash","floor":16}],"player_experience":679216,"relics_obtained":[{"floor":6,"key":"Blue Doll"},{"floor":9,"key":"Chameleon Ring"},{"floor":11,"key":"Gremlin Horn"},{"floor":16,"key":"Replay:Multitool"},{"floor":17,"key":"Matryoshka"}],"event_choices":[{"damage_healed":0,"gold_gain":0,"player_choice":"Entered Light","damage_taken":16,"max_hp_gain":0,"max_hp_loss":0,"event_name":"Shining Light","floor":2,"gold_loss":0,"cards_upgraded":["yuri:yuriStrike","yuri:yuriDefend"]},{"damage_healed":20,"gold_gain":0,"player_choice":"Healed","damage_taken":0,"max_hp_gain":0,"max_hp_loss":0,"event_name":"The Cleric","floor":3,"gold_loss":35},{"damage_healed":0,"gold_gain":0,"player_choice":"Success","damage_taken":3,"relics_obtained":["Oddly Smooth Stone"],"max_hp_gain":0,"max_hp_loss":0,"event_name":"Scrap Ooze","floor":5,"gold_loss":0}],"is_beta":false,"boss_relics":[],"items_purged_floors":[],"is_endless":false,"potions_floor_spawned":[1,12,15],"killed_by":"The Guardian","ascension_level":6}}