{"host":"3jjxuhjpio8e4zkv","time":1609465697,"event":{"mods":["BaseMod","Colored Map","Highlight Path","Minty Spire (QoL Compilation)","Permanent Neow","Relic Stats","StSLib"],"gold_per_floor":[361,380,27,42,60,87,106,106,132,132,152,227,301,327,327,403,403,420,11,28,28,28,28],"floor_reached":22,"playtime":832,"items_purged":["Strike_G"],"score":442,"play_id":"4f0114b7-f16f-4f61-9169-9198edcb8c7c","local_time":"20201231204817","is_ascension_mode":true,"campfire_choices":[{"data":"Predator","floor":8,"key":"SMITH"},{"data":"All Out Attack","floor":10,"key":"SMITH"},{"data":"Neutralize","floor":15,"key":"SMITH"}],"circlet_count":0,"master_deck":["AscendersBane","Strike_G","Strike_G","Strike_G","Strike_G","Defend_G","Defend_G","Defend_G","Defend_G","Defend_G","Survivor","Neutralize+1","All Out Attack+1","Predator+1","Dagger Spray","Backflip","After Image","Backflip","Die Die Die","Corpse Explosion","Leg Sweep"],"relics":["Ring of the Snake","Sling","Tiny Chest","Pen Nib","Bag of Preparation","Black Star","HornCleat"],"acts_visited":["Exordium","TheCity"],"potions_floor_usage":[6,16,16,20],"damage_taken":[{"damage":0,"enemies":"Small Slimes","floor":1,"turns":4},{"damage":8,"enemies":"2 Louse","floor":2,"turns":4},{"damage":6,"enemies":"Cultist","floor":4,"turns":3},{"damage":0,"enemies":"2 Fungi Beasts","floor":5,"turns":2},{"damage":0,"enemies":"Gremlin Nob","floor":6,"turns":2},{"damage":0,"enemies":"Looter","floor":7,"turns":4},{"damage":3,"enemies":"Red Slaver","floor":11,"turns":6},{"damage":5,"enemies":"3 Sentries","floor":14,"turns":3},{"damage":9,"enemies":"The Guardian","floor":16,"turns":16},{"damage":17,"enemies":"2 Thieves","floor":18,"turns":2},{"damage":11,"enemies":"Spheric Guardian","floor":20,"turns":5},{"damage":24,"enemies":"Snake Plant","floor":22,"turns":7}],"seed_played":"-4389288886355696735","potions_obtained":[{"floor":5,"key":"FearPotion"},{"floor":6,"key":"Block Potion"}],"is_trial":false,"path_per_floor":["M","M","$","M","M","E","M","R","T","R","M","?","?","E","R","B",null,"M","$","M","?","M"],"character_chosen":"THE_SILENT","items_purchased":["Sling","Dagger Spray","FearPotion","Leg Sweep","HornCleat","ColorlessPotion"],"campfire_rested":0,"item_purchase_floors":[3,3,3,19,19,19],"current_hp_per_floor":[59,51,51,45,45,45,45,45,45,45,42,31,31,26,26,17,49,32,32,21,21,0,0],"gold":28,"neow_bonus":"TWO_FIFTY_GOLD","is_daily":false,"chose_seed":false,"campfire_upgraded":3,"win_rate":0.0,"timestamp":1609465697,"path_taken":["M","M","$","M","M","E","M","R","T","R","M","?","?","E","R","BOSS","M","$","M","?","M"],"items_purchased_type":["Relic","Card","Potion","Card","Relic","Potion"],"build_version":"2020-12-22","purchased_purges":1,"victory":false,"max_hp_per_floor":[60,60,60,60,60,60,60,60,60,60,60,60,60,60,60,60,60,60,60,60,60,60,60],"relic_stats":{"counters":[12,58],"Tiny Chest":0,"Pen Nib":[5],"Bag of Preparation":[8],"Black Star":0,"obtain_stats":[{"HornCleat":19,"Tiny Chest":6,"Pen Nib":9,"Bag of Preparation":14,"Black Star":17,"Sling":3,"Ring of the Snake":0},{"HornCleat":10,"Tiny Chest":5,"Pen Nib":6,"Bag of Preparation":8,"Black Star":9,"Sling":2,"Ring of the Snake":0},{"HornCleat":46,"Tiny Chest":15,"Pen Nib":19,"Bag of Preparation":28,"Black Star":44,"Sling":8,"Ring of the Snake":0}],"Ring of the Snake":[24]},"card_choices":[{"not_picked":["Deflect","Prepared"],"picked":"All Out Attack","floor":1},{"not_picked":["Prepared","Footwork"],"picked":"Predator","floor":2},{"not_picked":["Deflect","Poisoned Stab","Dagger Throw"],"picked":"SKIP","floor":4},{"not_picked":["Acrobatics","Deadly Poison"],"picked":"Backflip","floor":5},{"not_picked":["Deadly Poison","Slice"],"picked":"After Image","floor":6},{"not_picked":["Dagger Throw","Dodge and Roll"],"picked":"Backflip","floor":7},{"not_picked":["Caltrops","Sucker Punch","Escape Plan"],"picked":"SKIP","floor":11},{"not_picked":["Dagger Spray","Infinite Blades"],"picked":"Die Die Die","floor":14},{"not_picked":["Unload","Die Die Die"],"picked":"Corpse Explosion","floor":16},{"not_picked":["Backflip","Dagger Spray","Calculated Gamble"],"picked":"SKIP","floor":18},{"not_picked":["Flying Knee","Acrobatics","Finisher"],"picked":"SKIP","floor":20}],"player_experience":1151653,"relics_obtained":[{"floor":6,"key":"Tiny Chest"},{"floor":9,"key":"Pen Nib"},{"floor":14,"key":"Bag of Preparation"}],"event_choices":[{"damage_healed":0,"gold_gain":75,"player_choice":"Gather Gold","damage_taken":11,"max_hp_gain":0,"max_hp_loss":0,"event_name":"World of Goop","floor":12,"gold_loss":0},{"damage_healed":0,"gold_gain":74,"player_choice":"Gained Gold","damage_taken":0,"max_hp_gain":0,"max_hp_loss":0,"event_name":"Golden Wing","floor":13,"gold_loss":0},{"damage_healed":0,"gold_gain":0,"player_choice":"Ignored","damage_taken":0,"max_hp_gain":0,"max_hp_loss":0,"event_name":"Cursed Tome","floor":21,"gold_loss":0}],"is_beta":false,"boss_relics":[{"not_picked":["SacredBark","Snecko Eye"],"picked":"Black Star"}],"items_purged_floors":[3],"is_endless":false,"potions_floor_spawned":[5,6,7,14],"killed_by":"Snake Plant","ascension_level":20}}