{"host":"52m1o8iwwagurbjs","time":1609513913,"event":{"mods":["AchievementEnabler","BaseMod","Bestiary","Colored Powertips","GifTheSpireLib","Minty Spire (QoL Compilation)","Quick Restart","RNG Fix","Relic Stats","StSLib"],"gold_per_floor":[114,131,150,18,18,18,18],"floor_reached":6,"playtime":288,"items_purged":["Strike_G"],"score":72,"play_id":"53138f91-bf38-45ae-9e38-6dbe686068e0","local_time":"20210101101153","is_ascension_mode":true,"campfire_choices":[],"circlet_count":0,"master_deck":["AscendersBane","Strike_G","Strike_G","Strike_G","Strike_G+1","Defend_G","Defend_G","Defend_G","Defend_G+1","Defend_G","Survivor","Neutralize","Sucker Punch","Footwork","Dagger Spray","Sucker Punch"],"relics":["Ring of the Snake"],"acts_visited":["Exordium"],"potions_floor_usage":[6],"damage_taken":[{"damage":0,"enemies":"Small Slimes","floor":1,"turns":5},{"damage":6,"enemies":"2 Louse","floor":2,"turns":4},{"damage":5,"enemies":"Jaw Worm","floor":3,"turns":6},{"damage":65,"enemies":"Lagavulin","floor":6,"turns":13}],"seed_played":"1859669537653904162","potions_obtained":[{"floor":0,"key":"FairyPotion"},{"floor":0,"key":"GhostInAJar"}],"is_trial":false,"path_per_floor":["M","M","M","$","?","E"],"character_chosen":"THE_SILENT","items_purchased":["Sucker Punch"],"campfire_rested":0,"item_purchase_floors":[4],"current_hp_per_floor":[59,53,48,48,28,0,0],"gold":18,"neow_bonus":"THREE_SMALL_POTIONS","is_daily":false,"chose_seed":false,"campfire_upgraded":0,"win_rate":0.0,"timestamp":1609513913,"path_taken":["M","M","M","$","?","E"],"items_purchased_type":["Card"],"build_version":"2020-12-22","purchased_purges":1,"victory":false,"max_hp_per_floor":[66,66,66,66,66,66,66],"relic_stats":{"counters":[4,28],"obtain_stats":[{"Ring of the Snake":0},{"Ring of the Snake":0},{"Ring of the Snake":0}],"Ring of the Snake":[8]},"card_choices":[{"not_picked":["Cloak And Dagger","Backflip"],"picked":"Sucker Punch","floor":1},{"not_picked":["PiercingWail","Slice"],"picked":"Footwork","floor":2},{"not_picked":["Dodge and Roll","Heel Hook"],"picked":"Dagger Spray","floor":3}],"player_experience":1078987,"relics_obtained":[],"event_choices":[{"damage_healed":0,"gold_gain":0,"player_choice":"Entered Light","damage_taken":20,"max_hp_gain":0,"max_hp_loss":0,"event_name":"Shining Light","floor":5,"gold_loss":0,"cards_upgraded":["Strike_G","Defend_G"]}],"is_beta":false,"boss_relics":[],"items_purged_floors":[4],"is_endless":false,"potions_floor_spawned":[1,3],"killed_by":"Lagavulin","ascension_level":20}}