{"host":"f0dbpmn0khgeoqc0","time":1609534254,"event":{"mods":["2.2 Compatiblity","AchievementEnabler","Act Like it!","Ascension Unlocker","Aspiration","BaseMod","Better Altar","Better Match","Better Sensory Stone","Better Skull","Better Third Choice","BetterRewards","Block Reminder","Colored Map","Colored Powertips","Conspire","DNKmod","Disable Question Mark Monsters","Displayed Cursed Tome","Downfall","Evolution","Friendly Minions","Hermit","Highlight Path","Humility","Infinite Spire","Jorbs\u0027s Wanderer Trilogy","Koishi","Marisa????????","Minty Spire (QoL Compilation)","MostiFishMod","Permanent Neow","Random Character Button","Relic Filter","Relic Stats","Spicy Shops","StSLib","Td1madao Mod","The Gatherer","Treasure Hunter","Wandering Minibosses","??????REMEMod"],"gold_per_floor":[113,113,131,148,161,196,214,240,240,140,140,155,155,184,184,187,187],"floor_reached":16,"playtime":838,"items_purged":[],"score":228,"play_id":"6c94e194-486e-4ec3-816a-af6328b8747e","local_time":"20210101155054","is_ascension_mode":true,"campfire_choices":[{"floor":13.0,"key":"REST"},{"data":"MostiFishMod:HiddenBlade","floor":15.0,"key":"SMITH"}],"circlet_count":0,"master_deck":["AscendersBane","Strike_G","Strike_G","Strike_G","Strike_G","Strike_G","Defend_G","Defend_G","Defend_G","Defend_G","Defend_G","Survivor","Neutralize","CurseOfTheBell","Black Contract","Sucker Punch","MostiFishMod:FrostNova","PiercingWail","conspire:PoisonWeapons","TH:CopperCoins","Footwork","Crippling Poison","PiercingWail","TH:CopperCoins","hexamod:Haunted","TH:CopperCoins","Ghostly","MostiFishMod:HiddenBlade+1","Noxious Fumes"],"relics":["EVO:Axolotl","DaveBox","REME_ComplimentaryCards","Calling Bell","infinitespire:ShieldingShard","REME_HandOfSuture","Cursed Key","Chemical X","SynthV:TestCard","REME_HourglassOfDeath","REME_PuzzleBoxRelic","TH:Strongbox"],"acts_visited":["Exordium"],"potions_floor_usage":[],"damage_taken":[{"damage":0.0,"enemies":"Jaw Worm","floor":1.0,"turns":2.0},{"damage":0.0,"enemies":"Cultist","floor":3.0,"turns":3.0},{"damage":0.0,"enemies":"2 Louse","floor":4.0,"turns":2.0},{"damage":0.0,"enemies":"2 Fungi Beasts","floor":5.0,"turns":3.0},{"damage":9.0,"enemies":"Lagavulin","floor":6.0,"turns":5.0},{"damage":0.0,"enemies":"Large Slime","floor":7.0,"turns":6.0},{"damage":46.0,"enemies":"Gremlin Nob","floor":8.0,"turns":5.0},{"damage":0.0,"enemies":"3 Louse","floor":12.0,"turns":3.0},{"damage":0.0,"enemies":"Looter","floor":14.0,"turns":2.0},{"damage":30,"enemies":"Hexaghost","floor":16,"turns":9}],"seed_played":"-2132783568081188301","potions_obtained":[{"floor":2.0,"key":"Energy Potion"},{"floor":2.0,"key":"ColorlessPotion"},{"floor":3.0,"key":"Swift Potion"},{"floor":5.0,"key":"Slimebound:ThreeZeroPotion"},{"floor":8.0,"key":"SpeedPotion"}],"is_trial":false,"path_per_floor":["M","?","M","M","M","E","M","E","T","?","?","M","R","M","R","B"],"character_chosen":"THE_SILENT","items_purchased":[],"campfire_rested":1,"item_purchase_floors":[],"current_hp_per_floor":[59,59,59,59,59,50,50,4,4,4,4,4,23,23,23,0,0],"gold":187,"neow_bonus":"BOSS_RELIC","is_daily":false,"chose_seed":false,"campfire_upgraded":1,"win_rate":0.0,"timestamp":1609534254,"path_taken":["M","?","M","?","M","E","M","E","T","?","?","M","R","M","R","BOSS"],"items_purchased_type":[],"build_version":"2020-12-22","purchased_purges":0,"victory":false,"max_hp_per_floor":[66,66,66,66,66,66,66,66,66,66,66,66,66,66,66,66,66],"relic_stats":{"counters":[10,38],"Chemical X":[1],"Cursed Key":1,"obtain_stats":[{"DaveBox":0,"TH:Strongbox":9,"EVO:Axolotl":0,"Cursed Key":0,"Calling Bell":0,"infinitespire:ShieldingShard":0,"SynthV:TestCard":1,"REME_HourglassOfDeath":6,"REME_HandOfSuture":0,"Chemical X":0,"REME_PuzzleBoxRelic":8,"Ring of the Snake":0,"REME_ComplimentaryCards":0},{"DaveBox":0,"TH:Strongbox":7,"EVO:Axolotl":0,"Cursed Key":0,"Calling Bell":0,"infinitespire:ShieldingShard":0,"SynthV:TestCard":1,"REME_HourglassOfDeath":5,"REME_HandOfSuture":0,"Chemical X":0,"REME_PuzzleBoxRelic":7,"Ring of the Snake":0,"REME_ComplimentaryCards":0},{"DaveBox":0,"TH:Strongbox":25,"EVO:Axolotl":0,"Cursed Key":0,"Calling Bell":0,"infinitespire:ShieldingShard":0,"SynthV:TestCard":2,"REME_HourglassOfDeath":15,"REME_HandOfSuture":0,"Chemical X":0,"REME_PuzzleBoxRelic":25,"Ring of the Snake":0,"REME_ComplimentaryCards":0}]},"card_choices":[{"not_picked":["Outmaneuver","Bane"],"picked":"Sucker Punch","floor":1.0},{"not_picked":["MostiFishMod:LethalBlade","Blade Dance","MostiFishMod:PoisonShield","Dagger Throw"],"picked":"MostiFishMod:FrostNova","floor":3.0},{"not_picked":["Poisoned Stab","Slice","Sucker Punch","Dagger Throw"],"picked":"PiercingWail","floor":4.0},{"not_picked":["Bane","Catalyst","Predator","Slice"],"picked":"conspire:PoisonWeapons","floor":5.0},{"not_picked":["TH:ElvenBoots","TH:ArmorSpikes","TH:Mimic"],"picked":"TH:CopperCoins","floor":6.0},{"not_picked":["Concentrate","Deflect","Cloak And Dagger","REME_ShadowForm"],"picked":"Footwork","floor":6.0},{"not_picked":["Deadly Poison","Bane","Slice","Acrobatics"],"picked":"Crippling Poison","floor":7.0},{"not_picked":["Poisoned Stab","Sucker Punch","Underhanded Strike","MostiFishMod:PerfectParry"],"picked":"PiercingWail","floor":8.0},{"not_picked":["TH:Mimic","TH:TreasureMap","TH:EnergyPotion"],"picked":"TH:CopperCoins","floor":8.0},{"not_picked":["TH:BikiniMail","TH:ElvenBoots","TH:PixieDust"],"picked":"TH:CopperCoins","floor":9.0},{"not_picked":["Catalyst","Outmaneuver","Sucker Punch","Calculated Gamble"],"picked":"MostiFishMod:HiddenBlade","floor":12.0},{"not_picked":["Reflex","Deflect","Quick Slash","Deadly Poison"],"picked":"Noxious Fumes","floor":14.0}],"player_experience":553076,"relics_obtained":[{"floor":0.0,"key":"infinitespire:ShieldingShard"},{"floor":0.0,"key":"REME_HandOfSuture"},{"floor":1.0,"key":"SynthV:TestCard"},{"floor":6.0,"key":"REME_HourglassOfDeath"},{"floor":8.0,"key":"REME_PuzzleBoxRelic"},{"floor":9.0,"key":"TH:Strongbox"}],"event_choices":[{"damage_healed":0.0,"max_hp_gain":0.0,"max_hp_loss":0.0,"gold_gain":0.0,"event_name":"Lab","player_choice":"Got Potions","floor":2.0,"gold_loss":0.0,"damage_taken":0.0},{"damage_healed":0.0,"max_hp_gain":0.0,"max_hp_loss":0.0,"gold_gain":0.0,"event_name":"conspire:LoneGhost","player_choice":"Argue","floor":10.0,"gold_loss":0.0,"damage_taken":0.0},{"damage_healed":4.0,"max_hp_gain":0.0,"max_hp_loss":66.0,"gold_gain":0.0,"event_name":"betterThird:BetterShining","player_choice":"Leave","floor":11.0,"gold_loss":0.0,"damage_taken":0.0}],"is_beta":false,"boss_relics":[],"items_purged_floors":[],"is_endless":false,"potions_floor_spawned":[3,4,5,8],"killed_by":"Hexaghost","ascension_level":20}}