{"host":"4w8ocelhatf0iefc","time":1609465285,"event":{"mods":["AchievementEnabler","Act Like it!","Aspiration","BaseMod","Colored Map","Colored Powertips","Downfall","GifTheSpireLib","Hubris","Minty Spire (QoL Compilation)","Replay The Spire","StSLib","The Cursed","vexMod"],"gold_per_floor":[115,135,150,161,26,26,80,96,120,131,156,156,256,282,282,387,387,402,17,31,45,63,93,8,18,18,18,18,18,45,60,60,157,157,169,188,203,0,0,0],"floor_reached":39,"playtime":2588,"items_purged":["Defend_B"],"score":500,"play_id":"79e943fd-56cd-4c87-9863-81bef1c70fbf","local_time":"20210101094125","is_ascension_mode":true,"campfire_choices":[{"data":"Core Surge","floor":6.0,"key":"SMITH"},{"floor":12.0,"key":"REST"},{"data":"FIFO Queue","floor":27.0,"key":"SMITH"},{"floor":29.0,"key":"REST"}],"circlet_count":0,"master_deck":["Strike_B","Strike_B","Strike_B","Strike_B","Defend_B","Defend_B","Defend_B","Zap","Dualcast","Conserve Battery","Leap","Go for the Eyes","Biased Cognition","Core Surge+1","FIFO Queue+1","Glacier","Defragment","Sweeping Beam+1","Buffer","Reprogram","Conserve Battery+1","Rebound","Gash","Fusion+1","BasicCrystalCard+1","Seek","Turbo","Creative AI","Self Repair+1","BootSequence","Capacitor+1"],"relics":["aspiration:Stellarator","aspiration:EnhancedActuators","vexMod:BarristanHead","Mercury Hourglass","Bronze Scales","vexMod:CursedCompass","Omamori","Bag of Marbles","Blood Vial","Thread and Needle","hubris:MedicalManual","hubris:Icosahedron","hubris:DisguiseKit","Calling Bell","Replay:Antivirus Software","Replay:Accelerometer","hubris:FunFungus","Red Mask"],"acts_visited":["Exordium","TheCity","TheBeyond"],"potions_floor_usage":[33,37,39],"damage_taken":[{"damage":10.0,"enemies":"Cultist","floor":1.0,"turns":5.0},{"damage":1.0,"enemies":"2 Louse","floor":2.0,"turns":2.0},{"damage":2.0,"enemies":"Small Slimes","floor":3.0,"turns":5.0},{"damage":3.0,"enemies":"Looter","floor":4.0,"turns":4.0},{"damage":15.0,"enemies":"3 Louse","floor":8.0,"turns":5.0},{"damage":10.0,"enemies":"Exordium Wildlife","floor":10.0,"turns":5.0},{"damage":17.0,"enemies":"Gremlin Nob","floor":11.0,"turns":4.0},{"damage":5.0,"enemies":"Lagavulin","floor":14.0,"turns":7.0},{"damage":23.0,"enemies":"The Guardian","floor":16.0,"turns":10.0},{"damage":5.0,"enemies":"Shell Parasite","floor":18.0,"turns":6.0},{"damage":15.0,"enemies":"2 Thieves","floor":20.0,"turns":4.0},{"damage":18.0,"enemies":"Snake Plant","floor":21.0,"turns":4.0},{"damage":8.0,"enemies":"Snecko","floor":22.0,"turns":6.0},{"damage":19.0,"enemies":"Book of Stabbing","floor":23.0,"turns":6.0},{"damage":0.0,"enemies":"Centurion and Healer","floor":25.0,"turns":6.0},{"damage":34.0,"enemies":"Gremlin Leader","floor":30.0,"turns":7.0},{"damage":0,"enemies":"Cultist and Chosen","floor":31,"turns":8},{"damage":1,"enemies":"Automaton","floor":33,"turns":10},{"damage":18,"enemies":"Orb Walker","floor":35,"turns":4},{"damage":27,"enemies":"3 Darklings","floor":36,"turns":7},{"damage":28,"enemies":"Jaw Worm Horde","floor":37,"turns":6},{"damage":75,"enemies":"Transient","floor":39,"turns":5}],"seed_played":"1405157111075400159","potions_obtained":[{"floor":3.0,"key":"DistilledChaos"},{"floor":4.0,"key":"Weak Potion"},{"floor":10.0,"key":"champ:CounterPotion"},{"floor":11.0,"key":"Strength Potion"},{"floor":21.0,"key":"FearPotion"},{"floor":23.0,"key":"FearPotion"},{"floor":31,"key":"AttackPotion"},{"floor":33,"key":"FearPotion"},{"floor":35,"key":"Swift Potion"}],"is_trial":false,"path_per_floor":["M","M","M","M","$","R","T","M","T","M","E","R","?","E","R_BF","B",null,"M","$","M","M","M","E","?","M","T","R","?","R","E","M","R_BF","B",null,"M","M","M","?","M"],"character_chosen":"DEFECT","items_purchased":["Core Surge","Omamori","Bag of Marbles"],"campfire_rested":2,"item_purchase_floors":[5,19,19],"current_hp_per_floor":[65,64,62,59,59,59,59,44,44,34,17,39,39,34,56,33,75,70,70,55,37,29,10,10,12,12,12,12,34,2,4,4,5,75,58,49,33,33,0,0],"gold":0,"neow_bonus":"BOSS_RELIC","is_daily":false,"chose_seed":false,"campfire_upgraded":2,"win_rate":0.0,"timestamp":1609465285,"path_taken":["M","?","?","M","$","R","?","M","T","?","E","R","?","E","R_BF","BOSS","M","$","M","M","?","E","?","M","T","R","?","R","E","M","R_BF","BOSS","M","M","M","?","M"],"items_purchased_type":["Card","Relic","Relic"],"build_version":"2020-12-22","purchased_purges":1,"victory":false,"max_hp_per_floor":[75,75,75,75,75,75,75,75,75,75,75,75,75,75,75,75,75,75,75,75,75,75,75,75,75,75,75,75,75,75,75,75,75,75,75,75,75,75,75,75],"card_choices":[{"not_picked":["Reinforced Body","Hologram"],"picked":"Conserve Battery","floor":1.0},{"not_picked":["Barrage","Stack"],"picked":"Leap","floor":2.0},{"not_picked":["aspiration:Polymerization","Hologram"],"picked":"Go for the Eyes","floor":3.0},{"not_picked":["Beam Cell","BasicCrystalCard"],"picked":"Biased Cognition","floor":4.0},{"not_picked":["Force Field","Compile Driver"],"picked":"FIFO Queue","floor":8.0},{"not_picked":["Turbo","Cold Snap"],"picked":"Glacier","floor":10.0},{"not_picked":["Force Field","hubris:Prefetch"],"picked":"Defragment","floor":11.0},{"not_picked":["hubris:Prefetch","Beam Cell"],"picked":"Sweeping Beam","floor":14.0},{"not_picked":["ReplayTheSpireMod:Omega Cannon","Meteor Strike"],"picked":"Buffer","floor":16.0},{"not_picked":["hubris:PowerSurge","Hologram"],"picked":"Reprogram","floor":18.0},{"not_picked":["Barrage","Doom and Gloom"],"picked":"Conserve Battery+1","floor":20.0},{"not_picked":["Chaos","Ball Lightning"],"picked":"Rebound","floor":21.0},{"not_picked":["Barrage","ReplayTheSpireMod:Repulse"],"picked":"Gash","floor":22.0},{"not_picked":["Lockon","Compile Driver"],"picked":"Fusion+1","floor":23.0},{"not_picked":["Redo+1","Sweeping Beam+1"],"picked":"BasicCrystalCard+1","floor":25.0},{"not_picked":["Ball Lightning","ReplayTheSpireMod:System Scan+1"],"picked":"Seek","floor":30.0},{"not_picked":["Blizzard","Rebound","Replay:Cycle"],"picked":"Turbo","floor":31},{"not_picked":["ReplayRNGCard","All For One","DeusExMachina"],"picked":"Creative AI","floor":33},{"not_picked":["Coolheaded+1","Storm","Crescendo"],"picked":"Self Repair+1","floor":35},{"not_picked":["Turbo+1","Steam","Replay:Hum"],"picked":"BootSequence","floor":36},{"not_picked":["Echo Form","Gash+1","EmptyFist"],"picked":"Capacitor+1","floor":37}],"player_experience":510277,"relics_obtained":[{"floor":7.0,"key":"aspiration:EnhancedActuators"},{"floor":9.0,"key":"vexMod:BarristanHead"},{"floor":11.0,"key":"Mercury Hourglass"},{"floor":14.0,"key":"Bronze Scales"},{"floor":23.0,"key":"Blood Vial"},{"floor":26.0,"key":"hubris:MedicalManual"},{"floor":30.0,"key":"hubris:DisguiseKit"},{"floor":34,"key":"Replay:Antivirus Software"},{"floor":34,"key":"Replay:Accelerometer"},{"floor":34,"key":"hubris:FunFungus"}],"event_choices":[{"damage_healed":0.0,"max_hp_gain":0.0,"max_hp_loss":0.0,"gold_gain":100.0,"event_name":"Golden Shrine","player_choice":"Pray","floor":13.0,"gold_loss":0.0,"damage_taken":0.0},{"damage_healed":0.0,"max_hp_gain":0.0,"max_hp_loss":0.0,"gold_gain":0.0,"event_name":"Addict","player_choice":"Obtained Relic","floor":24.0,"gold_loss":85.0,"damage_taken":0.0,"relics_obtained":["Thread and Needle"]},{"damage_healed":0,"gold_gain":0,"player_choice":"Paid","damage_taken":0,"relics_obtained":["Red Mask"],"max_hp_gain":0,"max_hp_loss":0,"event_name":"Tomb of Lord Red Mask","floor":38,"gold_loss":203}],"is_beta":false,"boss_relics":[{"not_picked":["Busted Crown","ReplayTheSpireMod:DimensionalGlitch"],"picked":"vexMod:CursedCompass"},{"not_picked":["hubris:RunicObelisk","ChewingGum"],"picked":"Calling Bell"}],"items_purged_floors":[19],"is_endless":false,"potions_floor_spawned":[3,4,10,11,21,23,31,33,35],"killed_by":"Transient","ascension_level":3}}