{"host":"6gwm7y0tp7acoxay","time":1609501708,"event":{"mods":["BaseMod","Colored Map","Keyboard Shortcuts","Minty Spire (QoL Compilation)","Quick Restart","StSLib","SuperFastMode","everything is the same but u backflip on backflip"],"gold_per_floor":[112,112,37,37,48,75,75,86,109,124,158,192,218,246,246,322,322,336,363,363,363,381,410,429,429,429,461,461,490,520,547,547,618,618,634,40,262,287,237,268,302,329,329,279,297,330,280,312,312,312,312,312,312,21,46,46],"floor_reached":57,"playtime":2392,"items_purged":["Intimidate","True Grit","Fire Breathing+1"],"score":3531,"play_id":"ff93e946-7be5-4c21-8280-976f4dc7b0cc","local_time":"20210101204828","daily_mods":["SealedDeck","Heirloom","Flight"],"is_ascension_mode":true,"campfire_choices":[{"data":"Inflame","floor":15.0,"key":"SMITH"},{"floor":32.0,"key":"RECALL"},{"data":"Seeing Red","floor":49.0,"key":"PURGE"},{"data":"Flex","floor":53,"key":"PURGE"}],"circlet_count":0,"master_deck":["AscendersBane","Pommel Strike","Sword Boomerang","Armaments+1","Shrug It Off+1","Power Through","Inflame+1","Whirlwind","Reaper","Exhume","Feed+1","Battle Trance+1","Second Wind+1","Disarm","Feel No Pain","Barricade","Uppercut+1","Limit Break","Limit Break+1","Entrench+1"],"relics":["Burning Blood","Lizard Tail","Regal Pillow","Anchor","Juzu Bracelet","Happy Flower","Molten Egg 2","Oddly Smooth Stone","Fusion Hammer","Red Mask","Bag of Marbles","The Courier","Smiling Mask","War Paint","Red Skull","Sundial","Black Star","Membership Card","Potion Belt","Toxic Egg 2","Bag of Preparation","Art of War","Pantograph","Peace Pipe","Orichalcum","Pear","Singing Bowl","Eternal Feather","Frozen Egg 2","Omamori","Mango","Kunai","Pen Nib","StoneCalendar","Toy Ornithopter","HandDrill","Charon\u0027s Ashes","Mummified Hand","Thread and Needle","Lantern"],"acts_visited":["Exordium","TheCity","TheBeyond","TheEnding"],"potions_floor_usage":[50,56,56,56,56,56,56],"damage_taken":[{"damage":0.0,"enemies":"Small Slimes","floor":1.0,"turns":3.0},{"damage":0.0,"enemies":"2 Louse","floor":5.0,"turns":3.0},{"damage":1.0,"enemies":"Gremlin Nob","floor":6.0,"turns":3.0},{"damage":0.0,"enemies":"Jaw Worm","floor":8.0,"turns":3.0},{"damage":0.0,"enemies":"Red Slaver","floor":10.0,"turns":4.0},{"damage":0.0,"enemies":"3 Sentries","floor":11.0,"turns":1.0},{"damage":0.0,"enemies":"Lagavulin","floor":12.0,"turns":5.0},{"damage":15.0,"enemies":"3 Sentries","floor":13.0,"turns":3.0},{"damage":8.0,"enemies":"Gremlin Nob","floor":14.0,"turns":3.0},{"damage":19.0,"enemies":"The Guardian","floor":16.0,"turns":10.0},{"damage":18.0,"enemies":"Chosen","floor":18.0,"turns":5.0},{"damage":14.0,"enemies":"Masked Bandits","floor":19.0,"turns":4.0},{"damage":0.0,"enemies":"Shell Parasite","floor":22.0,"turns":5.0},{"damage":4.0,"enemies":"Gremlin Leader","floor":23.0,"turns":10.0},{"damage":14.0,"enemies":"Chosen and Byrds","floor":24.0,"turns":7.0},{"damage":64.0,"enemies":"Slavers","floor":27.0,"turns":6.0},{"damage":0.0,"enemies":"Gremlin Leader","floor":29.0,"turns":7.0},{"damage":0.0,"enemies":"Book of Stabbing","floor":30.0,"turns":8.0},{"damage":3.0,"enemies":"Gremlin Leader","floor":31.0,"turns":6.0},{"damage":0.0,"enemies":"Automaton","floor":33.0,"turns":9.0},{"damage":7.0,"enemies":"3 Shapes","floor":35.0,"turns":7.0},{"damage":2.0,"enemies":"Mind Bloom Boss Battle","floor":38.0,"turns":6.0},{"damage":44.0,"enemies":"Giant Head","floor":40.0,"turns":7.0},{"damage":3.0,"enemies":"Nemesis","floor":41.0,"turns":7.0},{"damage":54.0,"enemies":"Reptomancer","floor":42.0,"turns":7.0},{"damage":11.0,"enemies":"Orb Walker","floor":45.0,"turns":4.0},{"damage":0.0,"enemies":"Nemesis","floor":46.0,"turns":9.0},{"damage":19.0,"enemies":"Giant Head","floor":48.0,"turns":7.0},{"damage":76,"enemies":"Donu and Deca","floor":50,"turns":7},{"damage":48,"enemies":"Awakened One","floor":51,"turns":8},{"damage":41,"enemies":"Shield and Spear","floor":55,"turns":9},{"damage":59,"enemies":"The Heart","floor":56,"turns":9}],"seed_played":"-3363254827243981767","potions_obtained":[{"floor":1.0,"key":"CultistPotion"},{"floor":6.0,"key":"Block Potion"},{"floor":10.0,"key":"LiquidMemories"},{"floor":19.0,"key":"Fire Potion"},{"floor":27.0,"key":"FearPotion"},{"floor":30.0,"key":"Strength Potion"},{"floor":40.0,"key":"GamblersBrew"},{"floor":41.0,"key":"DistilledChaos"},{"floor":45.0,"key":"EntropicBrew"}],"is_trial":true,"path_per_floor":["M","?","?","?","M","E","T","M","T","M","E","E","E","E","R","B",null,"M","?","?","?","M","E","M","?","T","E","?","E","E","E","R","B",null,"M","$","?","?","$","E","E","E","T","$","M","E","$","E","R","B","B",null,"R","$","E","B",null],"character_chosen":"IRONCLAD","items_purchased":["Membership Card","Potion Belt","Toxic Egg 2","Bag of Preparation","Limit Break+1","Art of War","Pantograph","HandDrill","Charon\u0027s Ashes","Mummified Hand"],"campfire_rested":0,"item_purchase_floors":[36,36,36,36,36,36,36,54,54,54],"current_hp_per_floor":[74,74,74,51,57,62,62,68,68,74,75,75,66,64,64,58,71,59,71,71,66,87,91,89,89,89,61,61,92,99,103,103,107,107,114,114,114,119,119,116,121,79,93,93,94,117,117,157,167,161,133,165,175,175,164,128],"gold":46,"neow_bonus":"","is_daily":false,"chose_seed":false,"campfire_upgraded":1,"win_rate":0.0,"timestamp":1609501708,"path_taken":["M","?","?","?","M","E","?","M","T","?","E","E","E","E","R","BOSS","M","?","?","?","M","E","M","?","T","E","?","E","E","E","R","BOSS","M","$","?","?","?","E","E","E","T","$","M","E","$","E","R","BOSS","BOSS","R","$","E","BOSS"],"items_purchased_type":["Relic","Relic","Relic","Relic","Card","Relic","Relic","Relic","Relic","Relic"],"build_version":"2020-12-22","purchased_purges":3,"victory":true,"max_hp_per_floor":[75,75,75,75,75,75,75,75,75,75,75,75,75,75,75,75,75,75,83,83,83,87,91,91,91,91,91,91,95,99,103,103,107,107,115,115,115,119,119,133,135,141,155,155,161,163,163,167,167,171,175,175,175,175,177,181],"card_choices":[{"not_picked":["Armaments","Clothesline","Twin Strike"],"picked":"SKIP","floor":1.0},{"not_picked":["Headbutt","Flex","Warcry"],"picked":"SKIP","floor":5.0},{"not_picked":["Clothesline","Havoc"],"picked":"Power Through","floor":6.0},{"not_picked":["Power Through","Armaments"],"picked":"Inflame","floor":8.0},{"not_picked":["Pommel Strike","Clash"],"picked":"Whirlwind","floor":10.0},{"not_picked":["Shockwave","Evolve"],"picked":"Reaper","floor":11.0},{"not_picked":["Rupture","Corruption","Whirlwind"],"picked":"SKIP","floor":12.0},{"not_picked":["Twin Strike+1","Perfected Strike+1","Thunderclap+1"],"picked":"SKIP","floor":13.0},{"not_picked":["Metallicize","Warcry"],"picked":"Exhume","floor":14.0},{"not_picked":["Brutality","Offering"],"picked":"Feed+1","floor":16.0},{"not_picked":["Wild Strike+1","Twin Strike+1"],"picked":"Battle Trance","floor":18.0},{"not_picked":["Wild Strike+1","Clothesline+1"],"picked":"Second Wind","floor":19.0},{"not_picked":["Sword Boomerang+1","Wild Strike+1"],"picked":"Feel No Pain","floor":22.0},{"not_picked":["Dark Embrace","Barricade","Ghostly Armor"],"picked":"SKIP","floor":23.0},{"not_picked":["Dark Embrace","Ghostly Armor"],"picked":"Barricade","floor":23.0},{"not_picked":["Perfected Strike+1","Rage","Combust"],"picked":"SKIP","floor":24.0},{"not_picked":["Dropkick+1","Anger+1","Twin Strike+1"],"picked":"SKIP","floor":27.0},{"not_picked":["Perfected Strike+1","True Grit","Dual Wield"],"picked":"SKIP","floor":29.0},{"not_picked":["Armaments","Feed+1","Ghostly Armor+1"],"picked":"SKIP","floor":30.0},{"not_picked":["Shockwave","Sword Boomerang+1"],"picked":"Uppercut+1","floor":31.0},{"not_picked":["Brutality","Feed+1"],"picked":"Limit Break","floor":33.0},{"not_picked":["Armaments","Body Slam+1","Metallicize"],"picked":"SKIP","floor":35.0},{"not_picked":["Barricade","Sword Boomerang+1","Metallicize"],"picked":"SKIP","floor":40.0},{"not_picked":["Warcry+1","Clothesline+1","Thunderclap+1"],"picked":"Singing Bowl","floor":41.0},{"not_picked":["Spot Weakness+1","Heavy Blade+1","Dual Wield+1"],"picked":"Singing Bowl","floor":42.0},{"not_picked":["Anger+1","Sever Soul+1","Pommel Strike+1"],"picked":"Singing Bowl","floor":45.0},{"not_picked":["Limit Break+1","Warcry+1","Flex+1"],"picked":"Singing Bowl","floor":46.0},{"not_picked":["Body Slam+1","Pommel Strike+1"],"picked":"Entrench+1","floor":48.0},{"not_picked":["Perfected Strike+1","Body Slam+1","Inflame+1"],"picked":"Singing Bowl","floor":55}],"player_experience":4346925,"relics_obtained":[{"floor":6.0,"key":"Regal Pillow"},{"floor":9.0,"key":"Anchor"},{"floor":11.0,"key":"Juzu Bracelet"},{"floor":12.0,"key":"Happy Flower"},{"floor":13.0,"key":"Molten Egg 2"},{"floor":14.0,"key":"Oddly Smooth Stone"},{"floor":19.0,"key":"Red Mask"},{"floor":23.0,"key":"Bag of Marbles"},{"floor":26.0,"key":"The Courier"},{"floor":27.0,"key":"Smiling Mask"},{"floor":29.0,"key":"War Paint"},{"floor":30.0,"key":"Red Skull"},{"floor":31.0,"key":"Sundial"},{"floor":38.0,"key":"Peace Pipe"},{"floor":40.0,"key":"Orichalcum"},{"floor":40.0,"key":"Pear"},{"floor":41.0,"key":"Singing Bowl"},{"floor":41.0,"key":"Eternal Feather"},{"floor":42.0,"key":"Frozen Egg 2"},{"floor":42.0,"key":"Omamori"},{"floor":43.0,"key":"Mango"},{"floor":46.0,"key":"Kunai"},{"floor":46.0,"key":"Pen Nib"},{"floor":48.0,"key":"StoneCalendar"},{"floor":48.0,"key":"Toy Ornithopter"},{"floor":55,"key":"Thread and Needle"},{"floor":55,"key":"Lantern"}],"event_choices":[{"damage_healed":0.0,"max_hp_gain":0.0,"max_hp_loss":0.0,"gold_gain":0.0,"event_name":"Living Wall","player_choice":"Grow","floor":2.0,"gold_loss":0.0,"damage_taken":0.0,"cards_upgraded":["Armaments"]},{"cards_removed":["Headbutt"],"damage_healed":0.0,"max_hp_gain":0.0,"max_hp_loss":0.0,"gold_gain":0.0,"event_name":"The Cleric","player_choice":"Card Removal","floor":3.0,"gold_loss":75.0,"damage_taken":0.0},{"damage_healed":0.0,"max_hp_gain":0.0,"max_hp_loss":0.0,"gold_gain":0.0,"event_name":"Shining Light","player_choice":"Entered Light","floor":4.0,"gold_loss":0.0,"damage_taken":23.0,"cards_upgraded":["Fire Breathing","Shrug It Off"]},{"damage_healed":0.0,"max_hp_gain":0.0,"max_hp_loss":0.0,"gold_gain":0.0,"event_name":"Masked Bandits","player_choice":"Fought Bandits","floor":19.0,"gold_loss":0.0,"damage_taken":0.0},{"damage_healed":0.0,"max_hp_gain":0.0,"max_hp_loss":0.0,"gold_gain":0.0,"event_name":"The Library","player_choice":"Read","floor":20.0,"gold_loss":0.0,"damage_taken":0.0,"cards_obtained":["Disarm"]},{"damage_healed":0.0,"max_hp_gain":0.0,"max_hp_loss":0.0,"gold_gain":0.0,"event_name":"The Woman in Blue","player_choice":"Bought 0 Potions","floor":21.0,"gold_loss":0.0,"damage_taken":0.0},{"damage_healed":0.0,"max_hp_gain":0.0,"max_hp_loss":0.0,"gold_gain":0.0,"event_name":"Ghosts","player_choice":"Ignored","floor":25.0,"gold_loss":0.0,"damage_taken":0.0},{"damage_healed":0.0,"max_hp_gain":0.0,"max_hp_loss":0.0,"gold_gain":0.0,"event_name":"Cursed Tome","player_choice":"Ignored","floor":28.0,"gold_loss":0.0,"damage_taken":0.0},{"damage_healed":0.0,"max_hp_gain":0.0,"max_hp_loss":0.0,"gold_gain":222.0,"event_name":"Tomb of Lord Red Mask","player_choice":"Wore Mask","floor":37.0,"gold_loss":0.0,"damage_taken":0.0},{"damage_healed":0.0,"max_hp_gain":0.0,"max_hp_loss":0.0,"gold_gain":0.0,"event_name":"MindBloom","player_choice":"Fight","floor":38.0,"gold_loss":0.0,"damage_taken":0.0}],"is_beta":false,"boss_relics":[{"not_picked":["Velvet Choker","Ectoplasm"],"picked":"Fusion Hammer"},{"not_picked":["SlaversCollar","Snecko Eye"],"picked":"Black Star"}],"items_purged_floors":[39,44,47],"is_endless":false,"potions_floor_spawned":[1,6,10,13,19,22,27,30,33,40,41,45,48],"ascension_level":20}}