{"host":"c2og1cp357bgjv9b","time":1609483482,"event":{"mods":["BaseMod","Colored Map","Minty Spire (QoL Compilation)","Replay The Spire","StSLib"],"gold_per_floor":[110,110,110,122,297,297,312,312,312,322,322,322,322,322,322,426,426,436,436,54,74,74,74,99,116,169,169,169,169,184,200,200,304,304,336,39,102,2,2,31,56,85,136,136,163,163,163,200,200,212,212],"floor_reached":50,"playtime":3351,"items_purged":["Strike_R","Defend_R"],"score":501,"play_id":"3239326c-cd02-47d3-87c1-cc57fb05699f","local_time":"20210101144442","is_ascension_mode":false,"campfire_choices":[{"data":"True Grit","floor":6,"key":"SMITH"},{"data":"True Grit","floor":8,"key":"SMITH"},{"data":"Fire Breathing","floor":12,"key":"SMITH"},{"data":"Neutralize","floor":15,"key":"SMITH"},{"data":"Hemogenesis","floor":23,"key":"SMITH"},{"data":"Wild Strike","floor":28,"key":"SMITH"},{"data":"Wild Strike","floor":32,"key":"SMITH"},{"data":"Juggernaut","floor":44,"key":"SMITH"},{"data":"Fire Breathing","floor":46,"key":"SMITH"},{"floor":49,"key":"REST"}],"circlet_count":0,"master_deck":["Strike_R","Strike_R+1","Strike_R","Strike_R","Defend_R","Defend_R+1","Defend_R","True Grit+1","True Grit+1","Defy Death","Fire Breathing+1","Survivor","Neutralize+1","Impervious","Necronomicurse","Hemogenesis+1","Fire Breathing+1","Dual Wield","Wild Strike+1","Voices","Flame Barrier","Wild Strike+1","Juggernaut+1","CurseOfTheBell","Wild Strike+1","Offering","Writhe"],"relics":["Burning Blood","NeowsBlessing","ReplayTheSpireMod:Ninjato","Nunchaku","Mark of Pain","Necronomicon","PreservedInsect","Champion Belt","Lantern","Ring of Panic","Ring of Fury","Bag of Marbles","Calling Bell","Replay:Bandana","Garlic","Girya","Calipers","Torii","Dream Catcher","Anchor","Golden Egg"],"acts_visited":["Exordium","TheCity","TheBeyond"],"potions_floor_usage":[21,24,33,37,50],"damage_taken":[{"damage":0,"enemies":"Small Slimes","floor":1,"turns":2},{"damage":0,"enemies":"2 Louse","floor":4,"turns":1},{"damage":0,"enemies":"Jaw Worm","floor":7,"turns":1},{"damage":3,"enemies":"Large Slime","floor":10,"turns":10},{"damage":46,"enemies":"Hexaghost","floor":16,"turns":15},{"damage":0,"enemies":"Chosen","floor":18,"turns":4},{"damage":2,"enemies":"3 Byrds","floor":21,"turns":4},{"damage":32,"enemies":"Replay:Snechameleon","floor":24,"turns":4},{"damage":17,"enemies":"Sentry and Sphere","floor":25,"turns":8},{"damage":12,"enemies":"Snake Plant","floor":30,"turns":4},{"damage":4,"enemies":"3 Cultists","floor":31,"turns":5},{"damage":58,"enemies":"Champ","floor":33,"turns":10},{"damage":2,"enemies":"3 Shapes","floor":35,"turns":2},{"damage":14,"enemies":"2 Orb Walkers","floor":37,"turns":3},{"damage":23,"enemies":"3 Darklings","floor":40,"turns":5},{"damage":0,"enemies":"Spire Growth","floor":41,"turns":4},{"damage":27,"enemies":"Maw","floor":42,"turns":8},{"damage":73,"enemies":"Reptomancer","floor":48,"turns":4},{"damage":55,"enemies":"Donu and Deca","floor":50,"turns":5}],"seed_played":"2199656223309036812","potions_obtained":[{"floor":1,"key":"SteroidPotion"},{"floor":10,"key":"GamblersBrew"},{"floor":16,"key":"Weak Potion"},{"floor":18,"key":"PowerPotion"},{"floor":22,"key":"PowerPotion"},{"floor":24,"key":"Dexterity Potion"},{"floor":25,"key":"ColorlessPotion"},{"floor":35,"key":"Languid Potion"},{"floor":40,"key":"FearPotion"},{"floor":42,"key":"FearPotion"}],"is_trial":false,"path_per_floor":["M","?","?","M","?","R","M","R","T","M","?","R","?","?","R","B",null,"M","?","$","M","?","R","E","M","T","?","R","?","M","M","R","B",null,"M","$","?","$","?","M","M","M","T","R","T","R","?","E","R","B"],"character_chosen":"IRONCLAD","items_purchased":["Hemogenesis","PreservedInsect","Calipers"],"campfire_rested":1,"item_purchase_floors":[20,20,36],"current_hp_per_floor":[80,64,69,75,75,75,81,81,81,84,77,77,77,70,70,30,85,85,69,69,83,83,83,73,74,74,74,74,74,79,85,85,49,85,85,85,77,77,77,76,85,64,64,64,64,64,85,18,43,0,0],"gold":212,"neow_bonus":"THREE_ENEMY_KILL","is_daily":false,"chose_seed":false,"campfire_upgraded":9,"win_rate":0.0,"timestamp":1609483482,"path_taken":["M","?","?","M","?","R","?","R","T","M","?","R","?","?","R","BOSS","M","?","$","M","?","R","E","?","T","?","R","?","?","M","R","BOSS","M","$","?","$","?","M","M","?","T","R","?","R","?","E","R","BOSS"],"items_purchased_type":["Card","Relic","Relic"],"build_version":"2020-12-22","purchased_purges":2,"victory":false,"max_hp_per_floor":[80,80,85,85,85,85,85,85,85,85,85,85,85,85,85,85,85,85,85,85,85,85,85,85,85,85,85,85,85,85,85,85,85,85,85,85,85,85,85,85,85,85,85,85,85,85,85,85,85,85,85],"card_choices":[{"not_picked":["Abandon","Headbutt"],"picked":"True Grit","floor":1},{"not_picked":["ReplayTheSpireMod:LeadingStrike","Twin Strike"],"picked":"True Grit","floor":4},{"not_picked":["Dark Embrace","Metallicize"],"picked":"Defy Death","floor":7},{"not_picked":["Bloodletting","Flame Barrier"],"picked":"Fire Breathing","floor":10},{"not_picked":["Berserk","Hemogenesis"],"picked":"Impervious","floor":16},{"not_picked":["Anger","Thunderclap","True Grit+1"],"picked":"SKIP","floor":18},{"not_picked":["True Grit+1","Headbutt"],"picked":"Fire Breathing","floor":21},{"not_picked":["Headbutt","Second Wind"],"picked":"Dual Wield","floor":24},{"not_picked":["Thunderclap","ReplayTheSpireMod:Strike From Hell"],"picked":"Wild Strike","floor":25},{"not_picked":["Berserk","Iron Wave+1"],"picked":"Flame Barrier","floor":30},{"not_picked":["Fire Breathing","Anger"],"picked":"Wild Strike","floor":31},{"not_picked":["Fiend Fire","Reaper"],"picked":"Juggernaut","floor":33},{"not_picked":["Flex+1","Sword Boomerang+1","Inflame+1"],"picked":"SKIP","floor":35},{"not_picked":["Rampage+1","Shockwave","Replay:Undeath\u0027s Touch"],"picked":"SKIP","floor":40},{"not_picked":["Flex+1","Twin Strike"],"picked":"Wild Strike+1","floor":41},{"not_picked":["Twin Strike+1","ReplayTheSpireMod:Stacked"],"picked":"Offering","floor":42},{"not_picked":["Sword Boomerang","Entrench","Perfected Strike"],"picked":"SKIP","floor":48}],"player_experience":139341,"relics_obtained":[{"floor":9,"key":"ReplayTheSpireMod:Ninjato"},{"floor":19,"key":"Necronomicon"},{"floor":24,"key":"Champion Belt"},{"floor":26,"key":"Lantern"},{"floor":27,"key":"Ring of Panic"},{"floor":27,"key":"Ring of Fury"},{"floor":34,"key":"Replay:Bandana"},{"floor":34,"key":"Garlic"},{"floor":34,"key":"Girya"},{"floor":37,"key":"Torii"},{"floor":45,"key":"Anchor"},{"floor":48,"key":"Golden Egg"}],"event_choices":[{"damage_healed":0,"gold_gain":0,"player_choice":"Entered Light","damage_taken":16,"max_hp_gain":0,"max_hp_loss":0,"event_name":"Shining Light","floor":2,"gold_loss":0,"cards_upgraded":["Defend_R","Strike_R"]},{"damage_healed":0,"gold_gain":0,"player_choice":"Donut","damage_taken":0,"max_hp_gain":5,"max_hp_loss":0,"event_name":"Big Fish","floor":3,"gold_loss":0},{"damage_healed":0,"gold_gain":175,"player_choice":"AGREE","damage_taken":0,"max_hp_gain":0,"max_hp_loss":0,"event_name":"Liars Game","floor":5,"gold_loss":0,"cards_obtained":["Doubt"]},{"cards_removed":["Doubt"],"damage_healed":0,"gold_gain":0,"player_choice":"Card Removal","damage_taken":7,"max_hp_gain":0,"max_hp_loss":0,"event_name":"Golden Wing","floor":11,"gold_loss":0},{"damage_healed":0,"gold_gain":0,"player_choice":"Success","damage_taken":7,"relics_obtained":["Nunchaku"],"max_hp_gain":0,"max_hp_loss":0,"event_name":"Scrap Ooze","floor":14,"gold_loss":0},{"damage_healed":0,"gold_gain":0,"player_choice":"Obtained Book","damage_taken":16,"max_hp_gain":0,"max_hp_loss":0,"event_name":"Cursed Tome","floor":19,"gold_loss":0},{"damage_healed":0,"gold_gain":0,"player_choice":"Got Potions","damage_taken":0,"max_hp_gain":0,"max_hp_loss":0,"event_name":"Lab","floor":22,"gold_loss":0},{"damage_healed":0,"gold_gain":0,"player_choice":"Fight","damage_taken":0,"max_hp_gain":0,"max_hp_loss":0,"event_name":"Mysterious Sphere","floor":37,"gold_loss":0},{"damage_healed":0,"gold_gain":0,"player_choice":"Gave Potion","damage_taken":0,"relics_obtained":["Dream Catcher"],"max_hp_gain":0,"max_hp_loss":0,"event_name":"WeMeetAgain","floor":39,"gold_loss":0},{"damage_healed":21,"gold_gain":0,"player_choice":"Writhe","damage_taken":0,"max_hp_gain":0,"max_hp_loss":0,"event_name":"Winding Halls","floor":47,"gold_loss":0,"cards_obtained":["Writhe"]}],"is_beta":false,"boss_relics":[{"not_picked":["Honey Jar","Tiny House"],"picked":"Mark of Pain"},{"not_picked":["Replay:Wanted Poster","SacredBark"],"picked":"Calling Bell"}],"items_purged_floors":[20,38],"is_endless":false,"potions_floor_spawned":[1,10,16,18,24,25,35,40,42],"killed_by":"Donu and Deca","ascension_level":0}}