{"host":"nox","time":1609511407,"event":{"mods":["Act Like it!","Aspiration","BaseMod","Better Altar","Better Match","Better Note","Better Sensory Stone","Better Skull","Better Third Choice","BetterRewards","Colored Powertips","Conspire","Energized Spire","GifTheSpireLib","Hubris","Infinite Spire","Minty Spire (QoL Compilation)","Pale of the Ancients","Quick Restart","Rare Cards Sparkle","Replay The Spire","Shop Mod","Spikes Relics","StSLib","Stuff the Spire","SuperFastMode","The Alterego","vexMod"],"gold_per_floor":[116,68,87,98,116,143,143,155,182,182,182],"floor_reached":10,"playtime":357,"items_purged":[],"score":98,"play_id":"1086ba1c-28d5-46e5-bb6a-5968f91fd303","local_time":"20210101213007","is_ascension_mode":true,"campfire_choices":[{"floor":7,"key":"REST"}],"circlet_count":0,"master_deck":["Strike_G","Strike_G","Strike_G","Strike_G","Strike_G","Defend_G","Defend_G","Defend_G","Defend_G","Defend_G","Survivor","Neutralize","Underhanded Strike","Underhanded Strike","StuffTheSpire:BumpUp","Outmaneuver","Venomology","ReplayTheSpireMod:Speed Training"],"relics":["Ring of the Snake","WingedGreaves"],"acts_visited":["Exordium"],"potions_floor_usage":[6,10,10,10,10],"damage_taken":[{"damage":0,"enemies":"2 Louse","floor":1,"turns":3},{"damage":12,"enemies":"Small Slimes","floor":3,"turns":4},{"damage":1,"enemies":"Cultist","floor":4,"turns":3},{"damage":6,"enemies":"Exordium Wildlife","floor":5,"turns":3},{"damage":32,"enemies":"Lagavulin","floor":6,"turns":8},{"damage":18,"enemies":"Blue Slaver","floor":8,"turns":5},{"damage":25,"enemies":"3 Sentries","floor":10,"turns":5}],"seed_played":"4347262477442046845","potions_obtained":[{"floor":5,"key":"DistilledChaos"},{"floor":6,"key":"Adrenaline Potion"},{"floor":8,"key":"Energy Potion"}],"is_trial":false,"path_per_floor":["M","$","M","M","M","E","R","M","T","E"],"character_chosen":"THE_SILENT","items_purchased":["Underhanded Strike"],"campfire_rested":1,"item_purchase_floors":[2],"current_hp_per_floor":[70,70,58,57,51,19,42,24,24,0,0],"gold":182,"neow_bonus":"TEN_PERCENT_HP_BONUS","is_daily":false,"chose_seed":false,"campfire_upgraded":0,"win_rate":0.0,"timestamp":1609511407,"path_taken":["M","$","M","M","M","E","R","M","T","E"],"items_purchased_type":["Card"],"build_version":"2020-11-17","purchased_purges":0,"victory":false,"max_hp_per_floor":[77,77,77,77,77,77,77,77,77,77,77],"card_choices":[{"not_picked":["Flechettes","StuffTheSpire:Python"],"picked":"Underhanded Strike","floor":1},{"not_picked":["PiercingWail","Blade Dance"],"picked":"StuffTheSpire:BumpUp","floor":3},{"not_picked":["StuffTheSpire:Python","Expertise","Acrobatics"],"picked":"SKIP","floor":4},{"not_picked":["Quick Slash","Poisoned Stab"],"picked":"Outmaneuver","floor":5},{"not_picked":["StuffTheSpire:ClusterCrunch","hubris:SlightOfHand"],"picked":"Venomology","floor":6},{"not_picked":["Backflip","Quick Slash"],"picked":"ReplayTheSpireMod:Speed Training","floor":8}],"player_experience":289310,"relics_obtained":[{"floor":6,"key":"WingedGreaves"}],"event_choices":[],"is_beta":true,"boss_relics":[],"items_purged_floors":[],"is_endless":false,"potions_floor_spawned":[5,6,8],"killed_by":"3 Sentries","ascension_level":8}}