{"host":"3vgzk5mhz751jdrj","time":1609496548,"event":{"mods":["2.2 Compatiblity","AchievementEnabler","Act Like it!","Aspiration","BaseMod","Better Match","Better Note","Better Sensory Stone","Better Skull","Better Third Choice","Block Reminder","Colored Map","Conspire","Displayed Cursed Tome","Downfall","Downfall-Rebalance","Friendly Minions","GifTheSpireLib","Halation","Hubris","Marked Mod","Mimic Mod","Minty Spire (QoL Compilation)","Quick Restart","Rare Cards Sparkle","Replay The Spire","Reworked Bosses","Shop Mod","Spicy Shops","Spikes Relics","StSLib","Stuff the Spire","The Marked","Trackpad","vexMod"],"gold_per_floor":[209,184,184,184,220,250,250,270,304,318,94,125,141,141,141,241,241,196,196],"floor_reached":18,"playtime":860,"items_purged":[],"score":168,"play_id":"d0e06703-ea6d-4f8a-a9c9-ede2da43ba78","local_time":"20210101052228","is_ascension_mode":false,"campfire_choices":[{"data":"theMarked:Parry","floor":7,"key":"SMITH"},{"floor":15,"key":"REST"}],"circlet_count":0,"master_deck":["theMarked:Strike","theMarked:Strike","theMarked:Strike","theMarked:Strike","theMarked:Strike","theMarked:Defend","theMarked:Defend","theMarked:Defend","theMarked:Defend","theMarked:SwordAndMagic","theMarked:ChainLightning","theMarked:SoldierOfQuellstein+1","theMarked:Parry+1","theMarked:Opportunist+1","theMarked:MaelstromOfLightning+1","theMarked:Electrocute","theMarked:TakeOffHeels"],"relics":["theMarked:ArtifactOfAir","StuffTheSpire:Mouthbags","Strawberry","trackpad:WritersBlock","vexMod:PaidLearning","theMarked:DemonDagger","Snecko Eye"],"acts_visited":["Exordium","TheCity"],"potions_floor_usage":[6,13,18],"damage_taken":[{"damage":0,"enemies":"Jaw Worm","floor":1,"turns":4},{"damage":0,"enemies":"Small Slimes","floor":5,"turns":7},{"damage":12,"enemies":"3 Sentries","floor":6,"turns":7},{"damage":0,"enemies":"Small Slimes","floor":8,"turns":2},{"damage":0,"enemies":"2 Louse","floor":9,"turns":5},{"damage":0,"enemies":"2 Louse","floor":10,"turns":2},{"damage":22,"enemies":"Gremlin Nob","floor":12,"turns":4},{"damage":10,"enemies":"Looter","floor":13,"turns":2},{"damage":46,"enemies":"Hexaghost","floor":16,"turns":10},{"damage":21,"enemies":"2 Thieves","floor":18,"turns":3}],"seed_played":"-4897160783211139146","potions_obtained":[{"floor":1,"key":"AttackPotion"},{"floor":12,"key":"Explosive Potion"},{"floor":16,"key":"Adrenaline Potion"}],"is_trial":false,"path_per_floor":["M","?","?","?","MIM","E","R","M","MIM","M","$","E","M","$","R","B",null,"M"],"character_chosen":"THE_DEFAULT","items_purchased":["trackpad:WritersBlock","vexMod:PaidLearning"],"campfire_rested":1,"item_purchase_floors":[11,11],"current_hp_per_floor":[70,70,70,70,70,58,58,58,65,65,65,43,33,33,56,10,77,56,56],"gold":196,"neow_bonus":"HUNDRED_GOLD","is_daily":false,"chose_seed":false,"campfire_upgraded":1,"win_rate":0.0,"timestamp":1609496548,"path_taken":["M","?","?","?","?","E","R","M","MIM","M","$","E","M","$","R","BOSS","M"],"items_purchased_type":["Relic","Relic"],"build_version":"2020-12-22","purchased_purges":0,"victory":false,"max_hp_per_floor":[70,70,70,70,70,70,70,70,77,77,77,77,77,77,77,77,77,77,77],"card_choices":[{"not_picked":["theMarked:WardOff","theMarked:WastefulAttack"],"picked":"theMarked:SwordAndMagic","floor":1},{"not_picked":["theMarked:AttractMetal","theMarked:MuscleMemory"],"picked":"theMarked:Parry","floor":6},{"not_picked":["theMarked:TwofoldDefense","theMarked:SwordAndMagic"],"picked":"theMarked:Opportunist","floor":8},{"not_picked":["theMarked:Frustration","theMarked:BanishingStrike"],"picked":"theMarked:MaelstromOfLightning","floor":9},{"not_picked":["theMarked:TwofoldDefense","theMarked:ElectricStrings","theMarked:StartUp"],"picked":"SKIP","floor":10},{"not_picked":["theMarked:Static","theMarked:FavorableWinds","theMarked:StartUp"],"picked":"SKIP","floor":12},{"not_picked":["theMarked:AttractMetal","theMarked:Improvise"],"picked":"theMarked:Electrocute","floor":13},{"not_picked":["theMarked:ThrowWeapon","theMarked:Defy"],"picked":"theMarked:TakeOffHeels","floor":16}],"player_experience":403449,"relics_obtained":[{"floor":6,"key":"StuffTheSpire:Mouthbags"},{"floor":9,"key":"Strawberry"},{"floor":12,"key":"theMarked:DemonDagger"}],"event_choices":[{"damage_healed":0,"gold_gain":1,"player_choice":"4","damage_taken":0,"max_hp_gain":0,"max_hp_loss":0,"event_name":"betterStone:BetterStone","floor":3,"gold_loss":0,"cards_obtained":["theMarked:ChainLightning"]}],"is_beta":false,"boss_relics":[{"not_picked":["aspiration:RunicSpoon","Abe\u0027s Treasure"],"picked":"Snecko Eye"}],"items_purged_floors":[],"is_endless":false,"potions_floor_spawned":[1,12,16],"killed_by":"2 Thieves","ascension_level":0}}