{"host":"klzxa3457b6fcx00","time":1609491353,"event":{"mods":["AchievementEnabler","BaseMod","Downfall","Minty Spire (QoL Compilation)","Replay The Spire","StSLib"],"gold_per_floor":[113,113,68,84,97,128,128,146,146,146,146,146,162,14,14,14,14],"floor_reached":16,"playtime":338,"items_purged":[],"score":100,"play_id":"1b50c720-bf66-4845-9899-f2a8027d46f6","local_time":"20210101155553","is_ascension_mode":false,"campfire_choices":[{"floor":7,"key":"REST"},{"data":"Heavy Blade","floor":11,"key":"SMITH"},{"data":"Limit Break","floor":15,"key":"SMITH"}],"circlet_count":0,"master_deck":["Strike_R","Strike_R","Strike_R","Strike_R","Strike_R","Defend_R","Defend_R","Defend_R","Defend_R","Bash","Flex","Anger","Flex","Heavy Blade+1","Limit Break+1"],"relics":["Burning Blood","NeowsBlessing","Juzu Bracelet","Bronze Scales","Golden Idol"],"acts_visited":["Exordium"],"potions_floor_usage":[6,16,16],"damage_taken":[{"damage":0,"enemies":"Small Slimes","floor":1,"turns":1},{"damage":0,"enemies":"Cultist","floor":4,"turns":1},{"damage":0,"enemies":"Jaw Worm","floor":5,"turns":1},{"damage":50,"enemies":"Lagavulin","floor":6,"turns":8},{"damage":14,"enemies":"Blue Slaver","floor":8,"turns":3},{"damage":5,"enemies":"2 Fungi Beasts","floor":13,"turns":3},{"damage":48,"enemies":"Hexaghost","floor":16,"turns":9}],"seed_played":"8231270154382593910","potions_obtained":[{"floor":4,"key":"Venom Potion"},{"floor":5,"key":"FearPotion"},{"floor":13,"key":"SkillPotion"}],"is_trial":false,"path_per_floor":["M","?","$","M","M","E","R","M","T","?","R","?","M","$","R","B"],"character_chosen":"IRONCLAD","items_purchased":["Flex","Limit Break"],"campfire_rested":1,"item_purchase_floors":[3,14],"current_hp_per_floor":[80,80,80,80,80,36,60,52,52,52,52,45,46,46,46,0,0],"gold":14,"neow_bonus":"THREE_ENEMY_KILL","is_daily":false,"chose_seed":false,"campfire_upgraded":2,"win_rate":0.0,"timestamp":1609491353,"path_taken":["M","?","$","?","M","E","R","M","T","?","R","?","M","$","R","BOSS"],"items_purchased_type":["Card","Card"],"build_version":"2020-12-22","purchased_purges":0,"victory":false,"max_hp_per_floor":[80,80,80,80,80,80,80,80,80,80,80,80,80,80,80,80,80],"card_choices":[{"not_picked":["Pommel Strike","Feel No Pain","Heavy Blade"],"picked":"SKIP","floor":1},{"not_picked":["Armaments","Shockwave"],"picked":"Anger","floor":4},{"not_picked":["Combust","Cleave"],"picked":"Flex","floor":5},{"not_picked":["Clash","Rage","Sword Boomerang"],"picked":"SKIP","floor":6},{"not_picked":["True Grit","Dual Wield"],"picked":"Heavy Blade","floor":8},{"not_picked":["Shockwave","ReplayTheSpireMod:Limb From Limb","Havoc"],"picked":"SKIP","floor":13}],"player_experience":236280,"relics_obtained":[{"floor":6,"key":"Juzu Bracelet"},{"floor":9,"key":"Bronze Scales"}],"event_choices":[{"damage_healed":0,"gold_gain":0,"player_choice":"Ignored","damage_taken":0,"max_hp_gain":0,"max_hp_loss":0,"event_name":"NoteForYourself","floor":2,"gold_loss":0},{"damage_healed":0,"gold_gain":0,"player_choice":"Take Wound","damage_taken":0,"relics_obtained":["Golden Idol"],"max_hp_gain":0,"max_hp_loss":0,"event_name":"Golden Idol","floor":10,"gold_loss":0,"cards_obtained":["Injury"]},{"cards_removed":["Injury"],"damage_healed":0,"gold_gain":0,"player_choice":"Card Removal","damage_taken":7,"max_hp_gain":0,"max_hp_loss":0,"event_name":"Golden Wing","floor":12,"gold_loss":0}],"is_beta":false,"boss_relics":[],"items_purged_floors":[],"is_endless":false,"potions_floor_spawned":[4,5,13],"killed_by":"Hexaghost","ascension_level":0}}