{"host":"8m3txu8mcyu46pv6","time":1609493482,"event":{"mods":["ATMod(°¢èªMod)","BaseMod","Minty Spire (QoL Compilation)","StSLib"],"gold_per_floor":[115,115,132,57,57,57,57,332,332,82,115,115,126,140,140,241,241,261,272,124,140,175,209,2,33,33,67,81,81,91,104,104,199,199,215,233,243,254,270,296,313,324,372,400,412,274,99,111,111,111,111,111,65,90,90],"floor_reached":56,"playtime":1197,"items_purged":["Strike_R","Regret","Strike_R","Regret","Pain"],"score":2275,"play_id":"45ef8006-087c-4ed0-8b96-beac0bc32970","local_time":"20210101173122","is_ascension_mode":true,"campfire_choices":[{"data":"AT_BodySlamDance","floor":7.0,"key":"SMITH"},{"floor":12,"key":"RECALL"},{"data":"AT_EssenceShift","floor":15,"key":"SMITH"},{"data":"Barricade","floor":32,"key":"SMITH"},{"data":"Exhume","floor":49,"key":"SMITH"},{"data":"Armaments","floor":52,"key":"SMITH"}],"circlet_count":0,"master_deck":["Strike_R","Strike_R+1","Strike_R","Defend_R","Defend_R","Defend_R","Defend_R","Bash+1","AT_EssenceShift+1","AT_BodySlamDance+1","AT_ShrugMaster+1","Exhume+1","Impervious","Armaments+1","AT_DiedThrough+1","Barricade+1","Power Through","Body Slam+1","AT_BodySlamDance"],"relics":["Burning Blood","AT_ATBox","NeowsBlessing","Kunai","Sling","Bottled Lightning","Cursed Key","Orrery","Red Mask","AT_ImmortalShieldbow","AT_BellDemon","Ancient Tea Set","AT_SunfireAegis","AT_ChloranthyRing","Anchor","InkBottle","Lizard Tail","AT_TrinityForce","Nunchaku","Blood Vial","Happy Flower","Mango","Oddly Smooth Stone","Centennial Puzzle","Whetstone","AT_GoldPhoenixTree","AT_EbonyIvory","MawBank","Sundial","Self Forming Clay","Bottled Tornado","Red Skull"],"acts_visited":["Exordium","TheCity","TheBeyond","TheEnding"],"potions_floor_usage":[45],"damage_taken":[{"damage":0.0,"enemies":"2 Louse","floor":1.0,"turns":1.0},{"damage":0.0,"enemies":"Cultist","floor":3.0,"turns":1.0},{"damage":0,"enemies":"3 Sentries","floor":11,"turns":1},{"damage":0,"enemies":"Small Slimes","floor":13,"turns":1},{"damage":0,"enemies":"3 Louse","floor":14,"turns":1},{"damage":0,"enemies":"Hexaghost","floor":16,"turns":3},{"damage":0,"enemies":"Chosen","floor":18,"turns":3},{"damage":0,"enemies":"3 Byrds","floor":19,"turns":4},{"damage":0,"enemies":"Shelled Parasite and Fungi","floor":21,"turns":1},{"damage":0,"enemies":"Masked Bandits","floor":22,"turns":4},{"damage":0,"enemies":"Slavers","floor":23,"turns":3},{"damage":0,"enemies":"Gremlin Leader","floor":25,"turns":3},{"damage":6,"enemies":"Slavers","floor":27,"turns":6},{"damage":0,"enemies":"Centurion and Healer","floor":28,"turns":1},{"damage":0,"enemies":"Snake Plant","floor":30,"turns":1},{"damage":0,"enemies":"Snecko","floor":31,"turns":1},{"damage":0,"enemies":"Collector","floor":33,"turns":1},{"damage":22,"enemies":"Orb Walker","floor":35,"turns":4},{"damage":0,"enemies":"3 Darklings","floor":36,"turns":1},{"damage":0,"enemies":"Maw","floor":37,"turns":3},{"damage":0,"enemies":"Writhing Mass","floor":38,"turns":1},{"damage":0,"enemies":"3 Darklings","floor":39,"turns":1},{"damage":3,"enemies":"Reptomancer","floor":40,"turns":4},{"damage":0,"enemies":"Jaw Worm Horde","floor":41,"turns":1},{"damage":0,"enemies":"Writhing Mass","floor":42,"turns":1},{"damage":21,"enemies":"Sphere and 2 Shapes","floor":44,"turns":1},{"damage":0,"enemies":"3 Darklings","floor":48,"turns":1},{"damage":0,"enemies":"Donu and Deca","floor":50,"turns":2},{"damage":0,"enemies":"Shield and Spear","floor":54,"turns":1},{"damage":0,"enemies":"The Heart","floor":55,"turns":4}],"seed_played":"-6577327688926762014","potions_obtained":[{"floor":3.0,"key":"Explosive Potion"},{"floor":18,"key":"GamblersBrew"},{"floor":21,"key":"BloodPotion"},{"floor":23,"key":"PowerPotion"},{"floor":25,"key":"Dexterity Potion"},{"floor":45,"key":"Fruit Juice"},{"floor":45,"key":"PowerPotion"}],"is_trial":false,"path_per_floor":["M","?","M","$","?","$","R","?","T","$","E","R","M","M","R","B",null,"M","M","$","M","?","E","$","E","T","E","M","$","M","M","R","B",null,"M","M","M","M","M","E","M","M","T","M","?","$","$","M","R","B",null,"R","$","E","B",null],"character_chosen":"IRONCLAD","items_purchased":["Sling","Orrery","Barricade","AT_BodySlamDance"],"campfire_rested":0,"item_purchase_floors":[10,20,24,53],"current_hp_per_floor":[78,70,76,76,76,76,76,76,76,76,80,80,80,80,80,80,80,80,80,80,80,80,80,80,80,80,80,80,80,80,80,80,80,80,64,70,78,94,94,94,94,94,94,79,84,84,84,92,92,99,99,99,99,99,99],"gold":90,"neow_bonus":"THREE_ENEMY_KILL","is_daily":false,"chose_seed":false,"campfire_upgraded":5,"win_rate":0.0,"timestamp":1609493482,"path_taken":["M","?","?","$","?","$","R","?","T","$","E","R","?","M","R","BOSS","M","?","$","M","?","E","?","E","T","E","?","$","M","M","R","BOSS","M","M","M","M","M","E","M","?","T","M","?","?","$","M","R","BOSS","R","$","E","BOSS"],"items_purchased_type":["Relic","Relic","Card","Card"],"build_version":"2020-12-22","purchased_purges":5,"victory":true,"max_hp_per_floor":[80,80,80,80,80,80,80,80,80,80,80,80,80,80,80,80,80,80,80,80,80,80,80,80,80,80,80,80,80,80,80,80,80,80,80,80,80,94,94,94,94,94,94,94,99,99,99,99,99,99,99,99,99,99,99],"card_choices":[{"not_picked":["Havoc","Pommel Strike"],"picked":"AT_BodySlamDance","floor":1.0},{"not_picked":["AT_IchimonjiDouble","Wild Strike"],"picked":"AT_ShrugMaster","floor":3.0},{"not_picked":["Uppercut","Iron Wave","Limit Break"],"picked":"SKIP","floor":11},{"not_picked":["Combust","Heavy Blade","Iron Wave"],"picked":"SKIP","floor":13},{"not_picked":["Sword Boomerang","Flame Barrier","Pummel"],"picked":"SKIP","floor":14},{"not_picked":["Fiend Fire","Corruption"],"picked":"Exhume","floor":16},{"not_picked":["Spot Weakness+1","Twin Strike","Havoc"],"picked":"SKIP","floor":18},{"not_picked":["Clothesline","Whirlwind","Perfected Strike"],"picked":"SKIP","floor":19},{"not_picked":["Warcry","AT_BodySlamDance"],"picked":"Impervious","floor":20},{"not_picked":["Burning Pact","Heavy Blade"],"picked":"Armaments","floor":20},{"not_picked":["AT_ManFootWork+1","Combust"],"picked":"AT_DiedThrough+1","floor":20},{"not_picked":["Headbutt","Cleave+1","Rage"],"picked":"SKIP","floor":21},{"not_picked":["Clash","Cleave+1","Twin Strike"],"picked":"SKIP","floor":23},{"not_picked":["Anger+1","Uppercut"],"picked":"Power Through","floor":25},{"not_picked":["Wild Strike","Headbutt","Clothesline+1"],"picked":"SKIP","floor":27},{"not_picked":["Wild Strike+1","Anger","Power Through"],"picked":"SKIP","floor":28},{"not_picked":["Uppercut","Fire Breathing","Headbutt"],"picked":"SKIP","floor":30},{"not_picked":["Havoc+1","Iron Wave+1","Dual Wield+1"],"picked":"SKIP","floor":31},{"not_picked":["Perfected Strike+1","Sword Boomerang+1","Warcry+1"],"picked":"SKIP","floor":35},{"not_picked":["Armaments","Wild Strike+1","Sword Boomerang"],"picked":"SKIP","floor":36},{"not_picked":["Cleave","Fire Breathing+1","Thunderclap+1"],"picked":"SKIP","floor":37},{"not_picked":["Twin Strike+1","Pummel+1","Intimidate+1"],"picked":"SKIP","floor":38},{"not_picked":["Dropkick+1","AT_IchimonjiDouble","Warcry+1"],"picked":"SKIP","floor":39},{"not_picked":["Shrug It Off","Havoc","Feed"],"picked":"SKIP","floor":40},{"not_picked":["Ghostly Armor+1","Clothesline+1","Perfected Strike"],"picked":"SKIP","floor":41},{"not_picked":["Perfected Strike+1","Flame Barrier+1","AT_IchimonjiDouble"],"picked":"SKIP","floor":42},{"not_picked":["Clothesline","Flame Barrier"],"picked":"Body Slam+1","floor":44},{"not_picked":["Exhume","Dark Embrace","Pommel Strike+1"],"picked":"SKIP","floor":48},{"not_picked":["Clothesline+1","Thunderclap+1","Hemokinesis+1"],"picked":"SKIP","floor":54}],"player_experience":45849,"relics_obtained":[{"floor":9.0,"key":"Kunai"},{"floor":11,"key":"Bottled Lightning"},{"floor":22,"key":"Red Mask"},{"floor":23,"key":"AT_ImmortalShieldbow"},{"floor":25,"key":"AT_BellDemon"},{"floor":27,"key":"Ancient Tea Set"},{"floor":27,"key":"AT_SunfireAegis"},{"floor":28,"key":"AT_ChloranthyRing"},{"floor":30,"key":"Anchor"},{"floor":31,"key":"InkBottle"},{"floor":33,"key":"Lizard Tail"},{"floor":35,"key":"Nunchaku"},{"floor":36,"key":"Blood Vial"},{"floor":37,"key":"Happy Flower"},{"floor":38,"key":"Mango"},{"floor":39,"key":"Oddly Smooth Stone"},{"floor":40,"key":"Centennial Puzzle"},{"floor":40,"key":"Whetstone"},{"floor":41,"key":"AT_GoldPhoenixTree"},{"floor":42,"key":"AT_EbonyIvory"},{"floor":43,"key":"MawBank"},{"floor":44,"key":"Sundial"},{"floor":48,"key":"Self Forming Clay"},{"floor":54,"key":"Bottled Tornado"},{"floor":54,"key":"Red Skull"}],"event_choices":[{"damage_healed":0.0,"max_hp_gain":0.0,"max_hp_loss":0.0,"gold_gain":0.0,"event_name":"Wheel of Change","player_choice":"Damaged","floor":2.0,"gold_loss":0.0,"damage_taken":8.0},{"damage_healed":0.0,"max_hp_gain":0.0,"max_hp_loss":0.0,"gold_gain":0.0,"event_name":"Living Wall","player_choice":"Grow","floor":5.0,"gold_loss":0.0,"damage_taken":0.0,"cards_upgraded":["AT_ShrugMaster"]},{"damage_healed":0.0,"max_hp_gain":0.0,"max_hp_loss":0.0,"gold_gain":275.0,"event_name":"Golden Shrine","player_choice":"Desecrate","floor":8.0,"gold_loss":0.0,"damage_taken":0.0,"cards_obtained":["Regret"]},{"damage_healed":0,"gold_gain":0,"player_choice":"Fought Bandits","damage_taken":0,"max_hp_gain":0,"max_hp_loss":0,"event_name":"Masked Bandits","floor":22,"gold_loss":0},{"damage_healed":0,"gold_gain":0,"player_choice":"Got Potions","damage_taken":0,"max_hp_gain":0,"max_hp_loss":0,"event_name":"Lab","floor":45,"gold_loss":0}],"is_beta":false,"boss_relics":[{"not_picked":["SlaversCollar","Busted Crown"],"picked":"Cursed Key"},{"not_picked":["Velvet Choker","Runic Pyramid"],"picked":"AT_TrinityForce"}],"items_purged_floors":[4,10,24,46,47],"is_endless":false,"potions_floor_spawned":[3,18,21,23,25,28,35,37,39,41,44],"ascension_level":9}}