{"host":"qy1e0kd24tpj3i2m","time":1609538315,"event":{"mods":["Act Like it!","Alarm Clock","BaseMod","Better Skull","Better Vampires","Colored Map","Colored Powertips","Custom Start","Faster Ascension Climbing","Friendly Minions","GifTheSpireLib","Gremlin Skip","Highlight Path","Minty Spire (QoL Compilation)","Permanent Neow","Quick Restart","Red Circlet Mod","Relic Sorter","Reorder Act Four","SacredBarkPlus","Shop Mod","StSLib","SuperFastMode","Transform Curses","没有小屋子和绿帽子啦"],"gold_per_floor":[118,43,193,193,268,268,283,48,73,98,119,119,119,119],"floor_reached":13,"playtime":252,"items_purged":["Doubt"],"score":146,"play_id":"8d4a8fc5-4f27-4faf-9cc9-34fba60e6415","local_time":"20210102065835","is_ascension_mode":true,"campfire_choices":[{"data":"Juggernaut","floor":6.0,"key":"SMITH"},{"data":"Entrench","floor":12,"key":"SMITH"}],"circlet_count":0,"master_deck":["AscendersBane","Strike_R","Strike_R","Strike_R","Strike_R","Strike_R","Defend_R","Defend_R","Defend_R","Defend_R","Bash","Juggernaut+1","Reckless Charge","Injury","Second Wind","Entrench+1","Burning Pact"],"relics":["Burning Blood","Golden Idol","MerchantsRug","Pen Nib"],"acts_visited":["Exordium"],"potions_floor_usage":[11,13],"damage_taken":[{"damage":16.0,"enemies":"Small Slimes","floor":1.0,"turns":5.0},{"damage":12.0,"enemies":"Jaw Worm","floor":7.0,"turns":4.0},{"damage":3.0,"enemies":"2 Louse","floor":10.0,"turns":3.0},{"damage":6,"enemies":"2 Fungi Beasts","floor":11,"turns":3},{"damage":32,"enemies":"Gremlin Nob","floor":13,"turns":4}],"seed_played":"2775962441001301087","potions_obtained":[{"floor":1.0,"key":"SteroidPotion"},{"floor":7.0,"key":"DistilledChaos"}],"is_trial":false,"path_per_floor":["M","?","?","?","?","R","M","$","T","M","M","R","E"],"character_chosen":"IRONCLAD","items_purchased":["MerchantsRug"],"campfire_rested":0,"item_purchase_floors":[8],"current_hp_per_floor":[58,58,58,58,47,47,41,41,41,44,44,44,12,12],"gold":119,"neow_bonus":"THREE_RARE_CARDS","is_daily":false,"chose_seed":false,"campfire_upgraded":2,"win_rate":0.0,"timestamp":1609538315,"path_taken":["M","?","?","?","?","R","M","$","T","M","?","R","E"],"items_purchased_type":["Relic"],"build_version":"2020-12-22","purchased_purges":1,"victory":false,"max_hp_per_floor":[75,75,75,75,75,75,75,75,75,75,75,75,75,75],"card_choices":[{"not_picked":["Exhume","Reaper"],"picked":"Juggernaut","floor":0.0},{"not_picked":["Pommel Strike","Combust"],"picked":"Reckless Charge","floor":1.0},{"not_picked":["Pummel","Sword Boomerang"],"picked":"Second Wind","floor":7.0},{"not_picked":["Perfected Strike","Clash"],"picked":"Entrench","floor":10.0},{"not_picked":["Dual Wield","Perfected Strike"],"picked":"Burning Pact","floor":11}],"player_experience":921742,"relics_obtained":[{"floor":9.0,"key":"Pen Nib"}],"event_choices":[{"cards_removed":["Regret"],"damage_healed":0.0,"max_hp_gain":0.0,"max_hp_loss":0.0,"gold_gain":0.0,"event_name":"The Cleric","player_choice":"Card Removal","floor":2.0,"gold_loss":75.0,"damage_taken":0.0},{"damage_healed":0.0,"max_hp_gain":0.0,"max_hp_loss":0.0,"gold_gain":150.0,"event_name":"Liars Game","player_choice":"AGREE","floor":3.0,"gold_loss":0.0,"damage_taken":0.0,"cards_obtained":["Doubt"]},{"damage_healed":0.0,"max_hp_gain":0.0,"max_hp_loss":0.0,"gold_gain":0.0,"event_name":"Golden Idol","player_choice":"Take Wound","floor":4.0,"gold_loss":0.0,"damage_taken":0.0,"relics_obtained":["Golden Idol"],"cards_obtained":["Injury"]},{"damage_healed":0.0,"max_hp_gain":0.0,"max_hp_loss":0.0,"gold_gain":75.0,"event_name":"World of Goop","player_choice":"Gather Gold","floor":5.0,"gold_loss":0.0,"damage_taken":11.0}],"is_beta":false,"boss_relics":[],"items_purged_floors":[8],"is_endless":false,"potions_floor_spawned":[1,7,10],"killed_by":"Gremlin Nob","ascension_level":20}}