{"host":"2461dio7vetlq1z3","time":1609539986,"event":{"mods":["2.2 Compatiblity","AchievementEnabler","BaseMod","Better Third Choice","Friendly Minions","Minty Spire (QoL Compilation)","Relic Stats","Replay The Spire","Spicy Shops","StSLib","Waifu the Spire"],"gold_per_floor":[111,54,54,70,90,90,112,112,112,167,185,214,214,214,214,214,214],"floor_reached":16,"playtime":724,"items_purged":[],"score":196,"play_id":"6ae10cea-2b2c-41c7-9dd7-aa5cb22b45cf","local_time":"20210101232626","is_ascension_mode":true,"campfire_choices":[{"data":"Armaments","floor":6,"key":"SMITH"},{"floor":8,"key":"REST"},{"floor":13,"key":"REST"},{"data":"ReplayTheSpireMod:LeadingStrike","floor":15,"key":"SMITH"}],"circlet_count":0,"master_deck":["AscendersBane","Strike_R","Strike_R","Defend_R","Defend_R","Bash","Overencumbered","Combust+1","Inflame","ReplayTheSpireMod:LeadingStrike+1","Searing Blow","Abandon","Feel No Pain+1"],"relics":["Kintsugi","Odd Mushroom","Mirror","ReplayTheSpireMod:Shallot","Replay:Baseball"],"acts_visited":["Exordium"],"potions_floor_usage":[10,12],"damage_taken":[{"damage":11,"enemies":"Jaw Worm","floor":1,"turns":5},{"damage":3,"enemies":"Cultist","floor":4,"turns":3},{"damage":3,"enemies":"2 Louse","floor":5,"turns":2},{"damage":13,"enemies":"The Mushroom Lair","floor":7,"turns":4},{"damage":25,"enemies":"Gremlin Nob","floor":10,"turns":4},{"damage":14,"enemies":"Blue Slaver","floor":11,"turns":3},{"damage":15,"enemies":"Gremlin Nob","floor":12,"turns":4},{"damage":29,"enemies":"The Guardian","floor":16,"turns":9}],"seed_played":"-727350906048010176","potions_obtained":[{"floor":1,"key":"Languid Potion"},{"floor":4,"key":"SpeedPotion"},{"floor":11,"key":"Block Potion"}],"is_trial":false,"path_per_floor":["M","$","?","M","M","R","?","R","T","?","M","E","R","?","R","B"],"character_chosen":"IRONCLAD","items_purchased":["Combust+1"],"campfire_rested":2,"item_purchase_floors":[2],"current_hp_per_floor":[57,57,57,54,51,51,38,59,59,34,20,5,26,26,26,0,0],"gold":214,"neow_bonus":"BOSS_RELIC","is_daily":false,"chose_seed":false,"campfire_upgraded":2,"win_rate":0.0,"timestamp":1609539986,"path_taken":["M","$","?","?","M","R","?","R","T","?","?","E","R","?","R","BOSS"],"items_purchased_type":["Card"],"build_version":"2020-12-22","purchased_purges":0,"victory":false,"max_hp_per_floor":[75,75,72,72,72,72,72,72,72,72,72,72,72,72,72,72,72],"relic_stats":{"counters":[8,34],"obtain_stats":[{"Replay:Baseball":12,"ReplayTheSpireMod:Shallot":10,"Kintsugi":0,"Odd Mushroom":7,"Mirror":9,"Burning Blood":0},{"Replay:Baseball":7,"ReplayTheSpireMod:Shallot":5,"Kintsugi":0,"Odd Mushroom":4,"Mirror":4,"Burning Blood":0},{"Replay:Baseball":25,"ReplayTheSpireMod:Shallot":18,"Kintsugi":0,"Odd Mushroom":14,"Mirror":14,"Burning Blood":0}]},"card_choices":[{"not_picked":["Body Slam","Warcry"],"picked":"Armaments","floor":1},{"not_picked":["Perfected Strike","Warcry"],"picked":"Inflame","floor":4},{"not_picked":["Replay:Undeath\u0027s Touch","Exhume"],"picked":"ReplayTheSpireMod:LeadingStrike","floor":5},{"not_picked":["Massacre","Heavy Blade"],"picked":"Searing Blow","floor":7},{"not_picked":["Power Through","Sword Boomerang","Twin Strike"],"picked":"SKIP","floor":11},{"not_picked":["Rage","Whirlwind"],"picked":"Abandon","floor":12}],"player_experience":999166,"relics_obtained":[{"floor":7,"key":"Odd Mushroom"},{"floor":9,"key":"Mirror"},{"floor":10,"key":"ReplayTheSpireMod:Shallot"},{"floor":12,"key":"Replay:Baseball"}],"event_choices":[{"cards_removed":["Parasite"],"damage_healed":0,"gold_gain":0,"player_choice":"Purged","damage_taken":0,"max_hp_gain":0,"max_hp_loss":0,"event_name":"Purifier","floor":3,"gold_loss":0},{"damage_healed":0,"gold_gain":0,"player_choice":"Fought Mushrooms","damage_taken":0,"max_hp_gain":0,"max_hp_loss":0,"event_name":"Mushrooms","floor":7,"gold_loss":0},{"damage_healed":0,"gold_gain":0,"player_choice":"Searched \u00271\u0027 times","damage_taken":0,"max_hp_gain":0,"max_hp_loss":0,"event_name":"Dead Adventurer","floor":10,"gold_loss":0}],"is_beta":false,"boss_relics":[],"items_purged_floors":[],"is_endless":false,"potions_floor_spawned":[1,4,11],"killed_by":"The Guardian","ascension_level":20}}