{"host":"msmkw03x1o7nq45i","time":1609524912,"event":{"mods":["BaseMod","Bestiary","Colored Powertips","GifTheSpireLib","Highlight Path","Minty Spire (QoL Compilation)","Random Character Button","StSLib","everything is the same but u backflip on backflip"],"gold_per_floor":[117,133,143,162,112,144,157,189,216,216,234,234,249,267,267,362,362,377,71,341,359,359,359],"floor_reached":22,"playtime":1614,"items_purged":[],"score":290,"play_id":"d2be3a6c-d5ef-45c7-870e-9fde55268043","local_time":"20210101201512","is_ascension_mode":true,"campfire_choices":[{"data":"Glass Knife","floor":10,"key":"SMITH"},{"data":"Bouncing Flask","floor":12,"key":"SMITH"},{"data":"Burst","floor":15,"key":"SMITH"}],"circlet_count":0,"master_deck":["Strike_G","Strike_G","Strike_G","Defend_G","Defend_G","Defend_G","Defend_G+1","Defend_G","Survivor+1","Neutralize","Burst+1","All Out Attack","Glass Knife+1","Dagger Throw","Cloak And Dagger","Bouncing Flask+1","Dash","Deadly Poison","Night Terror","Venomology","Blade Dance+1"],"relics":["Ring of the Snake","Strawberry","Shovel","War Paint","Sozu","MealTicket"],"acts_visited":["Exordium","TheCity"],"potions_floor_usage":[6,18,22,22],"damage_taken":[{"damage":4,"enemies":"Cultist","floor":1,"turns":6},{"damage":2,"enemies":"2 Louse","floor":2,"turns":4},{"damage":1,"enemies":"Jaw Worm","floor":3,"turns":5},{"damage":9,"enemies":"2 Fungi Beasts","floor":4,"turns":3},{"damage":10,"enemies":"Gremlin Nob","floor":6,"turns":3},{"damage":1,"enemies":"Looter","floor":7,"turns":5},{"damage":19,"enemies":"3 Sentries","floor":8,"turns":10},{"damage":1,"enemies":"3 Louse","floor":11,"turns":4},{"damage":0,"enemies":"2 Fungi Beasts","floor":13,"turns":2},{"damage":11,"enemies":"Exordium Thugs","floor":14,"turns":5},{"damage":9,"enemies":"The Guardian","floor":16,"turns":12},{"damage":10,"enemies":"2 Thieves","floor":18,"turns":5},{"damage":6,"enemies":"Spheric Guardian","floor":21,"turns":3},{"damage":19,"enemies":"Cultist and Chosen","floor":22,"turns":6}],"seed_played":"-6170978119348809412","potions_obtained":[{"floor":2,"key":"PowerPotion"},{"floor":4,"key":"Energy Potion"},{"floor":6,"key":"SpeedPotion"},{"floor":8,"key":"Energy Potion"},{"floor":13,"key":"Swift Potion"},{"floor":14,"key":"Weak Potion"}],"is_trial":false,"path_per_floor":["M","M","M","M","?","E","M","E","T","R","M","R","M","M","R","B",null,"M","$","?","M","M"],"character_chosen":"THE_SILENT","items_purchased":["MealTicket","Venomology"],"campfire_rested":0,"item_purchase_floors":[19,19],"current_hp_per_floor":[59,57,56,47,47,44,43,24,24,24,23,23,23,12,12,3,59,49,49,22,16,0,0],"gold":359,"neow_bonus":"TRANSFORM_CARD","is_daily":false,"chose_seed":false,"campfire_upgraded":3,"win_rate":0.0,"timestamp":1609524912,"path_taken":["M","?","M","M","?","E","M","E","T","R","M","R","M","M","R","BOSS","M","$","?","M","M"],"items_purchased_type":["Relic","Card"],"build_version":"2020-12-22","purchased_purges":0,"victory":false,"max_hp_per_floor":[70,70,70,70,70,77,77,77,77,77,77,77,77,77,77,77,77,77,77,77,77,77,77],"card_choices":[{"not_picked":["Dodge and Roll","Poisoned Stab"],"picked":"All Out Attack","floor":1},{"not_picked":["Deadly Poison","Cloak And Dagger"],"picked":"Glass Knife","floor":2},{"not_picked":["Dodge and Roll","Reflex","Slice"],"picked":"SKIP","floor":3},{"not_picked":["Reflex","Dodge and Roll","Prepared"],"picked":"SKIP","floor":4},{"not_picked":["Riddle With Holes","Outmaneuver","Prepared"],"picked":"SKIP","floor":6},{"not_picked":["Eviscerate","Backflip"],"picked":"Dagger Throw","floor":7},{"not_picked":["Dagger Throw","Acrobatics"],"picked":"Cloak And Dagger","floor":8},{"not_picked":["Concentrate","Caltrops"],"picked":"Bouncing Flask","floor":11},{"not_picked":["Dagger Spray","Underhanded Strike"],"picked":"Dash","floor":13},{"not_picked":["Backflip","Slice"],"picked":"Deadly Poison","floor":14},{"not_picked":["After Image","Tools of the Trade"],"picked":"Night Terror","floor":16},{"not_picked":["Deflect","Prepared","Cloak And Dagger"],"picked":"SKIP","floor":18},{"not_picked":["Outmaneuver","Prepared+1"],"picked":"Blade Dance+1","floor":21}],"player_experience":331204,"relics_obtained":[{"floor":6,"key":"Strawberry"},{"floor":8,"key":"Shovel"},{"floor":9,"key":"War Paint"}],"event_choices":[{"cards_removed":["Strike_G"],"damage_healed":0,"gold_gain":0,"player_choice":"Card Removal","damage_taken":0,"max_hp_gain":0,"max_hp_loss":0,"event_name":"The Cleric","floor":5,"gold_loss":50},{"damage_healed":0,"gold_gain":270,"player_choice":"GOLD GOLD GOLD ","damage_taken":27,"max_hp_gain":0,"max_hp_loss":0,"event_name":"Knowing Skull","floor":20,"potions_obtained":[],"gold_loss":0,"cards_obtained":[]}],"is_beta":false,"boss_relics":[{"not_picked":["Empty Cage","Busted Crown"],"picked":"Sozu"}],"items_purged_floors":[],"is_endless":false,"potions_floor_spawned":[2,4,6,8,13,14],"killed_by":"Cultist and Chosen","ascension_level":9}}