{"host":"m3herrhkesxm9ooc","time":1609469892,"event":{"mods":["BaseMod","Hermit","Minty Spire (QoL Compilation)","StSLib","The Hierophant"],"gold_per_floor":[109,33,308,325,2,2,37,94,145,145,179,179,192,223,223,299,299,311,21,21,21,39,39,89,89,116,142,154,154,171,0,0,79,79,91,91,102,102,102],"floor_reached":38,"playtime":2002,"items_purged":[],"score":855,"play_id":"3abba35f-037b-406f-a2ef-b0a5c6a6ad0d","local_time":"20210101115812","is_ascension_mode":true,"campfire_choices":[{"floor":6.0,"key":"REST"},{"floor":10.0,"key":"REST"},{"floor":12.0,"key":"REST"},{"floor":15.0,"key":"REST"},{"floor":23,"key":"REST"},{"floor":25,"key":"REST"},{"floor":29,"key":"REST"},{"floor":32,"key":"REST"}],"circlet_count":0,"master_deck":["AscendersBane","hermit:Strike_Hermit","hermit:Strike_Hermit","hermit:Strike_Hermit","hermit:Strike_Hermit","hermit:Defend_Hermit+1","hermit:Defend_Hermit+1","hermit:Defend_Hermit","hermit:Defend_Hermit","hermit:Snapshot","hermit:Covet","hermit:LoneWolf","hermit:Shortfuse","Regret","hermit:Enervate","hermit:Deadeye","hermit:Reprieve","hermit:WideOpen","hermit:ShadowCloak","hermit:HeroicBravado","CurseOfTheBell","hermit:Headshot","hermit:Horror","hermit:Enervate","Writhe","hermit:Glare","hermit:LowProfile","hermit:HighCaliber","hermit:CursedWeapon","hermit:HeroicBravado","hermit:Glare","Writhe","hermit:TrackingShot"],"relics":["hermit:Momento","HandDrill","Nunchaku","hermit:RyeStalk","Potion Belt","Torii","Unceasing Top","Calling Bell","PreservedInsect","hermit:Horseshoe","Turnip","Orichalcum","Pocketwatch","Pen Nib","Regal Pillow","War Paint","Fusion Hammer"],"acts_visited":["Exordium","TheCity","TheBeyond"],"potions_floor_usage":[27,33],"damage_taken":[{"damage":6.0,"enemies":"Cultist","floor":1.0,"turns":3.0},{"damage":12.0,"enemies":"Small Slimes","floor":4.0,"turns":3.0},{"damage":33.0,"enemies":"Lagavulin","floor":7.0,"turns":6.0},{"damage":20.0,"enemies":"3 Sentries","floor":11.0,"turns":7.0},{"damage":8.0,"enemies":"2 Louse","floor":13.0,"turns":2.0},{"damage":21.0,"enemies":"Gremlin Nob","floor":14.0,"turns":4.0},{"damage":66.0,"enemies":"The Guardian","floor":16.0,"turns":9.0},{"damage":41.0,"enemies":"Spheric Guardian","floor":18.0,"turns":6.0},{"damage":17,"enemies":"Shell Parasite","floor":22,"turns":4},{"damage":43,"enemies":"Gremlin Leader","floor":27,"turns":7},{"damage":22,"enemies":"Shelled Parasite and Fungi","floor":28,"turns":4},{"damage":1,"enemies":"Snecko","floor":30,"turns":5},{"damage":50,"enemies":"Automaton","floor":33,"turns":10},{"damage":34,"enemies":"3 Shapes","floor":35,"turns":5},{"damage":44,"enemies":"3 Darklings","floor":37,"turns":8},{"damage":27,"enemies":"Jaw Worm Horde","floor":38,"turns":4}],"seed_played":"5978405337020841427","potions_obtained":[{"floor":1.0,"key":"EssenceOfSteel"},{"floor":11.0,"key":"Explosive Potion"},{"floor":13.0,"key":"Weak Potion"},{"floor":18.0,"key":"ColorlessPotion"},{"floor":30,"key":"DistilledChaos"},{"floor":35,"key":"Dexterity Potion"}],"is_trial":false,"path_per_floor":["M","$","?","M","$","R","E","?","T","R","E","R","M","E","R","B",null,"M","$","?","?","M","R","?","R","T","E","M","R","M","$","R","B",null,"M","?","M","M"],"character_chosen":"HERMIT","items_purchased":["hermit:Shortfuse","HandDrill","Nunchaku","Orichalcum","hermit:Horror","hermit:Enervate","War Paint"],"campfire_rested":8,"item_purchase_floors":[2,5,5,19,19,19,31],"current_hp_per_floor":[65,65,65,53,53,76,43,43,43,66,46,69,69,48,71,12,62,33,33,33,33,16,39,39,62,62,27,5,43,42,42,78,40,69,35,51,27,0,0],"gold":102,"neow_bonus":"TEN_PERCENT_HP_BONUS","is_daily":false,"chose_seed":false,"campfire_upgraded":0,"win_rate":0.0,"timestamp":1609469892,"path_taken":["M","?","?","?","$","R","E","?","T","R","E","R","M","E","R","BOSS","M","$","?","?","M","R","?","R","T","E","M","R","?","?","R","BOSS","M","?","M","M"],"items_purchased_type":["Card","Relic","Relic","Relic","Card","Card","Relic"],"build_version":"2020-12-22","purchased_purges":0,"victory":false,"max_hp_per_floor":[78,78,78,78,78,78,78,78,78,78,78,78,78,78,78,78,78,78,78,78,78,78,78,78,78,78,78,78,78,78,78,78,78,78,78,78,78,78,78],"card_choices":[{"not_picked":["hermit:Combo","hermit:Roulette"],"picked":"hermit:LoneWolf","floor":1.0},{"not_picked":["hermit:ItchyTrigger","hermit:Headshot"],"picked":"hermit:Enervate","floor":4.0},{"not_picked":["hermit:Enervate","hermit:LoneWolf"],"picked":"hermit:Deadeye","floor":7.0},{"not_picked":["hermit:Snipe","hermit:Coalescence"],"picked":"hermit:Reprieve","floor":11.0},{"not_picked":["hermit:HoleUp","hermit:DeadMansHand"],"picked":"hermit:WideOpen","floor":13.0},{"not_picked":["hermit:HoleUp","hermit:Snipe"],"picked":"hermit:ShadowCloak","floor":14.0},{"not_picked":["hermit:Reprieve","hermit:FinalCanter"],"picked":"hermit:HeroicBravado","floor":16.0},{"not_picked":["hermit:Grudge","hermit:ShadowCloak"],"picked":"hermit:Headshot","floor":18.0},{"not_picked":["hermit:Ricochet","hermit:EyeOfTheStorm"],"picked":"hermit:Glare","floor":22},{"not_picked":["hermit:Misfire","hermit:Snipe"],"picked":"hermit:LowProfile","floor":27},{"not_picked":["hermit:Horror","hermit:GhostlyPresence"],"picked":"hermit:HighCaliber","floor":28},{"not_picked":["hermit:Dive","hermit:Misfire"],"picked":"hermit:CursedWeapon","floor":30},{"not_picked":["hermit:HighNoon","hermit:Purgatory"],"picked":"hermit:HeroicBravado","floor":33},{"not_picked":["hermit:Coalescence","hermit:Grudge"],"picked":"hermit:Glare","floor":35},{"not_picked":["hermit:Scavenge+1","hermit:Quickdraw"],"picked":"hermit:TrackingShot","floor":37}],"player_experience":669792,"relics_obtained":[{"floor":7.0,"key":"hermit:RyeStalk"},{"floor":9.0,"key":"Potion Belt"},{"floor":11.0,"key":"Torii"},{"floor":14.0,"key":"Unceasing Top"},{"floor":17.0,"key":"PreservedInsect"},{"floor":17.0,"key":"hermit:Horseshoe"},{"floor":17.0,"key":"Turnip"},{"floor":26,"key":"Pen Nib"},{"floor":27,"key":"Regal Pillow"}],"event_choices":[{"damage_healed":0.0,"max_hp_gain":0.0,"max_hp_loss":0.0,"gold_gain":275.0,"event_name":"Golden Shrine","player_choice":"Desecrate","floor":3.0,"gold_loss":0.0,"damage_taken":0.0,"cards_obtained":["Regret"]},{"damage_healed":0.0,"max_hp_gain":0.0,"max_hp_loss":0.0,"gold_gain":57.0,"event_name":"Golden Wing","player_choice":"Gained Gold","floor":8.0,"gold_loss":0.0,"damage_taken":0.0},{"damage_healed":0.0,"max_hp_gain":0.0,"max_hp_loss":0.0,"gold_gain":0.0,"event_name":"The Mausoleum","player_choice":"Opened","floor":20.0,"gold_loss":0.0,"damage_taken":0.0,"relics_obtained":["Pocketwatch"],"cards_obtained":["Writhe"]},{"damage_healed":0.0,"max_hp_gain":0.0,"max_hp_loss":0.0,"gold_gain":0.0,"event_name":"Cursed Tome","player_choice":"Ignored","floor":21.0,"gold_loss":0.0,"damage_taken":0.0},{"damage_healed":0,"gold_gain":50,"player_choice":"Stole From Cult","damage_taken":0,"max_hp_gain":0,"max_hp_loss":0,"event_name":"Nest","floor":24,"gold_loss":0},{"damage_healed":16,"gold_gain":0,"player_choice":"Writhe","damage_taken":0,"max_hp_gain":0,"max_hp_loss":0,"event_name":"Winding Halls","floor":36,"gold_loss":0,"cards_obtained":["Writhe"]}],"is_beta":false,"boss_relics":[{"not_picked":["Runic Pyramid","hermit:ClaspedLocket"],"picked":"Calling Bell"},{"not_picked":["Velvet Choker","Busted Crown"],"picked":"Fusion Hammer"}],"items_purged_floors":[],"is_endless":false,"potions_floor_spawned":[1,11,13,18,30,35],"killed_by":"Jaw Worm Horde","ascension_level":17}}