{"host":"wha9hktbkslqvblg","time":1609499006,"event":{"mods":["BaseMod","Colored Map","Minty Spire (QoL Compilation)","Relic Stats","SuperFastMode","everything is the same but u backflip on backflip"],"gold_per_floor":[116,116,191,201,201,201,232,251,319,353,303,317,184,198,198,273,273,288,338,352,136,136,136,154,154,154,154,164,195,195,212,212,287,287,307,93,112,112,112,143,143,143,192,203,216,216,244,194,194,194,194,194,194,21,50,50],"floor_reached":57,"playtime":2028,"items_purged":["Strike_R","Strike_R","Strike_R","Searing Blow+1","Rage+1"],"score":2726,"play_id":"7980505a-357c-40e1-b3cc-e5b3b4695bc6","local_time":"20210101200326","is_ascension_mode":true,"campfire_choices":[{"data":"Wild Strike","floor":6.0,"key":"SMITH"},{"data":"Fire Breathing","floor":15.0,"key":"SMITH"},{"data":"Power Through","floor":23.0,"key":"SMITH"},{"data":"Barricade","floor":25.0,"key":"SMITH"},{"floor":32.0,"key":"RECALL"},{"data":"Second Wind","floor":41.0,"key":"SMITH"},{"data":"Dual Wield","floor":46,"key":"SMITH"},{"floor":49,"key":"REST"},{"data":"Battle Trance","floor":53,"key":"SMITH"}],"circlet_count":0,"master_deck":["AscendersBane","Defend_R","Defend_R","Wild Strike+1","Fire Breathing+1","Flame Barrier","Feel No Pain","Dual Wield+1","Battle Trance+1","Exhume+1","Power Through+1","Feel No Pain","Second Wind+1","Dark Embrace+1","Barricade+1"],"relics":["Burning Blood","NeowsBlessing","Smiling Mask","HornCleat","Anchor","Astrolabe","Orrery","Frozen Egg 2","Velvet Choker","Medical Kit","Eternal Feather","Juzu Bracelet","Letter Opener","Membership Card","Sundial"],"acts_visited":["Exordium","TheCity","TheBeyond","TheEnding"],"potions_floor_usage":[50,56],"damage_taken":[{"damage":0.0,"enemies":"2 Louse","floor":1.0,"turns":1.0},{"damage":0.0,"enemies":"Jaw Worm","floor":4.0,"turns":1.0},{"damage":0.0,"enemies":"Lagavulin","floor":7.0,"turns":1.0},{"damage":1.0,"enemies":"Cultist","floor":8.0,"turns":4.0},{"damage":11.0,"enemies":"3 Sentries","floor":10.0,"turns":5.0},{"damage":5.0,"enemies":"Blue Slaver","floor":12.0,"turns":5.0},{"damage":10.0,"enemies":"Gremlin Gang","floor":14.0,"turns":4.0},{"damage":30.0,"enemies":"Slime Boss","floor":16.0,"turns":6.0},{"damage":18.0,"enemies":"Spheric Guardian","floor":18.0,"turns":5.0},{"damage":8.0,"enemies":"3 Byrds","floor":20.0,"turns":3.0},{"damage":3.0,"enemies":"Snecko","floor":24.0,"turns":6.0},{"damage":0.0,"enemies":"Chosen and Byrds","floor":28.0,"turns":4.0},{"damage":18.0,"enemies":"Book of Stabbing","floor":29.0,"turns":7.0},{"damage":0.0,"enemies":"Sentry and Sphere","floor":31.0,"turns":5.0},{"damage":23.0,"enemies":"Automaton","floor":33.0,"turns":14.0},{"damage":0.0,"enemies":"Orb Walker","floor":35.0,"turns":5.0},{"damage":13.0,"enemies":"3 Darklings","floor":37.0,"turns":7.0},{"damage":0.0,"enemies":"Giant Head","floor":40.0,"turns":13.0},{"damage":16,"enemies":"Writhing Mass","floor":44,"turns":8},{"damage":0,"enemies":"4 Shapes","floor":45,"turns":4},{"damage":64,"enemies":"Reptomancer","floor":47,"turns":7},{"damage":8,"enemies":"Donu and Deca","floor":50,"turns":9},{"damage":29,"enemies":"Time Eater","floor":51,"turns":17},{"damage":25,"enemies":"Shield and Spear","floor":55,"turns":7},{"damage":16,"enemies":"The Heart","floor":56,"turns":11}],"seed_played":"-370805680412388281","potions_obtained":[{"floor":1.0,"key":"Regen Potion"},{"floor":4.0,"key":"Dexterity Potion"},{"floor":10.0,"key":"Fire Potion"},{"floor":16.0,"key":"Swift Potion"},{"floor":18.0,"key":"GamblersBrew"},{"floor":29.0,"key":"LiquidBronze"},{"floor":33.0,"key":"ColorlessPotion"},{"floor":35.0,"key":"Dexterity Potion"}],"is_trial":false,"path_per_floor":["M","?","?","M","?","R","E","M","T","E","$","M","$","M","R","B",null,"M","?","M","$","?","R","M","R","T","?","M","E","?","M","R","B",null,"M","$","M","?","?","E","R","?","T","M","M","R","E","$","R","B","B",null,"R","$","E","B",null],"character_chosen":"IRONCLAD","items_purchased":["Dual Wield","Orrery","Medical Kit","Membership Card"],"campfire_rested":1,"item_purchase_floors":[13,21,36,54],"current_hp_per_floor":[74,74,63,69,62,62,68,73,73,68,68,69,69,65,65,41,67,55,55,53,53,53,53,56,56,56,56,62,50,50,56,56,39,66,72,72,65,65,65,71,71,71,71,61,67,71,13,13,43,56,33,62,71,71,52,42],"gold":50,"neow_bonus":"THREE_ENEMY_KILL","is_daily":false,"chose_seed":false,"campfire_upgraded":7,"win_rate":0.0,"timestamp":1609499006,"path_taken":["M","?","?","M","?","R","E","?","T","E","?","M","$","M","R","BOSS","M","?","?","$","?","R","?","R","T","?","M","E","?","M","R","BOSS","M","$","M","?","?","E","R","?","T","M","M","R","E","$","R","BOSS","BOSS","R","$","E","BOSS"],"items_purchased_type":["Card","Relic","Relic","Relic"],"build_version":"2020-12-22","purchased_purges":5,"victory":true,"max_hp_per_floor":[75,75,75,75,75,75,75,75,75,75,75,75,75,75,75,75,75,75,75,75,75,75,75,75,75,75,75,75,75,75,75,75,75,75,75,75,75,71,71,71,71,71,71,71,71,71,71,71,71,71,71,71,71,71,71,71],"relic_stats":{"counters":[25,159],"Sundial":[12],"Astrolabe":["Rage","Searing Blow","Exhume"],"Eternal Feather":22,"Juzu Bracelet":0,"Letter Opener":[88],"Smiling Mask":375,"Medical Kit":[63],"obtain_stats":[{"NeowsBlessing":0,"Astrolabe":17,"Velvet Choker":34,"Eternal Feather":40,"Juzu Bracelet":43,"Letter Opener":47,"Frozen Egg 2":29,"Smiling Mask":7,"Medical Kit":36,"Burning Blood":0,"Anchor":10,"HornCleat":9,"Sundial":55,"Orrery":21,"Membership Card":54},{"NeowsBlessing":0,"Astrolabe":8,"Velvet Choker":15,"Eternal Feather":18,"Juzu Bracelet":18,"Letter Opener":21,"Frozen Egg 2":13,"Smiling Mask":3,"Medical Kit":16,"Burning Blood":0,"Anchor":5,"HornCleat":4,"Sundial":24,"Orrery":10,"Membership Card":23},{"NeowsBlessing":0,"Astrolabe":27,"Velvet Choker":71,"Eternal Feather":96,"Juzu Bracelet":96,"Letter Opener":115,"Frozen Egg 2":52,"Smiling Mask":3,"Medical Kit":76,"Burning Blood":0,"Anchor":12,"HornCleat":7,"Sundial":148,"Orrery":35,"Membership Card":141}],"Burning Blood":150},"card_choices":[{"not_picked":["Rupture","Sword Boomerang"],"picked":"Wild Strike","floor":1.0},{"not_picked":["Armaments","Rage","Pummel"],"picked":"SKIP","floor":4.0},{"not_picked":["Cleave","Exhume"],"picked":"Fire Breathing","floor":7.0},{"not_picked":["Armaments","Bloodletting"],"picked":"Flame Barrier","floor":8.0},{"not_picked":["Hemokinesis","Spot Weakness"],"picked":"Feel No Pain","floor":10.0},{"not_picked":["Twin Strike","Iron Wave","Flex"],"picked":"SKIP","floor":12.0},{"not_picked":["Armaments","Twin Strike"],"picked":"Battle Trance","floor":14.0},{"not_picked":["Fiend Fire","Bludgeon"],"picked":"Exhume","floor":16.0},{"not_picked":["Dual Wield","Headbutt","Thunderclap"],"picked":"SKIP","floor":18.0},{"not_picked":["Perfected Strike","Clothesline+1","Exhume"],"picked":"SKIP","floor":20.0},{"not_picked":["Perfected Strike","Clothesline+1","Exhume"],"picked":"SKIP","floor":20.0},{"not_picked":["Headbutt","Second Wind"],"picked":"Power Through","floor":21.0},{"not_picked":["Headbutt","Anger"],"picked":"Feel No Pain","floor":21.0},{"not_picked":["Limit Break","Armaments"],"picked":"Second Wind","floor":21.0},{"not_picked":["Sever Soul","Headbutt"],"picked":"Dark Embrace","floor":21.0},{"not_picked":["Twin Strike","Clothesline"],"picked":"Barricade","floor":24.0},{"not_picked":["Dropkick","True Grit","Iron Wave"],"picked":"SKIP","floor":28.0},{"not_picked":["Spot Weakness+1","Limit Break","Twin Strike"],"picked":"SKIP","floor":29.0},{"not_picked":["Combust+1","Iron Wave","Infernal Blade"],"picked":"SKIP","floor":31.0},{"not_picked":["Iron Wave","Sever Soul","Power Through"],"picked":"SKIP","floor":35.0},{"not_picked":["Headbutt+1","Warcry","Power Through+1"],"picked":"SKIP","floor":37.0},{"not_picked":["Flex+1","Iron Wave","Clothesline"],"picked":"SKIP","floor":40.0},{"not_picked":["Wild Strike","Twin Strike","Blood for Blood"],"picked":"SKIP","floor":44},{"not_picked":["Warcry","Thunderclap+1","Headbutt+1"],"picked":"SKIP","floor":45},{"not_picked":["Sentinel+1","Ghostly Armor","Rampage"],"picked":"SKIP","floor":47},{"not_picked":["Warcry","Intimidate","Wild Strike"],"picked":"SKIP","floor":55}],"player_experience":915901,"relics_obtained":[{"floor":7.0,"key":"Smiling Mask"},{"floor":9.0,"key":"HornCleat"},{"floor":10.0,"key":"Anchor"},{"floor":29.0,"key":"Frozen Egg 2"},{"floor":40.0,"key":"Eternal Feather"},{"floor":43.0,"key":"Juzu Bracelet"},{"floor":47,"key":"Letter Opener"},{"floor":55,"key":"Sundial"}],"event_choices":[{"damage_healed":0.0,"max_hp_gain":0.0,"max_hp_loss":0.0,"gold_gain":0.0,"cards_transformed":["Strike_R"],"event_name":"Living Wall","player_choice":"Change","floor":2.0,"gold_loss":0.0,"damage_taken":0.0,"cards_obtained":["Corruption"]},{"damage_healed":0.0,"max_hp_gain":0.0,"max_hp_loss":0.0,"gold_gain":75.0,"event_name":"World of Goop","player_choice":"Gather Gold","floor":3.0,"gold_loss":0.0,"damage_taken":11.0},{"cards_removed":["Strike_R"],"damage_healed":0.0,"max_hp_gain":0.0,"max_hp_loss":0.0,"gold_gain":0.0,"event_name":"Golden Wing","player_choice":"Card Removal","floor":5.0,"gold_loss":0.0,"damage_taken":7.0},{"damage_healed":0.0,"max_hp_gain":0.0,"max_hp_loss":0.0,"gold_gain":50.0,"event_name":"Golden Shrine","player_choice":"Pray","floor":19.0,"gold_loss":0.0,"damage_taken":0.0},{"damage_healed":0.0,"max_hp_gain":0.0,"max_hp_loss":0.0,"gold_gain":0.0,"event_name":"Upgrade Shrine","player_choice":"Upgraded","floor":22.0,"gold_loss":0.0,"damage_taken":0.0,"cards_upgraded":["Dark Embrace"]},{"cards_removed":["Corruption"],"damage_healed":0.0,"max_hp_gain":0.0,"max_hp_loss":0.0,"gold_gain":0.0,"event_name":"Back to Basics","player_choice":"Elegance","floor":27.0,"gold_loss":0.0,"damage_taken":0.0},{"damage_healed":0.0,"max_hp_gain":0.0,"max_hp_loss":0.0,"gold_gain":0.0,"event_name":"The Mausoleum","player_choice":"Ignored","floor":30.0,"gold_loss":0.0,"damage_taken":0.0},{"damage_healed":0.0,"max_hp_gain":0.0,"max_hp_loss":4.0,"gold_gain":0.0,"event_name":"Winding Halls","player_choice":"Max HP","floor":38.0,"gold_loss":0.0,"damage_taken":0.0},{"damage_healed":0.0,"max_hp_gain":0.0,"max_hp_loss":0.0,"gold_gain":0.0,"event_name":"Tomb of Lord Red Mask","player_choice":"Ignored","floor":39.0,"gold_loss":0.0,"damage_taken":0.0},{"cards_removed":["Defend_R"],"damage_healed":0.0,"max_hp_gain":0.0,"max_hp_loss":0.0,"gold_gain":0.0,"event_name":"Falling","player_choice":"Removed Skill","floor":42.0,"gold_loss":0.0,"damage_taken":0.0}],"is_beta":false,"boss_relics":[{"not_picked":["Black Blood","Fusion Hammer"],"picked":"Astrolabe"},{"not_picked":["Pandora\u0027s Box","Calling Bell"],"picked":"Velvet Choker"}],"items_purged_floors":[11,13,21,36,48],"is_endless":false,"potions_floor_spawned":[1,4,10,16,18,24,29,33,35,37],"ascension_level":20}}