{"host":"o5jvvi5yapo90aia","time":1609489014,"event":{"mods":["BaseMod","CapriCore","Minty Spire (QoL Compilation)","MostiFishMod","Prisma Mod","Spicy Shops","StSLib","TestMod","The Immortal","Yakumo Yukari mod","【人物mod】游戏王New YuGiOh mod","【功能Mod】Neow奖励"],"gold_per_floor":[120,147,178,204,229,270,270,313,336,383,3,36,66,466,466,557,557,590,625,663,273,273,323,323,238,238,238,275,311,353,379,379,475,475,511,529,553,553,582,628,653,653,721,773,147,179,237,299,311,340,376,388,400,5,53,85],"floor_reached":57,"playtime":2026,"items_purged":["Defend_R","Normality","Injury","Strike_R+1","Bash+1"],"score":3912,"play_id":"28ffcf99-a3cc-4be7-bec6-9a65f3756eef","local_time":"20210101161654","is_ascension_mode":true,"campfire_choices":[{"data":"Strike_R","floor":7.0,"key":"PURGE"},{"data":"Defend_R","floor":15.0,"key":"PURGE"},{"data":"Strike_R","floor":24.0,"key":"PURGE"},{"data":"Strike_R","floor":32.0,"key":"PURGE"},{"floor":42,"key":"RECALL"},{"data":"testmod-Dream","floor":49,"key":"SMITH"},{"data":"Strike_R+1","floor":53,"key":"PURGE"}],"circlet_count":0,"master_deck":["Defend_R+1","Reaper+1","testmod-TaurusBlackCat+1","Limit Break+1","Burning Pact+1","Dark Embrace+1","Sword Boomerang+1","Finesse+1","Flash of Steel+1","testmod-Dream+1","TalkToTheHand"],"relics":["testmod-TestBox","ShadowXiaoBlade","FeatherPendant","testmod-TheFather","Torii","Nunchaku","Lantern","Membership Card","Pen Nib","RhineSuit","SynthV","Frozen Egg 2","Potion Belt","Orrery","Art of War","CeramicFish","Ancient Tea Set","Anchor","testmod-TimeTraveler","testmod-IndustrialRevolution","Darkstone Periapt","testmod-RealStoneCalender","PrismaticShard","Mummified Hand","Singing Bowl","Blood Vial","Toy Ornithopter","Lee\u0027s Waffle","MawBank","Bag of Preparation","BrkXgEgg","Chemical X","Oddly Smooth Stone"],"acts_visited":["Exordium","TheCity","TheBeyond","TheEnding"],"potions_floor_usage":[56,56],"damage_taken":[{"damage":0.0,"enemies":"Small Slimes","floor":1.0,"turns":2.0},{"damage":0.0,"enemies":"Jaw Worm","floor":2.0,"turns":1.0},{"damage":0.0,"enemies":"2 Louse","floor":3.0,"turns":2.0},{"damage":0.0,"enemies":"Exordium Wildlife","floor":4.0,"turns":2.0},{"damage":0.0,"enemies":"Looter","floor":5.0,"turns":1.0},{"damage":0.0,"enemies":"Lagavulin","floor":6.0,"turns":2.0},{"damage":0.0,"enemies":"Gremlin Nob","floor":8.0,"turns":2.0},{"damage":0.0,"enemies":"Lagavulin","floor":10.0,"turns":2.0},{"damage":0.0,"enemies":"Lots of Slimes","floor":12.0,"turns":2.0},{"damage":0.0,"enemies":"3 Louse","floor":13.0,"turns":1.0},{"damage":0.0,"enemies":"Hexaghost","floor":16.0,"turns":2.0},{"damage":0.0,"enemies":"Shell Parasite","floor":18.0,"turns":1.0},{"damage":0.0,"enemies":"2 Thieves","floor":19.0,"turns":1.0},{"damage":0.0,"enemies":"Centurion and Healer","floor":20.0,"turns":1.0},{"damage":0.0,"enemies":"Slavers","floor":23.0,"turns":1.0},{"damage":0.0,"enemies":"Cultist and Chosen","floor":28.0,"turns":2.0},{"damage":0.0,"enemies":"Snecko","floor":29.0,"turns":1.0},{"damage":0.0,"enemies":"Book of Stabbing","floor":30.0,"turns":1.0},{"damage":0.0,"enemies":"Shelled Parasite and Fungi","floor":31.0,"turns":1.0},{"damage":0.0,"enemies":"Champ","floor":33.0,"turns":2.0},{"damage":0,"enemies":"Orb Walker","floor":35,"turns":1},{"damage":0,"enemies":"Orb Walker","floor":37,"turns":1},{"damage":0,"enemies":"3 Shapes","floor":39,"turns":1},{"damage":0,"enemies":"Reptomancer","floor":40,"turns":1},{"damage":0,"enemies":"Sphere and 2 Shapes","floor":41,"turns":1},{"damage":0,"enemies":"Nemesis","floor":44,"turns":1},{"damage":0,"enemies":"Maw","floor":46,"turns":1},{"damage":0,"enemies":"Giant Head","floor":47,"turns":1},{"damage":10,"enemies":"4 Shapes","floor":48,"turns":1},{"damage":0,"enemies":"Time Eater","floor":50,"turns":1},{"damage":0,"enemies":"Awakened One","floor":51,"turns":2},{"damage":0,"enemies":"Shield and Spear","floor":55,"turns":1},{"damage":0,"enemies":"The Heart","floor":56,"turns":2}],"seed_played":"-4130414848999394605","potions_obtained":[{"floor":2.0,"key":"DuplicationPotion"},{"floor":5.0,"key":"Dexterity Potion"},{"floor":18.0,"key":"Fruit Juice"},{"floor":23.0,"key":"LiquidBronze"},{"floor":29.0,"key":"LiquidMemories"},{"floor":31.0,"key":"FearPotion"},{"floor":39,"key":"PowerPotion"}],"is_trial":false,"path_per_floor":["M","M","M","M","M","E","R","E","T","E","$","M","M","?","R","B",null,"M","M","M","$","?","E","R","?","T","?","M","M","E","M","R","B",null,"M","?","?","?","M","E","M","R","T","E","$","M","E","M","R","B","B",null,"R","$","E","B",null],"character_chosen":"IRONCLAD","items_purchased":["Membership Card","testmod-TaurusBlackCat","Pen Nib","SynthV","Frozen Egg 2","Potion Belt","Orrery","PrismaticShard","Mummified Hand","Singing Bowl","Blood Vial","Toy Ornithopter","Lee\u0027s Waffle","Bag of Preparation","BrkXgEgg","Chemical X"],"campfire_rested":0,"item_purchase_floors":[11,11,11,21,21,21,21,45,45,45,45,45,45,54,54,54],"current_hp_per_floor":[68,70,72,74,75,75,75,75,75,75,75,75,75,75,75,75,75,75,75,75,75,75,75,75,75,75,75,75,75,75,80,80,80,80,80,70,80,80,80,80,80,80,80,80,93,95,95,85,85,91,95,95,95,95,97,97],"gold":85,"neow_bonus":"BOSS_RELIC","is_daily":false,"chose_seed":false,"campfire_upgraded":1,"win_rate":0.0,"timestamp":1609489014,"path_taken":["M","M","M","M","M","E","R","E","T","E","$","M","M","?","R","BOSS","M","M","M","$","?","E","R","?","T","?","M","M","E","M","R","BOSS","M","?","?","?","M","E","M","R","T","E","$","M","E","?","R","BOSS","BOSS","R","$","E","BOSS"],"items_purchased_type":["Relic","Card","Relic","Relic","Relic","Relic","Relic","Relic","Relic","Relic","Relic","Relic","Relic","Relic","Relic","Relic"],"build_version":"2020-12-22","purchased_purges":5,"victory":true,"max_hp_per_floor":[75,75,75,75,75,75,75,75,75,75,75,75,75,75,75,75,75,75,75,75,75,75,75,75,75,75,75,75,75,75,80,80,80,80,80,80,80,80,80,80,80,80,80,80,93,95,95,95,95,95,95,95,95,95,97,97],"card_choices":[{"not_picked":["Clothesline","Warcry","Anger"],"picked":"SKIP","floor":1.0},{"not_picked":["Seeing Red","MostiFishMod:#F4004"],"picked":"Reaper","floor":2.0},{"not_picked":["Twin Strike","Heavy Blade","Clothesline"],"picked":"SKIP","floor":3.0},{"not_picked":["Armaments","Metallicize","Body Slam"],"picked":"SKIP","floor":4.0},{"not_picked":["Body Slam","Perfected Strike","Wild Strike"],"picked":"SKIP","floor":5.0},{"not_picked":["Bludgeon","Perfected Strike","Ghostly Armor"],"picked":"SKIP","floor":6.0},{"not_picked":["Evolve","Iron Wave","Clash"],"picked":"SKIP","floor":8.0},{"not_picked":["Armaments","True Grit","Havoc"],"picked":"SKIP","floor":10.0},{"not_picked":["Power Through","Spot Weakness","Reaper"],"picked":"SKIP","floor":12.0},{"not_picked":["Shrug It Off","Twin Strike","Pommel Strike"],"picked":"SKIP","floor":13.0},{"not_picked":["Demon Form","MostiFishMod:PerfectStrikeMKII"],"picked":"Limit Break","floor":16.0},{"not_picked":["Disarm","Headbutt","Wild Strike"],"picked":"SKIP","floor":18.0},{"not_picked":["Clothesline","Clash","Twin Strike"],"picked":"SKIP","floor":19.0},{"not_picked":["Havoc","Shrug It Off"],"picked":"Burning Pact+1","floor":20.0},{"not_picked":["Shrug It Off","Havoc"],"picked":"Dark Embrace+1","floor":21.0},{"not_picked":["Sword Boomerang","True Grit","Fire Breathing+1"],"picked":"SKIP","floor":23.0},{"not_picked":["Rage","Warcry","Sword Boomerang"],"picked":"SKIP","floor":28.0},{"not_picked":["Demon Form+1","Dark Embrace+1","Havoc"],"picked":"SKIP","floor":29.0},{"not_picked":["Pommel Strike","True Grit","Iron Wave"],"picked":"SKIP","floor":30.0},{"not_picked":["Sentinel","Spot Weakness","Shrug It Off"],"picked":"SKIP","floor":31.0},{"not_picked":["Iron Wave+1","Sentinel","Clothesline"],"picked":"SKIP","floor":35},{"not_picked":["testmod-HeadAttack","Enlightenment"],"picked":"Finesse","floor":36},{"not_picked":["Secret Technique","testmod-DeathImprint"],"picked":"Flash of Steel","floor":36},{"not_picked":["Dark Embrace+1","Wild Strike","Twin Strike"],"picked":"SKIP","floor":39},{"not_picked":["Dark Embrace+1","Wild Strike","Twin Strike"],"picked":"SKIP","floor":39},{"not_picked":["MostiFishMod:ChineseTea","Flex","Clothesline"],"picked":"SKIP","floor":40},{"not_picked":["Iron Wave+1","Thunderclap","Rage+1"],"picked":"SKIP","floor":41},{"not_picked":["Sword Boomerang","Armaments+1","Flex"],"picked":"SKIP","floor":44},{"not_picked":["Blind","MostiFishMod:FlowState+1","PrismaMod:MiyuEvokeAll+1"],"picked":"Singing Bowl","floor":46},{"not_picked":["WaveOfTheHand","PrismaMod:ChloeDiscardRecovery"],"picked":"testmod-Dream","floor":47},{"not_picked":["PrismaMod:MiyuCheapChannelVul","MokouMod:UncontrollableSolarReaction"],"picked":"TalkToTheHand","floor":48},{"not_picked":["Stack+1","MostiFishMod:GatherIntelligence","MostiFishMod:Hijack+1"],"picked":"Singing Bowl","floor":55}],"player_experience":1366612,"relics_obtained":[{"floor":6.0,"key":"Torii"},{"floor":8.0,"key":"Nunchaku"},{"floor":10.0,"key":"Lantern"},{"floor":23.0,"key":"Art of War"},{"floor":26.0,"key":"Ancient Tea Set"},{"floor":30.0,"key":"Anchor"},{"floor":40,"key":"testmod-IndustrialRevolution"},{"floor":43,"key":"Darkstone Periapt"},{"floor":44,"key":"testmod-RealStoneCalender"},{"floor":47,"key":"MawBank"},{"floor":55,"key":"Oddly Smooth Stone"}],"event_choices":[{"damage_healed":0.0,"max_hp_gain":0.0,"max_hp_loss":0.0,"gold_gain":400.0,"event_name":"恩洛斯的盘子","player_choice":"Sell","floor":14.0,"relics_lost":["DaveBox"],"gold_loss":0.0,"damage_taken":0.0},{"damage_healed":0.0,"max_hp_gain":0.0,"max_hp_loss":0.0,"gold_gain":0.0,"event_name":"The Library","player_choice":"Read","floor":22.0,"gold_loss":0.0,"damage_taken":0.0,"cards_obtained":["Sword Boomerang"]},{"damage_healed":0.0,"max_hp_gain":0.0,"max_hp_loss":0.0,"gold_gain":0.0,"event_name":"Addict","player_choice":"Obtained Relic","floor":25.0,"gold_loss":85.0,"damage_taken":0.0,"relics_obtained":["CeramicFish"]},{"cards_removed":["Defend_R"],"damage_healed":0.0,"max_hp_gain":0.0,"max_hp_loss":0.0,"gold_gain":0.0,"event_name":"Back to Basics","player_choice":"Elegance","floor":27.0,"gold_loss":0.0,"damage_taken":0.0},{"damage_healed":0,"gold_gain":0,"player_choice":"Memory 3","damage_taken":10,"max_hp_gain":0,"max_hp_loss":0,"event_name":"SensoryStone","floor":36,"gold_loss":0},{"damage_healed":0,"gold_gain":0,"player_choice":"Ignored","damage_taken":0,"max_hp_gain":0,"max_hp_loss":0,"event_name":"Tomb of Lord Red Mask","floor":38,"gold_loss":0}],"is_beta":false,"boss_relics":[{"not_picked":["GuanYuAspect","Snecko Eye"],"picked":"RhineSuit"},{"not_picked":["Pandora\u0027s Box","TakeMeEscape"],"picked":"testmod-TimeTraveler"}],"items_purged_floors":[11,21,45,54,54],"is_endless":false,"potions_floor_spawned":[2,5,6,8,16,18,20,23,29,31,35,37,39,48,55],"ascension_level":20}}