{"host":"zekcc3vicrep0och","time":1609516744,"event":{"mods":["AchievementEnabler","BaseMod","Colored Map","Colored Powertips","Displayed Cursed Tome","Minty Spire (QoL Compilation)","Relic Stats","StSLib","The Cursed"],"gold_per_floor":[109,284,331,348,41,69,81,94,94,123,149,161,65,90,90,195,195,209,223,138,138,155,188,1,1,1,16,16,32,61,81,81,180,180,193,207,217,236,1235,1262,1262,1287,1358,1358,1378,953,971,996,996,996],"floor_reached":51,"playtime":3823,"items_purged":["Doubt","Normality"],"score":994,"play_id":"9473d31f-8954-4ac6-95be-b9586dcd3a12","local_time":"20210101185904","is_ascension_mode":false,"campfire_choices":[{"data":"TheCursedMod:StingEye","floor":12.0,"key":"SMITH"},{"data":"TheCursedMod:NeowsMight","floor":15.0,"key":"SMITH"},{"data":"Apotheosis","floor":25,"key":"SMITH"},{"floor":28,"key":"RECALL"},{"data":"TheCursedMod:StingEye","floor":32,"key":"SMITH"},{"floor":41,"key":"REST"},{"data":"TheCursedMod:EmpowerCircles","floor":49,"key":"SMITH"}],"circlet_count":0,"master_deck":["TheCursedMod:CursedWand","TheCursedMod:CleanUpWorkshop","TheCursedMod:Dregs","TheCursedMod:ReleasedKnowledge","TheCursedMod:WearCloak","TheCursedMod:CursedSpellbook","TheCursedMod:RapidMovement","TheCursedMod:StingEye+1","TheCursedMod:FleshFromBone","TheCursedMod:HellsGateOpen","TheCursedMod:CursedBlade","TheCursedMod:CircleOfBlood","TheCursedMod:VitalStrike","TheCursedMod:CursedMace","TheCursedMod:NeowsMight+1","TheCursedMod:CollectTribute","TheCursedMod:Wield","TheCursedMod:CursedShiv","TheCursedMod:VoidForm","TheCursedMod:Obscuration+1","TheCursedMod:CircleOfFlame+1","TheCursedMod:DemonicPact","TheCursedMod:CursedSpellbook","TheCursedMod:StingEye+1","TheCursedMod:LuckyCharm","TheCursedMod:CursedAmulet","TheCursedMod:SurpriseAttack","Apotheosis+1","TheCursedMod:WearCloak+1","TheCursedMod:AntiAging","TheCursedMod:Evocation","CurseOfTheBell","TheCursedMod:SmokeScreen+1","TheCursedMod:Obscuration+1","TheCursedMod:TacticalStrike+1","Normality","TheCursedMod:BlessingInDisguise","TheCursedMod:CursedAmulet+1","TheCursedMod:EmpowerCircles+1","Madness","Madness","TheCursedMod:AshesToAshes+1"],"relics":["TheCursedMod:BlackMagic101","NeowsBlessing","Lantern","Vajra","Mercury Hourglass","Ancient Tea Set","MawBank","Happy Flower","Pandora\u0027s Box","War Paint","MutagenicStrength","Pantograph","Peace Pipe","Bag of Marbles","Calling Bell","MealTicket","Eternal Feather","Lizard Tail","Juzu Bracelet","CeramicFish","Molten Egg 2","Membership Card","Pen Nib","Kunai"],"acts_visited":["Exordium","TheCity","TheBeyond"],"potions_floor_usage":[38,50,50],"damage_taken":[{"damage":0.0,"enemies":"2 Louse","floor":1.0,"turns":1.0},{"damage":0.0,"enemies":"Jaw Worm","floor":4.0,"turns":1.0},{"damage":0.0,"enemies":"3 Sentries","floor":6.0,"turns":1.0},{"damage":0.0,"enemies":"Cultist","floor":7.0,"turns":3.0},{"damage":0.0,"enemies":"2 Fungi Beasts","floor":8.0,"turns":2.0},{"damage":19.0,"enemies":"Gremlin Nob","floor":10.0,"turns":4.0},{"damage":0.0,"enemies":"3 Louse","floor":11.0,"turns":2.0},{"damage":1.0,"enemies":"3 Sentries","floor":14.0,"turns":5.0},{"damage":9.0,"enemies":"Hexaghost","floor":16.0,"turns":5.0},{"damage":15.0,"enemies":"Shell Parasite","floor":18.0,"turns":4.0},{"damage":10.0,"enemies":"Chosen","floor":19.0,"turns":4.0},{"damage":4,"enemies":"Sentry and Sphere","floor":22,"turns":3},{"damage":5,"enemies":"Gremlin Leader","floor":23,"turns":5},{"damage":0,"enemies":"Snecko","floor":27,"turns":2},{"damage":0,"enemies":"3 Cultists","floor":29,"turns":2},{"damage":2,"enemies":"Book of Stabbing","floor":30,"turns":5},{"damage":10,"enemies":"Centurion and Healer","floor":31,"turns":3},{"damage":3,"enemies":"Automaton","floor":33,"turns":5},{"damage":0,"enemies":"3 Darklings","floor":35,"turns":1},{"damage":2,"enemies":"3 Shapes","floor":36,"turns":5},{"damage":23,"enemies":"Spire Growth","floor":37,"turns":4},{"damage":18,"enemies":"4 Shapes","floor":38,"turns":4},{"damage":38,"enemies":"Giant Head","floor":40,"turns":9},{"damage":9,"enemies":"Nemesis","floor":42,"turns":5},{"damage":0,"enemies":"Sphere and 2 Shapes","floor":45,"turns":5},{"damage":8,"enemies":"Writhing Mass","floor":48,"turns":5},{"damage":42,"enemies":"Donu and Deca","floor":50,"turns":7}],"seed_played":"7152643985758831162","potions_obtained":[{"floor":1.0,"key":"DuplicationPotion"},{"floor":8.0,"key":"CultistPotion"},{"floor":10.0,"key":"Explosive Potion"},{"floor":14.0,"key":"BlessingOfTheForge"},{"floor":23,"key":"FairyPotion"},{"floor":27,"key":"EssenceOfSteel"},{"floor":33,"key":"Regen Potion"},{"floor":38,"key":"Fire Potion"},{"floor":45,"key":"LiquidMemories"}],"is_trial":false,"path_per_floor":["M","?","T","M","$","E","M","M","T","E","M","R","$","E","R","B",null,"M","M","?","?","M","E","$","R","T","M","R","M","E","M","R","B",null,"M","M","M","M","?","E","R","E","T","?","M","$","?","M","R","B",null],"character_chosen":"THE_CURSED","items_purchased":["TheCursedMod:CursedSpellbook","Vajra","TheCursedMod:RapidMovement","TheCursedMod:VitalStrike","TheCursedMod:CursedMace","Apotheosis","Membership Card","Pen Nib","Kunai","TheCursedMod:EmpowerCircles"],"campfire_rested":1,"item_purchase_floors":[5,5,5,13,13,24,46,46,46,46],"current_hp_per_floor":[75,75,75,75,75,75,75,75,75,56,56,56,56,61,61,66,75,64,58,58,58,64,65,65,65,65,75,75,75,76,68,68,78,81,81,83,68,69,69,38,86,81,81,81,95,95,83,79,97,58],"gold":996,"neow_bonus":"THREE_ENEMY_KILL","is_daily":false,"chose_seed":false,"campfire_upgraded":5,"win_rate":0.0,"timestamp":1609516744,"path_taken":["M","?","?","M","$","E","M","M","T","E","?","R","?","E","R","BOSS","M","M","?","?","M","E","$","R","T","M","R","M","E","M","R","BOSS","M","M","M","M","?","E","R","E","T","?","M","$","?","M","R","BOSS"],"items_purchased_type":["Card","Relic","Card","Card","Card","Card","Relic","Relic","Relic","Card"],"build_version":"2020-12-22","purchased_purges":2,"victory":true,"max_hp_per_floor":[75,75,75,75,75,75,75,75,75,75,75,75,75,75,75,75,75,75,75,75,75,75,75,75,75,75,75,75,75,78,78,78,81,81,81,84,84,87,87,90,90,92,92,92,95,95,95,97,97,100],"relic_stats":{"Happy Flower":[27],"counters":[27,101],"CeramicFish":45,"Eternal Feather":39,"Pen Nib":[2],"Juzu Bracelet":0,"War Paint":["TheCursedMod:Obscuration","TheCursedMod:CircleOfFlame"],"MawBank":36,"Mercury Hourglass":[381],"Peace Pipe":2,"Lizard Tail":0,"Pantograph":10,"Pandora\u0027s Box":["TheCursedMod:Wield","TheCursedMod:CursedShiv","TheCursedMod:VoidForm","TheCursedMod:Obscuration","TheCursedMod:CircleOfFlame","TheCursedMod:DemonicPact","TheCursedMod:CursedSpellbook","TheCursedMod:StingEye"],"MealTicket":0,"Kunai":[4],"obtain_stats":[{"TheCursedMod:BlackMagic101":0,"Lantern":3,"NeowsBlessing":0,"Happy Flower":14,"CeramicFish":42,"Vajra":5,"Eternal Feather":34,"Pen Nib":46,"Juzu Bracelet":40,"War Paint":20,"Ancient Tea Set":9,"MawBank":10,"Mercury Hourglass":6,"Peace Pipe":26,"Calling Bell":34,"Lizard Tail":34,"MutagenicStrength":21,"Pantograph":23,"Pandora\u0027s Box":17,"MealTicket":34,"Molten Egg 2":43,"Bag of Marbles":30,"Membership Card":46,"Kunai":46},{"TheCursedMod:BlackMagic101":0,"Lantern":1,"NeowsBlessing":0,"Happy Flower":8,"CeramicFish":24,"Vajra":2,"Eternal Feather":18,"Pen Nib":25,"Juzu Bracelet":23,"War Paint":11,"Ancient Tea Set":5,"MawBank":6,"Mercury Hourglass":3,"Peace Pipe":13,"Calling Bell":18,"Lizard Tail":18,"MutagenicStrength":11,"Pantograph":13,"Pandora\u0027s Box":9,"MealTicket":18,"Molten Egg 2":24,"Bag of Marbles":16,"Membership Card":25,"Kunai":25},{"TheCursedMod:BlackMagic101":0,"Lantern":1,"NeowsBlessing":0,"Happy Flower":19,"CeramicFish":85,"Vajra":2,"Eternal Feather":57,"Pen Nib":90,"Juzu Bracelet":80,"War Paint":32,"Ancient Tea Set":8,"MawBank":12,"Mercury Hourglass":3,"Peace Pipe":40,"Calling Bell":57,"Lizard Tail":57,"MutagenicStrength":32,"Pantograph":40,"Pandora\u0027s Box":24,"MealTicket":57,"Molten Egg 2":85,"Bag of Marbles":49,"Membership Card":90,"Kunai":90}]},"card_choices":[{"not_picked":["TheCursedMod:CircleOfFocus","TheCursedMod:RavingStaff"],"picked":"TheCursedMod:ReleasedKnowledge","floor":1.0},{"not_picked":["TheCursedMod:Stigma","TheCursedMod:Grudge"],"picked":"TheCursedMod:WearCloak","floor":4.0},{"not_picked":["TheCursedMod:ManaBullet","TheCursedMod:SurpriseAttack"],"picked":"TheCursedMod:StingEye","floor":6.0},{"not_picked":["TheCursedMod:Torture","TheCursedMod:Grudge"],"picked":"TheCursedMod:FleshFromBone","floor":7.0},{"not_picked":["TheCursedMod:Torture","TheCursedMod:WearCloak"],"picked":"TheCursedMod:HellsGateOpen","floor":8.0},{"not_picked":["TheCursedMod:Stretching","TheCursedMod:Stigma"],"picked":"TheCursedMod:CursedBlade","floor":10.0},{"not_picked":["TheCursedMod:SoulReap","TheCursedMod:HellsGateOpen"],"picked":"TheCursedMod:CircleOfBlood","floor":11.0},{"not_picked":["TheCursedMod:CursedMace","TheCursedMod:CursedRelics"],"picked":"TheCursedMod:NeowsMight","floor":14.0},{"not_picked":["TheCursedMod:DarkBarrier","TheCursedMod:ManaCirculation"],"picked":"TheCursedMod:CollectTribute","floor":16.0},{"not_picked":["TheCursedMod:Stigma","TheCursedMod:BlessingInDisguise","TheCursedMod:VitalStrike+1"],"picked":"SKIP","floor":18.0},{"not_picked":["TheCursedMod:CircleOfBlood","TheCursedMod:RapidMovement"],"picked":"TheCursedMod:LuckyCharm","floor":19.0},{"not_picked":["TheCursedMod:CursedMace","TheCursedMod:RapidMovement"],"picked":"TheCursedMod:CursedAmulet","floor":22},{"not_picked":["TheCursedMod:VitalStrike","TheCursedMod:ReleasedStrength"],"picked":"TheCursedMod:SurpriseAttack","floor":23},{"not_picked":["TheCursedMod:EmpowerCircles","TheCursedMod:Wield+1"],"picked":"TheCursedMod:WearCloak+1","floor":27},{"not_picked":["TheCursedMod:RapidMovement","TheCursedMod:SurpriseAttack"],"picked":"TheCursedMod:AntiAging","floor":29},{"not_picked":["TheCursedMod:LuckyCharm","TheCursedMod:CursedBoomerang+1"],"picked":"TheCursedMod:Evocation","floor":30},{"not_picked":["TheCursedMod:WearCloak","TheCursedMod:CursedMace","TheCursedMod:CircleOfFocus"],"picked":"SKIP","floor":31},{"not_picked":["TheCursedMod:VoidForm","TheCursedMod:Neurasthenia"],"picked":"TheCursedMod:CollectTribute","floor":33},{"not_picked":["TheCursedMod:CursedMace","TheCursedMod:CircleOfFlame","TheCursedMod:CursedAmulet"],"picked":"SKIP","floor":35},{"not_picked":["TheCursedMod:ReleasedKnowledge+1","TheCursedMod:SurpriseAttack"],"picked":"TheCursedMod:SmokeScreen+1","floor":36},{"not_picked":["TheCursedMod:HellsGateOpen","TheCursedMod:ShockAndAwe"],"picked":"TheCursedMod:Obscuration+1","floor":37},{"not_picked":["TheCursedMod:RavingStaff+1","TheCursedMod:Obscuration"],"picked":"TheCursedMod:TacticalStrike+1","floor":38},{"not_picked":["TheCursedMod:CircleOfCorruption","TheCursedMod:TacticalStrike+1"],"picked":"TheCursedMod:BlessingInDisguise","floor":40},{"not_picked":["TheCursedMod:AntiAging","TheCursedMod:FleshFromBone+1","TheCursedMod:Evocation+1"],"picked":"SKIP","floor":42},{"not_picked":["TheCursedMod:SpreadPlague","TheCursedMod:CursedMace+1"],"picked":"TheCursedMod:CursedAmulet+1","floor":45},{"not_picked":["TheCursedMod:CursedMace+1","TheCursedMod:SpitefulStrike+1"],"picked":"TheCursedMod:AshesToAshes+1","floor":48}],"player_experience":486973,"relics_obtained":[{"floor":3.0,"key":"Lantern"},{"floor":6.0,"key":"Mercury Hourglass"},{"floor":9.0,"key":"Ancient Tea Set"},{"floor":10.0,"key":"MawBank"},{"floor":14.0,"key":"Happy Flower"},{"floor":23,"key":"Pantograph"},{"floor":26,"key":"Peace Pipe"},{"floor":30,"key":"Bag of Marbles"},{"floor":34,"key":"MealTicket"},{"floor":34,"key":"Eternal Feather"},{"floor":34,"key":"Lizard Tail"},{"floor":40,"key":"Juzu Bracelet"},{"floor":42,"key":"CeramicFish"},{"floor":43,"key":"Molten Egg 2"}],"event_choices":[{"damage_healed":0.0,"max_hp_gain":0.0,"max_hp_loss":0.0,"gold_gain":175.0,"event_name":"Liars Game","player_choice":"AGREE","floor":2.0,"gold_loss":0.0,"damage_taken":0.0,"cards_obtained":["Doubt"]},{"damage_healed":0.0,"max_hp_gain":0.0,"max_hp_loss":0.0,"gold_gain":0.0,"event_name":"Addict","player_choice":"Obtained Relic","floor":20.0,"gold_loss":85.0,"damage_taken":0.0,"relics_obtained":["War Paint"]},{"damage_healed":0,"gold_gain":0,"player_choice":"Inject Mutagens","damage_taken":0,"relics_obtained":["MutagenicStrength"],"max_hp_gain":0,"max_hp_loss":0,"event_name":"Drug Dealer","floor":21,"gold_loss":0},{"damage_healed":0,"gold_gain":999,"player_choice":"Gold","damage_taken":0,"max_hp_gain":0,"max_hp_loss":0,"event_name":"MindBloom","floor":39,"gold_loss":0,"cards_obtained":["Normality","Normality"]},{"cards_removed":["TheCursedMod:CollectTribute"],"damage_healed":0,"gold_gain":0,"player_choice":"Removed Power","damage_taken":0,"max_hp_gain":0,"max_hp_loss":0,"event_name":"Falling","floor":44,"gold_loss":0},{"damage_healed":0,"gold_gain":0,"player_choice":"Embrace Madness","damage_taken":12,"max_hp_gain":0,"max_hp_loss":0,"event_name":"Winding Halls","floor":47,"gold_loss":0,"cards_obtained":["Madness","Madness"]}],"is_beta":false,"boss_relics":[{"not_picked":["Runic Dome","TheCursedMod:FourLeafCloverCharm"],"picked":"Pandora\u0027s Box"},{"not_picked":["Cursed Key","Tiny House"],"picked":"Calling Bell"}],"items_purged_floors":[5,46],"is_endless":false,"potions_floor_spawned":[1,8,10,14,23,27,29,30,31,33,35,36,37,38,45],"ascension_level":0}}