{"host":"fm9e0lfunjlbhzxv","time":1609460777,"event":{"mods":["2.2 Compatiblity","Astrologer","BaseMod","Better Match","Better Skull","Better Third Choice","Colored Map","Colored Powertips","Downfall","Key Reminder","Minty Spire (QoL Compilation)","Permanent Neow","Rare Cards Sparkle","Relic Stats","Remilia??????","StSLib","The Administrix","The Bug Knight","The Cursed","The Disciple","The Mystic","The Servant 0.9.4","The Vixen","slay the spire mod where everything is the same but ironclad has a cowboy hat"],"gold_per_floor":[111,224,238,253,17,17,47,47,72,116,139,164,199,219,228,341,341,369,378,687,710,735,762,762,762],"floor_reached":24,"playtime":2245,"items_purged":[],"score":311,"play_id":"599ac362-f39f-453e-9c8d-2c71be452203","local_time":"20201231162617","is_ascension_mode":true,"campfire_choices":[{"floor":6,"key":"REST"},{"data":"BestPractice","floor":8,"key":"SMITH"},{"floor":15,"key":"REST"}],"circlet_count":0,"master_deck":["Strike_S","Strike_S","Strike_S","Strike_S","Defend_S","Defend_S","Defend_S","Defend_S+1","KidneyShot","Exchange","MurderousAura","TimeWarp","BestPractice+1","Defy","SpecialFormula","Unruled","Luminosity","ShiftingGears","WasteNot","DoubleEdge","DoubleEdge","StarChef","Initiator","Defy","SoulSculpture","Defy+1","Alleviate","Greed_TH","Revamp+1","Misdirection"],"relics":["Uniform","PreservedInsect","Dream Catcher","Strawberry","MealTicket","CeramicFish","Turnip","StoneMask","Mango"],"acts_visited":["Exordium","TheCity"],"potions_floor_usage":[10,11,14,14,14,16,23,23],"damage_taken":[{"damage":0,"enemies":"Cultist","floor":1,"turns":4},{"damage":0,"enemies":"2 Louse","floor":3,"turns":3},{"damage":0,"enemies":"Small Slimes","floor":4,"turns":4},{"damage":17,"enemies":"Lagavulin","floor":7,"turns":7},{"damage":6,"enemies":"Gremlin Nob","floor":10,"turns":3},{"damage":3,"enemies":"3 Louse","floor":11,"turns":4},{"damage":4,"enemies":"Looter","floor":12,"turns":3},{"damage":16,"enemies":"3 Sentries","floor":13,"turns":7},{"damage":1,"enemies":"Blue Slaver","floor":14,"turns":3},{"damage":25,"enemies":"The Guardian","floor":16,"turns":8},{"damage":22,"enemies":"Shell Parasite","floor":18,"turns":5},{"damage":7,"enemies":"Snecko","floor":21,"turns":9},{"damage":30,"enemies":"Snake Plant","floor":22,"turns":6},{"damage":36,"enemies":"Gremlin Leader","floor":23,"turns":7},{"damage":26,"enemies":"Centurion and Healer","floor":24,"turns":2}],"seed_played":"4377417848587239830","potions_obtained":[{"floor":3,"key":"ColorlessPotion"},{"floor":4,"key":"hexamod:EctoCoolerPotion"},{"floor":7,"key":"hexamod:EctoCoolerPotion"},{"floor":11,"key":"SkillPotion"},{"floor":13,"key":"EntropicBrew"},{"floor":16,"key":"CultistPotion"},{"floor":18,"key":"BlessingOfTheForge"},{"floor":22,"key":"Block Potion"}],"is_trial":false,"path_per_floor":["M","?","M","M","$","R","E","R","T","E","M","M","E","M","R","B",null,"M","?","?","M","M","E","M"],"character_chosen":"THE_SERVANT","items_purchased":["SpecialFormula","Unruled","Luminosity","Explosive Potion"],"campfire_rested":2,"item_purchase_floors":[5,5,5,5],"current_hp_per_floor":[65,21,21,21,21,40,38,38,38,32,37,33,22,21,42,22,72,58,58,58,59,40,26,0,0],"gold":762,"neow_bonus":"ONE_RANDOM_RARE_CARD","is_daily":false,"chose_seed":false,"campfire_upgraded":1,"win_rate":0.0,"timestamp":1609460777,"path_taken":["M","?","M","M","$","R","E","R","T","E","M","?","E","M","R","BOSS","M","?","?","M","M","E","M"],"items_purchased_type":["Card","Card","Card","Potion"],"build_version":"2020-12-22","purchased_purges":0,"victory":false,"max_hp_per_floor":[65,65,65,65,65,65,72,72,72,72,72,72,72,72,72,72,72,73,73,73,74,75,90,90,90],"relic_stats":{"Dream Catcher":2,"counters":[15,75],"CeramicFish":99,"MealTicket":0,"PreservedInsect":127,"Turnip":[18],"obtain_stats":[{"Dream Catcher":2,"StoneMask":17,"Strawberry":7,"CeramicFish":10,"MealTicket":9,"Mango":23,"PreservedInsect":2,"Turnip":13,"Uniform":0},{"Dream Catcher":1,"StoneMask":10,"Strawberry":4,"CeramicFish":5,"MealTicket":4,"Mango":14,"PreservedInsect":1,"Turnip":8,"Uniform":0},{"Dream Catcher":4,"StoneMask":46,"Strawberry":18,"CeramicFish":21,"MealTicket":18,"Mango":73,"PreservedInsect":4,"Turnip":35,"Uniform":0}]},"card_choices":[{"not_picked":["Ricochet","Rewind"],"picked":"TimeWarp","floor":1},{"not_picked":["Ricochet","Sabotage"],"picked":"BestPractice","floor":3},{"not_picked":["TimeWarp","SilverBlades"],"picked":"Defy","floor":4},{"not_picked":["Deadline","SoulSculpture"],"picked":"ShiftingGears","floor":6},{"not_picked":["ShatteredReality","TimeWarp"],"picked":"WasteNot","floor":7},{"not_picked":["Misdirection","BottledTime"],"picked":"DoubleEdge","floor":10},{"not_picked":["Rearm","ShatteredReality"],"picked":"DoubleEdge","floor":11},{"not_picked":["Read","Contraction"],"picked":"StarChef","floor":12},{"not_picked":["Ricochet","DoubleEdge"],"picked":"Initiator","floor":13},{"not_picked":["Rearm","Unruled","ReturningBlade"],"picked":"SKIP","floor":14},{"not_picked":["Replace","DoubleEdge"],"picked":"Defy","floor":15},{"not_picked":["Initiator","MurderousAura"],"picked":"SoulSculpture","floor":16},{"not_picked":["BestPractice","ShatteredReality"],"picked":"Defy+1","floor":18},{"not_picked":["Rewind","Rearm"],"picked":"Revamp+1","floor":21},{"not_picked":["SpecialFormula+1","Manipulate+1"],"picked":"Misdirection","floor":22},{"not_picked":["DancingSilver","Shuttle+1","Orbit"],"picked":"SKIP","floor":23}],"player_experience":705093,"relics_obtained":[{"floor":7,"key":"Strawberry"},{"floor":9,"key":"MealTicket"},{"floor":10,"key":"CeramicFish"},{"floor":13,"key":"Turnip"},{"floor":23,"key":"Mango"}],"event_choices":[{"damage_healed":0,"gold_gain":113,"player_choice":"GO UP RE RE ","damage_taken":51,"relics_obtained":["PreservedInsect","Dream Catcher"],"max_hp_gain":0,"max_hp_loss":0,"event_name":"betterSkull:BetterSkull","floor":2,"gold_loss":0,"cards_upgraded":["Defend_S"]},{"damage_healed":0,"gold_gain":0,"player_choice":"Read","damage_taken":0,"max_hp_gain":0,"max_hp_loss":0,"event_name":"The Library","floor":19,"gold_loss":0,"cards_obtained":["Alleviate"]}],"is_beta":false,"boss_relics":[{"not_picked":["Fusion Hammer","Tiny House"],"picked":"StoneMask"}],"items_purged_floors":[],"is_endless":false,"potions_floor_spawned":[3,4,7,11,13,16,18,22],"killed_by":"Centurion and Healer","ascension_level":4}}