{"host":"e8tokx78z9vc2suo","time":1609473060,"event":{"mods":["Act Like it!","Aspiration","BaseMod","Colored Powertips","Conspire","Gensokyo","Hallownest","HololiveMod","KinomotoSakuraMod(Ä¾Ö®±¾Ó£)","Koishi","Lobotomy","LobotomyExtend","Marisa£¨ìFÓê¡¡Ä§ÀíÉ³£©","Minty Spire (QoL Compilation)","MostiFishMod","Pale of the Ancients","Prisma Mod","Reimu£¨²©ÀöÁéÃÎ£©","Remilia£¨ÀÙÃ×ÀòÑÇ£©","Replay The Spire","RumiaBox-Â¶Ã×æ«µÄÉñÃØºÐ×Ó","SIMod","StSLib","TestMod","The Administrix","The Animator","The Bug Knight","Yakumo Yukari mod","Youmu£¨»êÆÇÑýÃÎ£©","vexMod","¡¾ÒÅÎï¿¨ÅÆ¡¿REMEMod"],"gold_per_floor":[114,131,28,47,47,47,67,67,67,94,110,132,163,186,198,296,296,296,296],"floor_reached":18,"playtime":781,"items_purged":[],"score":216,"play_id":"6fe18c50-e7cd-4ffc-94f0-284864e3f608","local_time":"20210101115100","is_ascension_mode":false,"campfire_choices":[{"data":"animator:FeridBathory","floor":6,"key":"SMITH"},{"floor":15,"key":"REST"}],"circlet_count":0,"master_deck":["animator:Defend_Konosuba","animator:Strike","animator:Strike","animator:Strike","animator:Defend","animator:Defend","animator:Defend","animator:Kazuma","animator:Aqua","All Out Attack","Wellcheers","animator:FielNirvalen","animator:FeridBathory+1","animator:Yuuichirou","animator:MetalKnight","OSAHOGD","animator:IzunaHatsuse","VoidDream","animator:Yuuichirou","BigBird","SpiderBud","animator:DolaSchwi","MHz","animator:Boros","animator:Darkness","LongBird","animator:Wiz","animator:RoyMustang","animator:Sora"],"relics":["animator:LivingPicture","animator:TheMissingPiece","testmod-TestBox","DaveBox","REME_ComplimentaryCards","testmod-Nyarlathotep","Brimstone","CogitoBucket","SynthV:TestCard","animator:WornHelmet","Omamori","AdjustmentMirror","Dream Catcher","aspiration:MarisaSkillbook"],"acts_visited":["Exordium","Gensokyo:Gensokyoer"],"potions_floor_usage":[13,13,13],"damage_taken":[{"damage":0,"enemies":"Cultist","floor":1,"turns":3},{"damage":0,"enemies":"2 Louse","floor":2,"turns":3},{"damage":15,"enemies":"Small Slimes","floor":4,"turns":4},{"damage":1,"enemies":"Looter","floor":7,"turns":3},{"damage":4,"enemies":"Exordium Wildlife","floor":10,"turns":3},{"damage":23,"enemies":"Blue Slaver","floor":11,"turns":3},{"damage":10,"enemies":"Red Slaver","floor":12,"turns":4},{"damage":16,"enemies":"Lagavulin","floor":13,"turns":4},{"damage":8,"enemies":"Looter","floor":14,"turns":3},{"damage":0,"enemies":"The Guardian","floor":16,"turns":7},{"damage":72,"enemies":"Gensokyo:CosmicMonolith","floor":18,"turns":3}],"seed_played":"-8641122880949961156","potions_obtained":[{"floor":2,"key":"Explosive Potion"},{"floor":4,"key":"Fire Potion"},{"floor":10,"key":"Fire Potion"},{"floor":13,"key":"Milkshake"}],"is_trial":false,"path_per_floor":["M","M","$","M","T","R","M","$","T","M","M","M","E","M","R","B",null,"M"],"character_chosen":"THE_ANIMATOR","items_purchased":["animator:Yuuichirou","animator:MetalKnight"],"campfire_rested":1,"item_purchase_floors":[3,3],"current_hp_per_floor":[66,66,66,56,56,56,58,58,58,59,36,34,21,21,41,55,67,0,0],"gold":296,"neow_bonus":"","is_daily":false,"chose_seed":false,"campfire_upgraded":1,"win_rate":0.0,"timestamp":1609473060,"path_taken":["M","M","?","?","?","R","M","$","T","M","M","?","E","M","R","BOSS","M"],"items_purchased_type":["Card","Card"],"build_version":"2020-12-22","purchased_purges":0,"victory":false,"max_hp_per_floor":[66,66,66,66,66,66,66,66,66,66,66,66,67,67,67,67,67,67,67],"card_choices":[{"not_picked":["FairyFestival","CrumblingArmor","OldLady"],"picked":"Singing Bowl","floor":1},{"not_picked":["Scorched","MeatLantern"],"picked":"Wellcheers","floor":1},{"not_picked":["animator:Raven","animator:Elsword"],"picked":"animator:FielNirvalen","floor":1},{"not_picked":["BlackSwan","CrumblingArmor","UniverseFragment"],"picked":"Singing Bowl","floor":2},{"not_picked":["animator:Chris","animator:Kazuma","animator:Mikaela","animator:Jibril"],"picked":"animator:FeridBathory","floor":2},{"not_picked":["Bloodbath","UniverseFragment"],"picked":"OSAHOGD","floor":4},{"not_picked":["animator:DolaSchwi","animator:Ain","animator:DolaCouronne","animator:Chung"],"picked":"animator:IzunaHatsuse","floor":4},{"not_picked":["SpiderBud","PunishingBird"],"picked":"VoidDream","floor":7},{"not_picked":["animator:Yoichi","animator:Mitsuba","animator:Mikaela","animator:HiiragiShinya"],"picked":"animator:Yuuichirou","floor":7},{"not_picked":["WallGazer","FairyFestival","BigBadWolf"],"picked":"Singing Bowl","floor":10},{"not_picked":["ShyLook","Woodsman"],"picked":"BigBird","floor":10},{"not_picked":["animator:Mitsuba","animator:Chris","animator:Aisha","animator:Raven"],"picked":"animator:Verdia","floor":10},{"not_picked":["SingingMachine","UniverseFragment"],"picked":"SpiderBud","floor":11},{"not_picked":["animator:ChlammyZell","animator:MetalKnight","animator:Chung","animator:Mitsuba"],"picked":"animator:DolaSchwi","floor":11},{"not_picked":["CherryBlossoms","WallGazer"],"picked":"MHz","floor":12},{"not_picked":["animator:Tatsumaki","animator:ElricAlphonse","animator:DwarfShaman","animator:Spearman"],"picked":"animator:Boros","floor":12},{"not_picked":["OldLady","UniverseFragment","FairyFestival"],"picked":"Singing Bowl","floor":13},{"not_picked":["animator:Vanir","animator:Megumin","animator:YunYun","animator:Verdia"],"picked":"animator:Darkness","floor":13},{"not_picked":["DreamingCurrent","Scorched"],"picked":"LongBird","floor":14},{"not_picked":["animator:Ain","animator:MumenRider","animator:Ara","animator:Priestess"],"picked":"animator:Wiz","floor":14},{"not_picked":["animator:DolaSchwi","animator:Darkness","animator:ElricAlphonse","animator:Tatsumaki"],"picked":"animator:RoyMustang","floor":15},{"not_picked":["Scorched","SingingMachine","WhiteNight"],"picked":"Singing Bowl","floor":16},{"not_picked":["animator:GoblinSlayer","animator:SwordMaiden","animator:Shiro","animator:FeridBathory"],"picked":"animator:Sora","floor":16}],"player_experience":274848,"relics_obtained":[{"floor":1,"key":"SynthV:TestCard"},{"floor":5,"key":"animator:WornHelmet"},{"floor":9,"key":"Omamori"},{"floor":13,"key":"Dream Catcher"}],"event_choices":[],"is_beta":false,"boss_relics":[{"not_picked":["Velvet Choker","OneHitWonderSystem"],"picked":"aspiration:MarisaSkillbook"}],"items_purged_floors":[],"is_endless":false,"potions_floor_spawned":[2,4,10,11,13],"killed_by":"Gensokyo:CosmicMonolith","ascension_level":0}}