{"host":"Yuki","time":1609468413,"event":{"mods":["AchievementEnabler","BaseMod","Block Reminder","Colored Map","Colored Powertips","Googly Eyes","Highlight Path","Minty Spire (QoL Compilation)","Permanent Neow","Quick Restart","Random Character Button","Random Character Mod","Relic Stats","StSLib","The Wild Card","everything is the same but u backflip on backflip","slay the spire mod where everything is the same but ironclad has a cowboy hat"],"gold_per_floor":[111,122,138,156,156,186,197,216,290,290,321,337,349,378,378,473,473,488,61,74,74,92,126,126,143,143,143,143],"floor_reached":27,"playtime":1859,"items_purged":["Strike_P"],"score":285,"play_id":"03a9d090-bddd-495f-9081-28658aa721c3","local_time":"20201231203333","is_ascension_mode":true,"campfire_choices":[{"floor":10,"key":"REST"},{"floor":15,"key":"REST"},{"floor":24,"key":"REST"}],"circlet_count":0,"master_deck":["Strike_P","Strike_P","Defend_P","Defend_P","Defend_P","Defend_P","Eruption","Vigilance","Indignation","CutThroughFate","EmptyFist","ClearTheMind","TalkToTheHand","Devotion","FlurryOfBlows","FollowUp","Nirvana","EmptyMind","Meditate","DevaForm","Evaluate","Scrawl","EmptyBody","ThirdEye","CutThroughFate","InnerPeace","Tantrum","SashWhip","SpiritShield","DeceiveReality+1","FearNoEvil","FlurryOfBlows"],"relics":["Black Star","Bronze Scales","Dream Catcher","Bottled Lightning","Prayer Wheel","Centennial Puzzle","Lantern","Letter Opener","Runic Pyramid","Medical Kit","Pen Nib","Omamori","Damaru","Toxic Egg 2"],"acts_visited":["Exordium","TheCity"],"potions_floor_usage":[4,14,14,14,16,18,27,27],"damage_taken":[{"damage":0,"enemies":"Cultist","floor":1,"turns":3},{"damage":0,"enemies":"2 Louse","floor":2,"turns":2},{"damage":0,"enemies":"Small Slimes","floor":3,"turns":3},{"damage":4,"enemies":"Red Slaver","floor":4,"turns":4},{"damage":44,"enemies":"3 Sentries","floor":6,"turns":12},{"damage":8,"enemies":"Blue Slaver","floor":7,"turns":4},{"damage":13,"enemies":"Gremlin Gang","floor":8,"turns":5},{"damage":10,"enemies":"Lagavulin","floor":11,"turns":7},{"damage":5,"enemies":"Exordium Wildlife","floor":12,"turns":4},{"damage":0,"enemies":"2 Fungi Beasts","floor":13,"turns":3},{"damage":12,"enemies":"3 Sentries","floor":14,"turns":8},{"damage":22,"enemies":"The Guardian","floor":16,"turns":8},{"damage":20,"enemies":"3 Byrds","floor":18,"turns":4},{"damage":14,"enemies":"Shell Parasite","floor":20,"turns":5},{"damage":18,"enemies":"Centurion and Healer","floor":22,"turns":7},{"damage":32,"enemies":"Book of Stabbing","floor":23,"turns":6},{"damage":8,"enemies":"Snecko","floor":25,"turns":6},{"damage":51,"enemies":"Slavers","floor":27,"turns":4}],"seed_played":"-3663745634313787196","potions_obtained":[{"floor":3,"key":"StancePotion"},{"floor":4,"key":"Fruit Juice"},{"floor":6,"key":"Energy Potion"},{"floor":8,"key":"DuplicationPotion"},{"floor":14,"key":"BottledMiracle"},{"floor":16,"key":"BottledMiracle"},{"floor":22,"key":"Swift Potion"},{"floor":23,"key":"Explosive Potion"}],"is_trial":false,"path_per_floor":["M","M","M","M","?","E","M","M","T","R","E","M","M","E","R","B",null,"M","$","M","?","M","E","R","M","T","E"],"character_chosen":"WATCHER","items_purchased":["Medical Kit","Pen Nib","CutThroughFate"],"campfire_rested":3,"item_purchase_floors":[19,19,19],"current_hp_per_floor":[72,72,72,68,68,24,16,3,3,24,14,9,9,2,25,3,77,57,57,43,68,50,18,41,33,33,0,0],"gold":143,"neow_bonus":"BOSS_RELIC","is_daily":false,"chose_seed":false,"campfire_upgraded":0,"win_rate":0.0,"timestamp":1609468413,"path_taken":["M","M","M","M","?","E","M","M","T","R","E","M","M","E","R","BOSS","M","$","M","?","M","E","R","M","T","E"],"items_purchased_type":["Relic","Relic","Card"],"build_version":"2020-12-18","purchased_purges":1,"victory":false,"max_hp_per_floor":[72,72,72,72,72,72,72,72,72,72,72,72,72,77,77,77,77,77,77,77,77,77,77,77,77,77,77,77],"relic_stats":{"Dream Catcher":3,"Centennial Puzzle":[27],"counters":[18,95],"Bronze Scales":[230],"Prayer Wheel":6,"Pen Nib":[5],"Black Star":4,"Letter Opener":[108],"Medical Kit":[0],"obtain_stats":[{"Lantern":14,"Damaru":23,"Pen Nib":19,"Omamori":23,"Letter Opener":14,"Medical Kit":19,"Dream Catcher":6,"Centennial Puzzle":11,"Bronze Scales":6,"Prayer Wheel":11,"Black Star":0,"Bottled Lightning":9,"PureWater":0,"Toxic Egg 2":26,"Runic Pyramid":17},{"Lantern":11,"Damaru":16,"Pen Nib":13,"Omamori":16,"Letter Opener":11,"Medical Kit":13,"Dream Catcher":5,"Centennial Puzzle":8,"Bronze Scales":5,"Prayer Wheel":8,"Black Star":0,"Bottled Lightning":7,"PureWater":0,"Toxic Egg 2":17,"Runic Pyramid":12},{"Lantern":55,"Damaru":85,"Pen Nib":67,"Omamori":85,"Letter Opener":55,"Medical Kit":67,"Dream Catcher":24,"Centennial Puzzle":40,"Bronze Scales":24,"Prayer Wheel":40,"Black Star":0,"Bottled Lightning":33,"PureWater":0,"Toxic Egg 2":91,"Runic Pyramid":63}]},"card_choices":[{"not_picked":["Protect","ThirdEye"],"picked":"Indignation","floor":1},{"not_picked":["Pray","ThirdEye"],"picked":"CutThroughFate","floor":2},{"not_picked":["ReachHeaven","CrushJoints"],"picked":"EmptyFist","floor":3},{"not_picked":["EmptyFist","ThirdEye","JustLucky"],"picked":"SKIP","floor":4},{"not_picked":["CutThroughFate","SignatureMove"],"picked":"ClearTheMind","floor":6},{"not_picked":["FollowUp","BowlingBash"],"picked":"TalkToTheHand","floor":7},{"not_picked":["Protect","BowlingBash"],"picked":"Devotion","floor":8},{"not_picked":["Crescendo","FollowUp"],"picked":"FlurryOfBlows","floor":10},{"not_picked":["Crescendo","Worship"],"picked":"FollowUp","floor":11},{"not_picked":["EmptyFist","CutThroughFate"],"picked":"Nirvana","floor":12},{"not_picked":["Fasting2","EmptyBody"],"picked":"EmptyMind","floor":12},{"not_picked":["Collect","FearNoEvil"],"picked":"Meditate","floor":13},{"not_picked":["ClearTheMind","EmptyFist","Indignation"],"picked":"SKIP","floor":13},{"not_picked":["Perseverance","Consecrate"],"picked":"DevaForm","floor":14},{"not_picked":["BowlingBash","EmptyFist"],"picked":"Evaluate","floor":15},{"not_picked":["Blasphemy","Ragnarok"],"picked":"Scrawl","floor":16},{"not_picked":["WindmillStrike","FollowUp"],"picked":"EmptyBody","floor":18},{"not_picked":["ThirdEye","CarveReality","Fasting2"],"picked":"SKIP","floor":18},{"not_picked":["CarveReality","Fasting2"],"picked":"ThirdEye","floor":18},{"not_picked":["ThirdEye+1","Fasting2"],"picked":"InnerPeace","floor":20},{"not_picked":["Worship","ThirdEye+1","Crescendo"],"picked":"SKIP","floor":20},{"not_picked":["BowlingBash","InnerPeace"],"picked":"Tantrum","floor":22},{"not_picked":["FollowUp","ConjureBlade"],"picked":"SashWhip","floor":22},{"not_picked":["Evaluate+1","Weave"],"picked":"SpiritShield","floor":23},{"not_picked":["Fasting2","Protect"],"picked":"DeceiveReality+1","floor":24},{"not_picked":["Fasting2","EmptyBody"],"picked":"FearNoEvil","floor":25},{"not_picked":["EmptyMind+1","Conclude+1"],"picked":"FlurryOfBlows","floor":25}],"player_experience":1243055,"relics_obtained":[{"floor":6,"key":"Bronze Scales"},{"floor":6,"key":"Dream Catcher"},{"floor":9,"key":"Bottled Lightning"},{"floor":11,"key":"Prayer Wheel"},{"floor":11,"key":"Centennial Puzzle"},{"floor":14,"key":"Lantern"},{"floor":14,"key":"Letter Opener"},{"floor":23,"key":"Omamori"},{"floor":23,"key":"Damaru"},{"floor":26,"key":"Toxic Egg 2"}],"event_choices":[{"cards_removed":["Strike_P"],"damage_healed":0,"gold_gain":0,"player_choice":"Card Removal","damage_taken":0,"max_hp_gain":0,"max_hp_loss":0,"event_name":"Wheel of Change","floor":5,"gold_loss":0},{"damage_healed":25,"gold_gain":0,"player_choice":"Heal","damage_taken":0,"max_hp_gain":0,"max_hp_loss":0,"event_name":"The Library","floor":21,"gold_loss":0}],"is_beta":true,"boss_relics":[{"not_picked":["Cursed Key","SacredBark"],"picked":"Runic Pyramid"}],"items_purged_floors":[19],"is_endless":false,"potions_floor_spawned":[3,4,6,8,14,16,22,23],"killed_by":"Slavers","ascension_level":2}}