{"host":"6a06qhlf17v5rcww","time":1609489150,"event":{"mods":["BaseMod","Beaked The Cultist","Better Altar","Better Match","Better Note","Better Sensory Stone","Better Skull","Better Third Choice","BetterRewards","Block Reminder","Downfall","Hermit","Infinite Spire","Minty Spire (QoL Compilation)","Rare Cards Sparkle","Replay The Spire","Shade Mod","StSLib","The Alterego","The Cursed","The Marked","The Witch"],"gold_per_floor":[114,128,87,102,102,102,121,136,136,149,149,149,4,4,4,4,4,101,101,115,133,133,133,149,149,149,149,149,149,176,176,191,202,202,306,306,321,341,412,512,612,612,111,111,135,135,164,177,194,244,244,244],"floor_reached":53,"playtime":5031,"items_purged":[],"score":1170,"play_id":"33d9bb4f-d73b-41eb-b81c-717a5cc32aec","local_time":"20210101031910","is_ascension_mode":true,"campfire_choices":[{"data":"alterego_mod:Punishment","floor":6.0,"key":"SMITH"},{"data":"alterego_mod:DiscoLights","floor":12.0,"key":"SMITH"},{"data":"alterego_mod:TrashNCrash","floor":25.0,"key":"SMITH"},{"data":"alterego_mod:ClassAdvantage","floor":27.0,"key":"SMITH"},{"data":"alterego_mod:AlterEgo","floor":29.0,"key":"SMITH"},{"floor":34.0,"key":"DIG"},{"data":"alterego_mod:Valentines","floor":42.0,"key":"SMITH"},{"data":"ReplayTheSpireMod:??????????????????????","floor":44.0,"key":"SMITH"}],"circlet_count":0,"master_deck":["alterego_mod:BigMeatyClaws","alterego_mod:BrynhildrsRune","alterego_mod:Punishment+1","alterego_mod:Complex","alterego_mod:Jiggle","alterego_mod:SakuraLabyrinth","alterego_mod:Pet","alterego_mod:DiscoLights+1","alterego_mod:DiscoLights+1","alterego_mod:ClassAdvantage+1","alterego_mod:AlterEgo+1","alterego_mod:Pet","alterego_mod:Mirror+1","Necronomicurse","alterego_mod:TrashNCrash+1","alterego_mod:ChallengeComplete","Ghostly","Ghostly","Ghostly","Ghostly","Ghostly","alterego_mod:GoddessCore","alterego_mod:Lift","alterego_mod:STier","alterego_mod:Valkyrie+1","alterego_mod:ChallengeComplete","alterego_mod:Valentines+1","alterego_mod:Maid","alterego_mod:VirginLaserPalladion","alterego_mod:Schoolgirl","alterego_mod:Belle","alterego_mod:Clones+1","ReplayTheSpireMod:??????????????????????+1","alterego_mod:1TonWallop+1","Ghostly","Ghostly","Ghostly","Ghostly","Ghostly","alterego_mod:Clones+1","Replay:SS_hec_1+1","alterego_mod:Venus","alterego_mod:Table","alterego_mod:Rip"],"relics":["alterego_mod:MasochisticConstitution","Bird Faced Urn","Matryoshka","betterThird:SlimedRelic","WarpedTongs","Tiny Chest","Whetstone","Lee\u0027s Waffle","Blood Vial","infinitespire:Cupcake","ReplayTheSpireMod:TigerMarble","Guardian:GemstoneGun","Necronomicon","Replay:Bottled Flurry","Omamori","Gremlin Horn","Pandora\u0027s Box","Divine Protection","Unceasing Top","DollysMirror","Frozen Egg 2","Pen Nib","Calipers","Counterbalance","CaptainsWheel"],"acts_visited":["Exordium","TheCity","TheBeyond"],"potions_floor_usage":[47,52,52],"damage_taken":[{"damage":23.0,"enemies":"Small Slimes","floor":1.0,"turns":5.0},{"damage":4.0,"enemies":"Cultist","floor":2.0,"turns":4.0},{"damage":0.0,"enemies":"2 Louse","floor":4.0,"turns":4.0},{"damage":23.0,"enemies":"Large Slime","floor":7.0,"turns":9.0},{"damage":26.0,"enemies":"Gremlin Gang","floor":8.0,"turns":11.0},{"damage":13.0,"enemies":"Blue Slaver","floor":10.0,"turns":8.0},{"damage":28.0,"enemies":"Slime Boss","floor":18.0,"turns":8.0},{"damage":32.0,"enemies":"Spheric Guardian","floor":20.0,"turns":6.0},{"damage":5.0,"enemies":"Chosen","floor":21.0,"turns":7.0},{"damage":0.0,"enemies":"Snecko","floor":24.0,"turns":7.0},{"damage":27.0,"enemies":"Slavers","floor":30.0,"turns":9.0},{"damage":1.0,"enemies":"Snake Plant","floor":32.0,"turns":9.0},{"damage":15.0,"enemies":"Centurion and Healer","floor":33.0,"turns":10.0},{"damage":0.0,"enemies":"Automaton","floor":35.0,"turns":11.0},{"damage":15.0,"enemies":"3 Shapes","floor":37.0,"turns":9.0},{"damage":2.0,"enemies":"Orb Walker","floor":38.0,"turns":8.0},{"damage":4.0,"enemies":"infinitespire:Three Voidlings","floor":40.0,"turns":7.0},{"damage":1.0,"enemies":"Nightmare_Alpha","floor":40.0,"turns":9.0},{"damage":12,"enemies":"Nemesis","floor":47,"turns":11},{"damage":4,"enemies":"Maw","floor":48,"turns":10},{"damage":2,"enemies":"4 Shapes","floor":49,"turns":7},{"damage":13,"enemies":"Mind Bloom Boss Battle","floor":50,"turns":11},{"damage":0,"enemies":"Time Eater","floor":52,"turns":12}],"seed_played":"-5788424546943615197","potions_obtained":[{"floor":2.0,"key":"GamblersBrew"},{"floor":8.0,"key":"DistilledChaos"},{"floor":10.0,"key":"AttackPotion"},{"floor":20.0,"key":"Strength Potion"},{"floor":24.0,"key":"Doom Potion"},{"floor":32.0,"key":"Guardian:BlockOnCardUsePotion"},{"floor":37.0,"key":"DuplicationPotion"},{"floor":47,"key":"DuplicationPotion"}],"is_trial":false,"path_per_floor":["M","M","?","M","?","R","M","M","T","M","?","R","$","?","PTL","PTL","R","B",null,"M","M","T","?","M","R","$","R","T","R","E","?","M","M","R","B",null,"M","M","T","?","?","R","$","R","T","T","E","M","M","?","R","B",null],"character_chosen":"The_Alterego","items_purchased":["alterego_mod:Punishment","Lee\u0027s Waffle","DollysMirror","Frozen Egg 2","Replay:SS_hec_1+1"],"campfire_rested":0,"item_purchase_floors":[0,13,43,43,43],"current_hp_per_floor":[34,35,24,24,24,24,20,18,18,15,15,15,77,33,33,33,33,30,78,47,62,62,46,65,65,65,65,65,65,56,40,41,42,42,42,42,39,47,47,24,24,24,24,24,24,24,25,26,27,28,28,28],"gold":244,"neow_bonus":"","is_daily":false,"chose_seed":false,"campfire_upgraded":7,"win_rate":0.0,"timestamp":1609489150,"path_taken":["M","M","?","M","?","R","M","?","T","M","?","R","$","?","PTL","PTL","R","BOSS","M","?","?","?","M","R","?","R","T","R","E","?","M","M","R","BOSS","M","M","?","?","?","R","$","R","T","?","E","M","M","?","R","BOSS"],"items_purchased_type":["Card","Relic","Relic","Relic","Card"],"build_version":"2020-12-22","purchased_purges":0,"victory":true,"max_hp_per_floor":[66,67,67,67,67,67,68,69,69,70,70,70,77,77,77,77,77,78,78,79,80,80,80,80,80,80,80,80,80,81,40,41,42,42,42,42,46,47,47,24,24,24,24,24,24,24,25,26,27,28,28,28],"card_choices":[{"not_picked":["alterego_mod:HighServant","alterego_mod:Punishment"],"picked":"alterego_mod:Complex","floor":1.0},{"not_picked":["alterego_mod:Belts","alterego_mod:PurpleHair"],"picked":"alterego_mod:Jiggle","floor":2.0},{"not_picked":["alterego_mod:Punishment","alterego_mod:Cycle"],"picked":"alterego_mod:SakuraLabyrinth","floor":4.0},{"not_picked":["alterego_mod:Skirt","alterego_mod:Crossover"],"picked":"alterego_mod:Pet","floor":7.0},{"not_picked":["alterego_mod:Vow","alterego_mod:TrashNCrash"],"picked":"alterego_mod:DiscoLights","floor":8.0},{"not_picked":["alterego_mod:Undulate","alterego_mod:Pet"],"picked":"alterego_mod:DiscoLights","floor":10.0},{"not_picked":["alterego_mod:Tantrum","alterego_mod:BrynhildrRomantia"],"picked":"alterego_mod:AlterEgo","floor":18.0},{"not_picked":["alterego_mod:BeGentle+1","alterego_mod:TrashNCrash"],"picked":"alterego_mod:Pet","floor":20.0},{"not_picked":["alterego_mod:BiFurious","alterego_mod:BeGentle"],"picked":"alterego_mod:Mirror+1","floor":21.0},{"not_picked":["alterego_mod:Pet","alterego_mod:Skirt+1"],"picked":"alterego_mod:TrashNCrash","floor":24.0},{"not_picked":["alterego_mod:Punishment","alterego_mod:Complex"],"picked":"alterego_mod:ChallengeComplete","floor":30.0},{"not_picked":["alterego_mod:Undulate","alterego_mod:Jiggle","alterego_mod:BeGentle+1"],"picked":"SKIP","floor":32.0},{"not_picked":["alterego_mod:Complex","alterego_mod:IdEs"],"picked":"alterego_mod:GoddessCore","floor":33.0},{"not_picked":["alterego_mod:IdEs","alterego_mod:Tantrum"],"picked":"alterego_mod:Lift","floor":35.0},{"not_picked":["alterego_mod:Complex","alterego_mod:PerceptionDisorder+1","alterego_mod:GoddessCore"],"picked":"SKIP","floor":37.0},{"not_picked":["alterego_mod:DeftHands","alterego_mod:Cooking+1"],"picked":"alterego_mod:Clones+1","floor":38.0},{"not_picked":["infinitespire:FinalStrike","ReplayTheSpireMod:Chaos Vortex"],"picked":"ReplayTheSpireMod:??????????????????????","floor":40.0},{"not_picked":["alterego_mod:Lift","alterego_mod:PerceptionDisorder"],"picked":"alterego_mod:1TonWallop+1","floor":40.0},{"not_picked":["alterego_mod:Birthday","alterego_mod:BusterCard"],"picked":"alterego_mod:Venus","floor":47},{"not_picked":["alterego_mod:DestructionOfProperty+1","alterego_mod:TrashNCrash","alterego_mod:Maid"],"picked":"SKIP","floor":48},{"not_picked":["alterego_mod:Jiggle+1","alterego_mod:Belts+1"],"picked":"alterego_mod:Table","floor":49},{"not_picked":["alterego_mod:Exercise+1","alterego_mod:Punishment+1"],"picked":"alterego_mod:Rip","floor":50}],"player_experience":742994,"relics_obtained":[{"floor":9.0,"key":"Tiny Chest"},{"floor":9.0,"key":"Whetstone"},{"floor":22.0,"key":"ReplayTheSpireMod:TigerMarble"},{"floor":22.0,"key":"Guardian:GemstoneGun"},{"floor":23.0,"key":"Necronomicon"},{"floor":28.0,"key":"Replay:Bottled Flurry"},{"floor":30.0,"key":"Omamori"},{"floor":34.0,"key":"Gremlin Horn"},{"floor":39.0,"key":"Divine Protection"},{"floor":40.0,"key":"Unceasing Top"},{"floor":45.0,"key":"Pen Nib"},{"floor":46.0,"key":"Calipers"},{"floor":47,"key":"Counterbalance"},{"floor":50,"key":"CaptainsWheel"}],"event_choices":[{"damage_healed":0.0,"max_hp_gain":0.0,"max_hp_loss":0.0,"gold_gain":0.0,"event_name":"betterThird:BetterGoop","player_choice":"Slimed","floor":3.0,"gold_loss":41.0,"damage_taken":11.0},{"damage_healed":0.0,"max_hp_gain":0.0,"max_hp_loss":0.0,"gold_gain":0.0,"event_name":"Accursed Blacksmith","player_choice":"Rummage","floor":5.0,"gold_loss":0.0,"damage_taken":0.0,"relics_obtained":["WarpedTongs"],"cards_obtained":["Pain"]},{"cards_removed":["Pain"],"damage_healed":0.0,"max_hp_gain":0.0,"max_hp_loss":0.0,"gold_gain":0.0,"event_name":"Living Wall","player_choice":"Forget","floor":11.0,"gold_loss":0.0,"damage_taken":0.0},{"damage_healed":0.0,"max_hp_gain":0.0,"max_hp_loss":0.0,"gold_gain":0.0,"event_name":"betterSkull:BetterSkull","player_choice":"UP UP RE ","floor":14.0,"gold_loss":0.0,"damage_taken":50.0,"cards_upgraded":["alterego_mod:Strike","alterego_mod:DiscoLights"],"relics_obtained":["Blood Vial"]},{"damage_healed":0.0,"max_hp_gain":0.0,"max_hp_loss":0.0,"gold_gain":0.0,"event_name":"Cursed Tome","player_choice":"Obtained Book","floor":23.0,"gold_loss":0.0,"damage_taken":16.0},{"damage_healed":0.0,"max_hp_gain":0.0,"max_hp_loss":41.0,"gold_gain":0.0,"event_name":"Ghosts","player_choice":"Became a Ghost","floor":31.0,"gold_loss":0.0,"damage_taken":0.0,"cards_obtained":["Ghostly","Ghostly","Ghostly","Ghostly","Ghostly"]},{"damage_healed":0.0,"max_hp_gain":0.0,"max_hp_loss":25.0,"gold_gain":0.0,"event_name":"Ghosts","player_choice":"Became a Ghost","floor":40.0,"gold_loss":0.0,"damage_taken":0.0,"cards_obtained":["Ghostly","Ghostly","Ghostly","Ghostly","Ghostly"]},{"damage_healed":0.0,"max_hp_gain":0.0,"max_hp_loss":0.0,"gold_gain":100.0,"event_name":"Golden Shrine","player_choice":"Pray","floor":41.0,"gold_loss":0.0,"damage_taken":0.0},{"damage_healed":0,"gold_gain":0,"player_choice":"Fight","damage_taken":0,"max_hp_gain":0,"max_hp_loss":0,"event_name":"MindBloom","floor":50,"gold_loss":0}],"is_beta":false,"boss_relics":[{"not_picked":["beaked:MawFillet","ReplayTheSpireMod:SealedPack"],"picked":"infinitespire:Cupcake"},{"not_picked":["ReplayTheSpireMod:DimensionalGlitch","Replay:Bronze Core"],"picked":"Pandora\u0027s Box"}],"items_purged_floors":[],"is_endless":false,"potions_floor_spawned":[2,8,10,20,24,32,37,38,47],"ascension_level":1}}