{"host":"ygfasg9u7olr7skw","time":1609539804,"event":{"mods":["AchievementEnabler","BaseMod","Better Note","Better Vampires","Colored Powertips","Minty Spire (QoL Compilation)","Replay The Spire","Spicy Shops","StSLib","The IronCluck"],"gold_per_floor":[117,117,8,23,23,58,58,73,73,73,73],"floor_reached":10,"playtime":376,"items_purged":["Injury"],"score":73,"play_id":"2686c6e9-7d28-4997-a512-81c43e72033d","local_time":"20210101172324","is_ascension_mode":true,"campfire_choices":[{"floor":7,"key":"REST"}],"circlet_count":0,"master_deck":["Strike_B","Strike_B","Strike_B","Strike_B","Defend_B","Defend_B","Defend_B","Defend_B","Zap","Dualcast","Go for the Eyes","Beam Cell+1"],"relics":["Cracked Core","Golden Idol","Ornamental Fan","Replay:Antivirus Software"],"acts_visited":["Exordium"],"potions_floor_usage":[],"damage_taken":[{"damage":2,"enemies":"Jaw Worm","floor":1,"turns":3},{"damage":0,"enemies":"Small Slimes","floor":4,"turns":3},{"damage":36,"enemies":"3 Sentries","floor":6,"turns":9},{"damage":0,"enemies":"2 Louse","floor":8,"turns":3},{"damage":69,"enemies":"Gremlin Nob","floor":10,"turns":4}],"seed_played":"-5750007578896786819","potions_obtained":[],"is_trial":false,"path_per_floor":["M","?","$","M","$","E","R","M","T","E"],"character_chosen":"DEFECT","items_purchased":["Beam Cell+1"],"campfire_rested":1,"item_purchase_floors":[3],"current_hp_per_floor":[80,80,80,80,80,44,68,68,68,0,0],"gold":73,"neow_bonus":"TEN_PERCENT_HP_BONUS","is_daily":false,"chose_seed":false,"campfire_upgraded":0,"win_rate":0.0,"timestamp":1609539804,"path_taken":["M","?","$","M","$","E","R","M","T","E"],"items_purchased_type":["Card"],"build_version":"2020-12-22","purchased_purges":1,"victory":false,"max_hp_per_floor":[82,82,82,82,82,82,82,82,82,82,82],"card_choices":[{"not_picked":["Streamline","Storm"],"picked":"Go for the Eyes","floor":1},{"not_picked":["Cold Snap","Steam","BasicCrystalCard"],"picked":"SKIP","floor":4},{"not_picked":["Loop","Electrodynamics","Turbo"],"picked":"SKIP","floor":6},{"not_picked":["Sunder","Stack","Streamline"],"picked":"SKIP","floor":8}],"player_experience":197947,"relics_obtained":[{"floor":6,"key":"Ornamental Fan"},{"floor":9,"key":"Replay:Antivirus Software"}],"event_choices":[{"damage_healed":0,"gold_gain":0,"player_choice":"Take Wound","damage_taken":0,"relics_obtained":["Golden Idol"],"max_hp_gain":0,"max_hp_loss":0,"event_name":"Golden Idol","floor":2,"gold_loss":0,"cards_obtained":["Injury"]}],"is_beta":false,"boss_relics":[],"items_purged_floors":[3],"is_endless":false,"potions_floor_spawned":[],"killed_by":"Gremlin Nob","ascension_level":2}}