{"host":"o5opvvfuagqozb96","time":1609468288,"event":{"mods":["A Magickal Journey","AchievementEnabler","Bard","BaseMod","Colored Map","Colored Powertips","DeckTracker","Downfall","Infinite Spire","Marisa????????","Minty Spire (QoL Compilation)","Quick Restart","Replay The Spire","StSLib","The Bug Knight","The Cursed","The Disciple","The Gatherer","The Hierophant","The Jungle","The Mystic","The Saiyan","The Senshi","The Servant 0.9.4","The Wild Card"],"gold_per_floor":[116,116,132,107,182,211,211,228,228,65,80,99,99,132,132,229,229,245,264,264,264,264],"floor_reached":21,"playtime":2836,"items_purged":[],"score":233,"play_id":"16af0010-b524-469f-96d9-931fa1e2c223","local_time":"20201231183128","is_ascension_mode":true,"campfire_choices":[{"floor":7,"key":"REST"},{"data":"theSenshi:MoonPrismPowerMakeUp","floor":13,"key":"SMITH"},{"floor":15,"key":"REST"}],"circlet_count":0,"master_deck":["theSenshi:SailorKick","theSenshi:SailorKick","theSenshi:SailorKick","theSenshi:SailorKick","theSenshi:SailorBlock","theSenshi:SailorBlock","theSenshi:SailorBlock","theSenshi:RoseThrow","theSenshi:MoonPrismPowerMakeUp+1","theSenshi:SailorVenusAssists","theSenshi:YouCanTalk","theSenshi:EncouragingSpeech","theSenshi:InTheNameOfTheMoon","theSenshi:MoonPunch","theSenshi:LunaWiseMentor","theSenshi:RainbowMoonHeartAche","theSenshi:MoonPunch","theSenshi:SailorMarsAssists","theSenshi:SailorPlanetAttack","theSenshi:WarriorOfTheMoon","theSenshi:StudyParty","theSenshi:MoonTiaraMagic","theSenshi:MoonPower"],"relics":["theSenshi:TransformationBroochRelic","Mango","Durian","ReplayTheSpireMod:Lightbulb","SlaversCollar"],"acts_visited":["Exordium","Exordium"],"potions_floor_usage":[6,21],"damage_taken":[{"damage":5,"enemies":"2 Louse","floor":1,"turns":3},{"damage":0,"enemies":"Jaw Worm","floor":3,"turns":3},{"damage":20,"enemies":"HollowMod:MossKnight","floor":6,"turns":10},{"damage":1,"enemies":"Small Slimes","floor":8,"turns":4},{"damage":6,"enemies":"2 Fungi Beasts","floor":11,"turns":4},{"damage":3,"enemies":"Blue Slaver","floor":12,"turns":4},{"damage":26,"enemies":"Gremlin Nob","floor":14,"turns":5},{"damage":48,"enemies":"The Guardian","floor":16,"turns":13},{"damage":37,"enemies":"theJungle:MUSHROOMGANG","floor":18,"turns":6},{"damage":42,"enemies":"theJungle:Flameango_and_Byrd","floor":19,"turns":7},{"damage":26,"enemies":"theJungle:Snecko_Cultist_And_Trap","floor":21,"turns":2}],"seed_played":"504275765306296746","potions_obtained":[{"floor":1,"key":"PowerPotion"},{"floor":6,"key":"LiquidMemories"},{"floor":8,"key":"Elixir"},{"floor":12,"key":"Doom Potion"}],"is_trial":false,"path_per_floor":["M","?","M","$","?","E","R","M","T","$","M","M","R","E","R","B",null,"M","M","?","M"],"character_chosen":"THE_SENSHI","items_purchased":["theSenshi:EncouragingSpeech","theSenshi:LunaWiseMentor","theSenshi:RainbowMoonHeartAche","theSenshi:MoonPunch"],"campfire_rested":2,"item_purchase_floors":[4,10,10,10],"current_hp_per_floor":[70,75,75,75,64,58,86,85,90,90,84,81,81,55,84,36,99,62,20,20,0,0],"gold":264,"neow_bonus":"REMOVE_CARD","is_daily":false,"chose_seed":false,"campfire_upgraded":1,"win_rate":0.0,"timestamp":1609468288,"path_taken":["M","?","M","$","?","E","R","M","T","$","M","M","R","E","R","BOSS","M","M","?","M"],"items_purchased_type":["Card","Card","Card","Card"],"build_version":"2020-12-22","purchased_purges":0,"victory":false,"max_hp_per_floor":[75,80,80,80,80,94,94,94,99,99,99,99,99,99,99,99,99,99,99,99,99,99],"card_choices":[{"not_picked":["theSenshi:SailorChibiMoonAssists","theSenshi:MoonlightKnight"],"picked":"theSenshi:SailorVenusAssists","floor":1},{"not_picked":["theSenshi:MoonHealingEscalation","theSenshi:Sidestep"],"picked":"theSenshi:YouCanTalk","floor":3},{"not_picked":["theSenshi:TallSilhouette","theSenshi:DramaticEntrance"],"picked":"theSenshi:InTheNameOfTheMoon","floor":6},{"not_picked":["theSenshi:SailorJupiterAssists","theSenshi:MoonsReflection"],"picked":"theSenshi:MoonPunch","floor":8},{"not_picked":["theSenshi:EncouragingSpeech","theSenshi:MoonPunch"],"picked":"theSenshi:SailorMarsAssists","floor":11},{"not_picked":["theSenshi:SchoolBag","theSenshi:OdangoHead"],"picked":"theSenshi:SailorPlanetAttack","floor":12},{"not_picked":["theSenshi:SchoolBag","theSenshi:SailorPlanetAttack"],"picked":"theSenshi:WarriorOfTheMoon","floor":14},{"not_picked":["theSenshi:MoonEternalMakeUp","theSenshi:GlimpseOfThePast"],"picked":"theSenshi:StudyParty","floor":16},{"not_picked":["theSenshi:SailorChibiMoonAssists","theSenshi:LunasBite"],"picked":"theSenshi:MoonTiaraMagic","floor":18},{"not_picked":["theSenshi:SailorVenusAssists","theSenshi:GatheringStrength"],"picked":"theSenshi:MoonPower","floor":19}],"player_experience":225342,"relics_obtained":[{"floor":6,"key":"Mango"},{"floor":9,"key":"Durian"},{"floor":14,"key":"ReplayTheSpireMod:Lightbulb"}],"event_choices":[{"damage_healed":0,"gold_gain":0,"player_choice":"Donut","damage_taken":0,"max_hp_gain":5,"max_hp_loss":0,"event_name":"Big Fish","floor":2,"gold_loss":0},{"damage_healed":0,"gold_gain":75,"player_choice":"Gather Gold","damage_taken":11,"max_hp_gain":0,"max_hp_loss":0,"event_name":"World of Goop","floor":5,"gold_loss":0}],"is_beta":false,"boss_relics":[{"not_picked":["Black Star","Runic Dome"],"picked":"SlaversCollar"}],"items_purged_floors":[],"is_endless":false,"potions_floor_spawned":[1,6,8,12],"killed_by":"theJungle:Snecko_Cultist_And_Trap","ascension_level":2}}