{"host":"709gjpjg43u3i5a8","time":1609498375,"event":{"mods":["Act Like it!","BaseMod","Colored Map","Colored Powertips","Downfall","Duelist Mod","Gensokyo","GifTheSpireLib","Hallownest","Hermit","Hubris","Infinite Spire","Koishi","Marisa????????","Minty Spire (QoL Compilation)","Remilia??????","Shop Mod","StSLib","Td1madao Mod","The Administrix","The Animator","The Bug Knight","The Construct","The Cursed","The Disciple","The Hierophant","The Jungle","The Necromancer","The Poker Player","The Runesmith","The Servant 0.9.4"],"gold_per_floor":[135,135,135,135,145,178,178,204,230,241,270,24,42,58,58,155,155,174,89,103,103,28,58,58,78,78,109,127,142,177,177,177,276,276,294,314,314,367,367,367,392,412,412,430,445,473,22,47,47,47,47,47,12,43,43],"floor_reached":56,"playtime":3911,"items_purged":[],"score":1939,"play_id":"6b80f5d1-31db-4f35-bf65-70bd78d98b1b","local_time":"20210101035255","is_ascension_mode":true,"campfire_choices":[{"data":"theDuelist:ToonWorld","floor":7,"key":"SMITH"},{"data":"theDuelist:ShadowToon","floor":15,"key":"SMITH"},{"data":"theDuelist:StrayLambs","floor":24,"key":"SMITH"},{"data":"theDuelist:ShadowToon","floor":32,"key":"SMITH"},{"floor":40,"key":"REST"},{"floor":40,"key":"RECALL"},{"data":"theDuelist:PotGreed","floor":49,"key":"SMITH"},{"data":"theDuelist:ToonMask","floor":52,"key":"SMITH"}],"circlet_count":0,"master_deck":["theDuelist:CastleWalls","theDuelist:MangaRyuRan","theDuelist:Sparks","theDuelist:Sparks","theDuelist:Sparks","theDuelist:ToonAncientGear","theDuelist:ToonMermaid","theDuelist:ToonSummonedSkull","theDuelist:ToonWorld+1","theDuelist:RedEyesToon","theDuelist:StrayLambs+1","theDuelist:ToonMask+1","theDuelist:ToonMaskedSorcerer","theDuelist:ToonAncientGear","theDuelist:ShadowToon+1","theDuelist:MagicCylinder+1","theDuelist:ToonKingdom+1","theDuelist:ToonDarkMagicianGirl","theDuelist:SwordsConcealing+1","theDuelist:ObeliskTormentor+1","theDuelist:ToonMagic","theDuelist:BlueEyesToon+1","theDuelist:ToonMaskedSorcerer+1","theDuelist:ToonDefense","theDuelist:ToonGoblin","theDuelist:ToonBarrelDragon+1","theDuelist:PotGreed+1","theDuelist:ShadowToon+1","theDuelist:ToonCannonSoldier+1","theDuelist:RainbowJar+1","theDuelist:ToonMaskedSorcerer+1","theDuelist:ToonMaskedSorcerer+1","theDuelist:ComicHand+1","theDuelist:ToonAncientGear+1","theDuelist:ComicHand+1","theDuelist:RainbowOverdragon+1","theDuelist:ToonMermaid+1","theDuelist:RainbowOverdragon+1","theDuelist:MangaRyuRan+1","theDuelist:TrapHole+1","theDuelist:ToonMaskedSorcerer+1"],"relics":["theDuelist:MillenniumPuzzle","theDuelist:CardPoolRelic","theDuelist:CardPoolBasicRelic","theDuelist:BoosterPackPoolRelic","theDuelist:CardPoolAddRelic","theDuelist:CardPoolMinusRelic","theDuelist:CardPoolSaveRelic","theDuelist:CardPoolOptionsRelic","hubris:Icosahedron","Akabeko","Bronze Scales","Frozen Egg 2","construct:WeddingRing","Molten Egg 2","infinitespire:Magic Flask","hubris:BlackHole","Toy Ornithopter","Singing Bowl","hubris:SlimyHat","hubris:AncientText","hubris:TerracottaHorce","theDuelist:MetronomeRelicB","Runesmith:Locket","HollowMod:PaleOreRelic","theDuelist:BoosterPackHealer","Bag of Marbles","infinitespire:FocusingShard","infinitespire:PuzzleCube","Ornamental Fan","theDuelist:ElectricBurst"],"acts_visited":["Exordium","TheCity","TheBeyond","TheEnding"],"potions_floor_usage":[18],"damage_taken":[{"damage":16,"enemies":"Jaw Worm","floor":1,"turns":3},{"damage":4,"enemies":"2 Louse","floor":5,"turns":3},{"damage":42,"enemies":"3 Sentries","floor":6,"turns":7},{"damage":6,"enemies":"Gremlin Nob","floor":8,"turns":4},{"damage":0,"enemies":"Cultist","floor":10,"turns":3},{"damage":20,"enemies":"3 Sentries","floor":11,"turns":4},{"damage":4,"enemies":"3 Louse","floor":13,"turns":3},{"damage":6,"enemies":"Large Slime","floor":14,"turns":4},{"damage":22,"enemies":"The Guardian","floor":16,"turns":8},{"damage":14,"enemies":"Shell Parasite","floor":18,"turns":5},{"damage":2,"enemies":"3 Byrds","floor":20,"turns":2},{"damage":0,"enemies":"Slavers","floor":23,"turns":2},{"damage":5,"enemies":"Cultist and Chosen","floor":25,"turns":1},{"damage":0,"enemies":"theDuelist:KaibaA2","floor":27,"turns":2},{"damage":5,"enemies":"Snecko","floor":28,"turns":1},{"damage":4,"enemies":"Centurion and Healer","floor":29,"turns":1},{"damage":3,"enemies":"Slavers","floor":30,"turns":1},{"damage":5,"enemies":"Automaton","floor":33,"turns":3},{"damage":17,"enemies":"3 Darklings","floor":35,"turns":2},{"damage":1,"enemies":"Orb Walker","floor":36,"turns":1},{"damage":15,"enemies":"2 Orb Walkers","floor":38,"turns":4},{"damage":11,"enemies":"Giant Head","floor":41,"turns":3},{"damage":3,"enemies":"Jaw Worm Horde","floor":42,"turns":1},{"damage":0,"enemies":"4 Shapes","floor":44,"turns":1},{"damage":0,"enemies":"Spire Growth","floor":45,"turns":1},{"damage":0,"enemies":"Nightmare","floor":46,"turns":1},{"damage":1,"enemies":"Giant Head","floor":48,"turns":2},{"damage":2,"enemies":"Donu and Deca","floor":50,"turns":1},{"damage":0,"enemies":"Shield and Spear","floor":54,"turns":1},{"damage":61,"enemies":"The Heart","floor":55,"turns":3}],"seed_played":"1292120794393507834","potions_obtained":[{"floor":0,"key":"theDuelist:FireBottle"},{"floor":0,"key":"theDuelist:ElectricPotion"},{"floor":0,"key":"theDuelist:DebuffArmorPotion"},{"floor":18,"key":"LiquidBronze"},{"floor":20,"key":"EssenceOfSteel"},{"floor":27,"key":"LiquidBronze"},{"floor":45,"key":"BlessingOfTheForge"}],"is_trial":false,"path_per_floor":["M","?","?","?","M","E","R","E","T","M","E","$","M","M","R","B",null,"M","?","M","AVR","?","E","R","M","T","E","M","M","E","?","R","B",null,"M","M","AVR","?","?","R","E","M","T","M","M","NM","$","E","R","B",null,"R","$","E","B",null],"character_chosen":"THE_DUELIST","items_purchased":["theDuelist:MagicCylinder+1","theDuelist:ToonKingdom+1","infinitespire:FocusingShard","infinitespire:PuzzleCube","theDuelist:MangaRyuRan+1","theDuelist:TrapHole+1"],"campfire_rested":1,"item_purchase_floors":[12,12,47,47,47,53],"current_hp_per_floor":[125,125,125,125,121,79,79,73,73,73,53,53,53,51,51,41,141,127,127,131,131,131,137,137,136,136,141,136,137,138,138,138,136,140,124,129,129,114,114,141,130,127,127,137,141,141,141,143,143,142,143,143,143,143,82],"gold":43,"neow_bonus":"THREE_SMALL_POTIONS","is_daily":false,"chose_seed":false,"campfire_upgraded":6,"win_rate":0.0,"timestamp":1609498375,"path_taken":["M","?","?","?","M","E","R","E","T","?","E","?","M","M","R","BOSS","M","?","M","AVR","?","E","R","M","T","E","M","M","E","?","R","BOSS","M","M","AVR","?","?","R","E","M","T","M","?","NM","$","E","R","BOSS","R","$","E","BOSS"],"items_purchased_type":["Card","Card","Relic","Relic","Card","Card"],"build_version":"2020-12-22","purchased_purges":0,"victory":true,"max_hp_per_floor":[141,141,141,141,141,141,141,141,141,141,141,141,141,141,141,141,141,141,141,141,141,141,141,141,141,141,141,141,141,141,141,141,141,141,141,141,141,141,141,141,141,141,141,141,141,141,141,143,143,143,143,143,143,143,143],"card_choices":[{"not_picked":["theDuelist:MangaRyuRan","theDuelist:FlyingSaucer","theDuelist:ToonMermaid","theDuelist:CheerfulCoffin"],"picked":"theDuelist:RedEyesToon","floor":1},{"not_picked":["theDuelist:HammerShot","theDuelist:RainbowLife","theDuelist:RedHeadedOni","theDuelist:PotGreed"],"picked":"theDuelist:StrayLambs","floor":5},{"not_picked":["theDuelist:MangaRyuRan","theDuelist:ToonAncientGear","theDuelist:ToonBarrelDragon","theDuelist:ToonMermaid"],"picked":"theDuelist:ToonMask","floor":6},{"not_picked":["theDuelist:SpellShatteringArrow","theDuelist:MangaRyuRan","theDuelist:RedEyesToon","theDuelist:ToonMermaid"],"picked":"theDuelist:ToonMaskedSorcerer","floor":8},{"not_picked":["theDuelist:ToonMermaid","theDuelist:FlyingSaucer","theDuelist:SpellShatteringArrow","theDuelist:MangaRyuRan"],"picked":"theDuelist:ToonAncientGear","floor":10},{"not_picked":["theDuelist:ToonMermaid","theDuelist:FlyingSaucer","theDuelist:RedEyesToon","theDuelist:SpellShatteringArrow"],"picked":"theDuelist:ShadowToon","floor":11},{"not_picked":["theDuelist:ToonDarkMagician","theDuelist:ToonMaskedSorcerer","theDuelist:RainbowKuriboh","theDuelist:RainbowOverdragon"],"picked":"theDuelist:ToonDarkMagicianGirl","floor":13},{"not_picked":["theDuelist:FeatherShot","theDuelist:HeartUnderdog+1"],"picked":"theDuelist:SwordsConcealing+1","floor":14},{"not_picked":["theDuelist:Mathematician","theDuelist:MillenniumShield","theDuelist:WingedKuribohLv10","theDuelist:TheCreator"],"picked":"theDuelist:ObeliskTormentor+1","floor":16},{"not_picked":["theDuelist:CastleWalls","theDuelist:Sparks","theDuelist:ToonKingdom+1","theDuelist:ComicHand"],"picked":"theDuelist:ToonMagic","floor":18},{"not_picked":["theDuelist:SpellShatteringArrow+1","theDuelist:ToonTable","theDuelist:ToonSummonedSkull+1","theDuelist:ToonMaskedSorcerer+1"],"picked":"theDuelist:BlueEyesToon+1","floor":20},{"not_picked":["theDuelist:SpellShatteringArrow+1","theDuelist:MangaRyuRan+1","theDuelist:RedEyesToon+1","theDuelist:ToonMermaid+1"],"picked":"theDuelist:ToonMaskedSorcerer+1","floor":23},{"not_picked":["theDuelist:FlyingSaucer","theDuelist:GiantTrunade+1","theDuelist:ToonGeminiElf","theDuelist:ToonMagic+1"],"picked":"theDuelist:ToonDefense","floor":25},{"not_picked":["theDuelist:MangaRyuRan+1","theDuelist:ToonBarrelDragon+1","theDuelist:FlyingSaucer+1","theDuelist:ToonAncientGear+1"],"picked":"theDuelist:ToonGoblin","floor":27},{"not_picked":["theDuelist:RedEyesToon+1","theDuelist:FlyingSaucer","theDuelist:CheerfulCoffin","theDuelist:SpellShatteringArrow+1"],"picked":"theDuelist:ToonBarrelDragon+1","floor":28},{"not_picked":["theDuelist:GaiaMidNightSun+1","theDuelist:GoldenApples","theDuelist:BigEye","theDuelist:EarthquakeGiant+1"],"picked":"theDuelist:PotGreed","floor":29},{"not_picked":["theDuelist:AncientGearFist+1","theDuelist:SpellShatteringArrow+1","theDuelist:GracefulCharity","theDuelist:GiantTrunade"],"picked":"theDuelist:ShadowToon","floor":30},{"not_picked":["theDuelist:ForbiddenLance+1","theDuelist:MagicCylinder+1","theDuelist:Metronome","theDuelist:Raigeki+1"],"picked":"theDuelist:RainbowJar+1","floor":33},{"not_picked":["theDuelist:ToonBarrelDragon+1","theDuelist:CheerfulCoffin","theDuelist:ToonAncientGear+1","theDuelist:SpellShatteringArrow+1"],"picked":"theDuelist:ToonMaskedSorcerer+1","floor":35},{"not_picked":["theDuelist:ToonDarkMagician+1","theDuelist:ToonDarkMagicianGirl","theDuelist:RainbowKuriboh","theDuelist:RainbowOverdragon+1"],"picked":"theDuelist:ToonMaskedSorcerer+1","floor":36},{"not_picked":["theDuelist:ToonMermaid+1","theDuelist:ToonDarkMagician+1","theDuelist:ToonMaskedSorcerer+1","theDuelist:FeatherShot+1"],"picked":"theDuelist:ComicHand+1","floor":38},{"not_picked":["theDuelist:SpellShatteringArrow+1","theDuelist:MangaRyuRan+1","theDuelist:CheerfulCoffin+1","theDuelist:GracefulCharity+1"],"picked":"theDuelist:ToonAncientGear+1","floor":41},{"not_picked":["theDuelist:FeatherShot+2","theDuelist:TributeDoomed","theDuelist:ToonSummonedSkull+1","theDuelist:SwordsConcealing+1"],"picked":"theDuelist:ComicHand+1","floor":42},{"not_picked":["theDuelist:WingedKuriboh+1","theDuelist:WormWarlord+1","theDuelist:BattleguardKing+1","theDuelist:DarklordSuperbia+1"],"picked":"theDuelist:RainbowOverdragon+1","floor":44},{"not_picked":["theDuelist:SpellShatteringArrow+1","theDuelist:RedEyesToon+1","theDuelist:ToonBarrelDragon+1","theDuelist:ComicHand+1"],"picked":"theDuelist:ToonMermaid+1","floor":45},{"not_picked":["theDuelist:DestroyerGolem+1","theDuelist:GemElephant+1","theDuelist:PowerGiant+1","theDuelist:Blockman+1"],"picked":"theDuelist:RainbowOverdragon+1","floor":46},{"not_picked":["Bandage Up","Dark Shackles","Forethought+1","Mayhem+1"],"picked":"Singing Bowl","floor":48},{"not_picked":["theDuelist:RedEyesToon+1","theDuelist:ToonGoblin+1","theDuelist:ToonDarkMagician+1","theDuelist:GiantTrunade+1"],"picked":"theDuelist:ToonMaskedSorcerer+1","floor":54}],"player_experience":433842,"relics_obtained":[{"floor":6,"key":"Akabeko"},{"floor":8,"key":"Bronze Scales"},{"floor":11,"key":"Frozen Egg 2"},{"floor":23,"key":"Toy Ornithopter"},{"floor":26,"key":"Singing Bowl"},{"floor":27,"key":"hubris:SlimyHat"},{"floor":30,"key":"hubris:AncientText"},{"floor":38,"key":"Runesmith:Locket"},{"floor":41,"key":"HollowMod:PaleOreRelic"},{"floor":43,"key":"theDuelist:BoosterPackHealer"},{"floor":46,"key":"Bag of Marbles"},{"floor":48,"key":"Ornamental Fan"},{"floor":54,"key":"theDuelist:ElectricBurst"}],"event_choices":[{"damage_healed":0,"gold_gain":0,"player_choice":"Leave","duelist":true,"damage_taken":0,"max_hp_gain":0,"max_hp_loss":0,"event_name":"Relic Duplicator","floor":2,"gold_loss":0},{"damage_healed":0,"gold_gain":0,"player_choice":"Obtained Relic","damage_taken":0,"relics_obtained":["Molten Egg 2"],"max_hp_gain":0,"max_hp_loss":0,"event_name":"Addict","floor":19,"gold_loss":85},{"cards_removed":["theDuelist:CastleWalls"],"damage_healed":0,"gold_gain":0,"player_choice":"Gave Gold","damage_taken":0,"max_hp_gain":0,"max_hp_loss":0,"event_name":"Beggar","floor":22,"gold_loss":75},{"damage_healed":0,"gold_gain":0,"player_choice":"Read","damage_taken":0,"max_hp_gain":0,"max_hp_loss":0,"event_name":"The Library","floor":31,"gold_loss":0,"cards_obtained":["theDuelist:ToonCannonSoldier"]},{"damage_healed":0,"gold_gain":0,"player_choice":"Fight","damage_taken":0,"max_hp_gain":0,"max_hp_loss":0,"event_name":"Mysterious Sphere","floor":38,"gold_loss":0},{"damage_healed":0,"gold_gain":0,"player_choice":"Leave","duelist":true,"damage_taken":0,"max_hp_gain":0,"max_hp_loss":0,"event_name":"Tomb of the Nameless","floor":39,"gold_loss":0}],"is_beta":false,"boss_relics":[{"not_picked":["infinitespire:Cupcake","hubris:ScarierMask"],"picked":"construct:WeddingRing"},{"not_picked":["hubris:GrandSneckoEye","Runic Pyramid"],"picked":"hubris:TerracottaHorce"}],"items_purged_floors":[],"is_endless":false,"potions_floor_spawned":[1,6,16,18,20,27,35,38,45],"ascension_level":7}}