{"host":"3ikutf0nfngyhvfs","time":1609540416,"event":{"mods":["AchievementEnabler","BaseMod","Minty Spire (QoL Compilation)","StSLib","The Cursed"],"gold_per_floor":[115,31,45,60,75,75,103,117,117,117,132,146,146,189,189,309,309,329,44,44,44,56,56,91,109,164,164,183,209,19,39,39,138,138,156,176,19,35,59,69,81,81,81,94,126,142,142,67,67,67,67,67,16,44,44],"floor_reached":56,"playtime":7931,"items_purged":["TheCursedMod:Defend_TheCursed"],"score":1258,"play_id":"20070356-0131-4f70-8b9f-669321f475a0","local_time":"20210101163336","is_ascension_mode":false,"campfire_choices":[{"data":"TheCursedMod:BloodBarrier","floor":6,"key":"SMITH"},{"data":"TheCursedMod:ForbiddenAlchemy","floor":10,"key":"SMITH"},{"data":"TheCursedMod:ParallelWorld","floor":15,"key":"SMITH"},{"data":"TheCursedMod:AntiAging","floor":23,"key":"SMITH"},{"floor":27,"key":"RECALL"},{"data":"Secret Technique","floor":32,"key":"SMITH"},{"data":"TheCursedMod:DoubleShield","floor":42,"key":"SMITH"},{"data":"TheCursedMod:CursedSpellbook","floor":47,"key":"SMITH"},{"data":"TheCursedMod:CursedSpellbook","floor":49,"key":"SMITH"},{"data":"TheCursedMod:CleanUpWorkshop","floor":52,"key":"SMITH"}],"circlet_count":0,"master_deck":["TheCursedMod:Strike_TheCursed+1","TheCursedMod:Strike_TheCursed","TheCursedMod:CursedWand+1","TheCursedMod:CleanUpWorkshop+1","TheCursedMod:Dregs","TheCursedMod:BloodBarrier+1","TheCursedMod:ParallelWorld+1","TheCursedMod:CursedSpellbook+1","TheCursedMod:CircleOfCorruption","TheCursedMod:ForbiddenAlchemy+1","TheCursedMod:Wield","TheCursedMod:CircleOfFlame","Injury","TheCursedMod:DoubleShield+1","TheCursedMod:AntiAging+1","TheCursedMod:DoubleShield+1","TheCursedMod:CircleOfCorruption","TheCursedMod:SmokeScreen","TheCursedMod:CursedStaff","TheCursedMod:SpitefulPray+1","TheCursedMod:LuckyCharm+1","TheCursedMod:WearCloak","TheCursedMod:CursedSpellbook+1","Secret Technique+1","TheCursedMod:CursedBoomerang+1","TheCursedMod:NeowsMight","TheCursedMod:UltimatePain+1","TheCursedMod:CircleOfFocus+1","TheCursedMod:EmpowerCircles+1","TheCursedMod:CursedAmulet+1","TheCursedMod:LuckyCharm+1","TheCursedMod:HellfireBreathing+1","TheCursedMod:DoubleShield+1","TheCursedMod:SurpriseAttack+1","TheCursedMod:Evocation+1","TheCursedMod:Neurasthenia"],"relics":["TheCursedMod:BlackMagic101","Turnip","Whetstone","Letter Opener","Bloody Idol","Blue Candle","Philosopher\u0027s Stone","TheCursedMod:CrystalBall","Shovel","Potion Belt","Bottled Flame","Astrolabe","Toy Ornithopter","Gremlin Horn","Ancient Tea Set","Pear"],"acts_visited":["Exordium","TheCity","TheBeyond","TheEnding"],"potions_floor_usage":[7,7,7,12,12,14,14,14,14,16,16,16,16,16,16,16,16,16,18,18,22,24,24,24,24,24,25,28,28,28,29,29,29,29,29,31,33,33,33,33,33,33,33,36,36,38,38,38,38,40,41,41,41,41,41,41,41,44,44,44,44,45,45,46,46,46,46,50,50,50,50,50,50,50,50,50,54,54,54,54,55,55,55,55,55,55,55,55,55,55,55,55,55,55,55,55,55],"damage_taken":[{"damage":4,"enemies":"Jaw Worm","floor":1,"turns":5},{"damage":2,"enemies":"Cultist","floor":3,"turns":4},{"damage":0,"enemies":"Small Slimes","floor":4,"turns":4},{"damage":0,"enemies":"Looter","floor":5,"turns":5},{"damage":18,"enemies":"3 Sentries","floor":7,"turns":10},{"damage":0,"enemies":"Exordium Wildlife","floor":8,"turns":4},{"damage":1,"enemies":"Red Slaver","floor":11,"turns":3},{"damage":1,"enemies":"Exordium Thugs","floor":12,"turns":4},{"damage":2,"enemies":"Lagavulin","floor":14,"turns":5},{"damage":50,"enemies":"Hexaghost","floor":16,"turns":17},{"damage":12,"enemies":"2 Thieves","floor":18,"turns":4},{"damage":0,"enemies":"3 Byrds","floor":22,"turns":4},{"damage":36,"enemies":"Gremlin Leader","floor":24,"turns":7},{"damage":3,"enemies":"Centurion and Healer","floor":25,"turns":4},{"damage":9,"enemies":"Snecko","floor":28,"turns":5},{"damage":40,"enemies":"Slavers","floor":29,"turns":6},{"damage":0,"enemies":"Sentry and Sphere","floor":31,"turns":3},{"damage":43,"enemies":"Champ","floor":33,"turns":14},{"damage":19,"enemies":"3 Darklings","floor":35,"turns":5},{"damage":0,"enemies":"3 Shapes","floor":36,"turns":3},{"damage":1,"enemies":"Spire Growth","floor":38,"turns":5},{"damage":31,"enemies":"4 Shapes","floor":40,"turns":4},{"damage":0,"enemies":"3 Darklings","floor":41,"turns":6},{"damage":4,"enemies":"Spire Growth","floor":44,"turns":5},{"damage":1,"enemies":"Giant Head","floor":45,"turns":9},{"damage":3,"enemies":"4 Shapes","floor":46,"turns":4},{"damage":35,"enemies":"Donu and Deca","floor":50,"turns":10},{"damage":9,"enemies":"Shield and Spear","floor":54,"turns":6},{"damage":48,"enemies":"The Heart","floor":55,"turns":11}],"seed_played":"-6887097038505631068","potions_obtained":[{"floor":3,"key":"SneckoOil"},{"floor":4,"key":"CultistPotion"},{"floor":5,"key":"GamblersBrew"},{"floor":8,"key":"LiquidMemories"},{"floor":22,"key":"CultistPotion"},{"floor":25,"key":"EntropicBrew"},{"floor":28,"key":"EntropicBrew"},{"floor":33,"key":"SmokeBomb"},{"floor":35,"key":"AttackPotion"},{"floor":38,"key":"Fruit Juice"},{"floor":44,"key":"Fruit Juice"},{"floor":54,"key":"SkillPotion"}],"is_trial":false,"path_per_floor":["M","?","M","M","M","R","E","M","T","R","M","M","?","E","R","B",null,"M","$","?","?","M","R","E","M","T","R","M","E","$","M","R","B",null,"M","M","$","M","T","M","M","R","T","M","E","M","R","$","R","B",null,"R","$","E","B",null],"character_chosen":"THE_CURSED","items_purchased":["TheCursedMod:CrystalBall","Secret Technique","Toy Ornithopter","ColorlessPotion"],"campfire_rested":0,"item_purchase_floors":[19,30,37,53],"current_hp_per_floor":[78,78,76,76,76,76,58,58,58,58,57,56,56,54,54,19,82,72,72,72,72,79,79,51,56,61,61,60,28,28,33,33,29,101,90,95,95,112,112,94,118,118,118,126,129,129,129,129,129,110,132,132,132,145,131],"gold":44,"neow_bonus":"TEN_PERCENT_HP_BONUS","is_daily":false,"chose_seed":false,"campfire_upgraded":9,"win_rate":0.0,"timestamp":1609540416,"path_taken":["M","?","?","M","M","R","E","M","T","R","M","M","?","E","R","BOSS","M","$","?","?","M","R","E","M","T","R","M","E","?","M","R","BOSS","M","M","?","M","?","M","M","R","T","M","E","M","R","$","R","BOSS","R","$","E","BOSS"],"items_purchased_type":["Relic","Card","Relic","Potion"],"build_version":"2020-12-22","purchased_purges":1,"victory":true,"max_hp_per_floor":[82,82,82,82,82,82,82,82,82,82,82,82,82,82,82,82,82,84,84,84,84,86,86,89,92,92,92,95,98,98,98,98,101,101,104,104,104,112,112,115,118,118,118,126,129,129,129,129,129,132,132,132,132,145,148],"card_choices":[{"not_picked":["TheCursedMod:CursedMace","TheCursedMod:CursedShiv"],"picked":"TheCursedMod:BloodBarrier","floor":1},{"not_picked":["TheCursedMod:WearCloak","TheCursedMod:VitalStrike"],"picked":"TheCursedMod:ParallelWorld","floor":3},{"not_picked":["TheCursedMod:RapidMovement","TheCursedMod:SpitefulStrike"],"picked":"TheCursedMod:CursedSpellbook","floor":4},{"not_picked":["TheCursedMod:CursedBlade","TheCursedMod:PrepareRite"],"picked":"TheCursedMod:CircleOfCorruption","floor":5},{"not_picked":["TheCursedMod:TroublousMinions","TheCursedMod:RavingStaff"],"picked":"TheCursedMod:ForbiddenAlchemy","floor":7},{"not_picked":["TheCursedMod:SurpriseAttack","TheCursedMod:SoulCrush"],"picked":"TheCursedMod:Wield","floor":8},{"not_picked":["TheCursedMod:PrepareRite","TheCursedMod:CursedBlade","TheCursedMod:HellsGateOpen"],"picked":"SKIP","floor":11},{"not_picked":["TheCursedMod:CircleOfFocus","TheCursedMod:VitalStrike"],"picked":"TheCursedMod:CircleOfFlame","floor":12},{"not_picked":["TheCursedMod:SpreadPlague","TheCursedMod:Obscuration"],"picked":"TheCursedMod:DoubleShield","floor":14},{"not_picked":["TheCursedMod:CircleOfAbyss","TheCursedMod:DarkBarrier"],"picked":"TheCursedMod:AntiAging","floor":16},{"not_picked":["TheCursedMod:CursedMace","TheCursedMod:CircleOfAmplification"],"picked":"TheCursedMod:DoubleShield+1","floor":18},{"not_picked":["TheCursedMod:TacticalStrike","TheCursedMod:CursedBlade"],"picked":"TheCursedMod:CursedStaff","floor":22},{"not_picked":["TheCursedMod:CircleOfCorruption","TheCursedMod:CursedRelics"],"picked":"TheCursedMod:SpitefulPray+1","floor":24},{"not_picked":["TheCursedMod:DoubleShield","TheCursedMod:VitalStrike+1"],"picked":"TheCursedMod:LuckyCharm+1","floor":25},{"not_picked":["TheCursedMod:CursedMace","TheCursedMod:SaltUponWound"],"picked":"TheCursedMod:WearCloak","floor":28},{"not_picked":["TheCursedMod:Evocation","TheCursedMod:SmokeScreen+1"],"picked":"TheCursedMod:CursedSpellbook","floor":29},{"not_picked":["TheCursedMod:Torture","TheCursedMod:CircleOfFlame"],"picked":"TheCursedMod:CursedBoomerang+1","floor":31},{"not_picked":["TheCursedMod:VoidForm","TheCursedMod:ParallelWorld"],"picked":"TheCursedMod:NeowsMight","floor":33},{"not_picked":["TheCursedMod:Stretching+1","TheCursedMod:HellsGateOpen"],"picked":"TheCursedMod:CursedAmulet+1","floor":35},{"not_picked":["TheCursedMod:BloodBarrier","TheCursedMod:CursedBlade"],"picked":"TheCursedMod:LuckyCharm+1","floor":36},{"not_picked":["TheCursedMod:CursedShiv+1","TheCursedMod:CircleOfCorruption"],"picked":"TheCursedMod:HellfireBreathing+1","floor":38},{"not_picked":["TheCursedMod:ParallelWorld","TheCursedMod:SmokeScreen+1"],"picked":"TheCursedMod:DoubleShield+1","floor":40},{"not_picked":["TheCursedMod:Torture","TheCursedMod:VitalStrike+1","TheCursedMod:SpitefulStrike+1"],"picked":"SKIP","floor":41},{"not_picked":["TheCursedMod:Wield","TheCursedMod:VitalStrike"],"picked":"TheCursedMod:SurpriseAttack+1","floor":44},{"not_picked":["TheCursedMod:PrepareRite","TheCursedMod:Wield","TheCursedMod:Stigma"],"picked":"SKIP","floor":45},{"not_picked":["TheCursedMod:CursedBlade+1","TheCursedMod:FuryStrike"],"picked":"TheCursedMod:Evocation+1","floor":46},{"not_picked":["TheCursedMod:CircleOfFocus+1","TheCursedMod:Torture+1"],"picked":"TheCursedMod:Neurasthenia","floor":54}],"player_experience":371784,"relics_obtained":[{"floor":7,"key":"Whetstone"},{"floor":9,"key":"Letter Opener"},{"floor":14,"key":"Blue Candle"},{"floor":24,"key":"Shovel"},{"floor":26,"key":"Potion Belt"},{"floor":29,"key":"Bottled Flame"},{"floor":43,"key":"Gremlin Horn"},{"floor":45,"key":"Ancient Tea Set"},{"floor":54,"key":"Pear"}],"event_choices":[{"damage_healed":0,"gold_gain":0,"player_choice":"Paid Gold","damage_taken":0,"relics_obtained":["Turnip"],"max_hp_gain":0,"max_hp_loss":0,"event_name":"WeMeetAgain","floor":2,"gold_loss":84},{"damage_healed":0,"gold_gain":0,"player_choice":"Take Wound","damage_taken":0,"relics_obtained":["Golden Idol"],"max_hp_gain":0,"max_hp_loss":0,"event_name":"Golden Idol","floor":13,"gold_loss":0,"cards_obtained":["Injury"]},{"damage_healed":0,"gold_gain":0,"player_choice":"Gave Idol","damage_taken":0,"relics_obtained":["Bloody Idol"],"max_hp_gain":0,"max_hp_loss":0,"event_name":"Forgotten Altar","floor":20,"relics_lost":["Golden Idol"],"gold_loss":0},{"damage_healed":0,"gold_gain":0,"cards_transformed":["TheCursedMod:Defend_TheCursed","TheCursedMod:Defend_TheCursed"],"player_choice":"Became Test Subject","damage_taken":0,"max_hp_gain":0,"max_hp_loss":0,"event_name":"Drug Dealer","floor":21,"gold_loss":0,"cards_obtained":["TheCursedMod:CircleOfCorruption","TheCursedMod:SmokeScreen"]}],"is_beta":false,"boss_relics":[{"not_picked":["Snecko Eye","Tiny House"],"picked":"Philosopher\u0027s Stone"},{"not_picked":["SlaversCollar","Runic Dome"],"picked":"Astrolabe"}],"items_purged_floors":[48],"is_endless":false,"potions_floor_spawned":[3,4,5,8,14,22,25,28,33,35,36,38,44,54],"ascension_level":0}}