{"host":"5fasz840ryq7obdf","time":1609531627,"event":{"mods":["AchievementEnabler","BaseMod","Bestiary","Better Altar","Better Skull","Better Third Choice","BetterRewards","Block Reminder","Colored Powertips","Curses Come First","Highlight Path","Minty Spire (QoL Compilation)","Quick Restart","Relic Sorter","Relic Stats","Replay The Spire","Shop Mod","Spicy Shops","StSLib","SuperFastMode"],"gold_per_floor":[116,126,46,46,57,87,105,138,209,209,226,255,267,279,291,374,386,374,386,409,341,372,415,427,449,461,498,520,532,544,584,596,608,608],"floor_reached":33,"playtime":1817,"items_purged":["Strike_B"],"score":775,"play_id":"439f2524-8e7f-4561-a395-936c57ccf99a","local_time":"20210101200707","is_ascension_mode":true,"campfire_choices":[{"data":"ReplayTheSpireMod:Calculation Training","floor":10.0,"key":"SMITH"},{"floor":15.0,"key":"REST"},{"floor":24.0,"key":"REST"},{"floor":30,"key":"REST"},{"data":"Hologram","floor":32,"key":"SMITH"}],"circlet_count":0,"master_deck":["AscendersBane","Strike_B","Defend_B","Defend_B","Zap","Dualcast","Conserve Battery+1","Streamline+1","FTL+1","Conserve Battery+1","Conserve Battery+1","Capacitor+1","Doom and Gloom+1","Redo+1","Gash+1","Replay:Sssssssssstrike+1","Hologram+1","Go for the Eyes+1","Beam Cell","Gash","ReplayTheSpireMod:Calculation Training+1","ReplayTheSpireMod:Reroute Power","FTL","Skim","Rainbow+1","Turbo","Ball Lightning","FIFO Queue","Electrodynamics+1","Cold Snap","Meteor Strike+1","Cold Snap","ReplayTheSpireMod:Omega Cannon+1","Stack","Rainbow+1"],"relics":["Cracked Core","Golden Egg","Runic Capacitor","BargainBundle","TheAbacus","Nunchaku","Ice Cream","Kunai","MawBank","Replay:PocketPolymizer","Busted Crown","Prayer Wheel","Iron Hammer","Meat on the Bone","Blue Doll","Red Mask"],"acts_visited":["Exordium","TheCity"],"potions_floor_usage":[29],"damage_taken":[{"damage":1.0,"enemies":"Cultist","floor":1.0,"turns":3.0},{"damage":0.0,"enemies":"Jaw Worm","floor":2.0,"turns":2.0},{"damage":0.0,"enemies":"2 Louse","floor":5.0,"turns":2.0},{"damage":0.0,"enemies":"Lagavulin","floor":6.0,"turns":5.0},{"damage":0.0,"enemies":"Lots of Slimes","floor":7.0,"turns":2.0},{"damage":10.0,"enemies":"3 Sentries","floor":8.0,"turns":5.0},{"damage":6.0,"enemies":"2 Fungi Beasts","floor":11.0,"turns":3.0},{"damage":37.0,"enemies":"Gremlin Nob","floor":12.0,"turns":4.0},{"damage":19.0,"enemies":"The Guardian","floor":16.0,"turns":9.0},{"damage":0.0,"enemies":"2 Thieves","floor":18.0,"turns":4.0},{"damage":9.0,"enemies":"3 Byrds","floor":20.0,"turns":5.0},{"damage":10.0,"enemies":"Cultist and Chosen","floor":22.0,"turns":6.0},{"damage":30.0,"enemies":"Slavers","floor":23.0,"turns":5.0},{"damage":18.0,"enemies":"Snake Plant","floor":25.0,"turns":4.0},{"damage":0.0,"enemies":"Gremlin Leader","floor":27.0,"turns":6.0},{"damage":17.0,"enemies":"Centurion and Healer","floor":28.0,"turns":3.0},{"damage":0,"enemies":"Book of Stabbing","floor":29,"turns":1},{"damage":0,"enemies":"Masked Bandits","floor":31,"turns":2},{"damage":57,"enemies":"Champ","floor":33,"turns":7}],"seed_played":"-5708204831460591279","potions_obtained":[{"floor":7.0,"key":"EssenceOfDarkness"},{"floor":16.0,"key":"Energy Potion"},{"floor":28.0,"key":"Reflective Coating"}],"is_trial":false,"path_per_floor":["M","M","$","?","M","E","M","E","T","R","M","E","T","?","R","B",null,"M","$","M","?","M","E","R","M","T","E","M","E","R","?","R","B"],"character_chosen":"DEFECT","items_purchased":["Golden Egg","Runic Capacitor","Conserve Battery","Streamline","FTL","BargainBundle","Conserve Battery","Capacitor","SmokeBomb","Fire Potion","Doom and Gloom","Redo","Gash","Replay:Sssssssssstrike","TheAbacus"],"campfire_rested":3,"item_purchase_floors":[0,0,0,0,0,0,0,0,0,0,0,0,0,0,3],"current_hp_per_floor":[31,31,31,54,54,54,54,44,44,44,38,1,1,1,22,3,54,54,54,45,45,35,5,26,8,8,20,15,27,48,48,48,0,0],"gold":608,"neow_bonus":"","is_daily":false,"chose_seed":false,"campfire_upgraded":2,"win_rate":0.0,"timestamp":1609531627,"path_taken":["M","?","$","?","M","E","M","E","T","R","M","E","?","?","R","BOSS","M","$","?","?","M","E","R","M","T","E","M","E","R","?","R","BOSS"],"items_purchased_type":["Relic","Relic","Card","Card","Card","Relic","Card","Card","Potion","Potion","Card","Card","Card","Card","Relic"],"build_version":"2020-12-22","purchased_purges":1,"victory":false,"max_hp_per_floor":[71,71,71,71,71,71,71,71,71,71,71,71,71,71,71,71,71,71,71,71,71,71,71,71,71,71,71,71,71,71,71,71,71,71],"relic_stats":{"Nunchaku":[15],"TheAbacus":[42],"Busted Crown":26,"counters":[95,449],"Prayer Wheel":5,"Kunai":[27],"MawBank":252,"obtain_stats":[{"Ice Cream":0,"Divine Protection":40,"Golden Egg":0,"CeramicFish":31,"Vajra":9,"Runic Capacitor":0,"FrozenCore":0,"Sozu":17,"Replay:Frozen Program":0,"DollysMirror":31,"Strawberry":9,"Prayer Wheel":18,"Iron Hammer":23,"HandDrill":0,"Kunai":25,"Happy Flower":19,"Oddly Smooth Stone":0,"Velvet Choker":17,"Pen Nib":6,"Cables":0,"WarpedTongs":4,"SlaversCollar":34,"Replay:Baseball":8,"ReplayTheSpireMod:Shallot":38,"Shuriken":9,"ReplayTheSpireMod:TigerMarble":8,"Symbiotic Virus":0,"Meat on the Bone":11,"Darkstone Periapt":30,"Lantern":0,"Replay:PocketPolymizer":13,"Torii":0,"Singing Bowl":0,"Blue Doll":27,"Juzu Bracelet":26,"Ancient Tea Set":14,"Emotion Chip":0,"Dream Catcher":29,"Replay:Bandana":47,"Nunchaku":6,"TheAbacus":3,"Mummified Hand":9,"Gambling Chip":6,"Tiny Chest":0,"Red Mask":20,"Cracked Core":0,"InkBottle":23,"BargainBundle":0,"Golden Idol":2,"PreservedInsect":28,"Geode":6,"MawBank":12,"Mercury Hourglass":6,"Peace Pipe":14,"DataDisk":25,"Busted Crown":17,"Orrery":0,"Turnip":21,"Garlic":0,"Membership Card":38,"TungstenRod":23},{"Ice Cream":18,"Divine Protection":52,"Golden Egg":76,"CeramicFish":46,"Vajra":61,"Runic Capacitor":25,"FrozenCore":67,"Sozu":9,"Replay:Frozen Program":25,"DollysMirror":17,"Strawberry":71,"Prayer Wheel":86,"Iron Hammer":89,"HandDrill":25,"Kunai":14,"Happy Flower":10,"Oddly Smooth Stone":0,"Velvet Choker":39,"Pen Nib":23,"Cables":0,"WarpedTongs":68,"SlaversCollar":47,"Replay:Baseball":61,"ReplayTheSpireMod:Shallot":50,"Shuriken":6,"ReplayTheSpireMod:TigerMarble":35,"Symbiotic Virus":28,"Meat on the Bone":7,"Darkstone Periapt":17,"Lantern":28,"Replay:PocketPolymizer":84,"Torii":0,"Singing Bowl":0,"Blue Doll":91,"Juzu Bracelet":44,"Ancient Tea Set":8,"Emotion Chip":0,"Dream Catcher":45,"Replay:Bandana":54,"Nunchaku":80,"TheAbacus":78,"Mummified Hand":35,"Gambling Chip":5,"Tiny Chest":18,"Red Mask":11,"Cracked Core":0,"InkBottle":43,"BargainBundle":76,"Golden Idol":68,"PreservedInsect":16,"Geode":33,"MawBank":84,"Mercury Hourglass":70,"Peace Pipe":38,"DataDisk":44,"Busted Crown":85,"Orrery":0,"Turnip":41,"Garlic":56,"Membership Card":50,"TungstenRod":13},{"Ice Cream":76,"Divine Protection":261,"Golden Egg":371,"CeramicFish":213,"Vajra":317,"Runic Capacitor":103,"FrozenCore":343,"Sozu":31,"Replay:Frozen Program":103,"DollysMirror":66,"Strawberry":358,"Prayer Wheel":410,"Iron Hammer":426,"HandDrill":103,"Kunai":50,"Happy Flower":35,"Oddly Smooth Stone":0,"Velvet Choker":164,"Pen Nib":97,"Cables":0,"WarpedTongs":346,"SlaversCollar":227,"Replay:Baseball":317,"ReplayTheSpireMod:Shallot":241,"Shuriken":18,"ReplayTheSpireMod:TigerMarble":144,"Symbiotic Virus":113,"Meat on the Bone":21,"Darkstone Periapt":66,"Lantern":113,"Replay:PocketPolymizer":397,"Torii":0,"Singing Bowl":0,"Blue Doll":436,"Juzu Bracelet":192,"Ancient Tea Set":24,"Emotion Chip":0,"Dream Catcher":204,"Replay:Bandana":278,"Nunchaku":383,"TheAbacus":376,"Mummified Hand":144,"Gambling Chip":15,"Tiny Chest":76,"Red Mask":36,"Cracked Core":0,"InkBottle":186,"BargainBundle":371,"Golden Idol":346,"PreservedInsect":61,"Geode":130,"MawBank":397,"Mercury Hourglass":355,"Peace Pipe":158,"DataDisk":192,"Busted Crown":406,"Orrery":0,"Turnip":173,"Garlic":298,"Membership Card":241,"TungstenRod":46}],"Meat on the Bone":36},"card_choices":[{"not_picked":["Rip and Tear","Conserve Battery","Force Field"],"picked":"SKIP","floor":1.0},{"not_picked":["Consume","ReplayGash"],"picked":"Hologram","floor":2.0},{"not_picked":["Turbo","White Noise"],"picked":"Go for the Eyes","floor":5.0},{"not_picked":["Conserve Battery","Hologram"],"picked":"Beam Cell","floor":6.0},{"not_picked":["Darkness","ReplayGash"],"picked":"Gash","floor":7.0},{"not_picked":["Turbo","Redo"],"picked":"ReplayTheSpireMod:Calculation Training","floor":8.0},{"not_picked":["BasicCrystalCard","Barrage"],"picked":"ReplayTheSpireMod:Reroute Power","floor":11.0},{"not_picked":["Turbo","Aggregate"],"picked":"FTL","floor":12.0},{"not_picked":["Biased Cognition","Hyperbeam"],"picked":"ReplayTheSpireMod:Fabricate Wheel","floor":16.0},{"not_picked":[],"picked":"Turbo","floor":18.0},{"not_picked":["Steam Power"],"picked":"SKIP","floor":18.0},{"not_picked":[],"picked":"Ball Lightning","floor":20.0},{"not_picked":["Conserve Battery"],"picked":"SKIP","floor":20.0},{"not_picked":["Redo"],"picked":"SKIP","floor":22.0},{"not_picked":["Chill"],"picked":"SKIP","floor":22.0},{"not_picked":[],"picked":"FIFO Queue","floor":23.0},{"not_picked":[],"picked":"Cold Snap","floor":25.0},{"not_picked":["Redo"],"picked":"SKIP","floor":25.0},{"not_picked":[],"picked":"Meteor Strike","floor":27.0},{"not_picked":[],"picked":"Cold Snap","floor":28.0},{"not_picked":["Streamline"],"picked":"SKIP","floor":28.0},{"not_picked":[],"picked":"Stack","floor":31}],"player_experience":1345314,"relics_obtained":[{"floor":6.0,"key":"Nunchaku"},{"floor":8.0,"key":"Ice Cream"},{"floor":9.0,"key":"Kunai"},{"floor":12.0,"key":"MawBank"},{"floor":13.0,"key":"Replay:PocketPolymizer"},{"floor":23.0,"key":"Iron Hammer"},{"floor":26.0,"key":"Meat on the Bone"},{"floor":27.0,"key":"Blue Doll"},{"floor":31,"key":"Red Mask"}],"event_choices":[{"damage_healed":23.0,"max_hp_gain":0.0,"max_hp_loss":0.0,"gold_gain":0.0,"event_name":"Big Fish","player_choice":"Banana","floor":4.0,"gold_loss":0.0,"damage_taken":0.0},{"damage_healed":0.0,"max_hp_gain":0.0,"max_hp_loss":0.0,"gold_gain":0.0,"event_name":"Upgrade Shrine","player_choice":"Upgraded","floor":14.0,"gold_loss":0.0,"damage_taken":0.0,"cards_upgraded":["Go for the Eyes"]},{"damage_healed":0,"gold_gain":0,"player_choice":"Fought Bandits","damage_taken":0,"max_hp_gain":0,"max_hp_loss":0,"event_name":"Masked Bandits","floor":31,"gold_loss":0}],"is_beta":false,"boss_relics":[{"not_picked":["Fusion Hammer","Cursed Key"],"picked":"Busted Crown"}],"items_purged_floors":[0],"is_endless":false,"potions_floor_spawned":[5,6,7,16,18,23,28],"killed_by":"Champ","ascension_level":20}}