{"host":"q6uiiyan8fxg9uyi","time":1609536873,"event":{"mods":["AchievementEnabler","BaseMod","BetterRewards","Hero for Fun","Minty Spire (QoL Compilation)","StSLib","SuperFastMode"],"gold_per_floor":[118,118,118,118,131,164,164,10,10,51,70,70,85,99,99,222,222,240,259,259,282,282,282,297,317,342,342,342,367,392,208,208,208,208],"floor_reached":33,"playtime":1289,"items_purged":[],"score":323,"play_id":"e49c121b-3aa0-4acd-a7af-c2bdbad3915a","local_time":"20210101223433","is_ascension_mode":true,"campfire_choices":[{"floor":7,"key":"REST"},{"data":"Corpse Explosion","floor":12,"key":"SMITH"},{"floor":15,"key":"REST"},{"floor":23,"key":"REST"},{"floor":28,"key":"REST"},{"floor":32,"key":"REST"}],"circlet_count":0,"master_deck":["Strike_G","Strike_G","Strike_G","Strike_G","Defend_G","Defend_G","Defend_G","Defend_G","Defend_G","Survivor","Neutralize","Flying Knee","Blade Dance","Acrobatics","Blade Dance","Corpse Explosion+1","Poisoned Stab","Storm of Steel","Terror","Poisoned Stab","Poisoned Stab+1","After Image","Dagger Spray+1","Flying Knee","Infinite Blades"],"relics":["Ring of the Snake","NeowsBlessing","Ginger","Golden Idol","Gremlin Horn","Lantern","Mango","Pear","SacredBark","Happy Flower","Pen Nib","Ancient Tea Set"],"acts_visited":["Exordium","TheCity"],"potions_floor_usage":[10,10,16,21,25,30,33],"damage_taken":[{"damage":0,"enemies":"Jaw Worm","floor":1,"turns":1},{"damage":0,"enemies":"Small Slimes","floor":5,"turns":1},{"damage":0,"enemies":"3 Sentries","floor":6,"turns":1},{"damage":12,"enemies":"Gremlin Nob","floor":10,"turns":4},{"damage":0,"enemies":"Cultist","floor":11,"turns":2},{"damage":10,"enemies":"Exordium Wildlife","floor":13,"turns":3},{"damage":0,"enemies":"Lots of Slimes","floor":14,"turns":1},{"damage":47,"enemies":"The Guardian","floor":16,"turns":11},{"damage":13,"enemies":"3 Byrds","floor":18,"turns":4},{"damage":38,"enemies":"Spheric Guardian","floor":19,"turns":6},{"damage":33,"enemies":"3 Cultists","floor":21,"turns":4},{"damage":54,"enemies":"Cultist and Chosen","floor":24,"turns":5},{"damage":29,"enemies":"Shelled Parasite and Fungi","floor":25,"turns":8},{"damage":11,"enemies":"Snecko","floor":29,"turns":4},{"damage":11,"enemies":"Sentry and Sphere","floor":30,"turns":6},{"damage":86,"enemies":"Automaton","floor":33,"turns":8}],"seed_played":"8192272983402729605","potions_obtained":[{"floor":1,"key":"DuplicationPotion"},{"floor":5,"key":"FearPotion"},{"floor":6,"key":"Explosive Potion"},{"floor":10,"key":"Regen Potion"},{"floor":24,"key":"Regen Potion"},{"floor":25,"key":"SpeedPotion"},{"floor":29,"key":"Block Potion"},{"floor":30,"key":"Fire Potion"}],"is_trial":false,"path_per_floor":["M","?","?","?","M","E","R","$","T","E","M","R","M","M","R","B",null,"M","M","?","M","?","R","M","M","T","?","R","M","M","$","R","B"],"character_chosen":"THE_SILENT","items_purchased":["Lantern","Ancient Tea Set","Infinite Blades"],"campfire_rested":5,"item_purchase_floors":[8,31,31],"current_hp_per_floor":[70,75,68,50,50,50,72,72,86,84,84,84,74,74,99,52,99,86,48,48,49,49,78,24,44,44,44,73,62,51,51,80,0,0],"gold":208,"neow_bonus":"THREE_ENEMY_KILL","is_daily":false,"chose_seed":false,"campfire_upgraded":1,"win_rate":0.0,"timestamp":1609536873,"path_taken":["M","?","?","?","M","E","R","$","T","E","M","R","M","?","R","BOSS","M","M","?","M","?","R","?","M","T","?","R","M","?","$","R","BOSS"],"items_purchased_type":["Relic","Relic","Card"],"build_version":"2020-12-22","purchased_purges":0,"victory":false,"max_hp_per_floor":[70,75,75,75,75,75,75,75,89,99,99,99,99,99,99,99,99,99,99,99,99,99,99,99,99,99,99,99,99,99,99,99,99,99],"card_choices":[{"not_picked":["Riddle With Holes","Finisher"],"picked":"Flying Knee","floor":1},{"not_picked":["Prepared","Caltrops"],"picked":"Blade Dance","floor":5},{"not_picked":["Bane","Catalyst"],"picked":"Acrobatics","floor":6},{"not_picked":["Slice","Quick Slash"],"picked":"Blade Dance","floor":10},{"not_picked":["Deadly Poison","Poisoned Stab"],"picked":"Corpse Explosion","floor":11},{"not_picked":["Heel Hook","Deflect","Flechettes"],"picked":"SKIP","floor":13},{"not_picked":["Eviscerate","Leg Sweep"],"picked":"Poisoned Stab","floor":14},{"not_picked":["Die Die Die","Doppelganger"],"picked":"Storm of Steel","floor":16},{"not_picked":["Heel Hook","Quick Slash"],"picked":"Terror","floor":18},{"not_picked":["Outmaneuver","Deflect"],"picked":"Poisoned Stab","floor":19},{"not_picked":["Flechettes","Slice+1"],"picked":"Poisoned Stab+1","floor":21},{"not_picked":["Catalyst+1","Bane"],"picked":"After Image","floor":24},{"not_picked":["Deflect","Tactician","Prepared+1"],"picked":"SKIP","floor":25},{"not_picked":["Underhanded Strike","Eviscerate"],"picked":"Dagger Spray+1","floor":29},{"not_picked":["Flechettes","Skewer"],"picked":"Flying Knee","floor":30}],"player_experience":17300,"relics_obtained":[{"floor":6,"key":"Gremlin Horn"},{"floor":9,"key":"Mango"},{"floor":10,"key":"Pear"},{"floor":26,"key":"Happy Flower"}],"event_choices":[{"damage_healed":0,"gold_gain":0,"player_choice":"Donut","damage_taken":0,"max_hp_gain":5,"max_hp_loss":0,"event_name":"Big Fish","floor":2,"gold_loss":0},{"damage_healed":0,"gold_gain":0,"player_choice":"Success","damage_taken":7,"relics_obtained":["Ginger"],"max_hp_gain":0,"max_hp_loss":0,"event_name":"Scrap Ooze","floor":3,"gold_loss":0},{"damage_healed":0,"gold_gain":0,"player_choice":"Take Damage","damage_taken":18,"relics_obtained":["Golden Idol"],"max_hp_gain":0,"max_hp_loss":0,"event_name":"Golden Idol","floor":4,"gold_loss":0},{"damage_healed":0,"gold_gain":0,"player_choice":"Ignored","damage_taken":0,"max_hp_gain":0,"max_hp_loss":0,"event_name":"Ghosts","floor":20,"gold_loss":0},{"cards_removed":["Strike_G"],"damage_healed":0,"gold_gain":0,"player_choice":"Purged","damage_taken":0,"max_hp_gain":0,"max_hp_loss":0,"event_name":"Purifier","floor":22,"gold_loss":0},{"damage_healed":0,"gold_gain":0,"player_choice":"Gave Potion","damage_taken":0,"relics_obtained":["Pen Nib"],"max_hp_gain":0,"max_hp_loss":0,"event_name":"WeMeetAgain","floor":27,"gold_loss":0}],"is_beta":false,"boss_relics":[{"not_picked":["HoveringKite","Snecko Eye"],"picked":"SacredBark"}],"items_purged_floors":[],"is_endless":false,"potions_floor_spawned":[1,5,6,10,24,25,29,30],"killed_by":"Automaton","ascension_level":1}}