{"host":"vumwfieg2b2mnrfl","time":1609532870,"event":{"mods":["AchievementEnabler","BaseMod","Minty Spire (QoL Compilation)","Rare Cards Sparkle","Relic Stats"],"gold_per_floor":[118,43,193,193,210,244,263,282,282,282,282,282],"floor_reached":11,"playtime":199,"items_purged":[],"score":171,"play_id":"2d71f926-1fce-4805-9774-5c3c76097385","local_time":"20210101142750","is_ascension_mode":true,"campfire_choices":[],"circlet_count":0,"master_deck":["AscendersBane","Strike_R","Strike_R","Strike_R","Strike_R","Defend_R","Defend_R","Defend_R","Defend_R","Bash","Disarm","Cleave","Spot Weakness","Flame Barrier"],"relics":["Burning Blood","NeowsBlessing","Spirit Poop","Smiling Mask","Paper Frog"],"acts_visited":["Exordium"],"potions_floor_usage":[11],"damage_taken":[{"damage":0,"enemies":"Jaw Worm","floor":1,"turns":1},{"damage":0,"enemies":"Small Slimes","floor":5,"turns":1},{"damage":0,"enemies":"3 Sentries","floor":6,"turns":2},{"damage":9,"enemies":"2 Louse","floor":7,"turns":2},{"damage":39,"enemies":"Exordium Thugs","floor":8,"turns":8},{"damage":39,"enemies":"Gremlin Nob","floor":11,"turns":5}],"seed_played":"-941524056103629304","potions_obtained":[{"floor":1,"key":"Block Potion"},{"floor":7,"key":"ElixirPotion"}],"is_trial":false,"path_per_floor":["M","?","?","?","M","E","M","M","T","?","E"],"character_chosen":"IRONCLAD","items_purchased":[],"campfire_rested":0,"item_purchase_floors":[],"current_hp_per_floor":[74,74,74,74,75,75,72,39,39,39,0,0],"gold":282,"neow_bonus":"THREE_ENEMY_KILL","is_daily":false,"chose_seed":false,"campfire_upgraded":0,"win_rate":0.0,"timestamp":1609532870,"path_taken":["M","?","?","?","M","E","?","M","T","?","E"],"items_purchased_type":[],"build_version":"2020-12-22","purchased_purges":0,"victory":false,"max_hp_per_floor":[75,75,75,75,75,75,75,75,75,75,75,75],"relic_stats":{"counters":[6,19],"Smiling Mask":0,"obtain_stats":[{"NeowsBlessing":0,"Spirit Poop":4,"Smiling Mask":6,"Burning Blood":0,"Paper Frog":9},{"NeowsBlessing":0,"Spirit Poop":1,"Smiling Mask":3,"Burning Blood":0,"Paper Frog":5},{"NeowsBlessing":0,"Spirit Poop":1,"Smiling Mask":4,"Burning Blood":0,"Paper Frog":14}],"Burning Blood":19},"card_choices":[{"not_picked":["Battle Trance","Warcry"],"picked":"Disarm","floor":1},{"not_picked":["True Grit","Warcry"],"picked":"Cleave","floor":5},{"not_picked":["Clothesline","Reckless Charge"],"picked":"Spot Weakness","floor":6},{"not_picked":["Cleave","Warcry","Searing Blow"],"picked":"SKIP","floor":7},{"not_picked":["Iron Wave","Thunderclap"],"picked":"Flame Barrier","floor":8}],"player_experience":339263,"relics_obtained":[{"floor":6,"key":"Smiling Mask"},{"floor":9,"key":"Paper Frog"}],"event_choices":[{"cards_removed":["Strike_R"],"damage_healed":0,"gold_gain":0,"player_choice":"Card Removal","damage_taken":0,"max_hp_gain":0,"max_hp_loss":0,"event_name":"The Cleric","floor":2,"gold_loss":75},{"damage_healed":0,"gold_gain":150,"player_choice":"AGREE","damage_taken":0,"max_hp_gain":0,"max_hp_loss":0,"event_name":"Liars Game","floor":3,"gold_loss":0,"cards_obtained":["Doubt"]},{"cards_removed":["Doubt"],"damage_healed":0,"gold_gain":0,"player_choice":"Offered Curse","damage_taken":0,"relics_obtained":["Spirit Poop"],"max_hp_gain":0,"max_hp_loss":0,"event_name":"Bonfire Elementals","floor":4,"gold_loss":0},{"damage_healed":0,"gold_gain":0,"player_choice":"Ignored","damage_taken":0,"max_hp_gain":0,"max_hp_loss":0,"event_name":"Shining Light","floor":10,"gold_loss":0}],"is_beta":false,"boss_relics":[],"items_purged_floors":[],"is_endless":false,"potions_floor_spawned":[1,7],"killed_by":"Gremlin Nob","ascension_level":15}}