{"host":"gj3450u0c4def4mj","time":1609476399,"event":{"mods":["2.2 Compatiblity","Act Like it!","BaseMod","Gensokyo","Koishi","Minty Spire (QoL Compilation)","Permanent Neow","StSLib"],"gold_per_floor":[119,79,179,179,22,56,56,81,106,106,136,147,147,167,167,268,268,279,279,298,298,308,308,341,351,351,451,322,352,352,8,8,108,108,121,121,31,45,68,68,103,103,103,103,112,112,112,145,145,145],"floor_reached":51,"playtime":3352,"items_purged":["Koishi:BasicStrike"],"score":1032,"play_id":"bcb3dd32-7782-4c4f-973b-79c2ccecaf9b","local_time":"20201231234639","is_ascension_mode":true,"campfire_choices":[{"floor":7.0,"key":"REST"},{"floor":10.0,"key":"REST"},{"floor":15.0,"key":"DIG"},{"data":"Koishi:MindStellarRelief","floor":23.0,"key":"SMITH"},{"floor":30.0,"key":"DIG"},{"floor":32.0,"key":"DIG"},{"floor":40,"key":"DIG"},{"floor":44,"key":"DIG"},{"data":"Koishi:BasicStrike","floor":46,"key":"PURGE"},{"floor":49,"key":"DIG"}],"circlet_count":0,"master_deck":["Koishi:BasicStrike","Koishi:BasicStrike","Koishi:BasicDefend","Koishi:BasicDefend","Koishi:BasicDefend","Koishi:BasicDefend","Koishi:Provoke","Koishi:HauntingSlash","Koishi:UnseenTerror","Koishi:DNAsFlaw","Koishi:RacingHeart","Koishi:JumpScare","Koishi:SpiritedAway","Koishi:TraumaticStroke","Koishi:EmbryosDream","Koishi:StrangeCloudFist","Koishi:DNAsFlaw","Koishi:MindStellarRelief+1","Koishi:PredatoryInstincts+1","Koishi:EmbryosDream+1","Koishi:SpiritedAway","Koishi:VengefulSpirit","Koishi:StingingMind+1","Koishi:JumpScare+1"],"relics":["Koishi:ImaginaryFriend","Regal Pillow","Koishi:BloodstainedWhiteRose","Boot","Blood Vial","Shovel","Pen Nib","Busted Crown","Tiny Chest","Koishi:TeethAndClaws","Peace Pipe","Singing Bowl","Orichalcum","Mango","Art of War","SlaversCollar","CeramicFish","Toy Ornithopter","Anchor","Bottled Lightning","Turnip","Pear","Ancient Tea Set","Koishi:AHoleWhereASisterShouldBe","Bronze Scales"],"acts_visited":["Gensokyo:Gensokyo","Gensokyo:Gensokyoer","Gensokyo:Gensokyoest"],"potions_floor_usage":[38,50,50],"damage_taken":[{"damage":4.0,"enemies":"Gensokyo:3_Fairies","floor":1.0,"turns":5.0},{"damage":36.0,"enemies":"Gensokyo:Aya","floor":6.0,"turns":9.0},{"damage":50.0,"enemies":"Gensokyo:Cirno","floor":8.0,"turns":10.0},{"damage":14.0,"enemies":"Gensokyo:Aya","floor":11.0,"turns":6.0},{"damage":1.0,"enemies":"Gensokyo:Python","floor":12.0,"turns":3.0},{"damage":5.0,"enemies":"Gensokyo:Gryphon","floor":14.0,"turns":4.0},{"damage":35.0,"enemies":"Gensokyo:Yukari","floor":16.0,"turns":13.0},{"damage":0.0,"enemies":"Gensokyo:2_Gloops","floor":18.0,"turns":4.0},{"damage":17.0,"enemies":"Gensokyo:AngelMirror","floor":20.0,"turns":5.0},{"damage":26.0,"enemies":"Gensokyo:Slime_Group","floor":22.0,"turns":5.0},{"damage":23.0,"enemies":"Gensokyo:Tenshi","floor":24.0,"turns":6.0},{"damage":21.0,"enemies":"Gensokyo:Monolith_and_Dog","floor":25.0,"turns":4.0},{"damage":0.0,"enemies":"Gensokyo:Monolith_and_Dog","floor":27.0,"turns":8.0},{"damage":17.0,"enemies":"Gensokyo:Reisen","floor":29.0,"turns":6.0},{"damage":54.0,"enemies":"Gensokyo:Kaguya","floor":33.0,"turns":14.0},{"damage":11,"enemies":"Gensokyo:AncientGuardian","floor":35,"turns":4},{"damage":8,"enemies":"Gensokyo:3_Boulders","floor":38,"turns":5},{"damage":40,"enemies":"Gensokyo:Kasen","floor":41,"turns":9},{"damage":24,"enemies":"Gensokyo:Marisa","floor":48,"turns":7},{"damage":29,"enemies":"Gensokyo:Scarlet_Devils","floor":50,"turns":11}],"seed_played":"6882363752450090039","potions_obtained":[{"floor":6.0,"key":"ColorlessPotion"},{"floor":8.0,"key":"Fire Potion"},{"floor":12.0,"key":"GamblersBrew"},{"floor":25.0,"key":"Strength Potion"},{"floor":35,"key":"DistilledChaos"},{"floor":48,"key":"Weak Potion"}],"is_trial":false,"path_per_floor":["M","$","?","?","$","E","R","E","T","R","E","M","?","M","R","B",null,"M","?","M","?","M","R","E","M","T","?","$","E","R","$","R","B",null,"M","?","COS","M","T","R","E","T","T","R","?","R","?","E","R","B",null],"character_chosen":"KOISHI","items_purchased":["Koishi:DNAsFlaw","Koishi:RacingHeart","FairyPotion","Koishi:SpiritedAway","Koishi:VengefulSpirit","Mango"],"campfire_rested":2,"item_purchase_floors":[2,5,5,28,31,31],"current_hp_per_floor":[53,53,53,53,53,31,60,19,19,52,55,60,60,60,60,42,56,60,60,52,52,46,46,40,43,43,60,60,62,62,76,76,42,69,70,70,70,82,82,82,74,74,74,84,84,84,84,90,90,78],"gold":145,"neow_bonus":"RANDOM_COMMON_RELIC","is_daily":false,"chose_seed":false,"campfire_upgraded":1,"win_rate":0.0,"timestamp":1609476399,"path_taken":["M","$","?","?","$","E","R","E","T","R","E","M","?","M","R","BOSS","M","?","M","?","M","R","E","M","T","?","$","E","R","$","R","BOSS","M","?","COS","M","?","R","E","?","T","R","?","R","?","E","R","BOSS"],"items_purchased_type":["Card","Card","Potion","Card","Card","Relic"],"build_version":"2020-12-22","purchased_purges":1,"victory":true,"max_hp_per_floor":[60,60,60,60,60,60,60,60,60,60,60,60,60,60,60,60,60,60,60,60,60,60,60,60,60,60,60,60,62,62,76,76,78,78,78,78,78,82,82,82,82,82,82,92,92,92,92,94,94,94],"card_choices":[{"not_picked":["Koishi:Jaunt","Koishi:ParalyzingFear"],"picked":"Koishi:UnseenTerror","floor":1.0},{"not_picked":["Koishi:FadingMemory","Koishi:SprinkleStarAndHeart"],"picked":"Koishi:JumpScare","floor":6.0},{"not_picked":["Koishi:TremblingHands","Koishi:ReflexRadar"],"picked":"Koishi:SpiritedAway","floor":8.0},{"not_picked":["Koishi:GhostParty","Koishi:FleetingPhantom"],"picked":"Koishi:TraumaticStroke","floor":11.0},{"not_picked":["Koishi:SubterraneanRose","Koishi:ParalyzingFear"],"picked":"Koishi:EmbryosDream","floor":12.0},{"not_picked":["Koishi:ReflexRadar","Koishi:VengefulSpirit"],"picked":"Koishi:StrangeCloudFist","floor":13.0},{"not_picked":["Koishi:StingingMind","Koishi:IdleWhim"],"picked":"Koishi:DNAsFlaw","floor":14.0},{"not_picked":["Koishi:MentalBreakdown","Koishi:FormlessExistence"],"picked":"Koishi:MindStellarRelief","floor":16.0},{"not_picked":["Koishi:YoukaiPolygraph"],"picked":"SKIP","floor":18.0},{"not_picked":["Koishi:BramblyRoseGarden+1"],"picked":"SKIP","floor":20.0},{"not_picked":["Koishi:PhantomStrike"],"picked":"SKIP","floor":22.0},{"not_picked":[],"picked":"Koishi:EmbryosDream+1","floor":24.0},{"not_picked":["Koishi:GeneticsOfTheUnconscious"],"picked":"SKIP","floor":25.0},{"not_picked":["Koishi:UnconsciousUrges"],"picked":"Singing Bowl","floor":29.0},{"not_picked":["Koishi:FormlessExistence"],"picked":"Singing Bowl","floor":33.0},{"not_picked":[],"picked":"Koishi:StingingMind+1","floor":35},{"not_picked":["Koishi:GeneticsOfTheUnconscious"],"picked":"Singing Bowl","floor":38},{"not_picked":["Koishi:SubterraneanRose+1"],"picked":"Singing Bowl","floor":38},{"not_picked":[],"picked":"Koishi:JumpScare+1","floor":41},{"not_picked":["Koishi:UnconsciousUprising+1"],"picked":"Singing Bowl","floor":48}],"player_experience":80176,"relics_obtained":[{"floor":6.0,"key":"Koishi:BloodstainedWhiteRose"},{"floor":8.0,"key":"Boot"},{"floor":9.0,"key":"Blood Vial"},{"floor":11.0,"key":"Shovel"},{"floor":15.0,"key":"Pen Nib"},{"floor":24.0,"key":"Tiny Chest"},{"floor":26.0,"key":"Koishi:TeethAndClaws"},{"floor":27.0,"key":"Peace Pipe"},{"floor":29.0,"key":"Singing Bowl"},{"floor":30.0,"key":"Orichalcum"},{"floor":32.0,"key":"Art of War"},{"floor":39,"key":"CeramicFish"},{"floor":40,"key":"Toy Ornithopter"},{"floor":41,"key":"Anchor"},{"floor":42,"key":"Bottled Lightning"},{"floor":43,"key":"Turnip"},{"floor":44,"key":"Pear"},{"floor":48,"key":"Koishi:AHoleWhereASisterShouldBe"},{"floor":49,"key":"Bronze Scales"}],"event_choices":[],"is_beta":false,"boss_relics":[{"not_picked":["Runic Dome","Pandora\u0027s Box"],"picked":"Busted Crown"},{"not_picked":["Velvet Choker","Calling Bell"],"picked":"SlaversCollar"}],"items_purged_floors":[28],"is_endless":false,"potions_floor_spawned":[6,8,12,16,20,25,29,35,48],"ascension_level":6}}