{"host":"2qv44oxt58ptq59r","time":1609533063,"event":{"mods":["AchievementEnabler","BaseMod","Colored Powertips","Highlight Path","Minty Spire (QoL Compilation)","Permanent Neow","StSLib"],"gold_per_floor":[113,130,130,130,145,172,185,185,485,485,504,8,8,8,8,8,8],"floor_reached":16,"playtime":9199,"items_purged":[],"score":100,"play_id":"8a6ea3f6-06c0-4e95-9647-4726a33ac854","local_time":"20210101203103","is_ascension_mode":false,"campfire_choices":[{"floor":8.0,"key":"RECALL"},{"data":"Intimidate","floor":15,"key":"SMITH"}],"circlet_count":0,"master_deck":["Strike_R","Strike_R","Strike_R","Strike_R","Defend_R","Defend_R+1","Defend_R","Defend_R","Bash","Trip+1","Sword Boomerang","Intimidate+1","Rage","Feel No Pain"],"relics":["Burning Blood","The Courier","Old Coin","OrangePellets","Happy Flower","MealTicket"],"acts_visited":["Exordium"],"potions_floor_usage":[16,16,16],"damage_taken":[{"damage":1.0,"enemies":"Cultist","floor":1.0,"turns":3.0},{"damage":3.0,"enemies":"Jaw Worm","floor":2.0,"turns":3.0},{"damage":2.0,"enemies":"2 Louse","floor":5.0,"turns":2.0},{"damage":61.0,"enemies":"Gremlin Nob","floor":6.0,"turns":5.0},{"damage":7.0,"enemies":"Blue Slaver","floor":7.0,"turns":5.0},{"damage":0,"enemies":"Exordium Wildlife","floor":11,"turns":4},{"damage":54,"enemies":"Slime Boss","floor":16,"turns":9}],"seed_played":"-3111271644228583080","potions_obtained":[{"floor":1.0,"key":"LiquidBronze"},{"floor":6.0,"key":"Regen Potion"}],"is_trial":false,"path_per_floor":["M","M","?","?","M","E","M","R","T","?","M","$","?","$","R","B"],"character_chosen":"IRONCLAD","items_purchased":["OrangePellets","Happy Flower","MealTicket","DuplicationPotion","Explosive Potion","Fire Potion"],"campfire_rested":0,"item_purchase_floors":[12,12,12,12,12,12],"current_hp_per_floor":[80,80,80,80,80,25,38,38,38,22,28,28,33,48,48,0,0],"gold":8,"neow_bonus":"RANDOM_COLORLESS","is_daily":false,"chose_seed":false,"campfire_upgraded":1,"win_rate":0.0,"timestamp":1609533063,"path_taken":["M","?","?","?","?","E","M","R","T","?","M","$","?","?","R","BOSS"],"items_purchased_type":["Relic","Relic","Relic","Potion","Potion","Potion"],"build_version":"2020-12-22","purchased_purges":0,"victory":false,"max_hp_per_floor":[80,80,80,80,80,80,80,80,80,80,80,80,85,85,85,85,85],"card_choices":[{"not_picked":["Madness","Mind Blast"],"picked":"Trip","floor":0.0},{"not_picked":["Body Slam","Armaments"],"picked":"Sword Boomerang","floor":1.0},{"not_picked":["Thunderclap","Flame Barrier"],"picked":"Intimidate","floor":2.0},{"not_picked":["Ghostly Armor","Clash"],"picked":"Rage","floor":5.0},{"not_picked":["Anger","Flex","Dropkick"],"picked":"SKIP","floor":6.0},{"not_picked":["Iron Wave","Twin Strike","Havoc"],"picked":"SKIP","floor":7.0},{"not_picked":["Clash","Body Slam"],"picked":"Feel No Pain","floor":11}],"player_experience":5144984,"relics_obtained":[{"floor":6.0,"key":"The Courier"},{"floor":9.0,"key":"Old Coin"}],"event_choices":[{"damage_healed":0.0,"max_hp_gain":0.0,"max_hp_loss":0.0,"gold_gain":0.0,"event_name":"Liars Game","player_choice":"Ignored","floor":3.0,"gold_loss":0.0,"damage_taken":0.0},{"cards_removed":["Strike_R"],"damage_healed":0.0,"max_hp_gain":0.0,"max_hp_loss":0.0,"gold_gain":0.0,"event_name":"Bonfire Elementals","player_choice":"Offered Basic","floor":4.0,"gold_loss":0.0,"damage_taken":0.0},{"damage_healed":0.0,"max_hp_gain":0.0,"max_hp_loss":0.0,"gold_gain":0.0,"event_name":"Shining Light","player_choice":"Entered Light","floor":10.0,"gold_loss":0.0,"damage_taken":16.0,"cards_upgraded":["Trip","Defend_R"]},{"damage_healed":0,"gold_gain":0,"player_choice":"Donut","damage_taken":0,"max_hp_gain":5,"max_hp_loss":0,"event_name":"Big Fish","floor":13,"gold_loss":0}],"is_beta":false,"boss_relics":[],"items_purged_floors":[],"is_endless":false,"potions_floor_spawned":[1,6],"killed_by":"Slime Boss","ascension_level":0}}