{"host":"tnhjz9cb8p0320p2","time":1609463828,"event":{"mods":["BaseMod","Better Third Choice","Downfall","Hermit","Marisa????????","Minty Spire (QoL Compilation)","Relic Stats","Replay The Spire","Shade Mod","StSLib","The Construct","The Cursed","The Jungle","The Runesmith"],"gold_per_floor":[110,120,3,20,35,35,66,66,90,124,140,156,156,171,171,268,268,285,285,309,326,49,75,195,195,221,221,255,270,287,315,315,416,416,434,434,303,319,120,155,155,180,235,235,58,74,74,84,84,84],"floor_reached":51,"playtime":2782,"items_purged":["Replay:Sluggish","Languid","Shade:RitualOffering"],"score":838,"play_id":"251604a7-e59f-4b7e-988c-a89fbb3325cd","local_time":"20201231191708","is_ascension_mode":true,"campfire_choices":[{"data":"Shade:FingerOfDeath","floor":6,"key":"SMITH"},{"data":"Shade:UnbarTheGrave","floor":8,"key":"SMITH"},{"data":"Shade:PotionOfRestlessness","floor":15,"key":"SMITH"},{"data":"expansioncontent:StudyTheSpire","floor":25,"key":"SMITH"},{"data":"Shade:Coordination","floor":27,"key":"SMITH"},{"data":"Shade:SkeletonArmy","floor":32,"key":"SMITH"},{"data":"Shade:LichForm","floor":41,"key":"SMITH"},{"data":"Shade:Carnophage","floor":44,"key":"SMITH"},{"data":"Shade:OpenGraves","floor":49,"key":"SMITH"}],"circlet_count":0,"master_deck":["Shade:AnimateDead","Shade:CarefulCut","Panache","Shade:WallOfFlesh","Shade:UnbarTheGrave+1","Shade:SkeletonArmy+1","Shade:FingerOfDeath+1","Shade:AuraOfUnlife","Shade:Awaken","Shade:SensePrey","Shade:PotionOfRestlessness+1","Shade:Bite_Shade","Shade:AblativeArmor","Shade:Coordination+1","Shade:RitualOffering","Shade:ExtraLimbs","Shade:FreshBones","Shade:LyeBath","Shade:SoulPierce","Shade:LoseControl","Shade:AuraOfUnlife","Shade:CoffinDance","Shade:FleshToFlesh","Shade:GreyBargain+1","expansioncontent:StudyTheSpire+1","Shade:FreshBones","Shade:Bite_Shade","Shade:Bite_Shade","Shade:FleshToFlesh+1","Shade:GreyBargain","Shade:LichForm+1","Shade:CallWraith+1","Shade:StitchTogether","Bandage Up","Shade:Frenzy+1","Shade:Carnophage+1","Shade:FleshToFlesh","Shade:CloudOfShrapnel+1","Shade:TouchOfTheGrave+1","Shade:SensePrey+1","Shade:OpenGraves+1","Shade:LichForm+1","Shade:CoffinDance+1"],"relics":["Shade:YorickSkull","Gremlin Food","Orichalcum","Strawberry","Happy Flower","Pandora\u0027s Box","ReplayTheSpireMod:Ring of Addiction","ReplayTheSpireMod:Ring of Exchange","White Beast Statue","Chameleon Ring","Lantern","Bronze Scales","Pet Ghost","Smiling Mask","Sundial","Membership Card","Replay:Wax Seal","Oddly Smooth Stone","Pen Nib","Toxic Egg 2","Replay:Baseball","Guardian:BottledAnomaly"],"acts_visited":["Exordium","Exordium","TheBeyond"],"potions_floor_usage":[5,10,16,21,28,30,31,33,35,38,40,42,42,46,50],"damage_taken":[{"damage":0,"enemies":"Cultist","floor":1,"turns":3},{"damage":2,"enemies":"Jaw Worm","floor":2,"turns":4},{"damage":0,"enemies":"Small Slimes","floor":4,"turns":3},{"damage":3,"enemies":"Exordium Thugs","floor":5,"turns":5},{"damage":14,"enemies":"3 Sentries","floor":7,"turns":10},{"damage":13,"enemies":"Lagavulin","floor":10,"turns":7},{"damage":0,"enemies":"Large Slime","floor":11,"turns":4},{"damage":0,"enemies":"Looter","floor":12,"turns":3},{"damage":0,"enemies":"Gremlin Gang","floor":14,"turns":3},{"damage":0,"enemies":"Slime Boss","floor":16,"turns":8},{"damage":3,"enemies":"theJungle:Flameango_and_Byrd","floor":18,"turns":5},{"damage":0,"enemies":"theJungle:GiantWrat","floor":21,"turns":2},{"damage":0,"enemies":"theJungle:2_Phrogs","floor":23,"turns":5},{"damage":0,"enemies":"theJungle:Cassacara","floor":28,"turns":4},{"damage":11,"enemies":"Snake Plant","floor":29,"turns":3},{"damage":0,"enemies":"theJungle:SlimyTreeVines","floor":30,"turns":3},{"damage":0,"enemies":"theJungle:MamaSnecko","floor":31,"turns":4},{"damage":0,"enemies":"theJungle:FunGuy","floor":33,"turns":8},{"damage":6,"enemies":"3 Darklings","floor":35,"turns":5},{"damage":10,"enemies":"3 Shapes","floor":38,"turns":3},{"damage":21,"enemies":"Reptomancer","floor":40,"turns":7},{"damage":14,"enemies":"Giant Head","floor":42,"turns":7},{"damage":0,"enemies":"Writhing Mass","floor":46,"turns":7},{"damage":0,"enemies":"Jaw Worm Horde","floor":48,"turns":2},{"damage":0,"enemies":"Replay:Hell Engine","floor":50,"turns":8}],"seed_played":"-1700164685535194809","potions_obtained":[{"floor":4,"key":"Swift Potion"},{"floor":5,"key":"Strength Potion"},{"floor":11,"key":"Adrenaline Potion"},{"floor":12,"key":"SteroidPotion"},{"floor":18,"key":"FearPotion"},{"floor":19,"key":"Guardian:BlockOnCardUsePotion"},{"floor":19,"key":"BlessingOfTheForge"},{"floor":19,"key":"hexamod:EctoCoolerPotion"},{"floor":21,"key":"Strength Potion"},{"floor":28,"key":"Ancient Potion"},{"floor":30,"key":"LiquidMemories"},{"floor":31,"key":"Energy Potion"},{"floor":33,"key":"Reflective Coating"},{"floor":35,"key":"DuplicationPotion"},{"floor":38,"key":"ColorlessPotion"},{"floor":40,"key":"Swift Potion"},{"floor":42,"key":"Venom Potion"},{"floor":46,"key":"FearPotion"}],"is_trial":false,"path_per_floor":["M","M","$","M","M","R","E","R","T","E","M","M","?","M","R","B",null,"M","?","T","M","$","E","?","R","T","R","E","M","M","E","R","B",null,"M","?","$","M","$","E","R","E","T","R","$","M","?","M","R","B",null],"character_chosen":"SHADE","items_purchased":["Shade:SkeletonArmy","Shade:FingerOfDeath","expansioncontent:StudyTheSpire","Shade:FreshBones","Shade:StitchTogether","Bandage Up","Replay:Wax Seal","Oddly Smooth Stone","Shade:Carnophage","Shade:FleshToFlesh","Shade:SensePrey+1","Guardian:BottledAnomaly","Shade:OpenGraves","Block Potion"],"campfire_rested":0,"item_purchase_floors":[3,3,22,22,37,37,39,39,39,39,45,45,45,45],"current_hp_per_floor":[65,63,63,63,60,60,46,46,46,40,40,40,40,40,40,42,72,70,70,70,70,70,72,62,62,62,62,64,55,59,61,61,61,68,62,68,68,62,62,45,45,44,44,44,44,48,48,50,50,60],"gold":84,"neow_bonus":"RANDOM_COLORLESS_2","is_daily":false,"chose_seed":false,"campfire_upgraded":9,"win_rate":0.0,"timestamp":1609463828,"path_taken":["M","M","?","M","?","R","E","R","T","E","M","M","?","?","R","BOSS","M","?","?","M","$","E","?","R","T","R","E","?","M","E","R","BOSS","M","?","$","?","$","E","R","E","T","R","$","M","?","M","R","BOSS"],"items_purchased_type":["Card","Card","Card","Card","Card","Card","Relic","Relic","Card","Card","Card","Relic","Card","Potion"],"build_version":"2020-12-22","purchased_purges":3,"victory":true,"max_hp_per_floor":[65,65,65,65,65,65,65,65,65,72,72,72,72,72,72,72,72,72,72,72,72,72,72,72,70,70,70,68,68,68,68,68,68,68,68,68,68,68,68,68,68,68,68,68,68,66,66,66,66,64],"relic_stats":{"Happy Flower":[28],"counters":[25,122],"Sundial":[0],"Bronze Scales":[166],"Pandora\u0027s Box":["Shade:RitualOffering","Shade:ExtraLimbs","Shade:FreshBones","Shade:LyeBath","Shade:SoulPierce","Shade:LoseControl","Shade:AuraOfUnlife","Shade:CoffinDance"],"Pen Nib":[2],"Orichalcum":[408],"Smiling Mask":13,"obtain_stats":[{"Gremlin Food":7,"ReplayTheSpireMod:Ring of Exchange":19,"Lantern":20,"Happy Flower":13,"Shade:YorickSkull":0,"ReplayTheSpireMod:Ring of Addiction":19,"Oddly Smooth Stone":39,"Pen Nib":40,"Orichalcum":9,"Smiling Mask":28,"White Beast Statue":19,"Pet Ghost":26,"Replay:Baseball":43,"Chameleon Ring":19,"Sundial":31,"Strawberry":10,"Bronze Scales":23,"Pandora\u0027s Box":17,"Membership Card":34,"Replay:Wax Seal":39,"Toxic Egg 2":42,"Guardian:BottledAnomaly":45},{"Gremlin Food":5,"ReplayTheSpireMod:Ring of Exchange":11,"Lantern":11,"Happy Flower":8,"Shade:YorickSkull":0,"ReplayTheSpireMod:Ring of Addiction":11,"Oddly Smooth Stone":20,"Pen Nib":21,"Orichalcum":5,"Smiling Mask":14,"White Beast Statue":11,"Pet Ghost":13,"Replay:Baseball":22,"Chameleon Ring":11,"Sundial":17,"Strawberry":6,"Bronze Scales":13,"Pandora\u0027s Box":10,"Membership Card":18,"Replay:Wax Seal":20,"Toxic Egg 2":22,"Guardian:BottledAnomaly":22},{"Gremlin Food":25,"ReplayTheSpireMod:Ring of Exchange":55,"Lantern":55,"Happy Flower":39,"Shade:YorickSkull":0,"ReplayTheSpireMod:Ring of Addiction":55,"Oddly Smooth Stone":91,"Pen Nib":98,"Orichalcum":25,"Smiling Mask":66,"White Beast Statue":55,"Pet Ghost":62,"Replay:Baseball":105,"Chameleon Ring":55,"Sundial":76,"Strawberry":32,"Bronze Scales":62,"Pandora\u0027s Box":50,"Membership Card":84,"Replay:Wax Seal":91,"Toxic Egg 2":105,"Guardian:BottledAnomaly":105}]},"card_choices":[{"not_picked":["Transmutation","The Bomb"],"picked":"Panache","floor":0},{"not_picked":["Shade:FuneraryArmor","Shade:Bonestorm"],"picked":"Shade:WallOfFlesh","floor":1},{"not_picked":["Shade:Premonition","Shade:FleshLikeOak"],"picked":"Shade:UnbarTheGrave","floor":2},{"not_picked":["Shade:ClawBack","Shade:CoffinDance"],"picked":"Shade:RitualOffering","floor":4},{"not_picked":["Shade:FeralStrike","Shade:ExtraLimbs"],"picked":"Shade:AuraOfUnlife","floor":5},{"not_picked":["Shade:CallWraith","Shade:FuneraryJewels"],"picked":"Shade:Awaken","floor":7},{"not_picked":["Shade:AuraOfUnlife","Shade:ScuttlingHand"],"picked":"Shade:SensePrey","floor":10},{"not_picked":["Shade:BoneShards","Shade:FuneraryJewels"],"picked":"Shade:PotionOfRestlessness","floor":11},{"not_picked":["Shade:Premonition","Shade:FingerOfDeath"],"picked":"Shade:Bite_Shade","floor":12},{"not_picked":["Shade:Bonestorm","Shade:FeralStrike"],"picked":"Shade:AblativeArmor","floor":14},{"not_picked":["Shade:DarkOfNight","Shade:LastGasp"],"picked":"Shade:Coordination","floor":16},{"not_picked":["Shade:SanguineRitual","Shade:FuneraryArmor+1"],"picked":"Shade:FleshToFlesh","floor":18},{"not_picked":["Shade:FuneraryArmor","Shade:CommandSoldier"],"picked":"Shade:GreyBargain+1","floor":21},{"not_picked":["Shade:FuneraryArmor","Shade:Trample","Shade:MadHubris"],"picked":"SKIP","floor":23},{"not_picked":["Shade:Frenzy","Shade:SpontaneousRitual"],"picked":"Shade:Bite_Shade","floor":28},{"not_picked":["Shade:GraveStillness","Shade:ClawBack+1"],"picked":"Shade:Bite_Shade","floor":29},{"not_picked":["Shade:Bonestorm","Shade:CommandSoldier"],"picked":"Shade:FleshToFlesh+1","floor":30},{"not_picked":["Shade:Premonition","Shade:SkeletonHug"],"picked":"Shade:GreyBargain","floor":31},{"not_picked":["Shade:OminousRitual","Shade:Tombstone"],"picked":"Shade:LichForm","floor":33},{"not_picked":["Shade:Bonestorm","Shade:Asphyxiate"],"picked":"Shade:CallWraith+1","floor":35},{"not_picked":["Shade:WallOfFlesh","Shade:ScuttlingHand"],"picked":"Shade:Frenzy+1","floor":38},{"not_picked":["Shade:FeralStrike","Shade:Trample+1"],"picked":"Shade:CloudOfShrapnel+1","floor":40},{"not_picked":["Shade:AblativeArmor+1","Shade:SkeletonHug"],"picked":"Shade:TouchOfTheGrave+1","floor":42},{"not_picked":["Shade:CommandSoldier+1","Shade:ExtraLimbs+1","Shade:AncientSpear"],"picked":"SKIP","floor":46},{"not_picked":["Shade:FingerOfDeath","Shade:FeralStrike"],"picked":"Shade:CoffinDance+1","floor":48}],"player_experience":2071155,"relics_obtained":[{"floor":7,"key":"Gremlin Food"},{"floor":9,"key":"Orichalcum"},{"floor":10,"key":"Strawberry"},{"floor":19,"key":"ReplayTheSpireMod:Ring of Addiction"},{"floor":19,"key":"ReplayTheSpireMod:Ring of Exchange"},{"floor":19,"key":"White Beast Statue"},{"floor":19,"key":"Chameleon Ring"},{"floor":20,"key":"Lantern"},{"floor":23,"key":"Bronze Scales"},{"floor":26,"key":"Pet Ghost"},{"floor":28,"key":"Smiling Mask"},{"floor":31,"key":"Sundial"},{"floor":40,"key":"Pen Nib"},{"floor":42,"key":"Toxic Egg 2"},{"floor":43,"key":"Replay:Baseball"}],"event_choices":[{"damage_healed":0,"gold_gain":0,"player_choice":"Gave Potion","damage_taken":0,"relics_obtained":["Happy Flower"],"max_hp_gain":0,"max_hp_loss":0,"event_name":"WeMeetAgain","floor":13,"gold_loss":0},{"damage_healed":6,"gold_gain":0,"player_choice":"Full Heal","damage_taken":0,"max_hp_gain":0,"max_hp_loss":0,"event_name":"Wheel of Change","floor":36,"gold_loss":0},{"damage_healed":0,"gold_gain":0,"player_choice":"Copied","damage_taken":0,"max_hp_gain":0,"max_hp_loss":0,"event_name":"Duplicator","floor":47,"gold_loss":0,"cards_obtained":["Shade:LichForm"]}],"is_beta":false,"boss_relics":[{"not_picked":["Fusion Hammer","Honey Jar"],"picked":"Pandora\u0027s Box"},{"not_picked":["Replay:Fungal Core","SlaversCollar"],"picked":"Membership Card"}],"items_purged_floors":[22,37,39],"is_endless":false,"potions_floor_spawned":[4,5,11,12,18,21,23,28,29,30,31,33,35,38,40,42,46,48],"ascension_level":1}}