{"host":"lkyw40t68mxhwfjf","time":1609503405,"event":{"mods":["2.2 Compatiblity","Act Like it!","Arknights The Spire","BaseMod","Hallownest","HololiveMod","Hubris","Koishi","Lobotomy","Marisa¡]Ãú«B¡@Å]²z¨F¡^","Minty Spire (QoL Compilation)","Prisma Mod","Reimu¡]³Õ???¡^","Remilia¡]Á¢¦Ì²ú?¡^","Replay The Spire","RumiaBox-ÅS¦Ì?ªº¯«¯µ²°¤l","StSLib","The Animator","The Servant 0.9.4","TheSwordswoman","WarShipGirlsR/??¤Ö¤kR mod","Youmu¡]»î¾z§¯?¡^","Yuyuko"],"gold_per_floor":[119,137,152,168,168,168,173,173,198,209,225,259,269,269,269],"floor_reached":14,"playtime":717,"items_purged":[],"score":129,"play_id":"cb95cd92-3ffb-4544-a895-1019798ab177","local_time":"20210101201645","is_ascension_mode":false,"campfire_choices":[{"floor":6,"key":"RECALL"},{"data":"ats:Emotion Absorption","floor":8,"key":"SMITH"}],"circlet_count":0,"master_deck":["ats:Strike C","ats:Strike G","ats:Strike S","ats:Strike V","ats:Armor Crushing Shot","ats:Defend","ats:Defend","ats:Defend","ats:Defend","ats:Emotion Absorption+1","ats:Hammer On","ats:Explosion Area Strengthen","ats:Shell Defense","ats:Demon Strength","ats:Powerful Strike","ats:Assault Order","ats:Fractured Body","ats:Overload"],"relics":["ats:Sanity","Baka2","hubris:OldNail","Happy Flower","ats:Originium","Strawberry","Replay:Bottled Snecko"],"acts_visited":["Exordium"],"potions_floor_usage":[10,13,13,14],"damage_taken":[{"damage":6,"enemies":"Cultist","floor":1,"turns":4},{"damage":6,"enemies":"2 Louse","floor":2,"turns":3},{"damage":0,"enemies":"Small Slimes","floor":3,"turns":1},{"damage":32,"enemies":"Exordium Thugs","floor":4,"turns":9},{"damage":1,"enemies":"3 Louse","floor":7,"turns":4},{"damage":37,"enemies":"Gremlin Nob","floor":10,"turns":5},{"damage":5,"enemies":"Lots of Slimes","floor":11,"turns":2},{"damage":22,"enemies":"Lagavulin","floor":12,"turns":5},{"damage":7,"enemies":"2 Fungi Beasts","floor":13,"turns":3},{"damage":12,"enemies":"3 Sentries","floor":14,"turns":6}],"seed_played":"1226039011573083639","potions_obtained":[{"floor":2,"key":"DuplicationPotion"},{"floor":3,"key":"Adrenaline Potion"},{"floor":11,"key":"PowerPotion"},{"floor":13,"key":"ats:Top Emergency Sanity Potion"}],"is_trial":false,"path_per_floor":["M","M","M","M","T","R","M","R","T","E","M","E","M","E"],"character_chosen":"DOCTOR_CLASS","items_purchased":[],"campfire_rested":0,"item_purchase_floors":[],"current_hp_per_floor":[73,67,53,51,51,51,53,53,53,25,20,3,1,0,0],"gold":269,"neow_bonus":"TEN_PERCENT_HP_BONUS","is_daily":false,"chose_seed":false,"campfire_upgraded":1,"win_rate":0.0,"timestamp":1609503405,"path_taken":["M","M","M","M","?","R","M","R","T","E","M","E","M","E"],"items_purchased_type":[],"build_version":"2020-12-22","purchased_purges":0,"victory":false,"max_hp_per_floor":[79,79,87,87,87,87,87,87,87,94,94,94,94,94,94],"card_choices":[{"not_picked":["ats:Revitalization","ats:Chain Hook"],"picked":"ats:Hammer On","floor":1},{"not_picked":["ats:Consecutive Shot Auto","ats:Revitalization"],"picked":"ats:Explosion Area Strengthen","floor":2},{"not_picked":["ats:Ignite","ats:Consecutive Shot Auto","ats:Revitalization"],"picked":"SKIP","floor":3},{"not_picked":["ats:Revitalization","ats:Neurotoxin"],"picked":"ats:Shell Defense","floor":4},{"not_picked":["ats:Explosion Area Strengthen","ats:Echo Reverb"],"picked":"ats:Demon Strength","floor":7},{"not_picked":["ats:Healing Drone","ats:Revitalization"],"picked":"ats:Powerful Strike","floor":10},{"not_picked":["ats:Apocalypse","ats:Flame Of Heaven"],"picked":"ats:Assault Order","floor":11},{"not_picked":["ats:Childhood Dance","ats:Flexible Camouflage"],"picked":"ats:Fractured Body","floor":12},{"not_picked":["ats:Poison Spread","ats:Explosion Area Strengthen"],"picked":"ats:Overload","floor":13}],"player_experience":387301,"relics_obtained":[{"floor":1,"key":"Baka"},{"floor":2,"key":"Baka2"},{"floor":5,"key":"hubris:OldNail"},{"floor":9,"key":"Happy Flower"},{"floor":10,"key":"ats:Originium"},{"floor":10,"key":"Strawberry"},{"floor":12,"key":"ats:Originium"},{"floor":12,"key":"Replay:Bottled Snecko"}],"event_choices":[],"is_beta":false,"boss_relics":[],"items_purged_floors":[],"is_endless":false,"potions_floor_spawned":[2,3,11,13],"killed_by":"3 Sentries","ascension_level":0}}