{"host":"chv1qanoipyt46jc","time":1609481847,"event":{"mods":["2.2 Compatiblity","AchievementEnabler","BaseMod","BetterRewards","CapriCore","Card Filter","Evolution","Gold Saver","Grow up Mod","Minty Spire (QoL Compilation)","Rare Cards Sparkle","Relic Filter","Remove Card Discount Mod","Reorder Act Four","StSLib"],"gold_per_floor":[771,783,802,796,812,846,860,887,887,887,903,916,935,945,945,1044,1044,1057,1070,1070,1080,1092,1092,1092,1092,1092,1092,1105,1116,1116,1135,1135,1231,1231,1247,1261,1274,1196,1208,1208,1208,1208,1208,1235,1235,1253,1253,1267,1267,1267,1267,1141,1141,1175,1175],"floor_reached":56,"playtime":2255,"items_purged":["Strike_R","Strike_R","Strike_R","Strike_R","Strike_R","Defend_R","Defend_R","Defend_R","Defend_R","Bash","Pummel","Pummel","Pommel Strike","Pommel Strike+1"],"score":1699,"play_id":"47e50c4e-6a1b-4dc6-8383-4fc6a9409b63","local_time":"20210101001727","is_ascension_mode":false,"campfire_choices":[{"data":"Pommel Strike","floor":15,"key":"SMITH"},{"data":"Bloodletting","floor":23,"key":"SMITH"},{"data":"Pommel Strike","floor":25,"key":"SMITH"},{"data":"Pommel Strike","floor":27,"key":"SMITH"},{"data":"Dark Embrace","floor":30,"key":"SMITH"},{"data":"Dark Embrace","floor":32,"key":"SMITH"},{"data":"Inflame","floor":40,"key":"SMITH"},{"floor":42,"key":"RECALL"},{"data":"Inflame","floor":45,"key":"SMITH"},{"data":"Inflame","floor":47,"key":"SMITH"},{"data":"Seeing Red","floor":49,"key":"SMITH"},{"data":"Seeing Red","floor":53,"key":"SMITH"}],"circlet_count":0,"master_deck":["Seeing Red+1","Pommel Strike+1","Pommel Strike+1","Dark Embrace+1","Inflame+1","Bloodletting+1","Dark Embrace+1","Burning Pact","Seeing Red","Seeing Red","Inflame+1","Inflame+1","Pommel Strike+1","Seeing Red","Seeing Red+1","Seeing Red+1","Seeing Red+1"],"relics":["Burning Blood","EVO:Axolotl","PreservedInsect","Membership Card","Du-Vu Doll","Boot","Pen Nib","SlaversCollar","Matryoshka","Runic Cube","Medical Kit","InkBottle","Paper Frog","Eternal Feather","Gremlin Horn","Vajra"],"acts_visited":["Exordium","TheCity","TheBeyond","TheEnding"],"potions_floor_usage":[55,55,55],"damage_taken":[{"damage":9,"enemies":"Cultist","floor":1,"turns":3},{"damage":13,"enemies":"Small Slimes","floor":2,"turns":2},{"damage":3,"enemies":"2 Louse","floor":3,"turns":1},{"damage":21,"enemies":"Red Slaver","floor":5,"turns":3},{"damage":42,"enemies":"3 Sentries","floor":6,"turns":5},{"damage":21,"enemies":"2 Fungi Beasts","floor":7,"turns":3},{"damage":15,"enemies":"Gremlin Nob","floor":8,"turns":3},{"damage":25,"enemies":"3 Louse","floor":11,"turns":3},{"damage":20,"enemies":"Looter","floor":12,"turns":3},{"damage":16,"enemies":"Large Slime","floor":13,"turns":4},{"damage":10,"enemies":"Exordium Wildlife","floor":14,"turns":2},{"damage":6,"enemies":"Slime Boss","floor":16,"turns":3},{"damage":20,"enemies":"Chosen","floor":18,"turns":4},{"damage":13,"enemies":"Shell Parasite","floor":19,"turns":2},{"damage":27,"enemies":"Snake Plant","floor":21,"turns":3},{"damage":18,"enemies":"Snecko","floor":22,"turns":3},{"damage":32,"enemies":"Shelled Parasite and Fungi","floor":28,"turns":3},{"damage":26,"enemies":"Centurion and Healer","floor":29,"turns":2},{"damage":9,"enemies":"Cultist and Chosen","floor":31,"turns":2},{"damage":18,"enemies":"Collector","floor":33,"turns":2},{"damage":13,"enemies":"Orb Walker","floor":35,"turns":2},{"damage":15,"enemies":"3 Shapes","floor":36,"turns":1},{"damage":15,"enemies":"Maw","floor":37,"turns":2},{"damage":19,"enemies":"Writhing Mass","floor":39,"turns":2},{"damage":3,"enemies":"Nemesis","floor":44,"turns":1},{"damage":3,"enemies":"3 Darklings","floor":46,"turns":1},{"damage":14,"enemies":"Maw","floor":48,"turns":3},{"damage":89,"enemies":"Time Eater","floor":50,"turns":4},{"damage":31,"enemies":"Shield and Spear","floor":54,"turns":2},{"damage":144,"enemies":"The Heart","floor":55,"turns":3}],"seed_played":"1328883896167104231","potions_obtained":[{"floor":2,"key":"FearPotion"},{"floor":3,"key":"Explosive Potion"},{"floor":6,"key":"BlessingOfTheForge"},{"floor":12,"key":"Strength Potion"}],"is_trial":false,"path_per_floor":["M","M","M","$","M","E","M","E","T","?","M","M","M","M","R","B",null,"M","M","?","M","M","R","$","R","T","R","M","M","R","M","R","B",null,"M","M","M","$","M","R","?","R","T","E","R","M","R","M","R","B",null,"$","R","E","B",null],"character_chosen":"IRONCLAD","items_purchased":["Seeing Red","Pommel Strike","Pommel Strike","Dark Embrace","Pummel","Inflame","PreservedInsect","Membership Card","Bloodletting","Dark Embrace","Burning Pact","Seeing Red","Seeing Red","Medical Kit","Gremlin Horn"],"campfire_rested":0,"item_purchase_floors":[0,0,0,0,0,0,0,0,0,0,0,0,0,38,52],"current_hp_per_floor":[50,53,66,76,71,45,40,41,51,58,49,45,45,51,61,71,260,256,259,269,258,256,266,276,286,296,306,290,280,290,297,307,305,430,433,434,435,445,442,452,462,472,482,495,514,527,546,548,567,494,600,610,620,605,477],"gold":1175,"neow_bonus":"","is_daily":false,"chose_seed":false,"campfire_upgraded":11,"win_rate":0.0,"timestamp":1609481847,"path_taken":["M","M","M","?","?","E","M","E","T","?","M","M","M","M","R","BOSS","M","M","?","M","M","R","$","R","T","R","M","M","R","M","R","BOSS","M","M","M","$","M","R","?","R","T","E","R","?","R","M","R","BOSS","$","R","E","BOSS"],"items_purchased_type":["Card","Card","Card","Card","Card","Card","Relic","Relic","Card","Card","Card","Card","Card","Relic","Relic"],"build_version":"2020-12-22","purchased_purges":14,"victory":true,"max_hp_per_floor":[100,110,120,130,140,150,160,170,180,190,200,210,220,230,240,250,260,270,280,290,300,310,320,330,340,350,360,370,380,390,400,410,420,430,440,450,460,470,480,490,500,510,520,530,540,550,560,570,580,590,600,610,620,630,640],"card_choices":[{"not_picked":["Armaments","Anger"],"picked":"Pummel","floor":1},{"not_picked":["Iron Wave","Shrug It Off"],"picked":"Pommel Strike","floor":2},{"not_picked":["Pummel","Dark Embrace"],"picked":"Inflame","floor":3},{"not_picked":["Shrug It Off","Offering","Armaments"],"picked":"SKIP","floor":5},{"not_picked":["Searing Blow","Anger","Armaments"],"picked":"SKIP","floor":6},{"not_picked":["Anger","Seeing Red"],"picked":"Inflame","floor":7},{"not_picked":["Iron Wave","Armaments","Shrug It Off"],"picked":"SKIP","floor":8},{"not_picked":["Dark Embrace","Armaments"],"picked":"Pommel Strike","floor":11},{"not_picked":["Offering","Shrug It Off","Anger"],"picked":"SKIP","floor":12},{"not_picked":["Pommel Strike","Iron Wave","Armaments"],"picked":"SKIP","floor":13},{"not_picked":["Iron Wave","Dark Embrace","Shrug It Off"],"picked":"SKIP","floor":14},{"not_picked":["Pummel","Anger+1","Searing Blow"],"picked":"SKIP","floor":18},{"not_picked":["Pummel","Pommel Strike"],"picked":"Seeing Red","floor":19},{"not_picked":["Iron Wave","Shrug It Off","Bloodletting"],"picked":"SKIP","floor":21},{"not_picked":["Iron Wave","Shrug It Off","Pommel Strike"],"picked":"SKIP","floor":22},{"not_picked":["Armaments","Reaper","Burning Pact"],"picked":"SKIP","floor":28},{"not_picked":["Iron Wave","Anger","Pummel"],"picked":"SKIP","floor":29},{"not_picked":["Shrug It Off","Iron Wave"],"picked":"Seeing Red","floor":31},{"not_picked":["Burning Pact","Dark Embrace"],"picked":"Pommel Strike+1","floor":35},{"not_picked":["Armaments+1","Bloodletting+1"],"picked":"Seeing Red+1","floor":36},{"not_picked":["Pommel Strike","Shrug It Off+1"],"picked":"Seeing Red+1","floor":37},{"not_picked":["Anger+1","Pommel Strike+1","Armaments+1"],"picked":"SKIP","floor":39},{"not_picked":["Searing Blow","Carnage","Shrug It Off+1"],"picked":"SKIP","floor":44},{"not_picked":["Anger","Shrug It Off+1","Pummel+1"],"picked":"SKIP","floor":46},{"not_picked":["Carnage+1","Pummel","Armaments+1"],"picked":"SKIP","floor":48},{"not_picked":["Feed","Pummel","Searing Blow+1"],"picked":"SKIP","floor":54}],"player_experience":272404,"relics_obtained":[{"floor":6,"key":"Du-Vu Doll"},{"floor":8,"key":"Boot"},{"floor":26,"key":"Matryoshka"},{"floor":43,"key":"InkBottle"},{"floor":43,"key":"Paper Frog"},{"floor":44,"key":"Eternal Feather"},{"floor":54,"key":"Vajra"}],"event_choices":[{"damage_healed":0,"gold_gain":0,"player_choice":"Success","damage_taken":3,"relics_obtained":["Pen Nib"],"max_hp_gain":0,"max_hp_loss":0,"event_name":"Scrap Ooze","floor":10,"gold_loss":0},{"damage_healed":0,"gold_gain":0,"player_choice":"Ignored","damage_taken":0,"max_hp_gain":0,"max_hp_loss":0,"event_name":"Beggar","floor":20,"gold_loss":0},{"damage_healed":0,"gold_gain":0,"player_choice":"Ignored","damage_taken":0,"max_hp_gain":0,"max_hp_loss":0,"event_name":"SecretPortal","floor":41,"gold_loss":0}],"is_beta":false,"boss_relics":[{"not_picked":["Coffee Dripper","Cursed Key"],"picked":"SlaversCollar"},{"not_picked":["Calling Bell","Mark of Pain"],"picked":"Runic Cube"}],"items_purged_floors":[0,0,0,0,0,0,0,0,0,0,4,4,4,38],"is_endless":false,"potions_floor_spawned":[2,3,6,12,14,22,33,35,37,39,46,54],"ascension_level":0}}