{"host":"p4yrwepmrl4g8pul","time":1609491246,"event":{"mods":["Act Like it!","BaseMod","BetterRewards","Colored Map","Custom Start","Gensokyo","Marisa£®ÏF”Í°°ƒß¿Ì…≥£©","Minty Spire (QoL Compilation)","Quick Restart","Rare Cards Sparkle","Reimu£®≤©¿ˆ¡È√Œ£©","Remilia£®¿Ÿ√◊¿Ú—«£©","Remove Card Discount Mod","Shop Mod","StSLib","The Jungle"],"gold_per_floor":[111,128,52,70,81,113,113,147,216,245,274,286,309,347,359,445,457,483,495,526,538,650,688,700,508,520,551,563,604,616,663,675,764,776,798,810,822,846,98,123,141,141,141,172,188,206,222,257,257,257,257,257,257,15,45,45],"floor_reached":57,"playtime":2099,"items_purged":["Strike_RM","Defend_RM","Defend_RM","Strike_RM","Defend_RM","Strike_RM","Defend_RM","Strike_RM","BombardNight","RedMoon","ScarletShoot","Gensokyo:AllTheWorldsEvil","Pride","NightLord+1","StarOfDavid+1"],"score":4245,"play_id":"92cfca5a-a99d-49d6-ac9e-705d44386f93","local_time":"20210101165406","is_ascension_mode":true,"campfire_choices":[{"data":"UnstableMagic","floor":7.0,"key":"SMITH"},{"data":"Finesse","floor":12.0,"key":"SMITH"},{"floor":15.0,"key":"RECALL"},{"data":"QueenOfMidnight","floor":24,"key":"SMITH"},{"floor":30,"key":"REST"},{"floor":32,"key":"REST"},{"data":"Madness","floor":42,"key":"SMITH"},{"data":"Gensokyo:PrivateSquare","floor":49,"key":"SMITH"},{"floor":53,"key":"REST"}],"circlet_count":0,"master_deck":["AscendersBane","UnstableMagic+1","BloodHunter+1","BombardNight+1","UnstableMagic+1","Finesse+1","QueenOfMidnight+1","HeartBreak+1","ForecastOfChange+1","Gensokyo:PrivateSquare+1","Madness+1","MastersStateliness+1","ForecastOfChange+1"],"relics":["ScarletHat","White Beast Statue","RuthlessExorcism:ReiMu","Ice Cream","Du-Vu Doll","Molten Egg 2","HandDrill","Bag of Marbles","War Paint","Anchor","Gremlin Horn","Bag of Preparation","Shuriken","TypeBBloodRedTea","StoneCalendar","Sundial","MawBank","Centennial Puzzle","Gensokyo:SongOfSouls","Calipers","PureWhite:ReiMu","Toy Ornithopter","Sling","Matryoshka","RedBat","Black Star","Question Card","TungstenRod","Unceasing Top","Singing Bowl","Bottled Tornado","Potion Belt","Tea:ReiMu","Lizard Tail","Pantograph","Frozen Egg 2","Blood Vial","Membership Card","Torii","Pen Nib"],"acts_visited":["Exordium","Gensokyo:Gensokyo","Gensokyo:Gensokyoer","TheEnding"],"potions_floor_usage":[22,22,23,29,33,46,48,56,56,56],"damage_taken":[{"damage":0.0,"enemies":"Gensokyo:Gryphon","floor":1.0,"turns":1.0},{"damage":0.0,"enemies":"Gensokyo:Python","floor":2.0,"turns":1.0},{"damage":0.0,"enemies":"Gensokyo:3_Fairies","floor":4.0,"turns":2.0},{"damage":0.0,"enemies":"Gensokyo:Kitsune","floor":5.0,"turns":1.0},{"damage":0.0,"enemies":"Gensokyo:Mamizou","floor":6.0,"turns":4.0},{"damage":1.0,"enemies":"Gensokyo:Aya","floor":8.0,"turns":3.0},{"damage":0.0,"enemies":"Gensokyo:Cirno","floor":10.0,"turns":4.0},{"damage":0.0,"enemies":"Gensokyo:3_Kodama","floor":11.0,"turns":1.0},{"damage":0.0,"enemies":"Gensokyo:Python_and_Kodama","floor":13.0,"turns":1.0},{"damage":0.0,"enemies":"Gensokyo:Mamizou","floor":14.0,"turns":4.0},{"damage":0.0,"enemies":"Gensokyo:Kokoro","floor":16.0,"turns":4.0},{"damage":3.0,"enemies":"Gensokyo:Chomper","floor":18.0,"turns":3.0},{"damage":0.0,"enemies":"Gensokyo:CosmicMonolith","floor":20.0,"turns":1.0},{"damage":35,"enemies":"Gensokyo:CosmicMonolith","floor":22,"turns":4},{"damage":0,"enemies":"Gensokyo:Reisen","floor":23,"turns":1},{"damage":0,"enemies":"Gensokyo:Wraith","floor":27,"turns":3},{"damage":0,"enemies":"Gensokyo:Koishi","floor":29,"turns":3},{"damage":0,"enemies":"Gensokyo:Tenshi","floor":31,"turns":1},{"damage":7,"enemies":"Gensokyo:Eiki","floor":33,"turns":3},{"damage":0,"enemies":"Gensokyo:AncientGuardian","floor":35,"turns":3},{"damage":0,"enemies":"Gensokyo:3_Bats","floor":38,"turns":1},{"damage":0,"enemies":"Gensokyo:Kasen","floor":40,"turns":2},{"damage":0,"enemies":"Gensokyo:SeedOfUnknown","floor":41,"turns":3},{"damage":0,"enemies":"Gensokyo:Marisa","floor":44,"turns":3},{"damage":0,"enemies":"Gensokyo:3_Boulders","floor":45,"turns":2},{"damage":0,"enemies":"Gensokyo:Rafflesia","floor":46,"turns":4},{"damage":0,"enemies":"Gensokyo:SeedOfUnknown","floor":47,"turns":2},{"damage":0,"enemies":"Gensokyo:Doremy","floor":48,"turns":3},{"damage":0,"enemies":"Gensokyo:Yuyuko","floor":50,"turns":2},{"damage":0,"enemies":"Gensokyo:Shinki","floor":51,"turns":5},{"damage":0,"enemies":"Shield and Spear","floor":55,"turns":4},{"damage":0,"enemies":"The Heart","floor":56,"turns":9}],"seed_played":"-4544899676355004827","potions_obtained":[{"floor":2.0,"key":"FearPotion"},{"floor":6.0,"key":"LiquidBronze"},{"floor":8.0,"key":"PowerPotion"},{"floor":10.0,"key":"Regen Potion"},{"floor":11.0,"key":"DuplicationPotion"},{"floor":16.0,"key":"LiquidBronze"},{"floor":18.0,"key":"SkillPotion"},{"floor":22,"key":"Strength Potion"},{"floor":23,"key":"FairyPotion"},{"floor":27,"key":"Ancient Potion"},{"floor":29,"key":"DuplicationPotion"},{"floor":33,"key":"Dexterity Potion"},{"floor":44,"key":"GamblersBrew"},{"floor":45,"key":"ColorlessPotion"},{"floor":46,"key":"EssenceOfSteel"},{"floor":48,"key":"FairyPotion"}],"is_trial":false,"path_per_floor":["M","M","COS","M","M","E","R","E","T","E","M","R","M","E","R","B",null,"M","?","M","?","?","E","R","COS","T","M","?","E","R","E","R","B",null,"M","?","?","M","$","E","M","R","T","E","M","M","M","E","R","B","B",null,"R","$","E","B",null],"character_chosen":"REMILIA","items_purchased":["White Beast Statue","UnstableMagic","RuthlessExorcism:ReiMu","BombardNight","Ice Cream","Du-Vu Doll","BloodHunter","Molten Egg 2","HandDrill","Bag of Marbles","BombardNight+1","UnstableMagic","StarOfDavid+1","NightLord+1","War Paint","Finesse","Anchor","Gremlin Horn","Bag of Preparation","Energy Potion","Fire Potion","TungstenRod","Unceasing Top","Madness","MastersStateliness+1","Strength Potion","Membership Card"],"campfire_rested":3,"item_purchase_floors":[0,0,0,0,0,0,0,0,0,0,0,0,0,0,0,0,0,0,0,0,0,39,39,39,54,54,54],"current_hp_per_floor":[23,23,23,23,23,26,26,30,30,34,37,37,42,47,47,50,65,69,69,70,70,70,70,70,70,70,70,70,70,70,70,70,70,70,70,70,70,70,70,72,74,74,74,76,78,80,82,84,84,84,84,84,84,84,84,84],"gold":45,"neow_bonus":"","is_daily":false,"chose_seed":false,"campfire_upgraded":5,"win_rate":0.0,"timestamp":1609491246,"path_taken":["M","M","COS","M","M","E","R","E","T","E","M","R","M","E","R","BOSS","M","?","M","?","?","E","R","COS","T","?","?","E","R","E","R","BOSS","M","?","?","M","$","E","M","R","T","E","M","M","?","E","R","BOSS","BOSS","R","$","E","BOSS"],"items_purchased_type":["Relic","Card","Relic","Card","Relic","Relic","Card","Relic","Relic","Relic","Card","Card","Card","Card","Relic","Card","Relic","Relic","Relic","Potion","Potion","Relic","Relic","Card","Card","Potion","Relic"],"build_version":"2020-12-22","purchased_purges":15,"victory":true,"max_hp_per_floor":[70,70,70,70,70,70,70,70,70,70,70,70,70,70,70,70,70,70,70,70,70,70,70,70,70,70,70,70,70,70,70,70,70,70,70,70,70,70,70,72,74,74,74,76,78,80,82,84,84,84,84,84,84,84,84,84],"card_choices":[{"not_picked":["Stigmanizer+1","StarOfDavid+1","EndlessAdversity+1"],"picked":"SKIP","floor":1.0},{"not_picked":["SuperhumanBloodyKnife+1","VampireClaw+1","Septette"],"picked":"SKIP","floor":2.0},{"not_picked":["CharismaGuard","MastersStateliness","FavorOfDestiny"],"picked":"SKIP","floor":4.0},{"not_picked":["ScarletImprint+1","UnstableMagic","HunterOfTheNight+1"],"picked":"SKIP","floor":5.0},{"not_picked":["UnderTheZenith","ScarletDevilSign+1","ReincarnationDial"],"picked":"SKIP","floor":6.0},{"not_picked":["FitfulNightmare","Stigmanizer+1","DiffusionOfMisfortune+1"],"picked":"SKIP","floor":8.0},{"not_picked":["UltimateOffering+1","BloodyCatastrophe","MastersStateliness"],"picked":"SKIP","floor":10.0},{"not_picked":["UnderTheZenith","ForbiddenFruit","RedRainbow+1"],"picked":"SKIP","floor":11.0},{"not_picked":["RedRainbow+1","UnstableMagic","Maim"],"picked":"SKIP","floor":13.0},{"not_picked":["ScarletImprint+1","VampireKiss+1","VampirishNight"],"picked":"SKIP","floor":14.0},{"not_picked":["BloodyHallows","CeilingFear"],"picked":"QueenOfMidnight","floor":16.0},{"not_picked":["Maim","MiserableFate","DiffusionOfMisfortune+1"],"picked":"SKIP","floor":18.0},{"not_picked":["ScarletDevil+1","VampireFantasy","Stigmanizer+1"],"picked":"SKIP","floor":20.0},{"not_picked":["BloodHunter","EmergencyRegeneration"],"picked":"HeartBreak+1","floor":22},{"not_picked":["BlasphemousPunishment","DevilSight","FitfulNightmare"],"picked":"SKIP","floor":23},{"not_picked":["EndlessAdversity+1","MastersStateliness","NightDance+1"],"picked":"SKIP","floor":27},{"not_picked":["EndlessAdversity+1","MastersStateliness","NightDance+1"],"picked":"SKIP","floor":27},{"not_picked":["ScarletDevil+1","BloodySeventeenLaser+1","BlasphemousPunishment"],"picked":"SKIP","floor":29},{"not_picked":["DiffusionOfMisfortune+1","VampireKiss+1","CharismaGuard"],"picked":"SKIP","floor":31},{"not_picked":["BloodyHallows","CurseOfVladTepes"],"picked":"ForecastOfChange+1","floor":33},{"not_picked":["ForbiddenFruit+1","CharismaGuard","DiffusionOfMisfortune+1","ScarletImprint+1"],"picked":"SKIP","floor":35},{"not_picked":["EndlessAdversity+1","BloodyMagicSquare","MastersStateliness","VampireKiss+1"],"picked":"SKIP","floor":38},{"not_picked":["UltimateOffering+1","DiffusionOfMisfortune+1","BombardNight+1","VampirishNight"],"picked":"Singing Bowl","floor":40},{"not_picked":["FavorOfDestiny","UnderTheZenith+1","ScarletNetherworld","RedMagic"],"picked":"Singing Bowl","floor":41},{"not_picked":["TricksterDevil","Maim","ScarletDevilSign+1","ChainGang+1"],"picked":"Singing Bowl","floor":44},{"not_picked":["VampireKiss+1","MastersStateliness","EndlessAdversity+1","FavorOfDestiny"],"picked":"Singing Bowl","floor":45},{"not_picked":["BlasphemousPunishment","ChaoticDestiny","GlobalNightmare","BloodAndWine"],"picked":"Singing Bowl","floor":46},{"not_picked":["BloodHunter","EndlessAdversity+1","AfternoonTea+1","RedRainbow+1"],"picked":"Singing Bowl","floor":47},{"not_picked":["BloodyTrap","RedMagic","NightDance+1","ScarletDream+1"],"picked":"Singing Bowl","floor":48},{"not_picked":["EndlessAdversity+1","StarOfDavid+1","BloodyTrap"],"picked":"ForecastOfChange+1","floor":55}],"player_experience":744146,"relics_obtained":[{"floor":6.0,"key":"Shuriken"},{"floor":8.0,"key":"StoneCalendar"},{"floor":9.0,"key":"Sundial"},{"floor":10.0,"key":"MawBank"},{"floor":14.0,"key":"Centennial Puzzle"},{"floor":22,"key":"Calipers"},{"floor":22,"key":"PureWhite:ReiMu"},{"floor":23,"key":"Toy Ornithopter"},{"floor":29,"key":"Matryoshka"},{"floor":31,"key":"RedBat"},{"floor":40,"key":"Singing Bowl"},{"floor":40,"key":"Bottled Tornado"},{"floor":43,"key":"Potion Belt"},{"floor":43,"key":"Tea:ReiMu"},{"floor":44,"key":"Lizard Tail"},{"floor":44,"key":"Pantograph"},{"floor":48,"key":"Frozen Egg 2"},{"floor":48,"key":"Blood Vial"},{"floor":55,"key":"Torii"},{"floor":55,"key":"Pen Nib"}],"event_choices":[],"is_beta":false,"boss_relics":[{"not_picked":["Coffee Dripper","Pandora\u0027s Box","Runic Dome"]},{"not_picked":["RedLine:ReiMu","Velvet Choker"],"picked":"Black Star"}],"items_purged_floors":[0,0,0,0,0,0,0,0,0,0,0,39,39,39,39],"is_endless":false,"potions_floor_spawned":[1,2,4,5,6,8,10,11,13,14,16,18,20,22,23,27,29,31,33,35,38,40,41,44,45,46,47,48,55],"ascension_level":20}}