{"host":"Rich","time":1609525828,"event":{"mods":["AchievementEnabler","BaseMod","Highlight Path","Minty Spire (QoL Compilation)","Relic Stats"],"gold_per_floor":[109,109,109,124,124,124,153,70,70,95,113,130,157,26,26,129,179,225,2,2,2,63,63,333,333,333],"floor_reached":25,"playtime":805,"items_purged":["Strike_P"],"score":580,"play_id":"013ff878-5a7b-453b-b5fc-126524bbfb38","local_time":"20210101133028","is_ascension_mode":true,"campfire_choices":[{"data":"SashWhip","floor":6,"key":"SMITH"},{"data":"Wish","floor":15,"key":"SMITH"},{"data":"TalkToTheHand","floor":23,"key":"SMITH"}],"circlet_count":0,"master_deck":["AscendersBane","Defend_P+1","Defend_P","Defend_P+1","Defend_P","Eruption","Vigilance","CutThroughFate+1","SashWhip+1","JustLucky+1","Tantrum","CrushJoints","TalkToTheHand+1","Consecrate+1","Wish+1","LessonLearned","TalkToTheHand+1","CutThroughFate","Consecrate","TalkToTheHand"],"relics":["PureWater","NeowsBlessing","MealTicket","Ornamental Fan","Blood Vial","Happy Flower","Tiny House","Vajra","Red Mask"],"acts_visited":["Exordium","TheCity"],"potions_floor_usage":[10,13,18,22,25],"damage_taken":[{"damage":0,"enemies":"2 Louse","floor":1,"turns":2},{"damage":0,"enemies":"Jaw Worm","floor":4,"turns":1},{"damage":0,"enemies":"Gremlin Nob","floor":7,"turns":1},{"damage":7,"enemies":"3 Sentries","floor":10,"turns":6},{"damage":0,"enemies":"Cultist","floor":11,"turns":2},{"damage":1,"enemies":"Looter","floor":12,"turns":2},{"damage":6,"enemies":"Gremlin Nob","floor":13,"turns":3},{"damage":0,"enemies":"Slime Boss","floor":16,"turns":7},{"damage":10,"enemies":"3 Byrds","floor":18,"turns":6},{"damage":0,"enemies":"Masked Bandits","floor":22,"turns":2},{"damage":59,"enemies":"Slavers","floor":25,"turns":3}],"seed_played":"-1752305961993152545","potions_obtained":[{"floor":4,"key":"Strength Potion"},{"floor":11,"key":"Energy Potion"},{"floor":12,"key":"GamblersBrew"},{"floor":17,"key":"DistilledChaos"},{"floor":18,"key":"Block Potion"}],"is_trial":false,"path_per_floor":["M","?","?","M","?","R","E","$","T","E","M","M","E","$","R","B",null,"M","$","?","?","?","R","?","E"],"character_chosen":"WATCHER","items_purchased":["Tantrum","Energy Potion","Vajra","Consecrate"],"campfire_rested":0,"item_purchase_floors":[8,14,19,19],"current_hp_per_floor":[61,41,34,34,34,34,34,49,49,42,44,45,41,56,56,58,71,63,73,73,73,73,73,46,0,0],"gold":333,"neow_bonus":"THREE_ENEMY_KILL","is_daily":false,"chose_seed":false,"campfire_upgraded":3,"win_rate":0.0,"timestamp":1609525828,"path_taken":["M","?","?","M","?","R","E","$","T","E","M","M","E","$","R","BOSS","M","$","?","?","?","R","?","E"],"items_purchased_type":["Card","Potion","Relic","Card"],"build_version":"2020-12-18","purchased_purges":1,"victory":false,"max_hp_per_floor":[68,68,68,68,68,68,68,68,68,68,68,68,68,68,68,68,73,73,73,73,73,73,73,73,73,73],"relic_stats":{"Blood Vial":12,"Happy Flower":[6],"counters":[11,35],"Ornamental Fan":[56],"MealTicket":40,"obtain_stats":[{"Blood Vial":10,"Tiny House":17,"NeowsBlessing":0,"Happy Flower":13,"Ornamental Fan":9,"Vajra":19,"MealTicket":7,"Red Mask":22,"PureWater":0},{"Blood Vial":4,"Tiny House":8,"NeowsBlessing":0,"Happy Flower":7,"Ornamental Fan":3,"Vajra":9,"MealTicket":3,"Red Mask":10,"PureWater":0},{"Blood Vial":10,"Tiny House":24,"NeowsBlessing":0,"Happy Flower":17,"Ornamental Fan":4,"Vajra":30,"MealTicket":4,"Red Mask":32,"PureWater":0}]},"card_choices":[{"not_picked":["ThirdEye","CrushJoints"],"picked":"CutThroughFate","floor":1},{"not_picked":["WreathOfFlame","Evaluate"],"picked":"SashWhip","floor":4},{"not_picked":["Nirvana","Collect"],"picked":"JustLucky","floor":7},{"not_picked":["Collect","Perseverance"],"picked":"CrushJoints","floor":10},{"not_picked":["FlyingSleeves","ClearTheMind"],"picked":"TalkToTheHand","floor":11},{"not_picked":["Protect","SignatureMove"],"picked":"Consecrate","floor":12},{"not_picked":["Protect","EmptyBody"],"picked":"Wish","floor":13},{"not_picked":["Wish","Vault"],"picked":"LessonLearned","floor":16},{"not_picked":["Prostrate","DeceiveReality"],"picked":"TalkToTheHand","floor":17},{"not_picked":["Consecrate","Meditate"],"picked":"CutThroughFate","floor":18},{"not_picked":["Consecrate","FollowUp"],"picked":"TalkToTheHand","floor":22}],"player_experience":1949950,"relics_obtained":[{"floor":7,"key":"MealTicket"},{"floor":9,"key":"Ornamental Fan"},{"floor":10,"key":"Blood Vial"},{"floor":13,"key":"Happy Flower"},{"floor":22,"key":"Red Mask"}],"event_choices":[{"damage_healed":0,"gold_gain":0,"player_choice":"Entered Light","damage_taken":20,"max_hp_gain":0,"max_hp_loss":0,"event_name":"Shining Light","floor":2,"gold_loss":0,"cards_upgraded":["Defend_P","Defend_P"]},{"cards_removed":["Strike_P"],"damage_healed":0,"gold_gain":0,"player_choice":"Card Removal","damage_taken":7,"max_hp_gain":0,"max_hp_loss":0,"event_name":"Golden Wing","floor":3,"gold_loss":0},{"cards_removed":["Strike_P"],"damage_healed":0,"gold_gain":0,"player_choice":"Purged","damage_taken":0,"max_hp_gain":0,"max_hp_loss":0,"event_name":"Purifier","floor":5,"gold_loss":0},{"cards_removed":["Strike_P"],"damage_healed":0,"gold_gain":0,"player_choice":"Elegance","damage_taken":0,"max_hp_gain":0,"max_hp_loss":0,"event_name":"Back to Basics","floor":21,"gold_loss":0},{"damage_healed":0,"gold_gain":0,"player_choice":"Fought Bandits","damage_taken":0,"max_hp_gain":0,"max_hp_loss":0,"event_name":"Masked Bandits","floor":22,"gold_loss":0},{"damage_healed":0,"gold_gain":270,"player_choice":"GOLD GOLD GOLD ","damage_taken":27,"max_hp_gain":0,"max_hp_loss":0,"event_name":"Knowing Skull","floor":24,"potions_obtained":[],"gold_loss":0,"cards_obtained":[]}],"is_beta":true,"boss_relics":[{"not_picked":["Cursed Key","VioletLotus"],"picked":"Tiny House"}],"items_purged_floors":[14],"is_endless":false,"potions_floor_spawned":[4,11,12,16,18],"killed_by":"Slavers","ascension_level":20}}