{"host":"i98650m3tufgrrto","time":1609535118,"event":{"mods":["Act Like it!","BaseMod","CapriCore","KomeijiMod","Marisa£®ÏF”Í°°ƒß¿Ì…≥£©","Minty Spire (QoL Compilation)","Reimu£®≤©¿ˆ¡È√Œ£©","Remilia£®¿Ÿ√◊¿Ú—«£©","StSLib","The Immortal","The Servant 0.9.4","Yakumo Yukari mod","Youmu£®ªÍ∆«—˝√Œ£©"],"gold_per_floor":[172,172,97,97,97,127,127,138,185,185,201,218,245,262,262,336,336,351,351,351,351,365,391,391,291,370,370,384,259,294,311,311,388,388,403,625,313,382,400,430,430,445,445,445,445,445],"floor_reached":45,"playtime":1777,"items_purged":["Defend_Remirira","Strike_Remiria","Strike_Remiria","Defend_Remirira"],"score":1113,"play_id":"c162a86e-2a6a-4a73-89d5-ad5729b3b487","local_time":"20210102050518","is_ascension_mode":true,"campfire_choices":[{"data":"LifeBreak","floor":7.0,"key":"SMITH"},{"data":"DamonLordCradle_Remiria","floor":15.0,"key":"SMITH"},{"data":"Absorbed","floor":32.0,"key":"SMITH"},{"floor":44,"key":"REST"}],"circlet_count":0,"master_deck":["AscendersBane","Defend_Remirira","Absorbed+1","Scratch","Paradox","FateMeister","CruelSlaughter","DamonLordCradle_Remiria+1","FateSonata","PartStrengthen","RedMagic","ScarletNetherworld+1","DemonLordWalk+1","BathedInBlood+1","BloodySuit+1"],"relics":["ThirstyCrossSpe","NeowsBlessing","Tiny Chest","CaptainsWheel","Toy Ornithopter","Sundial","Busted Crown","Incense Burner","Akabeko","Pantograph","Art of War","Red Mask","Astrolabe","Anchor","White Beast Statue","RedTeaWithBlood","InkBottle"],"acts_visited":["Exordium","TheCity","TheBeyond"],"potions_floor_usage":[40,42,45],"damage_taken":[{"damage":0.0,"enemies":"Jaw Worm","floor":1.0,"turns":1.0},{"damage":0.0,"enemies":"Gremlin Nob","floor":6.0,"turns":1.0},{"damage":0.0,"enemies":"Cultist","floor":8.0,"turns":1.0},{"damage":2.0,"enemies":"2 Louse","floor":11.0,"turns":2.0},{"damage":15.0,"enemies":"Red Slaver","floor":12.0,"turns":4.0},{"damage":25.0,"enemies":"Lagavulin","floor":13.0,"turns":7.0},{"damage":13.0,"enemies":"Large Slime","floor":14.0,"turns":4.0},{"damage":15.0,"enemies":"Slime Boss","floor":16.0,"turns":7.0},{"damage":16.0,"enemies":"3 Byrds","floor":18.0,"turns":6.0},{"damage":0.0,"enemies":"Chosen","floor":22.0,"turns":7.0},{"damage":38.0,"enemies":"Slavers","floor":23.0,"turns":4.0},{"damage":1.0,"enemies":"Centurion and Healer","floor":28.0,"turns":5.0},{"damage":0.0,"enemies":"Masked Bandits","floor":30.0,"turns":3.0},{"damage":20.0,"enemies":"Snake Plant","floor":31.0,"turns":4.0},{"damage":60.0,"enemies":"Automaton","floor":33.0,"turns":8.0},{"damage":7.0,"enemies":"3 Shapes","floor":35.0,"turns":2.0},{"damage":21.0,"enemies":"Orb Walker","floor":39.0,"turns":4.0},{"damage":65,"enemies":"Reptomancer","floor":40,"turns":7},{"damage":7,"enemies":"4 Shapes","floor":42,"turns":6},{"damage":40,"enemies":"Nemesis","floor":45,"turns":11}],"seed_played":"8539965940379132287","potions_obtained":[{"floor":1.0,"key":"EssenceOfSteel"},{"floor":11.0,"key":"RedTea"},{"floor":14.0,"key":"Dexterity Potion"},{"floor":23.0,"key":"AttackPotion"},{"floor":24.0,"key":"SpeedPotion"},{"floor":24.0,"key":"LiquidMemories"},{"floor":28.0,"key":"LiquidBronze"},{"floor":39.0,"key":"Regen Potion"},{"floor":40,"key":"Energy Potion"},{"floor":42,"key":"PowerPotion"}],"is_trial":false,"path_per_floor":["M","?","$","?","$","E","R","M","T","T","M","M","E","M","R","B",null,"M","?","T","?","M","E","?","$","T","T","M","$","?","M","R","B",null,"M","?","$","T","M","E","?","M","T","R","E"],"character_chosen":"RemiriaScarlet","items_purchased":["Anchor"],"campfire_rested":1,"item_purchase_floors":[37],"current_hp_per_floor":[90,90,90,79,79,79,79,79,79,79,77,62,42,29,29,19,80,69,69,69,110,110,72,72,72,72,72,76,76,76,61,61,31,90,83,83,83,83,62,17,17,15,15,52,18,18],"gold":445,"neow_bonus":"THREE_ENEMY_KILL","is_daily":false,"chose_seed":false,"campfire_upgraded":3,"win_rate":0.0,"timestamp":1609535118,"path_taken":["M","?","$","?","$","E","R","M","T","?","M","?","E","M","R","BOSS","M","?","?","?","?","E","?","$","T","?","?","$","?","M","R","BOSS","M","?","$","?","?","E","?","?","T","R","E"],"items_purchased_type":["Relic"],"build_version":"2020-12-22","purchased_purges":4,"victory":false,"max_hp_per_floor":[100,100,100,100,100,100,100,100,100,100,100,100,100,100,100,100,100,100,100,100,110,110,110,110,110,110,110,110,110,110,110,110,110,110,110,110,110,110,110,110,110,110,110,110,110,110],"card_choices":[{"not_picked":["NightDance","StigmaNizer","PainBurst"],"picked":"SKIP","floor":1.0},{"not_picked":["FitfulNightmare","Feint"],"picked":"LifeBreak","floor":6.0},{"not_picked":["BloodCleaner","DemonsDinnerFork_Remiria"],"picked":"Paradox","floor":8.0},{"not_picked":["Tearing","DoubleEdge"],"picked":"FateMeister","floor":11.0},{"not_picked":["TricksterDevil","BloodCollect","ServantFlier"],"picked":"SKIP","floor":12.0},{"not_picked":["StigmaNizer","BloodCollect"],"picked":"CruelSlaughter","floor":13.0},{"not_picked":["Exsanguinate","CombatMeter"],"picked":"DamonLordCradle_Remiria","floor":14.0},{"not_picked":["StarOfDavid","RemiliaStalker"],"picked":"Septette","floor":16.0},{"not_picked":["CruelSlaughter"],"picked":"SKIP","floor":18.0},{"not_picked":["TricksterDevil"],"picked":"SKIP","floor":22.0},{"not_picked":[],"picked":"PartStrengthen","floor":23.0},{"not_picked":["StigmaNizer"],"picked":"SKIP","floor":28.0},{"not_picked":["DemonsDinnerFork_Remiria"],"picked":"SKIP","floor":31.0},{"not_picked":[],"picked":"RedMagic","floor":33.0},{"not_picked":["Cripple"],"picked":"SKIP","floor":35.0},{"not_picked":["Cripple"],"picked":"SKIP","floor":39.0},{"not_picked":[],"picked":"BloodySuit+1","floor":40},{"not_picked":["DemonsDinnerFork_Remiria"],"picked":"SKIP","floor":42}],"player_experience":1191312,"relics_obtained":[{"floor":6.0,"key":"CaptainsWheel"},{"floor":9.0,"key":"Toy Ornithopter"},{"floor":13.0,"key":"Sundial"},{"floor":20.0,"key":"Incense Burner"},{"floor":23.0,"key":"Akabeko"},{"floor":26.0,"key":"Pantograph"},{"floor":27.0,"key":"Art of War"},{"floor":30.0,"key":"Red Mask"},{"floor":38.0,"key":"White Beast Statue"},{"floor":40,"key":"RedTeaWithBlood"},{"floor":43,"key":"InkBottle"}],"event_choices":[{"damage_healed":0.0,"max_hp_gain":0.0,"max_hp_loss":0.0,"gold_gain":0.0,"event_name":"Scrap Ooze","player_choice":"Success","floor":4.0,"gold_loss":0.0,"damage_taken":11.0,"relics_obtained":["Tiny Chest"]},{"damage_healed":0.0,"max_hp_gain":0.0,"max_hp_loss":0.0,"gold_gain":0.0,"cards_transformed":["LifeBreak"],"event_name":"Transmorgrifier","player_choice":"Transformed","floor":19.0,"gold_loss":0.0,"damage_taken":0.0,"cards_obtained":["FateSonata"]},{"cards_removed":["Septette"],"damage_healed":31.0,"max_hp_gain":10.0,"max_hp_loss":0.0,"gold_gain":0.0,"event_name":"Bonfire Elementals","player_choice":"Offered Rare","floor":21.0,"gold_loss":0.0,"damage_taken":0.0},{"damage_healed":0.0,"max_hp_gain":0.0,"max_hp_loss":0.0,"gold_gain":0.0,"event_name":"Lab","player_choice":"Got Potions","floor":24.0,"gold_loss":0.0,"damage_taken":0.0},{"damage_healed":0.0,"max_hp_gain":0.0,"max_hp_loss":0.0,"gold_gain":0.0,"event_name":"Masked Bandits","player_choice":"Fought Bandits","floor":30.0,"gold_loss":0.0,"damage_taken":0.0},{"damage_healed":0.0,"max_hp_gain":0.0,"max_hp_loss":0.0,"gold_gain":222.0,"event_name":"Tomb of Lord Red Mask","player_choice":"Wore Mask","floor":36.0,"gold_loss":0.0,"damage_taken":0.0},{"damage_healed":0,"gold_gain":0,"player_choice":"0 cards matched","damage_taken":0,"max_hp_gain":0,"max_hp_loss":0,"event_name":"Match and Keep!","floor":41,"gold_loss":0,"cards_obtained":[]}],"is_beta":false,"boss_relics":[{"not_picked":["Tiny House","Velvet Choker"],"picked":"Busted Crown"},{"not_picked":["Runic Dome","Coffee Dripper"],"picked":"Astrolabe"}],"items_purged_floors":[3,25,29,37],"is_endless":false,"potions_floor_spawned":[1,11,14,23,28,30,39,40,42],"killed_by":"Nemesis","ascension_level":20}}