{"host":"qzpuxnheibnu7155","time":1609480324,"event":{"mods":["Act Like it!","BaseMod","Displayed Cursed Tome","Minty Spire (QoL Compilation)","MostiFishMod","Pale of the Ancients","Remilia（蕾米莉亚）","RumiaBox-露米娅的神秘盒子","StSLib","TestMod","Waifu the Spire","【功能Mod】Neow奖励","【遗物卡牌】REMEMod","没有小屋子和绿帽子啦"],"gold_per_floor":[218,231,113,132,532,557,568,590,590,590,635,635,560,560,560,653,653,672,450,473,473,473,517,517,349,349,413,413,328,218,258,258,374,374,395,415,438,180,180,211,211,242,290,325,325,289,289,325,325,325,325,348,367,367,139,139,160,160,26,26,26],"floor_reached":62,"playtime":3338,"items_purged":["Defend_RM","Strike_RM","Strike_RM","Pain"],"score":3698,"play_id":"088b15ed-de8e-431b-b35b-dce742762b7f","local_time":"20210101135204","is_ascension_mode":true,"campfire_choices":[{"data":"MastersStateliness","floor":10.0,"key":"SMITH"},{"data":"BloodySeventeenLaser","floor":12.0,"key":"SMITH"},{"data":"Mayhem","floor":15.0,"key":"SMITH"},{"floor":24.0,"key":"RECALL"},{"data":"MastersStateliness","floor":32.0,"key":"SMITH"},{"data":"Apotheosis","floor":41.0,"key":"SMITH"},{"data":"ScarletMeister","floor":49.0,"key":"SMITH"},{"data":"MastersStateliness","floor":56,"key":"SMITH"},{"data":"MastersStateliness","floor":58,"key":"SMITH"}],"circlet_count":0,"master_deck":["AscendersBane","ScarletShoot","Mayhem+1","MastersStateliness+1","ForecastOfChange","BloodySeventeenLaser+1","EternalNight","DiffusionOfMisfortune","ReincarnationDial+1","ScarletMeister+1","MastersStateliness+1","NightDance","BombardNight+1","MastersStateliness","MastersStateliness+1","EquivalentExchange","MastersStateliness+1","MastersStateliness+1","Apotheosis+1","NightLord","GlobalNightmare","BombardNight","HunterOfTheNight+1","MastersStateliness","Violence"],"relics":["ScarletHat","DaveBox","REME_ComplimentaryCards","Membership Card","testmod-ThousandKnives","SynthV:TestCard","Ancient Tea Set","Odd Mushroom","GodSword6","WingedGreaves","Golden Idol","testmod-Temperance","testmod-Alchemist","Baka2","Art of War","Juzu Bracelet","Tiny Chest","Pear","GodSword3","CaptainsWheel","Oddly Smooth Stone","ScarletEmblem","Mummified Hand","GodSword5","testmod-InjuryResistance","testmod-Antiphasic","Pen Nib","Omamori","Smiling Mask","Bronze Scales","paleoftheancients:Timepiece","paleoftheancients:KeyRelic","Anchor","Coffee Dripper","InkBottle","paleoftheancients:SoulOfTheIroncluck","Kunai","REME_CardOfGreed","ImprovedEquipment","testmod-ArcanaOfDestiny"],"acts_visited":["Exordium","TheCity","TheBeyond","paleoftheancients:PaleOfTheAncients"],"potions_floor_usage":[53,61,61],"damage_taken":[{"damage":7.0,"enemies":"Small Slimes","floor":1.0,"turns":9.0},{"damage":5.0,"enemies":"Jaw Worm","floor":2.0,"turns":2.0},{"damage":0.0,"enemies":"2 Louse","floor":4.0,"turns":1.0},{"damage":0.0,"enemies":"Lagavulin","floor":6.0,"turns":7.0},{"damage":1.0,"enemies":"Blue Slaver","floor":7.0,"turns":4.0},{"damage":2.0,"enemies":"The Mushroom Lair","floor":8.0,"turns":3.0},{"damage":3.0,"enemies":"3 Sentries","floor":11.0,"turns":5.0},{"damage":20.0,"enemies":"The Guardian","floor":16.0,"turns":12.0},{"damage":0.0,"enemies":"Shell Parasite","floor":18.0,"turns":3.0},{"damage":0.0,"enemies":"Chosen","floor":20.0,"turns":2.0},{"damage":0.0,"enemies":"REME_1_Revenger","floor":23.0,"turns":3.0},{"damage":35.0,"enemies":"Gremlin Leader","floor":27.0,"turns":4.0},{"damage":4.0,"enemies":"Book of Stabbing","floor":31.0,"turns":2.0},{"damage":24.0,"enemies":"Collector","floor":33.0,"turns":3.0},{"damage":0.0,"enemies":"Orb Walker","floor":35.0,"turns":2.0},{"damage":16.0,"enemies":"3 Darklings","floor":36.0,"turns":2.0},{"damage":14.0,"enemies":"Sphere and 2 Shapes","floor":37.0,"turns":3.0},{"damage":0.0,"enemies":"Reptomancer","floor":40.0,"turns":1.0},{"damage":0.0,"enemies":"Giant Head","floor":42.0,"turns":3.0},{"damage":47.0,"enemies":"Nemesis","floor":44.0,"turns":5.0},{"damage":0.0,"enemies":"Reptomancer","floor":46.0,"turns":3.0},{"damage":0.0,"enemies":"Giant Head","floor":48.0,"turns":2.0},{"damage":0.0,"enemies":"Time Eater","floor":50.0,"turns":4.0},{"damage":1.0,"enemies":"Awakened One","floor":51.0,"turns":4.0},{"damage":2.0,"enemies":"Awakened One","floor":52.0,"turns":1.0},{"damage":0,"enemies":"Awakened One","floor":53,"turns":2},{"damage":0,"enemies":"Awakened One","floor":57,"turns":2},{"damage":0,"enemies":"paleoftheancients:N","floor":61,"turns":3}],"seed_played":"-7512628264393914594","potions_obtained":[{"floor":2.0,"key":"ColorlessPotion"},{"floor":4.0,"key":"FearPotion"},{"floor":8.0,"key":"Fire Potion"},{"floor":11.0,"key":"Regen Potion"},{"floor":16.0,"key":"DuplicationPotion"},{"floor":23.0,"key":"Strength Potion"},{"floor":31.0,"key":"PowerPotion"},{"floor":33.0,"key":"DistilledChaos"},{"floor":42.0,"key":"Fruit Juice"},{"floor":45.0,"key":"ColorlessPotion"},{"floor":48.0,"key":"DuplicationPotion"},{"floor":57,"key":"EntropicBrew"}],"is_trial":false,"path_per_floor":["M","M","$","M","?","E","M","?","T","R","E","R","?","?","R","B",null,"M","$","M","?","?","E","R","$","T","E","?","?","?","E","R","B",null,"M","M","M","$","T","E","R","E","T","E","?","E","?","E","R","B","B","M","M","T","$","R","M","R","$","?","B",null],"character_chosen":"REMILIA","items_purchased":["ForecastOfChange","testmod-Alchemist","MastersStateliness","Tiny Chest","Mummified Hand","Apotheosis","NightLord","REME_CardOfGreed","Violence","testmod-ArcanaOfDestiny"],"campfire_rested":0,"item_purchase_floors":[3,19,25,25,38,38,38,55,55,59],"current_hp_per_floor":[58,55,55,55,55,62,63,70,70,70,74,74,74,36,36,66,95,97,97,97,97,66,69,69,69,69,77,77,77,77,75,75,54,103,107,92,84,84,84,84,84,115,115,98,98,112,124,129,129,134,134,134,139,139,139,139,139,139,139,139,139],"gold":26,"neow_bonus":"HUNDRED_GOLD","is_daily":false,"chose_seed":false,"campfire_upgraded":8,"win_rate":0.0,"timestamp":1609480324,"path_taken":["M","M","$","M","?","E","M","?","T","R","E","R","?","?","R","BOSS","M","$","M","?","?","E","R","$","T","E","?","?","?","E","R","BOSS","M","M","M","$","?","E","R","E","T","E","?","E","?","E","R","BOSS","BOSS","M","M","?","$","R","M","R","$","?","BOSS"],"items_purchased_type":["Card","Relic","Card","Relic","Relic","Card","Card","Relic","Card","Relic"],"build_version":"2020-12-22","purchased_purges":4,"victory":true,"max_hp_per_floor":[70,100,100,100,100,100,100,109,109,109,109,109,109,109,109,104,104,104,104,104,104,109,109,109,109,109,119,119,119,119,119,119,119,119,119,119,119,119,119,119,119,119,119,124,124,124,124,129,129,134,134,134,139,139,139,139,139,139,139,139,139],"card_choices":[{"not_picked":["StarOfDavid","LeisurelyOfLord"],"picked":"MastersStateliness","floor":1.0},{"not_picked":["EndlessAdversity","Stigmanizer","ScarletDevilSign","NightDance"],"picked":"ScarletDevil","floor":2.0},{"not_picked":["DevilSight","ScarletImprint","VampireKiss","ScarletDevil"],"picked":"FavorOfDestiny","floor":4.0},{"not_picked":["GlobalNightmare","VampirishNight","BlasphemousPunishment","UnderTheZenith"],"picked":"BloodySeventeenLaser","floor":6.0},{"not_picked":["ScarletDevilSign","BombardNight","BadLadyScramble","UnstableMagic"],"picked":"EternalNight","floor":7.0},{"not_picked":["GlobalNightmare","ScarletImprint","CharismaGuard","BlasphemousPunishment"],"picked":"DiffusionOfMisfortune","floor":8.0},{"not_picked":["UltimateOffering","ScarletGensokyo","VampireClaw","FavorOfDestiny"],"picked":"ReincarnationDial","floor":11.0},{"not_picked":["EquivalentExchange","BloodySeventeenLaser","KillingBlow","TricksterDevil"],"picked":"ScarletMeister","floor":16.0},{"not_picked":["ScarletImprint","ScarletDevil","BloodHunter","SuperhumanBloodyKnife"],"picked":"MastersStateliness","floor":18.0},{"not_picked":["BlasphemousPunishment","BloodAndWine","ScarletImprint","VampireKiss+1"],"picked":"NightDance","floor":20.0},{"not_picked":["Maim","Stigmanizer","VampireKiss","Ultimatum+1"],"picked":"BombardNight+1","floor":23.0},{"not_picked":["Septette","Stigmanizer","BlasphemousPunishment","VampireKiss"],"picked":"MastersStateliness","floor":27.0},{"not_picked":["CurseOfVladTepes","ScarletGensokyo","StarOfDavid","MiserableFate+1","VampireKiss"],"picked":"SKIP","floor":31.0},{"not_picked":["BloodRain","ScarletMeister","DemonKingCradle","CeilingFear"],"picked":"EquivalentExchange","floor":33.0},{"not_picked":["BloodHunter+1","UnderTheZenith","UltimateOffering","Septette"],"picked":"MastersStateliness+1","floor":35.0},{"not_picked":["StarOfDavid+1","UnstableMagic","BlasphemousPunishment","FitfulNightmare"],"picked":"MastersStateliness","floor":36.0},{"not_picked":["MiserableFate","Stigmanizer+1","BloodHunter+1","AfternoonTea"],"picked":"MillenniumVampire+1","floor":37.0},{"not_picked":["ScarletDevil","UnstableMagic","RedRainbow","StarOfDavid","RedNightlessCastle"],"picked":"SKIP","floor":40.0},{"not_picked":["CurseOfVladTepes","ScarletDevil","VampireClaw","StarOfDavid","BloodAndWine"],"picked":"SKIP","floor":42.0},{"not_picked":["StarOfDavid","CharismaGuard","FavorOfDestiny","TricksterDevil"],"picked":"BombardNight","floor":44.0},{"not_picked":["NightDance","FavorOfDestiny","VampireSweep","SuperhumanBloodyKnife","Stigmanizer"],"picked":"SKIP","floor":46.0},{"not_picked":["Stigmanizer","ReincarnationDial","BloodHunter+1","LeisurelyOfLord"],"picked":"HunterOfTheNight+1","floor":48.0},{"not_picked":["BloodHunter","FitfulNightmare+1","RedNightlessCastle","TwelveNightmare+1","VampirishNight"],"picked":"SKIP","floor":52.0},{"not_picked":["BloodHunter","EternalNight+1","FitfulNightmare","ScarletDevil"],"picked":"MastersStateliness","floor":53},{"not_picked":["ScarletImprint","UnderTheZenith","ScarletDevilSign+1","MillenniumVampire+1","Septette"],"picked":"SKIP","floor":57}],"player_experience":563226,"relics_obtained":[{"floor":1.0,"key":"SynthV:TestCard"},{"floor":1.0,"key":"Baka"},{"floor":6.0,"key":"Ancient Tea Set"},{"floor":8.0,"key":"Odd Mushroom"},{"floor":9.0,"key":"GodSword6"},{"floor":11.0,"key":"WingedGreaves"},{"floor":20.0,"key":"Baka2"},{"floor":23.0,"key":"Juzu Bracelet"},{"floor":27.0,"key":"Pear"},{"floor":27.0,"key":"GodSword3"},{"floor":31.0,"key":"Oddly Smooth Stone"},{"floor":39.0,"key":"GodSword5"},{"floor":40.0,"key":"testmod-InjuryResistance"},{"floor":42.0,"key":"testmod-Antiphasic"},{"floor":43.0,"key":"Pen Nib"},{"floor":44.0,"key":"Omamori"},{"floor":46.0,"key":"Smiling Mask"},{"floor":48.0,"key":"Bronze Scales"},{"floor":52.0,"key":"InkBottle"},{"floor":53,"key":"paleoftheancients:SoulOfTheIroncluck"},{"floor":54,"key":"Kunai"},{"floor":57,"key":"ImprovedEquipment"}],"event_choices":[{"damage_healed":0.0,"max_hp_gain":0.0,"max_hp_loss":0.0,"gold_gain":400.0,"event_name":"恩洛斯的盘子","player_choice":"Sell","floor":5.0,"relics_lost":["testmod-TestBox"],"gold_loss":0.0,"damage_taken":0.0},{"damage_healed":0.0,"max_hp_gain":0.0,"max_hp_loss":0.0,"gold_gain":0.0,"event_name":"Mushrooms","player_choice":"Fought Mushrooms","floor":8.0,"gold_loss":0.0,"damage_taken":0.0},{"cards_removed":["Defend_RM"],"damage_healed":0.0,"max_hp_gain":0.0,"max_hp_loss":0.0,"gold_gain":0.0,"event_name":"The Cleric","player_choice":"Card Removal","floor":13.0,"gold_loss":75.0,"damage_taken":0.0},{"damage_healed":0.0,"max_hp_gain":0.0,"max_hp_loss":0.0,"gold_gain":0.0,"event_name":"Golden Idol","player_choice":"Take Damage","floor":14.0,"gold_loss":0.0,"damage_taken":38.0,"relics_obtained":["Golden Idol"]},{"damage_healed":0.0,"max_hp_gain":0.0,"max_hp_loss":0.0,"gold_gain":0.0,"event_name":"The Mausoleum","player_choice":"Opened","floor":21.0,"gold_loss":0.0,"damage_taken":0.0,"relics_obtained":["Art of War"],"cards_obtained":["Writhe"]},{"damage_healed":0.0,"max_hp_gain":5.0,"max_hp_loss":0.0,"gold_gain":0.0,"event_name":"Forgotten Altar","player_choice":"Shed Blood","floor":22.0,"gold_loss":0.0,"damage_taken":36.0},{"damage_healed":0.0,"max_hp_gain":0.0,"max_hp_loss":0.0,"gold_gain":0.0,"event_name":"给自己的盒子","player_choice":"Swap Relic","floor":28.0,"relics_lost":["Empty Cage"],"gold_loss":0.0,"damage_taken":0.0,"relics_obtained":["Empty Cage"]},{"damage_healed":0.0,"max_hp_gain":0.0,"max_hp_loss":0.0,"gold_gain":0.0,"event_name":"Addict","player_choice":"Obtained Relic","floor":29.0,"gold_loss":85.0,"damage_taken":0.0,"relics_obtained":["CaptainsWheel"]},{"cards_removed":["Strike_RM"],"damage_healed":0.0,"max_hp_gain":0.0,"max_hp_loss":0.0,"gold_gain":0.0,"event_name":"Designer","player_choice":"Upgrade and Remove","floor":30.0,"gold_loss":110.0,"damage_taken":0.0,"cards_upgraded":["ReincarnationDial"]},{"damage_healed":0.0,"max_hp_gain":0.0,"max_hp_loss":0.0,"gold_gain":0.0,"event_name":"Lab","player_choice":"Got Potions","floor":45.0,"gold_loss":0.0,"damage_taken":0.0},{"damage_healed":12.0,"max_hp_gain":0.0,"max_hp_loss":0.0,"gold_gain":0.0,"event_name":"Wheel of Change","player_choice":"Full Heal","floor":47.0,"gold_loss":0.0,"damage_taken":0.0}],"is_beta":false,"boss_relics":[{"not_picked":["Cursed Key","testmod-SaigiyounoYou"],"picked":"testmod-Temperance"},{"not_picked":["xbg","Runic Pyramid"],"picked":"ScarletEmblem"}],"items_purged_floors":[3,19,25,55],"is_endless":false,"potions_floor_spawned":[2,4,8,11,18,31,33,35,40,42,48,52,57],"ascension_level":20}}