{"host":"djfsqftupta9xgss","time":1609497768,"event":{"mods":["ATMod(阿瑾Mod)","Act Like it!","BaseMod","Gensokyo","Minty Spire (QoL Compilation)","MostiFishMod","Pale of the Ancients","Replay The Spire","Spicy Shops","StSLib","TestMod"],"gold_per_floor":[114,126,126,143,32,65,65,65,88,118,118,118,287,313,313,392,392,409,409,134,134,144,169,169,194,273,283,301,315,129,147,147,471,471,486,496,496,271,325,350,365,380,403,403,428,446,328,328,328,328,328,328,328,18,196,196],"floor_reached":57,"playtime":3259,"items_purged":["Defend_G","Strike_G","Strike_G","Defend_G"],"score":3510,"play_id":"3b4cc048-3a61-4470-89e5-81adcb5e5bb6","local_time":"20210101184248","is_ascension_mode":true,"campfire_choices":[{"data":"AT_ShadowStep","floor":7.0,"key":"SMITH"},{"data":"AT_WarpDrive","floor":11.0,"key":"SMITH"},{"data":"Gensokyo:CrescentMoonSlash","floor":15.0,"key":"SMITH"},{"floor":32.0,"key":"RECALL"},{"data":"Defend_G","floor":49,"key":"PURGE"},{"data":"Reflex","floor":53,"key":"SMITH"}],"circlet_count":0,"master_deck":["AscendersBane","Strike_G+1","Strike_G+1","Strike_G+1","Defend_G+1","Survivor+1","AT_WarpDrive+1","Terror","AT_ShadowStep+1","Gensokyo:CrescentMoonSlash+1","Adrenaline","Backflip+1","MostiFishMod:StoryBook","MostiFishMod:PerfectParry","Eviscerate+1","Deflect","Acrobatics","Backflip","Reflex+1","After Image","AT_KingSlayer","Blade Dance+1","Concentrate","Grand Finale+1","Finisher","Acrobatics"],"relics":["Ring of the Snake","AT_ATBox","testmod-TestBox","OneHitWonderSystem","testmod-Prudence","SynthV:TestCard","Happy Flower","War Paint","Replay:Mystery Machine","Ancient Tea Set","AT_ForceNature","ReplayTheSpireMod:Ninjato","Torii","Honey Jar","DaveBox","DianPoetry","AT_RedTearstoneRing","Tiny Chest","ImprovedEquipment","PreservedInsect","BloodWine","testmod-Nyarlathotep","Ice Cream","Gremlin Horn","AT_ChloranthyRing","Replay:Bottled Eggs","Whetstone","CombinedTypeHook","Chameleon Ring","Bag of Marbles","testmod-OneHitWonder","AT_SilverBalance","AT_PhaseBoots"],"acts_visited":["Exordium","Gensokyo:Gensokyo","Gensokyo:Gensokyoer","TheEnding"],"potions_floor_usage":[56,56,56,56,56,56,56],"damage_taken":[{"damage":0.0,"enemies":"Gensokyo:3_Fairies","floor":1.0,"turns":5.0},{"damage":0.0,"enemies":"Gensokyo:Gryphon","floor":2.0,"turns":4.0},{"damage":0.0,"enemies":"Gensokyo:2_Kodama","floor":4.0,"turns":4.0},{"damage":0.0,"enemies":"Gensokyo:Aya","floor":6.0,"turns":8.0},{"damage":0.0,"enemies":"Gensokyo:Cirno","floor":10.0,"turns":8.0},{"damage":0.0,"enemies":"Gensokyo:5_Fairies","floor":13.0,"turns":4.0},{"damage":0.0,"enemies":"Gensokyo:Aya","floor":14.0,"turns":6.0},{"damage":0.0,"enemies":"Gensokyo:Reimu","floor":16.0,"turns":5.0},{"damage":0.0,"enemies":"Gensokyo:Chomper","floor":18.0,"turns":3.0},{"damage":0.0,"enemies":"Gensokyo:AngelMirror","floor":22.0,"turns":1.0},{"damage":0.0,"enemies":"Gensokyo:Tenshi","floor":23.0,"turns":1.0},{"damage":0.0,"enemies":"Gensokyo:Reisen","floor":25.0,"turns":2.0},{"damage":0.0,"enemies":"Gensokyo:Wraith","floor":27.0,"turns":5.0},{"damage":0.0,"enemies":"Gensokyo:Mirror_and_Dog","floor":28.0,"turns":2.0},{"damage":0.0,"enemies":"Gensokyo:3_Gloops","floor":29.0,"turns":2.0},{"damage":0.0,"enemies":"Gensokyo:Slime_Group","floor":31.0,"turns":2.0},{"damage":0.0,"enemies":"Gensokyo:Kaguya","floor":33.0,"turns":3.0},{"damage":0.0,"enemies":"Gensokyo:3_Boulders","floor":35.0,"turns":3.0},{"damage":0.0,"enemies":"Gensokyo:AncientGuardian","floor":36.0,"turns":2.0},{"damage":0.0,"enemies":"Gensokyo:Doremy","floor":40.0,"turns":1.0},{"damage":0.0,"enemies":"Gensokyo:Dusk_and_Dawn","floor":41.0,"turns":2.0},{"damage":0.0,"enemies":"Gensokyo:Rafflesia","floor":42.0,"turns":2.0},{"damage":0,"enemies":"Gensokyo:Marisa","floor":45,"turns":2},{"damage":0,"enemies":"Gensokyo:3_Boulders","floor":46,"turns":1},{"damage":0,"enemies":"Gensokyo:Yuyuko","floor":50,"turns":1},{"damage":0,"enemies":"Gensokyo:Scarlet_Devils","floor":51,"turns":1},{"damage":0,"enemies":"Shield and Spear","floor":55,"turns":1},{"damage":0,"enemies":"The Heart","floor":56,"turns":4}],"seed_played":"-2935526825769012672","potions_obtained":[{"floor":0.0,"key":"Energy Potion"},{"floor":0.0,"key":"EntropicBrew"},{"floor":22.0,"key":"PowerPotion"},{"floor":23.0,"key":"Swift Potion"},{"floor":28.0,"key":"AttackPotion"},{"floor":35.0,"key":"Explosive Potion"},{"floor":36.0,"key":"AttackPotion"}],"is_trial":false,"path_per_floor":["M","M","?","M","COS","E","R","?","T","E","R","?","M","E","R","B",null,"M","?","$","?","M","E","?","E","T","M","M","M","COS","M","R","B",null,"M","M","T","$","T","E","M","M","T","?","E","M","COS","T","R","B","B",null,"R","$","E","B",null],"character_chosen":"THE_SILENT","items_purchased":["MostiFishMod:StoryBook","testmod-OneHitWonder"],"campfire_rested":0,"item_purchase_floors":[20,54],"current_hp_per_floor":[1,1,1,1,1,1,1,1,1,1,1,1,1,1,1,1,1,1,1,1,1,1,1,1,1,1,1,1,1,1,1,1,1,1,1,1,1,1,1,1,1,1,1,1,1,1,1,1,1,1,1,1,1,1,1,1],"gold":196,"neow_bonus":"THREE_SMALL_POTIONS","is_daily":false,"chose_seed":false,"campfire_upgraded":4,"win_rate":0.0,"timestamp":1609497768,"path_taken":["M","M","?","M","COS","E","R","?","T","E","R","?","M","E","R","BOSS","M","?","$","?","M","E","?","E","T","M","M","?","COS","M","R","BOSS","M","?","?","$","?","E","M","M","T","?","E","?","COS","?","R","BOSS","BOSS","R","$","E","BOSS"],"items_purchased_type":["Card","Relic"],"build_version":"2020-12-22","purchased_purges":4,"victory":true,"max_hp_per_floor":[1,1,1,1,1,1,1,1,1,1,1,1,1,1,1,1,1,1,1,1,1,1,1,1,1,1,1,1,1,1,1,1,1,1,1,1,1,1,1,1,1,1,1,1,1,1,1,1,1,1,1,1,1,1,1,1],"card_choices":[{"not_picked":["Flying Knee","Catalyst","Bane"],"picked":"SKIP","floor":1.0},{"not_picked":["Dagger Throw","Quick Slash","Catalyst","Dagger Spray","Finisher"],"picked":"SKIP","floor":2.0},{"not_picked":["Catalyst","Dagger Throw","Finisher","Storm of Steel"],"picked":"Terror","floor":4.0},{"not_picked":["Deflect","Choke","Catalyst","Cloak And Dagger"],"picked":"AT_ShadowStep","floor":6.0},{"not_picked":["AT_Desolate","MostiFishMod:GrandStart","Escape Plan","Catalyst","PiercingWail"],"picked":"SKIP","floor":10.0},{"not_picked":["Infinite Blades","Quick Slash","Cloak And Dagger","PiercingWail","Escape Plan"],"picked":"SKIP","floor":13.0},{"not_picked":["Deadly Poison","Unload","Slice","Outmaneuver","Caltrops"],"picked":"SKIP","floor":14.0},{"not_picked":["Malaise","Burst","MostiFishMod:GrandStart","Die Die Die"],"picked":"Adrenaline","floor":16.0},{"not_picked":["AT_WindFlip","Dagger Spray","Dodge and Roll","Blur","Noxious Fumes"],"picked":"Backflip+1","floor":18.0},{"not_picked":["Sucker Punch","Slice","Quick Slash","Bouncing Flask","Deadly Poison+1"],"picked":"MostiFishMod:PerfectParry","floor":22.0},{"not_picked":["Blade Dance","Heel Hook","PiercingWail","MostiFishMod:PerfectParry","Deflect"],"picked":"Eviscerate","floor":23.0},{"not_picked":["Infinite Blades","Dash","A Thousand Cuts","Blade Dance","AT_WindFlip"],"picked":"Deflect","floor":25.0},{"not_picked":["AT_WindFlip","Slice","Quick Slash","Dodge and Roll+1","Blade Dance"],"picked":"Acrobatics","floor":27.0},{"not_picked":["Bane","Flying Knee+1","Dagger Throw","Outmaneuver","Heel Hook"],"picked":"Backflip","floor":28.0},{"not_picked":["Quick Slash+1","Deadly Poison","Distraction+1","Catalyst+1","Outmaneuver"],"picked":"Reflex","floor":29.0},{"not_picked":["AT_ThistleTea","AT_ShadowStep","Acrobatics","Slice","Flying Knee"],"picked":"After Image","floor":31.0},{"not_picked":["Doppelganger","Well Laid Plans","Envenom","Burst","Tools of the Trade"],"picked":"AT_KingSlayer","floor":33.0},{"not_picked":["Outmaneuver","Dodge and Roll+1","Cloak And Dagger","Slice","MostiFishMod:PreservedThorns"],"picked":"Blade Dance+1","floor":35.0},{"not_picked":["Dodge and Roll+1","Underhanded Strike+1","Footwork","Reflex","Cloak And Dagger+1"],"picked":"Concentrate","floor":36.0},{"not_picked":["Heel Hook","Deflect","MostiFishMod:ThornCasing","Blur","Backstab+1"],"picked":"Grand Finale","floor":40.0},{"not_picked":["Blade Dance+1","Dagger Throw","MostiFishMod:ThornCasing","Predator","AT_WindRun"],"picked":"Finisher","floor":41.0},{"not_picked":["Underhanded Strike","Poisoned Stab+1","Tools of the Trade","MostiFishMod:PerfectParry","Blade Dance"],"picked":"Acrobatics","floor":42.0},{"not_picked":["Outmaneuver","Deadly Poison","Reflex","Dagger Throw","AT_WindRun+1","Masterful Stab"],"picked":"SKIP","floor":45},{"not_picked":["Bane","Dash+1","Concentrate","Poisoned Stab","Backflip","PiercingWail+1"],"picked":"SKIP","floor":46},{"not_picked":["PiercingWail+1","AT_FocusSwordFire","AT_WindFlip","Endless Agony","MostiFishMod:ThornCasing+1","Prepared+1"],"picked":"SKIP","floor":55}],"player_experience":353299,"relics_obtained":[{"floor":1.0,"key":"SynthV:TestCard"},{"floor":6.0,"key":"War Paint"},{"floor":9.0,"key":"Replay:Mystery Machine"},{"floor":10.0,"key":"AT_ForceNature"},{"floor":14.0,"key":"Torii"},{"floor":23.0,"key":"Tiny Chest"},{"floor":25.0,"key":"ImprovedEquipment"},{"floor":37.0,"key":"Gremlin Horn"},{"floor":39.0,"key":"AT_ChloranthyRing"},{"floor":40.0,"key":"Replay:Bottled Eggs"},{"floor":43.0,"key":"Whetstone"},{"floor":45,"key":"CombinedTypeHook"},{"floor":48,"key":"Chameleon Ring"},{"floor":55,"key":"AT_SpeedBoots"}],"event_choices":[{"damage_healed":0.0,"max_hp_gain":0.0,"max_hp_loss":0.0,"gold_gain":0.0,"event_name":"给自己的盒子","player_choice":"Swap Relic","floor":19.0,"relics_lost":["DaveBox"],"gold_loss":0.0,"damage_taken":0.0,"relics_obtained":["DaveBox"]}],"is_beta":false,"boss_relics":[{"not_picked":["RhineSuit","Replay:Drink Me"],"picked":"Honey Jar"},{"not_picked":["Replay:Wanted Poster","WristBlade"],"picked":"BloodWine"}],"items_purged_floors":[20,38,38,54],"is_endless":false,"potions_floor_spawned":[2,10,14,22,23,28,35,36,42],"ascension_level":20}}