{"host":"337p6miwxbqfki03","time":1609479136,"event":{"mods":["BaseMod","Better Third Choice","Colored Map","Conspire","Downfall","Hubris","Minty Spire (QoL Compilation)","Replay The Spire","Somnambulant","StSLib","The Cursed","The Hierophant","Unceasing Turn Reminder"],"gold_per_floor":[113,133,153,165,130,160,160,362,411,411,444,444,458,477,477,576,676,693,709,709,709,723,734,582,602,628,374,374,392,410,410,410,512,512,530,530,549,549,569,569,600,600,600,611,623,623,623,638,638,638,638],"floor_reached":50,"playtime":4421,"items_purged":[],"score":538,"play_id":"e87b995a-d4c1-44d1-aa84-42f65894da99","local_time":"20201231233216","is_ascension_mode":false,"campfire_choices":[{"floor":7,"key":"REST"},{"floor":10,"key":"REST"},{"floor":15,"key":"REST"},{"floor":28,"key":"REST"},{"floor":32,"key":"REST"},{"floor":40,"key":"REST"},{"floor":46,"key":"REST"},{"floor":49,"key":"RECALL"}],"circlet_count":0,"master_deck":["Strike_R","Strike_R","Strike_R","Strike_R","Strike_R","Defend_R","Defend_R","Defend_R","Defend_R","Bash","Twin Strike","Pommel Strike","Evolve","Whirlwind","Rampage","Dark Embrace","Limit Break","True Grit","Heavy Blade","Immolate","Clothesline","Infernal Blade+1","Fire Breathing","Armaments+1","Sever Soul","Flex","Replay:Undeath\u0027s Touch+1","Replay:Many Hands","Flex+1","ReplayUltimateDefense","Midas Touch","Madness","Flex","Madness","Madness","ReplayTheSpireMod:Stacked+1","Reaper","Fire Breathing","Anger+1","Havoc"],"relics":["Burning Blood","Replay:Bottled Snecko","ReplayTheSpireMod:TigerMarble","Replay:Rubber Ducky","Pear","Replay:Wanted Poster","Red Skull","hubris:ChampionShield","hubris:EmptyBottle","hubris:Backtick","hubris:FunFungus","Centennial Puzzle","ReplayTheSpireMod:Lightbulb"],"acts_visited":["Exordium","TheCity","TheBeyond"],"potions_floor_usage":[39,39,50,50,50,50],"damage_taken":[{"damage":1,"enemies":"2 Louse","floor":1,"turns":3},{"damage":5,"enemies":"Small Slimes","floor":2,"turns":3},{"damage":5,"enemies":"Jaw Worm","floor":3,"turns":4},{"damage":28,"enemies":"Exordium Thugs","floor":4,"turns":8},{"damage":69,"enemies":"Lagavulin","floor":6,"turns":9},{"damage":20,"enemies":"Gremlin Nob","floor":11,"turns":4},{"damage":2,"enemies":"Looter","floor":13,"turns":3},{"damage":5,"enemies":"Large Slime","floor":14,"turns":7},{"damage":41,"enemies":"Fading Forest","floor":16,"turns":11},{"damage":5,"enemies":"Chosen","floor":18,"turns":4},{"damage":5,"enemies":"3 Byrds","floor":19,"turns":4},{"damage":27,"enemies":"Snake Plant","floor":22,"turns":4},{"damage":16,"enemies":"Centurion and Healer","floor":23,"turns":4},{"damage":11,"enemies":"Snecko","floor":25,"turns":4},{"damage":33,"enemies":"Shelled Parasite and Fungi","floor":29,"turns":6},{"damage":1,"enemies":"Cultist and Chosen","floor":30,"turns":5},{"damage":56,"enemies":"conspire:MysteriousRune","floor":33,"turns":9},{"damage":15,"enemies":"3 Shapes","floor":35,"turns":4},{"damage":36,"enemies":"3 Darklings","floor":37,"turns":3},{"damage":4,"enemies":"Transient","floor":39,"turns":5},{"damage":33,"enemies":"Nemesis","floor":41,"turns":3},{"damage":0,"enemies":"Sphere and 2 Shapes","floor":44,"turns":4},{"damage":53,"enemies":"Spire Growth","floor":45,"turns":6},{"damage":1,"enemies":"Maw","floor":48,"turns":7},{"damage":180,"enemies":"Awakened One","floor":50,"turns":11}],"seed_played":"-3950380422391629195","potions_obtained":[{"floor":1,"key":"Energy Potion"},{"floor":6,"key":"Fire Potion"},{"floor":11,"key":"Death Potion"},{"floor":44,"key":"ElixirPotion"},{"floor":48,"key":"Flashbang"}],"is_trial":false,"path_per_floor":["M","M","M","M","?","E","R","?","T","R","E","T","M","M","R","B",null,"M","M","?","?","M","M","$","M","T","$","R","M","M","?","R","B",null,"M","?","M","?","M","R","E","?","T","M","M","R","?","M","R","B"],"character_chosen":"IRONCLAD","items_purchased":["Red Skull","hubris:EmptyBottle","FairyPotion"],"campfire_rested":7,"item_purchase_floors":[24,27,27],"current_hp_per_floor":[88,88,88,66,88,25,51,51,51,77,63,73,77,78,98,63,98,98,98,78,78,57,47,47,42,42,42,72,45,50,50,80,30,103,94,84,54,41,43,73,46,90,90,90,53,80,80,90,90,0,0],"gold":638,"neow_bonus":"TEN_PERCENT_HP_BONUS","is_daily":false,"chose_seed":false,"campfire_upgraded":0,"win_rate":0.0,"timestamp":1609479136,"path_taken":["M","M","M","M","?","E","R","?","T","R","E","?","M","?","R","BOSS","M","M","?","?","M","M","?","M","T","$","R","M","?","?","R","BOSS","M","?","M","?","M","R","E","?","T","M","?","R","?","M","R","BOSS"],"items_purchased_type":["Relic","Relic","Potion"],"build_version":"2020-12-22","purchased_purges":0,"victory":false,"max_hp_per_floor":[88,88,88,88,88,88,88,88,88,88,88,98,98,98,98,98,98,98,98,103,103,103,103,103,103,103,103,103,103,103,103,103,103,103,103,103,103,103,103,103,103,90,90,90,90,90,90,90,90,90,90],"card_choices":[{"not_picked":["Reckless Charge","hubris:ReadiedAction"],"picked":"Twin Strike","floor":1},{"not_picked":["Second Wind","Headbutt"],"picked":"Pommel Strike","floor":2},{"not_picked":["conspire:Charge","Sentinel"],"picked":"Evolve","floor":3},{"not_picked":["Warcry","Rage"],"picked":"Whirlwind","floor":4},{"not_picked":["Intimidate","conspire:Charge"],"picked":"Rampage","floor":6},{"not_picked":["hubris:CleavingFinish","ReplayTheSpireMod:Corrosion Curse"],"picked":"Dark Embrace","floor":8},{"not_picked":["Dual Wield","Heavy Blade"],"picked":"Limit Break","floor":11},{"not_picked":["Run Through","Warcry"],"picked":"True Grit","floor":13},{"not_picked":["Reckless Charge","hubris:ReadiedAction"],"picked":"Heavy Blade","floor":14},{"not_picked":["conspire:HitWhereItHurts","Double Tap"],"picked":"Immolate","floor":16},{"not_picked":["ReplayTheSpireMod:Stacked","Uppercut"],"picked":"Clothesline","floor":18},{"not_picked":["ReplayTheSpireMod:LeadingStrike","Clash"],"picked":"Infernal Blade","floor":19},{"not_picked":["Twin Strike+1","Wild Strike"],"picked":"Fire Breathing","floor":22},{"not_picked":["Run Through","Ghostly Armor+1"],"picked":"Armaments+1","floor":23},{"not_picked":["Ghostly Armor","Burning Pact"],"picked":"Sever Soul","floor":25},{"not_picked":["Cleave+1","Life Link"],"picked":"Flex","floor":29},{"not_picked":["Combust","Power Through"],"picked":"Replay:Undeath\u0027s Touch+1","floor":30},{"not_picked":["Limit Break","Bludgeon"],"picked":"Replay:Many Hands","floor":33},{"not_picked":["Perfected Strike","Wild Strike+1"],"picked":"Flex+1","floor":35},{"not_picked":["expansioncontent:DonusPower","expansioncontent:Corrupt"],"picked":"ReplayUltimateDefense","floor":36},{"not_picked":["Secret Technique","Replay:SS_fish_2"],"picked":"Midas Touch","floor":36},{"not_picked":["Jack Of All Trades","Replay:SS_forest_2"],"picked":"Madness","floor":36},{"not_picked":["ReplayTheSpireMod:Muscle Training","Thunderclap"],"picked":"Flex","floor":37},{"not_picked":["Seeing Red+1","Headbutt"],"picked":"ReplayTheSpireMod:Stacked+1","floor":39},{"not_picked":["Anger","Pommel Strike"],"picked":"Reaper","floor":41},{"not_picked":["Seeing Red+1","True Grit+1"],"picked":"Fire Breathing","floor":44},{"not_picked":["Replay:Undeath\u0027s Touch+1","Clothesline"],"picked":"Anger+1","floor":45},{"not_picked":["Second Wind","Pommel Strike"],"picked":"Havoc","floor":48}],"player_experience":229683,"relics_obtained":[{"floor":6,"key":"Replay:Bottled Snecko"},{"floor":9,"key":"ReplayTheSpireMod:TigerMarble"},{"floor":11,"key":"Replay:Rubber Ducky"},{"floor":12,"key":"Pear"},{"floor":26,"key":"hubris:ChampionShield"},{"floor":41,"key":"Centennial Puzzle"},{"floor":43,"key":"ReplayTheSpireMod:Lightbulb"}],"event_choices":[{"damage_healed":22,"gold_gain":0,"player_choice":"Healed","damage_taken":0,"max_hp_gain":0,"max_hp_loss":0,"event_name":"The Cleric","floor":5,"gold_loss":35},{"damage_healed":0,"gold_gain":0,"player_choice":"Shed Blood","damage_taken":25,"max_hp_gain":5,"max_hp_loss":0,"event_name":"Forgotten Altar","floor":20,"gold_loss":0},{"damage_healed":0,"gold_gain":0,"player_choice":"Memory 3","damage_taken":10,"max_hp_gain":0,"max_hp_loss":0,"event_name":"SensoryStone","floor":36,"gold_loss":0},{"damage_healed":0,"gold_gain":0,"player_choice":"Embrace Madness","damage_taken":13,"max_hp_gain":0,"max_hp_loss":0,"event_name":"Winding Halls","floor":38,"gold_loss":0,"cards_obtained":["Madness","Madness"]},{"damage_healed":90,"gold_gain":0,"player_choice":"Heal","damage_taken":0,"max_hp_gain":0,"max_hp_loss":13,"event_name":"The Moai Head","floor":42,"gold_loss":0},{"damage_healed":0,"gold_gain":0,"player_choice":"Leave","damage_taken":0,"max_hp_gain":0,"max_hp_loss":0,"event_name":"conspire:Investor","floor":47,"gold_loss":0}],"is_beta":false,"boss_relics":[{"not_picked":["hubris:RunicObelisk","Ectoplasm"],"picked":"Replay:Wanted Poster"},{"not_picked":["Snecko Eye","Tiny House"],"picked":"hubris:Backtick"}],"items_purged_floors":[],"is_endless":false,"potions_floor_spawned":[1,6,11,16,18,19,25,29,33,35,44,48],"killed_by":"Awakened One","ascension_level":0}}