{"host":"9tch52zpouts7b2p","time":1609470901,"event":{"mods":["BaseMod","Colored Map","Minty Spire (QoL Compilation)","StSLib","UnlockEverythingMod"],"gold_per_floor":[110,110,110,30,54,54,69,122,122,122,122,87,50,64,64,187,187,211,211,411,191,205,205,221,221,221,221,242,242,8,8,8,139,139,154,154,154,59,83,83,99,11,11,20,65,65,37,70,70,70],"floor_reached":51,"playtime":3185,"items_purged":[],"score":684,"play_id":"67bb4706-4fbf-49a3-93cb-5c92be0a33e5","local_time":"20210101111501","is_ascension_mode":false,"campfire_choices":[{"data":"Ball Lightning","floor":6.0,"key":"SMITH"},{"data":"Zap","floor":10.0,"key":"SMITH"},{"floor":15.0,"key":"REST"},{"data":"Turbo","floor":23.0,"key":"SMITH"},{"floor":25.0,"key":"REST"},{"floor":29.0,"key":"REST"},{"floor":32.0,"key":"REST"},{"floor":40.0,"key":"REST"},{"floor":46.0,"key":"REST"},{"data":"Double Energy","floor":49.0,"key":"SMITH"}],"circlet_count":0,"master_deck":["Defend_B","Defend_B","Defend_B+1","Defend_B","Zap+1","Dualcast","Auto Shields+1","Injury","Ball Lightning+1","Heatsinks","Rebound","Melter","Creative AI","Core Surge","Self Repair","Turbo+1","Hologram","Barrage+1","Force Field+1","Meteor Strike","Core Surge","Conserve Battery","Reprogram","All For One","Hologram+1","Self Repair","Conserve Battery","Capacitor+1","Double Energy+1","Defragment","Coolheaded","Doubt","Glacier+1","FTL","FTL"],"relics":["Cracked Core","Du-Vu Doll","Golden Idol","Boot","Kunai","Omamori","Bottled Lightning","Cursed Key","StrikeDummy","Pen Nib","War Paint","ClockworkSouvenir","Snecko Eye","CeramicFish","White Beast Statue"],"acts_visited":["Exordium","TheCity","TheBeyond"],"potions_floor_usage":[50,50],"damage_taken":[{"damage":0.0,"enemies":"2 Louse","floor":1.0,"turns":4.0},{"damage":1.0,"enemies":"Small Slimes","floor":5.0,"turns":4.0},{"damage":6.0,"enemies":"Cultist","floor":7.0,"turns":3.0},{"damage":27.0,"enemies":"Exordium Wildlife","floor":14.0,"turns":3.0},{"damage":50.0,"enemies":"Hexaghost","floor":16.0,"turns":10.0},{"damage":10.0,"enemies":"2 Thieves","floor":18.0,"turns":4.0},{"damage":0.0,"enemies":"Spheric Guardian","floor":22.0,"turns":2.0},{"damage":29.0,"enemies":"Snake Plant","floor":24.0,"turns":3.0},{"damage":37.0,"enemies":"Shelled Parasite and Fungi","floor":28.0,"turns":5.0},{"damage":51.0,"enemies":"Automaton","floor":33.0,"turns":9.0},{"damage":38.0,"enemies":"3 Shapes","floor":35.0,"turns":4.0},{"damage":1.0,"enemies":"Orb Walker","floor":39.0,"turns":4.0},{"damage":37.0,"enemies":"4 Shapes","floor":41.0,"turns":4.0},{"damage":27.0,"enemies":"Giant Head","floor":45.0,"turns":7.0},{"damage":0.0,"enemies":"3 Darklings","floor":48.0,"turns":4.0},{"damage":12,"enemies":"Awakened One","floor":50,"turns":16}],"seed_played":"456820968124857923","potions_obtained":[{"floor":1.0,"key":"SpeedPotion"},{"floor":16.0,"key":"Dexterity Potion"},{"floor":18.0,"key":"Dexterity Potion"},{"floor":24.0,"key":"Strength Potion"},{"floor":39.0,"key":"SpeedPotion"},{"floor":45.0,"key":"FocusPotion"},{"floor":48.0,"key":"Energy Potion"}],"is_trial":false,"path_per_floor":["M","?","?","?","M","R","M","T","T","R","?","?","$","M","R","B",null,"M","?","?","$","M","R","M","R","T","?","M","R","$","?","R","B",null,"M","?","?","$","M","R","M","$","T","?","E","R","$","M","R","B",null],"character_chosen":"DEFECT","items_purchased":["Melter","Turbo","Hologram","Pen Nib","Reprogram","ClockworkSouvenir","Self Repair","Conserve Battery","Defragment","Coolheaded","FTL"],"campfire_rested":6,"item_purchase_floors":[13,21,21,21,30,30,38,38,42,42,47],"current_hp_per_floor":[68,68,65,65,64,64,58,58,58,58,58,68,68,41,61,11,68,58,58,58,58,65,65,36,56,56,56,26,46,46,46,66,22,68,37,37,37,37,50,68,38,38,38,68,48,68,68,68,68,68],"gold":70,"neow_bonus":"ONE_RARE_RELIC","is_daily":false,"chose_seed":false,"campfire_upgraded":4,"win_rate":0.0,"timestamp":1609470901,"path_taken":["M","?","?","?","?","R","M","?","T","R","?","?","$","M","R","BOSS","M","?","?","$","?","R","M","R","T","?","M","R","$","?","R","BOSS","M","?","?","$","M","R","M","?","T","?","E","R","$","M","R","BOSS"],"items_purchased_type":["Card","Card","Card","Relic","Card","Relic","Card","Card","Card","Card","Card"],"build_version":"2020-12-22","purchased_purges":0,"victory":true,"max_hp_per_floor":[68,68,68,68,68,68,68,68,68,68,68,68,68,68,68,68,68,68,68,68,68,68,68,68,68,68,68,68,68,68,68,68,68,68,68,68,68,68,68,68,68,68,68,68,68,68,68,68,68,68],"card_choices":[{"not_picked":["Gash","Chill"],"picked":"Auto Shields","floor":1.0},{"not_picked":["Steam","Leap"],"picked":"Ball Lightning","floor":5.0},{"not_picked":["BootSequence","Steam"],"picked":"Heatsinks","floor":7.0},{"not_picked":["Darkness","Redo"],"picked":"Creative AI","floor":14.0},{"not_picked":["Hyperbeam","Amplify"],"picked":"Core Surge","floor":16.0},{"not_picked":["Go for the Eyes","Sweeping Beam"],"picked":"Self Repair","floor":18.0},{"not_picked":["Hologram","Coolheaded"],"picked":"Barrage+1","floor":22.0},{"not_picked":["Gash+1","Lockon"],"picked":"Force Field+1","floor":24.0},{"not_picked":["Go for the Eyes","Beam Cell"],"picked":"Conserve Battery","floor":28.0},{"not_picked":["Creative AI","Reboot"],"picked":"All For One","floor":33.0},{"not_picked":["Compile Driver+1","Ball Lightning+1"],"picked":"Hologram+1","floor":35.0},{"not_picked":["Beam Cell+1","Rebound"],"picked":"Capacitor+1","floor":39.0},{"not_picked":["Ball Lightning","Go for the Eyes"],"picked":"Double Energy","floor":41.0},{"not_picked":["Chaos+1","Doom and Gloom"],"picked":"Glacier+1","floor":45.0},{"not_picked":["BootSequence","Hello World+1"],"picked":"FTL","floor":48.0}],"player_experience":88981,"relics_obtained":[{"floor":8.0,"key":"Omamori"},{"floor":9.0,"key":"Bottled Lightning"},{"floor":26.0,"key":"War Paint"},{"floor":43.0,"key":"CeramicFish"},{"floor":45.0,"key":"White Beast Statue"}],"event_choices":[{"damage_healed":0.0,"max_hp_gain":0.0,"max_hp_loss":0.0,"gold_gain":0.0,"event_name":"Golden Idol","player_choice":"Take Wound","floor":2.0,"gold_loss":0.0,"damage_taken":0.0,"relics_obtained":["Golden Idol"],"cards_obtained":["Injury"]},{"damage_healed":0.0,"max_hp_gain":0.0,"max_hp_loss":0.0,"gold_gain":0.0,"event_name":"Scrap Ooze","player_choice":"Success","floor":3.0,"gold_loss":0.0,"damage_taken":3.0,"relics_obtained":["Boot"]},{"damage_healed":0.0,"max_hp_gain":0.0,"max_hp_loss":0.0,"gold_gain":0.0,"event_name":"WeMeetAgain","player_choice":"Paid Gold","floor":4.0,"gold_loss":80.0,"damage_taken":0.0,"relics_obtained":["Kunai"]},{"damage_healed":0.0,"max_hp_gain":0.0,"max_hp_loss":0.0,"gold_gain":0.0,"cards_transformed":["Strike_B"],"event_name":"Living Wall","player_choice":"Change","floor":11.0,"gold_loss":0.0,"damage_taken":0.0,"cards_obtained":["Rebound"]},{"damage_healed":17.0,"max_hp_gain":0.0,"max_hp_loss":0.0,"gold_gain":0.0,"event_name":"The Cleric","player_choice":"Healed","floor":12.0,"gold_loss":35.0,"damage_taken":0.0},{"damage_healed":0.0,"max_hp_gain":0.0,"max_hp_loss":0.0,"gold_gain":0.0,"event_name":"The Mausoleum","player_choice":"Opened","floor":19.0,"gold_loss":0.0,"damage_taken":0.0,"relics_obtained":["StrikeDummy"]},{"damage_healed":0.0,"max_hp_gain":0.0,"max_hp_loss":0.0,"gold_gain":200.0,"event_name":"Wheel of Change","player_choice":"Gold","floor":20.0,"gold_loss":0.0,"damage_taken":0.0},{"damage_healed":0.0,"max_hp_gain":0.0,"max_hp_loss":0.0,"gold_gain":0.0,"cards_transformed":["Strike_B","Strike_B"],"event_name":"Drug Dealer","player_choice":"Became Test Subject","floor":27.0,"gold_loss":0.0,"damage_taken":0.0,"cards_obtained":["Meteor Strike","Core Surge"]},{"cards_removed":["Strike_B"],"damage_healed":0.0,"max_hp_gain":0.0,"max_hp_loss":0.0,"gold_gain":0.0,"event_name":"Back to Basics","player_choice":"Elegance","floor":31.0,"gold_loss":0.0,"damage_taken":0.0},{"damage_healed":0.0,"max_hp_gain":0.0,"max_hp_loss":0.0,"gold_gain":0.0,"event_name":"Tomb of Lord Red Mask","player_choice":"Ignored","floor":36.0,"gold_loss":0.0,"damage_taken":0.0},{"damage_healed":0.0,"max_hp_gain":0.0,"max_hp_loss":0.0,"gold_gain":0.0,"event_name":"The Moai Head","player_choice":"Ignored","floor":37.0,"gold_loss":0.0,"damage_taken":0.0},{"damage_healed":30.0,"max_hp_gain":0.0,"max_hp_loss":0.0,"gold_gain":0.0,"event_name":"MindBloom","player_choice":"Heal","floor":44.0,"gold_loss":0.0,"damage_taken":0.0,"cards_obtained":["Doubt"]}],"is_beta":false,"boss_relics":[{"not_picked":["SlaversCollar","Black Star"],"picked":"Cursed Key"},{"not_picked":["Busted Crown","Velvet Choker"],"picked":"Snecko Eye"}],"items_purged_floors":[],"is_endless":false,"potions_floor_spawned":[1,16,18,24,39,45,48],"ascension_level":0}}