{"host":"9l1knhxfturzliqa","time":1609482520,"event":{"mods":["BaseMod","Colored Map","Colored Powertips","DeckTracker","Highlight Path","Keyboard Shortcuts","Minty Spire (QoL Compilation)","Random Character Button"],"gold_per_floor":[111,125,139,139,152,152,171,171,253,269,284,298,326,27,27,126,126,142,162,162,162,20,20,20,35,111,111,130,130,144,156,156,253,253,268,281,281,293,304,304,304,304,304,333,380,391,391,404,404,404],"floor_reached":51,"playtime":4358,"items_purged":["Defend_R","Strike_R"],"score":842,"play_id":"84b97a54-af73-4c55-b31e-1f4d1085022d","local_time":"20210101152840","is_ascension_mode":true,"campfire_choices":[{"data":"Feed","floor":6.0,"key":"SMITH"},{"data":"Thunderclap","floor":8.0,"key":"SMITH"},{"data":"Offering","floor":15.0,"key":"SMITH"},{"data":"Metamorphosis","floor":23.0,"key":"SMITH"},{"data":"Fire Breathing","floor":27.0,"key":"SMITH"},{"data":"Flex","floor":29.0,"key":"SMITH"},{"data":"Dual Wield","floor":32.0,"key":"SMITH"},{"data":"Evolve","floor":40.0,"key":"SMITH"},{"data":"Limit Break","floor":42.0,"key":"SMITH"},{"data":"Secret Technique","floor":47.0,"key":"SMITH"},{"data":"Rampage","floor":49,"key":"SMITH"}],"circlet_count":0,"master_deck":["Defend_R","Bash","Feed+1","Clash","Pommel Strike","Flex+1","Rampage+1","Thunderclap+1","Searing Blow","Evolve+1","Fire Breathing+1","Wild Strike","Offering+1","Limit Break+1","Headbutt+1","Infernal Blade+1","Metamorphosis+1","Shrug It Off+1","Intimidate+1","Offering","Dual Wield+1","Offering","Flame Barrier+1","Sever Soul+1","Burning Pact+1","Shrug It Off+1","Reckless Charge+1","Blood for Blood+1","Secret Technique+1","Secret Technique","Impatience","Flex+1","Hemokinesis+1","Dark Embrace+1"],"relics":["Burning Blood","InkBottle","Bird Faced Urn","Membership Card","PreservedInsect","Coffee Dripper","Enchiridion","Bottled Tornado","Astrolabe","Incense Burner","MealTicket","Torii"],"acts_visited":["Exordium","TheCity","TheBeyond"],"potions_floor_usage":[50],"damage_taken":[{"damage":2.0,"enemies":"2 Louse","floor":1.0,"turns":3.0},{"damage":5.0,"enemies":"Cultist","floor":2.0,"turns":4.0},{"damage":0.0,"enemies":"Small Slimes","floor":3.0,"turns":2.0},{"damage":7.0,"enemies":"Exordium Wildlife","floor":5.0,"turns":3.0},{"damage":6.0,"enemies":"2 Fungi Beasts","floor":7.0,"turns":2.0},{"damage":7.0,"enemies":"3 Louse","floor":10.0,"turns":2.0},{"damage":18.0,"enemies":"Large Slime","floor":11.0,"turns":2.0},{"damage":14.0,"enemies":"Exordium Wildlife","floor":12.0,"turns":3.0},{"damage":35.0,"enemies":"3 Sentries","floor":13.0,"turns":5.0},{"damage":44.0,"enemies":"Slime Boss","floor":16.0,"turns":6.0},{"damage":13.0,"enemies":"3 Byrds","floor":18.0,"turns":3.0},{"damage":29.0,"enemies":"2 Thieves","floor":19.0,"turns":3.0},{"damage":0.0,"enemies":"Snecko","floor":25.0,"turns":1.0},{"damage":24.0,"enemies":"Sentry and Sphere","floor":28.0,"turns":4.0},{"damage":11.0,"enemies":"Cultist and Chosen","floor":30.0,"turns":4.0},{"damage":9.0,"enemies":"Chosen and Byrds","floor":31.0,"turns":4.0},{"damage":57.0,"enemies":"Champ","floor":33.0,"turns":8.0},{"damage":20.0,"enemies":"3 Darklings","floor":35.0,"turns":2.0},{"damage":12.0,"enemies":"3 Shapes","floor":36.0,"turns":2.0},{"damage":43.0,"enemies":"Maw","floor":38.0,"turns":4.0},{"damage":27.0,"enemies":"Sphere and 2 Shapes","floor":39.0,"turns":3.0},{"damage":12.0,"enemies":"Reptomancer","floor":44.0,"turns":2.0},{"damage":14.0,"enemies":"2 Orb Walkers","floor":45.0,"turns":2.0},{"damage":8.0,"enemies":"Transient","floor":46.0,"turns":5.0},{"damage":26,"enemies":"Writhing Mass","floor":48,"turns":4},{"damage":48,"enemies":"Donu and Deca","floor":50,"turns":3}],"seed_played":"-2809466634374594958","potions_obtained":[{"floor":3.0,"key":"Fire Potion"},{"floor":5.0,"key":"SteroidPotion"},{"floor":7.0,"key":"SpeedPotion"},{"floor":13.0,"key":"Swift Potion"},{"floor":16.0,"key":"DuplicationPotion"},{"floor":19.0,"key":"Regen Potion"},{"floor":25.0,"key":"EssenceOfSteel"},{"floor":28.0,"key":"SneckoOil"},{"floor":35.0,"key":"Fire Potion"},{"floor":39.0,"key":"EssenceOfSteel"},{"floor":46.0,"key":"DuplicationPotion"},{"floor":48,"key":"Strength Potion"}],"is_trial":false,"path_per_floor":["M","M","M","?","M","R","M","R","T","M","M","M","E","$","R","B",null,"M","M","?","?","$","R","?","M","T","R","M","R","M","M","R","B",null,"M","M","?","M","M","R","?","R","T","E","?","M","R","M","R","B",null],"character_chosen":"IRONCLAD","items_purchased":["Membership Card","Offering","PreservedInsect","Metamorphosis"],"campfire_rested":0,"item_purchase_floors":[14,14,14,22],"current_hp_per_floor":[83,86,89,89,91,91,95,95,95,98,90,86,61,61,61,27,112,111,94,69,53,53,53,53,63,63,63,61,61,64,67,67,22,129,121,125,125,94,83,83,73,73,73,75,77,79,79,67,67,31],"gold":404,"neow_bonus":"ONE_RANDOM_RARE_CARD","is_daily":false,"chose_seed":false,"campfire_upgraded":11,"win_rate":0.0,"timestamp":1609482520,"path_taken":["M","M","M","?","M","R","M","R","T","M","M","M","E","$","R","BOSS","M","?","?","?","$","R","?","M","T","R","M","R","M","?","R","BOSS","M","M","?","M","M","R","?","R","T","E","?","M","R","M","R","BOSS"],"items_purchased_type":["Relic","Card","Relic","Card"],"build_version":"2020-12-22","purchased_purges":2,"victory":true,"max_hp_per_floor":[83,86,89,89,92,92,96,96,96,100,104,108,112,112,112,112,112,116,120,125,125,125,125,125,125,125,125,125,125,129,129,129,129,129,133,137,137,137,141,141,141,141,141,145,149,149,149,149,149,149],"card_choices":[{"not_picked":["Warcry","Dual Wield"],"picked":"Clash","floor":1.0},{"not_picked":["Ghostly Armor","Sword Boomerang"],"picked":"Pommel Strike","floor":2.0},{"not_picked":["Thunderclap","Cleave"],"picked":"Flex","floor":3.0},{"not_picked":["Entrench","Flex"],"picked":"Rampage","floor":5.0},{"not_picked":["Twin Strike","Blood for Blood"],"picked":"Thunderclap","floor":7.0},{"not_picked":["Iron Wave","Disarm"],"picked":"Searing Blow","floor":10.0},{"not_picked":["Sentinel","Wild Strike"],"picked":"Evolve","floor":11.0},{"not_picked":["Body Slam","Clash"],"picked":"Fire Breathing","floor":12.0},{"not_picked":["Fire Breathing","Feed"],"picked":"Wild Strike","floor":13.0},{"not_picked":["Feed","Barricade"],"picked":"Limit Break","floor":16.0},{"not_picked":["Wild Strike","Battle Trance"],"picked":"Headbutt+1","floor":18.0},{"not_picked":["Heavy Blade","Thunderclap+1"],"picked":"Infernal Blade+1","floor":19.0},{"not_picked":["Sentinel","Evolve"],"picked":"Shrug It Off+1","floor":25.0},{"not_picked":["Burning Pact","Armaments+1"],"picked":"Intimidate+1","floor":28.0},{"not_picked":["Thunderclap","Perfected Strike"],"picked":"Offering","floor":30.0},{"not_picked":["Iron Wave","Rupture+1"],"picked":"Dual Wield","floor":31.0},{"not_picked":["Limit Break","Brutality"],"picked":"Offering","floor":33.0},{"not_picked":["Thunderclap+1","Anger+1","Iron Wave"],"picked":"SKIP","floor":35.0},{"not_picked":["Flame Barrier+1","Metallicize+1"],"picked":"Shrug It Off+1","floor":36.0},{"not_picked":["Pommel Strike+1","Headbutt+1"],"picked":"Reckless Charge+1","floor":38.0},{"not_picked":["Clothesline","Fiend Fire"],"picked":"Blood for Blood+1","floor":39.0},{"not_picked":["Dramatic Entrance","Finesse"],"picked":"Secret Technique","floor":41.0},{"not_picked":["Good Instincts","Purity"],"picked":"Secret Technique","floor":41.0},{"not_picked":["Forethought","Madness"],"picked":"Impatience","floor":41.0},{"not_picked":["Shrug It Off+1","Dual Wield"],"picked":"Flex+1","floor":44.0},{"not_picked":["Armaments","Flex+1"],"picked":"Hemokinesis+1","floor":45.0},{"not_picked":["Shrug It Off+1","Sword Boomerang"],"picked":"Dark Embrace+1","floor":46.0},{"not_picked":["Carnage","Rampage+1","Inflame"],"picked":"SKIP","floor":48}],"player_experience":291805,"relics_obtained":[{"floor":9.0,"key":"InkBottle"},{"floor":13.0,"key":"Bird Faced Urn"},{"floor":21.0,"key":"Enchiridion"},{"floor":26.0,"key":"Bottled Tornado"},{"floor":43.0,"key":"Incense Burner"},{"floor":44.0,"key":"MealTicket"},{"floor":45.0,"key":"Torii"}],"event_choices":[{"cards_removed":["Strike_R"],"damage_healed":0.0,"max_hp_gain":0.0,"max_hp_loss":0.0,"gold_gain":0.0,"event_name":"Bonfire Elementals","player_choice":"Offered Basic","floor":4.0,"gold_loss":0.0,"damage_taken":0.0},{"damage_healed":0.0,"max_hp_gain":5.0,"max_hp_loss":0.0,"gold_gain":0.0,"event_name":"Forgotten Altar","player_choice":"Shed Blood","floor":20.0,"gold_loss":0.0,"damage_taken":30.0},{"damage_healed":0.0,"max_hp_gain":0.0,"max_hp_loss":0.0,"gold_gain":0.0,"event_name":"Cursed Tome","player_choice":"Obtained Book","floor":21.0,"gold_loss":0.0,"damage_taken":16.0},{"cards_removed":["Strike_R"],"damage_healed":0.0,"max_hp_gain":0.0,"max_hp_loss":0.0,"gold_gain":0.0,"event_name":"Back to Basics","player_choice":"Elegance","floor":24.0,"gold_loss":0.0,"damage_taken":0.0},{"cards_removed":["Strike_R"],"damage_healed":0.0,"max_hp_gain":0.0,"max_hp_loss":0.0,"gold_gain":0.0,"event_name":"Falling","player_choice":"Removed Attack","floor":37.0,"gold_loss":0.0,"damage_taken":0.0},{"damage_healed":0.0,"max_hp_gain":0.0,"max_hp_loss":0.0,"gold_gain":0.0,"event_name":"SensoryStone","player_choice":"Memory 3","floor":41.0,"gold_loss":0.0,"damage_taken":10.0},{"damage_healed":0.0,"max_hp_gain":0.0,"max_hp_loss":0.0,"gold_gain":0.0,"event_name":"Mysterious Sphere","player_choice":"Fight","floor":45.0,"gold_loss":0.0,"damage_taken":0.0}],"is_beta":false,"boss_relics":[{"not_picked":["Runic Cube","Runic Dome"],"picked":"Coffee Dripper"},{"not_picked":["Runic Pyramid","Philosopher\u0027s Stone"],"picked":"Astrolabe"}],"items_purged_floors":[14,22],"is_endless":false,"potions_floor_spawned":[3,5,7,13,16,19,25,28,35,39,46,48],"ascension_level":4}}