{"host":"fw947s75r5pnptva","time":1609467876,"event":{"mods":["Act Like it!","Aspiration","BaseMod","BetterRewards","CCEM","CapriCore","Conjunction","Conspire","Custom Start","DeckTracker","Dota2Spire","Downfall","Friendly Minions","Gensokyo","Halation","Hallownest","Highlight Path","Hubris","Infinite Spire","Keyboard Shortcuts","Lobotomy","LobotomyExtend","Menagerie","Minty Spire (QoL Compilation)","MostiFishMod","Onozuka Komachi Mod","Pale of the Ancients","Permanent Neow","Pikachu Mod","Potionbrewer","Random Character Button","RatMod","Relic Filter","Replay The Spire","Shop Mod","StSLib","SuperFastMode","The Factory","The Jungle","[IsaacMod]????","vexMod"],"gold_per_floor":[115,115,138,158,158,198,198,214,241,259,298,312,351,414,414,534,534,558,-842,20,20,45,88,115,115,115,134,147,147,181,197,197,320,320,334,352,415,436,436,474,492,535,610,628,648,662,662,685,685,685],"floor_reached":51,"playtime":2114,"items_purged":["Komachi:Defend"],"score":1250,"play_id":"218994df-dcff-4b54-9cc1-3db55a2431be","local_time":"20210101032436","is_ascension_mode":false,"campfire_choices":[{"data":"Komachi:EndlessWay","floor":15.0,"key":"SMITH"},{"data":"Komachi:Bound","floor":25.0,"key":"SMITH"},{"data":"Komachi:FullSwing","floor":29,"key":"SMITH"},{"data":"Komachi:RepentantSoul","floor":32,"key":"SMITH"},{"data":"Komachi:FlowRiver","floor":49,"key":"SMITH"}],"circlet_count":0,"master_deck":["Komachi:Strike","Komachi:Strike","Komachi:Strike","Komachi:Strike","Komachi:Defend","Komachi:Defend","Komachi:Bound+1","Komachi:ReaperScythe","Komachi:RepentantSoul+1","Komachi:FullSwing+1","Komachi:FlowRiver","Komachi:EndlessWay+1","Komachi:FlowRiver+1","Komachi:FlowRiver+1","Komachi:FlowRiver+1","Komachi:FlowRiver+1","Komachi:FlowRiver+1"],"relics":["Komachi:Relic:FerryingBoat","DaveBox","HushsDoor","PatriotShield","MoneyPower","SynthV:TestCard","LetterFromLob","Golden Idol","Centennial Puzzle","Strawberry","conspire:GlowingRock","halation:QuantumPhysicsTextbook","aspiration:FetidBarrel","MagicMushroom","Replay:Mystery Machine","SynthV:MejaisSoulstealer","Dota2Spire:MagicBottle","hubris:SlimyHat","DaCapo","halation:KoshaPiece","hubris:GrandSneckoEye","infinitespire:Beetle Shell","hubris:DeckOfHolding","GuppysTail","Dota2Spire:Vanguard","Garlic","RedMistMask"],"acts_visited":["Exordium","TheCity","TheBeyond"],"potions_floor_usage":[33,44,44],"damage_taken":[{"damage":0.0,"enemies":"Cultist","floor":1.0,"turns":2.0},{"damage":0.0,"enemies":"Small Slimes","floor":3.0,"turns":2.0},{"damage":0.0,"enemies":"Jaw Worm","floor":4.0,"turns":1.0},{"damage":0.0,"enemies":"3 Sentries","floor":6.0,"turns":4.0},{"damage":0.0,"enemies":"Blue Slaver","floor":8.0,"turns":1.0},{"damage":0.0,"enemies":"2 Fungi Beasts","floor":10.0,"turns":2.0},{"damage":0.0,"enemies":"Gremlin Nob","floor":11.0,"turns":2.0},{"damage":0.0,"enemies":"Lots of Slimes","floor":12.0,"turns":1.0},{"damage":0.0,"enemies":"3 Sentries","floor":13.0,"turns":1.0},{"damage":0.0,"enemies":"Hexaghost","floor":16.0,"turns":3.0},{"damage":0.0,"enemies":"Shell Parasite","floor":18.0,"turns":1.0},{"damage":0.0,"enemies":"2 Thieves","floor":20.0,"turns":2.0},{"damage":0.0,"enemies":"Centurion and Healer","floor":22.0,"turns":2.0},{"damage":0.0,"enemies":"Book of Stabbing","floor":23.0,"turns":2.0},{"damage":0.0,"enemies":"Cultist and Chosen","floor":27.0,"turns":2.0},{"damage":0,"enemies":"Shelled Parasite and Fungi","floor":28,"turns":1},{"damage":0,"enemies":"conspire:Head Lice","floor":30,"turns":2},{"damage":0,"enemies":"3 Cultists","floor":31,"turns":1},{"damage":0,"enemies":"Pondfish","floor":33,"turns":2},{"damage":0,"enemies":"Orb Walker","floor":35,"turns":1},{"damage":0,"enemies":"3 Darklings","floor":36,"turns":2},{"damage":0,"enemies":"Hiden Room Battle","floor":37,"turns":1},{"damage":0,"enemies":"Spire Growth","floor":38,"turns":2},{"damage":0,"enemies":"Giant Head","floor":40,"turns":2},{"damage":0,"enemies":"Sphere and 2 Shapes","floor":41,"turns":1},{"damage":0,"enemies":"R_Hoarder","floor":42,"turns":2},{"damage":0,"enemies":"Transient","floor":44,"turns":3},{"damage":0,"enemies":"3 Darklings","floor":45,"turns":2},{"damage":0,"enemies":"Maw","floor":46,"turns":2},{"damage":0,"enemies":"Writhing Mass","floor":48,"turns":2},{"damage":0,"enemies":"Awakened One","floor":50,"turns":4}],"seed_played":"-9092769704650609991","potions_obtained":[{"floor":3.0,"key":"Explosive Potion"},{"floor":4.0,"key":"potionbrewer:NoxiousPotion"},{"floor":8.0,"key":"potionbrewer:AcidPotion"},{"floor":12.0,"key":"CultistPotion"},{"floor":14.0,"key":"DuplicationPotion"},{"floor":23.0,"key":"Swift Potion"},{"floor":36,"key":"Swift Potion"},{"floor":44,"key":"Adrenaline Potion"}],"is_trial":false,"path_per_floor":["M","?","M","M","$","E","?","M","T","M","E","M","E","?","R","B",null,"M","AVR","M","$","M","E","T","R","T","M","M","R","E","M","R","B",null,"M","M","?","M","?","E","M","E","T","M","M","M","?","M","R","B",null],"character_chosen":"KOMACHI_CLASS","items_purchased":[],"campfire_rested":0,"item_purchase_floors":[],"current_hp_per_floor":[75,57,57,57,57,57,57,57,64,64,64,64,64,44,44,44,89,89,89,89,89,89,89,89,89,89,89,89,89,89,89,89,89,89,89,89,89,89,89,89,89,89,89,89,89,89,89,89,89,89],"gold":685,"neow_bonus":"REMOVE_CARD","is_daily":false,"chose_seed":false,"campfire_upgraded":5,"win_rate":0.0,"timestamp":1609467876,"path_taken":["M","?","M","?","$","E","?","M","T","M","E","M","E","?","R","BOSS","M","AVR","?","$","M","E","?","R","T","M","M","R","E","M","R","BOSS","M","M","?","M","?","E","M","E","T","M","M","?","?","?","R","BOSS"],"items_purchased_type":[],"build_version":"2020-12-22","purchased_purges":1,"victory":true,"max_hp_per_floor":[75,75,75,75,75,75,75,75,82,82,82,82,82,82,82,82,89,89,89,89,89,89,89,89,89,89,89,89,89,89,89,89,89,89,89,89,89,89,89,89,89,89,89,89,89,89,89,89,89,89],"card_choices":[{"not_picked":[],"picked":"Bomb","floor":0.0},{"not_picked":["Komachi:Drowning","Komachi:CollectTip"],"picked":"Bomb","floor":1.0},{"not_picked":["Komachi:DoubleCut","Komachi:FearAura","Komachi:Remorse","Komachi:LonelySpirit"],"picked":"Komachi:RepentantSoul","floor":3.0},{"not_picked":["Komachi:SpiritualEnergy","Komachi:GhostlyChain","Komachi:UnseenSpirit","Komachi:RiverMist","Komachi:VengefulSpirit"],"picked":"SKIP","floor":4.0},{"not_picked":["Komachi:SpiritualEnergy","Komachi:GhostlyChain","Komachi:UnseenSpirit","Komachi:RiverMist","Komachi:VengefulSpirit"],"picked":"SKIP","floor":4.0},{"not_picked":["Komachi:EarthSpirit","Komachi:HumanSpirit","Komachi:Exorcism","Komachi:VengefulSpirit","Komachi:Behead"],"picked":"SKIP","floor":6.0},{"not_picked":["Komachi:Fare","Komachi:EndlessWay","Komachi:BoatSanzu","Komachi:WanderingSpirits"],"picked":"Bomb","floor":8.0},{"not_picked":["Komachi:Memento","Komachi:CollectTip","Komachi:FellowTraveler","Komachi:GhostlyChain"],"picked":"Komachi:FullSwing","floor":10.0},{"not_picked":["Komachi:Fare","Komachi:HungrySpirit","Komachi:Offerings","Komachi:WanderingSpirits"],"picked":"Bomb","floor":11.0},{"not_picked":["Komachi:ShortenLife","Komachi:Drowning","Komachi:EndlessWay","Komachi:YesterdayMoney"],"picked":"Komachi:FlowRiver","floor":12.0},{"not_picked":["Komachi:Memento","Komachi:SinnerSpirit","Komachi:YesterdayMoney","Komachi:EtherealSwipe"],"picked":"Komachi:EndlessWay","floor":13.0},{"not_picked":["Komachi:SinnerSpirit","Komachi:CollectTip","Komachi:EtherealCut","Komachi:FearAura"],"picked":"Komachi:FlowRiver","floor":18.0},{"not_picked":["Komachi:Drowning+1","Komachi:WideSwing","Komachi:TasteDeath","Komachi:SpiritualEnergy","Komachi:DestroyHope"],"picked":"SKIP","floor":20.0},{"not_picked":["Komachi:SinnerSpirit","Komachi:TrueMeditation","Komachi:SpiritBlade","Komachi:CollectTip","Komachi:GhostlyBarrier"],"picked":"SKIP","floor":22.0},{"not_picked":["Komachi:WideSwing+1","Komachi:CollectTip","Komachi:ThrowAway+1","Komachi:SinnerSpirit","Komachi:EtherealSwipe"],"picked":"SKIP","floor":23.0},{"not_picked":["Komachi:EndlessWay","Komachi:Memento","Komachi:FellowTraveler","Komachi:AwaitedRest","Komachi:Offerings"],"picked":"SKIP","floor":27.0},{"not_picked":["Komachi:EndlessWay","Komachi:Memento","Komachi:FellowTraveler","Komachi:AwaitedRest","Komachi:Offerings"],"picked":"SKIP","floor":27.0},{"not_picked":["Komachi:LifeSwap","Komachi:FloatingSpirit","Komachi:YesterdayMoney","Komachi:EarthSpirit+1","Komachi:HungrySpirit"],"picked":"SKIP","floor":28},{"not_picked":["Komachi:LifeSwap","Komachi:FloatingSpirit","Komachi:YesterdayMoney","Komachi:EarthSpirit+1","Komachi:HungrySpirit"],"picked":"SKIP","floor":28},{"not_picked":["Komachi:Memento","Komachi:GhostlyChain+1","Komachi:EarthSpirit","Komachi:SinRecollection"],"picked":"Komachi:FlowRiver+1","floor":30},{"not_picked":["Komachi:DoubleCut+1","Komachi:YesterdayMoney","Komachi:FearAura","Komachi:GhostlySlice","Komachi:Behead"],"picked":"SKIP","floor":31},{"not_picked":["Komachi:ThrowAway","Komachi:HumanSpirit","Komachi:FellowTraveler+1","Komachi:TasteDeath"],"picked":"Komachi:FlowRiver+1","floor":35},{"not_picked":["Komachi:HumanSpirit","Komachi:FloatingSpirit+1","Komachi:Behead","Komachi:RiverMist","Komachi:EtherealCut+1"],"picked":"SKIP","floor":36},{"not_picked":["Komachi:FearAura+1","Komachi:SpiritBlade+1","Komachi:BoatSanzu","Komachi:EtherealCut","Komachi:RiverMist+1"],"picked":"SKIP","floor":38},{"not_picked":["Komachi:CollectTip+1","Komachi:HumanSpirit","Komachi:Shortcut","Komachi:FearAura+1","Komachi:DeathVision"],"picked":"SKIP","floor":40},{"not_picked":["Komachi:GreedySpirit","Komachi:BoatSanzu","Komachi:Remorse","Komachi:Drowning+1","Komachi:VengefulSpirit+1"],"picked":"SKIP","floor":41},{"not_picked":["Komachi:CollectTip+1","Komachi:YesterdayMoney","Komachi:EndlessWay","Komachi:WideSwing"],"picked":"Komachi:FlowRiver+1","floor":42},{"not_picked":["Komachi:PowerSharing","Komachi:HumanSpirit+1","Komachi:BoatSanzu","Komachi:Memento+1"],"picked":"Komachi:FlowRiver+1","floor":44},{"not_picked":["Komachi:YesterdayMoney+1","Komachi:EtherealCut+1","Komachi:EndlessWay","Komachi:WanderingSpirits+1","Komachi:SinnerSpirit+1"],"picked":"SKIP","floor":45},{"not_picked":["Komachi:DoubleCut","Komachi:GhostlyChain","Komachi:Drowning","Komachi:EndlessWay","Komachi:YesterdayMoney"],"picked":"SKIP","floor":46},{"not_picked":["Komachi:UnseenSpirit","Komachi:Drowning+1","Komachi:GhostlyBarrier+1","Komachi:HumanSpirit+1","Komachi:LonelySpirit"],"picked":"SKIP","floor":48}],"player_experience":134294,"relics_obtained":[{"floor":1.0,"key":"SynthV:TestCard"},{"floor":1.0,"key":"LetterFromLob"},{"floor":6.0,"key":"Centennial Puzzle"},{"floor":9.0,"key":"Strawberry"},{"floor":11.0,"key":"conspire:GlowingRock"},{"floor":13.0,"key":"halation:QuantumPhysicsTextbook"},{"floor":14.0,"key":"aspiration:FetidBarrel"},{"floor":23.0,"key":"Dota2Spire:MagicBottle"},{"floor":24.0,"key":"hubris:SlimyHat"},{"floor":26.0,"key":"DaCapo"},{"floor":30,"key":"halation:KoshaPiece"},{"floor":37,"key":"infinitespire:Beetle Shell"},{"floor":37,"key":"hubris:DeckOfHolding"},{"floor":40,"key":"GuppysTail"},{"floor":42,"key":"Dota2Spire:Vanguard"},{"floor":43,"key":"Garlic"},{"floor":44,"key":"RedMistMask"}],"event_choices":[{"damage_healed":0.0,"max_hp_gain":0.0,"max_hp_loss":0.0,"gold_gain":0.0,"event_name":"Golden Idol","player_choice":"Take Damage","floor":2.0,"gold_loss":0.0,"damage_taken":18.0,"relics_obtained":["Golden Idol"]},{"damage_healed":0,"gold_gain":0,"player_choice":"Fight","damage_taken":0,"max_hp_gain":0,"max_hp_loss":0,"event_name":"HidenRoomEvent","floor":37,"gold_loss":0}],"is_beta":false,"boss_relics":[{"not_picked":["OneHitWonderSystem","GreenFoldingFan"],"picked":"MagicMushroom"},{"not_picked":[]},{"not_picked":["hubris:TerracottaHorce","Calling Bell"],"picked":"hubris:GrandSneckoEye"},{"not_picked":[]}],"items_purged_floors":[19],"is_endless":false,"potions_floor_spawned":[3,4,8,12,18,22,23,28,36,37,40,41,44],"ascension_level":0}}