{"host":"eocn4tduyrehyy81","time":1609534670,"event":{"mods":["AchievementEnabler","BaseMod","BetterRewards","Custom Start","Minty Spire (QoL Compilation)","Replay The Spire","StSLib"],"gold_per_floor":[416,438,438,473,252,301,301,301,324,424,467,143,10,10,10,161,161,188,37,60,159,99,148,185,185,185,10,45,74,104,138,138,284,284,315,344,373,418,56,113,113,113,162,162,195,275,336,71,71,103],"floor_reached":51,"playtime":3004,"items_purged":["Apotheosis+1"],"score":1110,"play_id":"95cc770e-40c3-444f-bceb-7a5fce78d7f1","local_time":"20210101145750","daily_mods":["SealedDeck","Allstar","Heirloom","Time Dilation"],"is_ascension_mode":false,"campfire_choices":[{"floor":15,"key":"REST"},{"floor":25,"key":"REST"},{"floor":32,"key":"REST"},{"floor":41,"key":"REST"},{"floor":49,"key":"REST"}],"circlet_count":0,"master_deck":["Poisoned Stab+1","Dagger Throw+1","Bane+1","Endless Agony+1","Atom Bomb+1","Terror+1","Slice+1","Concentrate+1","Deadly Poison+1","Poisoned Stab+1","Endless Agony+1","Accuracy+1","Replay:Poison Smokescreen+1","Flying Knee+1","Poisoned Strike+1","Outmaneuver+1","After Image+1","Dagger Throw+1","Crippling Poison+1","Flying Knee+1","Burst+1","Noxious Fumes+1","Dagger Spray+1","Flying Knee+1","Backflip+1","Catalyst+1","Replay:Bag of Tricks+1","Well Laid Plans+1","Noxious Fumes+1","Noxious Fumes+1","Crippling Poison+1","Quick Slash+1","Distraction+1","Noxious Fumes+1","Catalyst+1","Underhanded Strike+1","ReplayTheSpireMod:Scrap Shanks+1","All Out Attack+1","Dagger Spray+1","Flechettes+1","Skewer+1","Noxious Fumes+1","Bouncing Flask+1"],"relics":["Ring of the Snake","Bird Faced Urn","Anchor","Replay:Arrowhead","Bag of Preparation","Replay:Bandana","Counterbalance","Dream Catcher","Ginger","Happy Flower","Gremlin Food","Golden Egg","Juzu Bracelet","Incense Burner","Lee\u0027s Waffle","Snake Skull","WristBlade","Replay:WaspNest","TwistedFunnel","Toxic Egg 2","Strawberry","Mango","Ninja Scroll","Molten Egg 2","Membership Card","Old Coin","Pantograph","Replay:Ringing Soul","The Specimen","Toolbox","Golden Idol","BargainBundle","Bottled Flame","Bronze Scales","Oddly Smooth Stone","Mummified Hand","Frozen Egg 2","Ancient Tea Set","PreservedInsect","Honey Jar","ClockworkSouvenir","Gremlin Horn","Whetstone","Omamori","Chemical X","Astrolabe","Garlic","Mercury Hourglass","Bottled Lightning","Blue Doll","CaptainsWheel","Pear","Pet Ghost","Sling","Replay:Wax Seal"],"acts_visited":["Exordium","TheCity","TheBeyond"],"potions_floor_usage":[16,16,24,33,38,50,50,50],"damage_taken":[{"damage":0,"enemies":"Small Slimes","floor":1,"turns":1},{"damage":0,"enemies":"Jaw Worm","floor":2,"turns":1},{"damage":0,"enemies":"Cultist","floor":4,"turns":1},{"damage":0,"enemies":"Gremlin Nob","floor":6,"turns":1},{"damage":0,"enemies":"Lagavulin","floor":11,"turns":1},{"damage":28,"enemies":"Fading Forest","floor":16,"turns":8},{"damage":0,"enemies":"Spheric Guardian","floor":18,"turns":1},{"damage":0,"enemies":"2 Thieves","floor":20,"turns":1},{"damage":0,"enemies":"Slavers","floor":23,"turns":1},{"damage":0,"enemies":"3 Cultists","floor":24,"turns":2},{"damage":0,"enemies":"Shelled Parasite and Fungi","floor":28,"turns":1},{"damage":0,"enemies":"Snecko","floor":29,"turns":2},{"damage":0,"enemies":"Snake Plant","floor":30,"turns":1},{"damage":0,"enemies":"Centurion and Healer","floor":31,"turns":2},{"damage":0,"enemies":"Champ","floor":33,"turns":3},{"damage":2,"enemies":"Orb Walker","floor":35,"turns":1},{"damage":3,"enemies":"3 Shapes","floor":36,"turns":2},{"damage":0,"enemies":"Sphere and 2 Shapes","floor":37,"turns":2},{"damage":0,"enemies":"Transient","floor":38,"turns":5},{"damage":6,"enemies":"R_Hoarder","floor":40,"turns":3},{"damage":0,"enemies":"Maw","floor":45,"turns":2},{"damage":0,"enemies":"2 Orb Walkers","floor":46,"turns":2},{"damage":0,"enemies":"Reptomancer","floor":47,"turns":2},{"damage":0,"enemies":"Donu and Deca","floor":50,"turns":4}],"seed_played":"-4561945897236619072","potions_obtained":[{"floor":1,"key":"FairyPotion"},{"floor":2,"key":"Block Potion"},{"floor":6,"key":"Adrenaline Potion"},{"floor":23,"key":"Fire Potion"},{"floor":28,"key":"GamblersBrew"},{"floor":29,"key":"SteroidPotion"},{"floor":30,"key":"Weak Potion"},{"floor":33,"key":"Ancient Potion"},{"floor":37,"key":"Energy Potion"},{"floor":46,"key":"Venom Potion"}],"is_trial":true,"path_per_floor":["M","M","?","M","$","E","?","?","T","?","E","$","$","?","R","B",null,"M","$","M","?","?","E","M","R","T","$","M","M","M","M","R","B",null,"M","M","M","M","$","E","R","?","T","?","M","?","E","$","R","B",null],"character_chosen":"THE_SILENT","items_purchased":["BargainBundle","Bottled Flame","Endless Agony+1","Atom Bomb+1","Apotheosis+1","Terror+1","Caltrops","Discovery+1","Frozen Egg 2","Ancient Tea Set","Deadly Poison+1","Poisoned Stab+1","Endless Agony+1","Accuracy+1","PreservedInsect","Replay:Poison Smokescreen+1","Flying Knee+1","ClockworkSouvenir","GhostInAJar","Crippling Poison+1","Omamori","Chemical X","Flying Knee+1","Catalyst+1","Toxic Potion","Underhanded Strike+1","Garlic","Mercury Hourglass","Pet Ghost","Sling","Replay:Wax Seal","Noxious Fumes+1"],"campfire_rested":5,"item_purchase_floors":[5,5,5,5,5,5,5,5,12,12,12,12,12,12,13,13,13,19,19,19,27,27,27,39,39,39,39,39,48,48,48,48],"current_hp_per_floor":[101,104,96,99,102,105,105,105,105,105,108,111,114,117,120,107,123,126,129,132,132,132,135,138,141,141,144,147,150,153,156,159,162,165,166,168,173,177,180,177,186,186,186,186,189,192,205,208,211,211],"gold":103,"neow_bonus":"","is_daily":false,"chose_seed":false,"campfire_upgraded":0,"win_rate":0.0,"timestamp":1609534670,"path_taken":["M","M","?","M","$","E","?","?","T","?","E","?","$","?","R","BOSS","M","$","M","?","?","E","M","R","T","$","M","M","M","M","R","BOSS","M","M","M","M","$","E","R","?","T","?","M","?","E","$","R","BOSS"],"items_purchased_type":["Relic","Relic","Card","Card","Card","Card","Card","Card","Relic","Relic","Card","Card","Card","Card","Relic","Card","Card","Relic","Potion","Card","Relic","Relic","Card","Card","Potion","Card","Relic","Relic","Relic","Relic","Relic","Card"],"build_version":"2020-12-22","purchased_purges":1,"victory":true,"max_hp_per_floor":[101,104,96,99,102,105,105,105,105,105,108,111,114,117,120,123,123,126,129,132,132,132,135,138,141,141,144,147,150,153,156,159,162,165,168,171,174,177,180,183,186,186,186,186,189,192,205,208,211,211],"card_choices":[{"not_picked":["ReplayTheSpireMod:The Works+1","Sucker Punch+1"],"picked":"Poisoned Stab+1","floor":1},{"not_picked":["Predator+1","Hidden Blade+1"],"picked":"Dagger Throw+1","floor":2},{"not_picked":["Prepared+1","Deflect+1"],"picked":"Bane+1","floor":4},{"not_picked":["Calculated Gamble+1","ReplayTheSpireMod:The Works+1"],"picked":"Slice+1","floor":6},{"not_picked":["Backflip+1","Blade Dance+1"],"picked":"Concentrate+1","floor":11},{"not_picked":["Infinite Blades+1","Night Terror+1"],"picked":"Outmaneuver+1","floor":15},{"not_picked":["Storm of Steel+1","ReplayTheSpireMod:From All Sides+1"],"picked":"After Image+1","floor":16},{"not_picked":["Deflect+1","ReplayTheSpireMod:Tripwire+1","Acrobatics+1"],"picked":"Dagger Throw+1","floor":18},{"not_picked":["PiercingWail+1","Outmaneuver+1","Calculated Gamble+1"],"picked":"Flying Knee+1","floor":20},{"not_picked":["Accuracy+1","ReplayTheSpireMod:Scrap Shanks+1","Sneak Up+1"],"picked":"Burst+1","floor":23},{"not_picked":["Finisher+1","Setup+1","ReplayTheSpireMod:Exploit Weakness+1"],"picked":"Noxious Fumes+1","floor":24},{"not_picked":["ReplayTheSpireMod:Tripwire+1","Deflect+1","Riddle With Holes+1"],"picked":"Dagger Spray+1","floor":25},{"not_picked":["Cloak And Dagger+1","Flechettes+1","Escape Plan+1"],"picked":"Dagger Spray+1","floor":28},{"not_picked":["Sneak Up+1","ReplayTheSpireMod:Speed Training+1","Prepared+1"],"picked":"Backflip+1","floor":29},{"not_picked":["Slice+1","Underhanded Strike+1","PiercingWail+1"],"picked":"Poisoned Stab+1","floor":30},{"not_picked":["Backflip+1","Dagger Spray+1","Well Laid Plans+1"],"picked":"Poisoned Stab+1","floor":31},{"not_picked":["Dagger Spray+1","Sucker Punch+1","Fluid Movement+1"],"picked":"Catalyst+1","floor":32},{"not_picked":["Burst+1","Wraith Form v2+1","Grand Finale+1"],"picked":"Replay:Bag of Tricks+1","floor":33},{"not_picked":["Prepared+1","Expertise+1","Backstab+1"],"picked":"Crippling Poison+1","floor":35},{"not_picked":["Dodge and Roll+1","ReplayTheSpireMod:Shiv Toss+1","Outmaneuver+1"],"picked":"Quick Slash+1","floor":36},{"not_picked":["Sucker Punch+1","ReplayTheSpireMod:The Works+1","Slice+1"],"picked":"Distraction+1","floor":37},{"not_picked":["Hidden Blade+1","Poisoned Stab+1","Bane+1"],"picked":"Noxious Fumes+1","floor":38},{"not_picked":["Expertise+1","Sucker Punch+1","Storm of Steel+1"],"picked":"ReplayTheSpireMod:Scrap Shanks+1","floor":40},{"not_picked":["Prepared+1","Poisoned Stab+1","Escape Plan+1"],"picked":"All Out Attack+1","floor":41},{"not_picked":["Well Laid Plans+1","Dodge and Roll+1","ReplayTheSpireMod:The Works+1"],"picked":"Dagger Spray+1","floor":45},{"not_picked":["Replay:Bag of Tricks+1","Choke+1","ReplayTheSpireMod:Exploit Weakness+1"],"picked":"Flechettes+1","floor":46},{"not_picked":["Dodge and Roll+1","Setup+1","Blur+1"],"picked":"Skewer+1","floor":47},{"not_picked":["Tactician+1","Outmaneuver+1","Deadly Poison+1"],"picked":"Bouncing Flask+1","floor":49}],"player_experience":62704,"relics_obtained":[{"floor":6,"key":"Bronze Scales"},{"floor":9,"key":"Oddly Smooth Stone"},{"floor":11,"key":"Mummified Hand"},{"floor":23,"key":"Gremlin Horn"},{"floor":26,"key":"Whetstone"},{"floor":40,"key":"Bottled Lightning"},{"floor":43,"key":"Blue Doll"},{"floor":46,"key":"CaptainsWheel"},{"floor":47,"key":"Pear"}],"event_choices":[{"damage_healed":0,"gold_gain":0,"player_choice":"Lose Max HP","damage_taken":0,"relics_obtained":["Golden Idol"],"max_hp_gain":0,"max_hp_loss":8,"event_name":"Golden Idol","floor":3,"gold_loss":0},{"damage_healed":0,"gold_gain":0,"player_choice":"Ignored","damage_taken":0,"max_hp_gain":0,"max_hp_loss":0,"event_name":"Shining Light","floor":7,"gold_loss":0},{"cards_removed":["Caltrops"],"damage_healed":0,"gold_gain":0,"player_choice":"Forget","damage_taken":0,"max_hp_gain":0,"max_hp_loss":0,"event_name":"Living Wall","floor":8,"gold_loss":0},{"damage_healed":0,"gold_gain":100,"player_choice":"Pray","damage_taken":0,"max_hp_gain":0,"max_hp_loss":0,"event_name":"Golden Shrine","floor":10,"gold_loss":0},{"damage_healed":0,"gold_gain":0,"cards_transformed":["Discovery"],"player_choice":"Transformed","damage_taken":0,"max_hp_gain":0,"max_hp_loss":0,"event_name":"Transmorgrifier","floor":14,"gold_loss":0,"cards_obtained":["Poisoned Strike"]},{"damage_healed":0,"gold_gain":99,"player_choice":"Stole From Cult","damage_taken":0,"max_hp_gain":0,"max_hp_loss":0,"event_name":"Nest","floor":21,"gold_loss":0},{"damage_healed":0,"gold_gain":0,"player_choice":"Ignored","damage_taken":0,"max_hp_gain":0,"max_hp_loss":0,"event_name":"The Moai Head","floor":42,"gold_loss":0},{"damage_healed":0,"gold_gain":0,"player_choice":"Fight","damage_taken":0,"max_hp_gain":0,"max_hp_loss":0,"event_name":"Mysterious Sphere","floor":46,"gold_loss":0}],"is_beta":false,"boss_relics":[{"not_picked":["Velvet Choker","ChewingGum"],"picked":"Honey Jar"},{"not_picked":["Coffee Dripper","Ring of Chaos"],"picked":"Astrolabe"}],"items_purged_floors":[48],"is_endless":false,"potions_floor_spawned":[1,2,6,11,23,28,29,30,33,37,45,46,47],"ascension_level":0}}