{"host":"bm1qfstn98p1odmu","time":1609527079,"event":{"mods":["AchievementEnabler","BaseMod","Bestiary","Block Reminder","Colored Map","Colored Powertips","DeckTracker","Highlight Path","Minty Spire (QoL Compilation)","Relic Stats","Replay The Spire","StSLib"],"gold_per_floor":[117,130,205,205,205,170,25,57,57,77,77,77,106,136,136,196,196,291,291,301,26,37,37,51,83,83,83,110,110,125,125,137,137,137],"floor_reached":33,"playtime":1398,"items_purged":["Spreading Infection"],"score":271,"play_id":"c8ca9f16-8ef4-47d8-a1f2-b664c956eb46","local_time":"20210101205119","is_ascension_mode":false,"campfire_choices":[{"data":"Electrodynamics","floor":9,"key":"SMITH"},{"floor":15,"key":"REST"},{"data":"Storm","floor":17,"key":"SMITH"},{"floor":31,"key":"REST"}],"circlet_count":0,"master_deck":["Defend_B","Defend_B","Zap","Dualcast","Melter","Doom and Gloom","Electrodynamics+1","Fusion","Defragment","Mirror Shield+1","Storm+1","Injury","Conserve Battery","Stack","FIFO Queue+1","Pot Of Greed+1","Pot Of Greed","Beam Cell+1","Shame","Looming Evil","Genetic Algorithm"],"relics":["Cracked Core","Replay:Baseball","InkBottle","Iron Hammer","Odd Mushroom","Pen Nib","Vajra","Kintsugi","Bronze Scales","Grinning Jar","Matryoshka","Eternal Feather","Centennial Puzzle","War Paint"],"acts_visited":["Exordium","TheCity"],"potions_floor_usage":[14,14,16],"damage_taken":[{"damage":1,"enemies":"Jaw Worm","floor":1,"turns":3},{"damage":8,"enemies":"2 Louse","floor":2,"turns":2},{"damage":26,"enemies":"Lagavulin","floor":8,"turns":5},{"damage":1,"enemies":"Cultist","floor":10,"turns":3},{"damage":4,"enemies":"The Mushroom Lair","floor":13,"turns":2},{"damage":8,"enemies":"Gremlin Nob","floor":14,"turns":3},{"damage":9,"enemies":"Gremlin Nob","floor":16,"turns":4},{"damage":16,"enemies":"The Guardian","floor":18,"turns":11},{"damage":18,"enemies":"2 Thieves","floor":20,"turns":3},{"damage":0,"enemies":"3 Byrds","floor":22,"turns":1},{"damage":18,"enemies":"Centurion and Healer","floor":24,"turns":4},{"damage":40,"enemies":"Gremlin Leader","floor":25,"turns":6},{"damage":10,"enemies":"Snecko","floor":30,"turns":4},{"damage":34,"enemies":"Snake Plant","floor":32,"turns":5},{"damage":26,"enemies":"Shelled Parasite and Fungi","floor":33,"turns":3}],"seed_played":"-2068976511210498402","potions_obtained":[{"floor":1,"key":"SteroidPotion"},{"floor":2,"key":"Toxic Potion"},{"floor":13,"key":"FairyPotion"},{"floor":14,"key":"Energy Potion"},{"floor":20,"key":"Dexterity Potion"},{"floor":24,"key":"Ancient Potion"},{"floor":25,"key":"BlessingOfTheForge"},{"floor":32,"key":"Weak Potion"}],"is_trial":false,"path_per_floor":["M","M","?","PTL","PTL","?","$","E","R","M","T","?","?","E","R","?","R","B",null,"M","$","M","$","M","E","?","?","T","?","M","R","M","M"],"character_chosen":"DEFECT","items_purchased":["Replay:Baseball","Bronze Scales","Conserve Battery"],"campfire_rested":2,"item_purchase_floors":[7,21,21],"current_hp_per_floor":[81,73,62,62,62,82,82,56,56,55,55,48,44,36,60,51,51,35,82,64,64,64,64,46,6,6,6,6,6,24,60,26,0,0],"gold":137,"neow_bonus":"TEN_PERCENT_HP_BONUS","is_daily":false,"chose_seed":false,"campfire_upgraded":2,"win_rate":0.0,"timestamp":1609527079,"path_taken":["M","M","?","PTL","PTL","?","?","E","R","?","T","?","?","E","R","?","R","BOSS","M","$","M","$","M","E","?","?","T","?","M","R","M","?"],"items_purchased_type":["Relic","Relic","Card"],"build_version":"2020-12-22","purchased_purges":1,"victory":false,"max_hp_per_floor":[82,82,82,82,82,82,82,82,82,82,82,82,82,82,82,82,82,82,82,82,82,82,82,82,82,82,82,82,82,82,82,82,82,82],"relic_stats":{"Centennial Puzzle":[9],"counters":[15,59],"Bronze Scales":[63],"Eternal Feather":12,"Pen Nib":[2],"War Paint":["Mirror Shield","Pot Of Greed"],"obtain_stats":[{"Vajra":16,"Eternal Feather":28,"Pen Nib":14,"Odd Mushroom":13,"War Paint":29,"Replay:Baseball":7,"Centennial Puzzle":28,"Matryoshka":26,"Bronze Scales":21,"Iron Hammer":11,"Kintsugi":19,"Grinning Jar":25,"Cracked Core":0,"InkBottle":8},{"Vajra":7,"Eternal Feather":12,"Pen Nib":6,"Odd Mushroom":5,"War Paint":12,"Replay:Baseball":2,"Centennial Puzzle":12,"Matryoshka":12,"Bronze Scales":9,"Iron Hammer":4,"Kintsugi":8,"Grinning Jar":12,"Cracked Core":0,"InkBottle":3},{"Vajra":22,"Eternal Feather":47,"Pen Nib":18,"Odd Mushroom":15,"War Paint":47,"Replay:Baseball":5,"Centennial Puzzle":47,"Matryoshka":47,"Bronze Scales":36,"Iron Hammer":13,"Kintsugi":33,"Grinning Jar":47,"Cracked Core":0,"InkBottle":10}],"InkBottle":[13]},"card_choices":[{"not_picked":["Auto Shields","BootSequence"],"picked":"Melter","floor":1},{"not_picked":["Leap","Hello World"],"picked":"Doom and Gloom","floor":2},{"not_picked":["Coolheaded","Streamline"],"picked":"Electrodynamics","floor":8},{"not_picked":["Defragment","ReplayTheSpireMod:Repulse"],"picked":"Fusion","floor":10},{"not_picked":["Cold Snap","Leap"],"picked":"Defragment","floor":13},{"not_picked":["Leap","Streamline"],"picked":"Mirror Shield","floor":14},{"not_picked":["Cold Snap","Crystallizer"],"picked":"Storm","floor":16},{"not_picked":["Rebound","ReplayTheSpireMod:Reroute Power","Sweeping Beam+1"],"picked":"SKIP","floor":20},{"not_picked":["Sweeping Beam","Go for the Eyes"],"picked":"Stack","floor":22},{"not_picked":["Glacier","ReplayTheSpireMod:Repulse"],"picked":"FIFO Queue+1","floor":24},{"not_picked":["ReplayTheSpireMod:Calculation Training+1","Hologram"],"picked":"Beam Cell+1","floor":25},{"not_picked":["Static Discharge","Gash","Time Bomb"],"picked":"SKIP","floor":30},{"not_picked":["Streamline+1","Stack"],"picked":"Genetic Algorithm","floor":32}],"player_experience":39236,"relics_obtained":[{"floor":8,"key":"InkBottle"},{"floor":11,"key":"Iron Hammer"},{"floor":13,"key":"Odd Mushroom"},{"floor":14,"key":"Pen Nib"},{"floor":16,"key":"Vajra"},{"floor":25,"key":"Grinning Jar"},{"floor":28,"key":"Eternal Feather"},{"floor":28,"key":"Centennial Puzzle"}],"event_choices":[{"damage_healed":0,"gold_gain":75,"player_choice":"Gather Gold","damage_taken":11,"max_hp_gain":0,"max_hp_loss":0,"event_name":"World of Goop","floor":3,"gold_loss":0},{"damage_healed":20,"gold_gain":0,"player_choice":"Healed","damage_taken":0,"max_hp_gain":0,"max_hp_loss":0,"event_name":"The Cleric","floor":6,"gold_loss":35},{"cards_removed":["Strike_B"],"damage_healed":0,"gold_gain":0,"player_choice":"Card Removal","damage_taken":7,"max_hp_gain":0,"max_hp_loss":0,"event_name":"Golden Wing","floor":12,"gold_loss":0},{"damage_healed":0,"gold_gain":0,"player_choice":"Fought Mushrooms","damage_taken":0,"max_hp_gain":0,"max_hp_loss":0,"event_name":"Mushrooms","floor":13,"gold_loss":0},{"damage_healed":0,"gold_gain":0,"player_choice":"Searched \u00271\u0027 times","damage_taken":0,"max_hp_gain":0,"max_hp_loss":0,"event_name":"Dead Adventurer","floor":16,"gold_loss":0},{"damage_healed":0,"gold_gain":0,"player_choice":"Stole Relic","damage_taken":0,"relics_obtained":["Matryoshka"],"max_hp_gain":0,"max_hp_loss":0,"event_name":"Addict","floor":26,"gold_loss":0,"cards_obtained":["Shame"]},{"damage_healed":0,"gold_gain":0,"player_choice":"Ignored","damage_taken":0,"max_hp_gain":0,"max_hp_loss":0,"event_name":"Cursed Tome","floor":27,"gold_loss":0}],"is_beta":false,"boss_relics":[{"not_picked":["SlaversCollar","Honey Jar"],"picked":"Kintsugi"}],"items_purged_floors":[21],"is_endless":false,"potions_floor_spawned":[1,2,13,14,20,24,25,32],"killed_by":"Shelled Parasite and Fungi","ascension_level":0}}