{"host":"Jedit","time":1609510441,"event":{"mods":["BaseMod","Minty Spire (QoL Compilation)","Relic Stats","StSLib"],"gold_per_floor":[109,259,259,277,291,291,316,316,341,354,27,47,64,92,92,165,165,180,455,472,103,103,116,116,20,44,56,56,56],"floor_reached":28,"playtime":998,"items_purged":["Strike_G","Regret"],"score":460,"play_id":"662bb6f7-5684-4bce-be16-248d752431c7","local_time":"20210101141401","is_ascension_mode":true,"campfire_choices":[{"data":"Deadly Poison","floor":6.0,"key":"SMITH"},{"data":"Deadly Poison","floor":8.0,"key":"SMITH"},{"floor":15,"key":"REST"},{"floor":24,"key":"REST"}],"circlet_count":0,"master_deck":["AscendersBane","Strike_G","Strike_G","Strike_G","Defend_G","Defend_G","Defend_G","Defend_G","Defend_G","Survivor","Neutralize","Deadly Poison+1","Sucker Punch","Cloak And Dagger","Deadly Poison+1","Dagger Spray","Catalyst","Poisoned Stab","Crippling Poison","Escape Plan","After Image","Dodge and Roll","Dash","Sadistic Nature","Deadly Poison","Leg Sweep","Terror","Poisoned Stab","PiercingWail"],"relics":["Ring of the Serpent","NeowsBlessing","Juzu Bracelet","Vajra","Art of War","Happy Flower","Membership Card","ClockworkSouvenir","Ancient Tea Set"],"acts_visited":["Exordium","TheCity"],"potions_floor_usage":[10,14,14,18,23,28],"damage_taken":[{"damage":0.0,"enemies":"Jaw Worm","floor":1.0,"turns":1.0},{"damage":0.0,"enemies":"Small Slimes","floor":4.0,"turns":1.0},{"damage":0.0,"enemies":"Cultist","floor":5.0,"turns":1.0},{"damage":24.0,"enemies":"Lagavulin","floor":7.0,"turns":5.0},{"damage":5,"enemies":"Exordium Thugs","floor":10,"turns":4},{"damage":0,"enemies":"Blue Slaver","floor":12,"turns":4},{"damage":0,"enemies":"Looter","floor":13,"turns":3},{"damage":22,"enemies":"Gremlin Nob","floor":14,"turns":4},{"damage":14,"enemies":"Hexaghost","floor":16,"turns":9},{"damage":1,"enemies":"Shell Parasite","floor":18,"turns":5},{"damage":13,"enemies":"Spheric Guardian","floor":20,"turns":5},{"damage":21,"enemies":"Shelled Parasite and Fungi","floor":23,"turns":7},{"damage":12,"enemies":"3 Cultists","floor":27,"turns":7},{"damage":36,"enemies":"Gremlin Leader","floor":28,"turns":2}],"seed_played":"-5805070939859881272","potions_obtained":[{"floor":4.0,"key":"DistilledChaos"},{"floor":5.0,"key":"Dexterity Potion"},{"floor":12,"key":"SpeedPotion"},{"floor":14,"key":"Fruit Juice"},{"floor":16,"key":"Dexterity Potion"},{"floor":20,"key":"Weak Potion"},{"floor":27,"key":"Poison Potion"}],"is_trial":false,"path_per_floor":["M","?","?","M","M","R","E","R","T","M","$","M","M","E","R","B",null,"M","?","M","$","?","M","R","$","T","M","E"],"character_chosen":"THE_SILENT","items_purchased":["Catalyst","Art of War","Membership Card","Sadistic Nature","Deadly Poison","Leg Sweep","ClockworkSouvenir","Poisoned Stab"],"campfire_rested":2,"item_purchase_floors":[11,11,21,21,21,21,25,25],"current_hp_per_floor":[59,59,52,52,52,52,28,28,28,23,23,23,23,6,27,13,57,56,56,43,43,43,22,43,43,43,31,0,0],"gold":56,"neow_bonus":"THREE_ENEMY_KILL","is_daily":false,"chose_seed":false,"campfire_upgraded":2,"win_rate":0.0,"timestamp":1609510441,"path_taken":["M","?","?","M","M","R","E","R","T","M","$","M","M","E","R","BOSS","M","?","M","$","?","M","R","$","T","M","E"],"items_purchased_type":["Card","Relic","Relic","Card","Card","Card","Relic","Card"],"build_version":"2020-12-18","purchased_purges":2,"victory":false,"max_hp_per_floor":[66,66,66,66,66,66,66,66,66,66,66,66,66,71,71,71,71,71,71,71,71,71,71,71,71,71,71,71,71],"relic_stats":{"Happy Flower":[11],"counters":[14,58],"Juzu Bracelet":0,"Art of War":[9],"obtain_stats":[{"NeowsBlessing":0,"Happy Flower":14,"Vajra":9,"Juzu Bracelet":7,"Art of War":11,"Membership Card":21,"Ancient Tea Set":26,"Ring of the Serpent":17,"Ring of the Snake":0,"ClockworkSouvenir":25},{"NeowsBlessing":0,"Happy Flower":8,"Vajra":4,"Juzu Bracelet":4,"Art of War":5,"Membership Card":11,"Ancient Tea Set":12,"Ring of the Serpent":9,"Ring of the Snake":0,"ClockworkSouvenir":12},{"NeowsBlessing":0,"Happy Flower":23,"Vajra":8,"Juzu Bracelet":8,"Art of War":12,"Membership Card":42,"Ancient Tea Set":49,"Ring of the Serpent":32,"Ring of the Snake":0,"ClockworkSouvenir":49}]},"card_choices":[{"not_picked":["Backflip","Terror"],"picked":"Deadly Poison","floor":1.0},{"not_picked":["Underhanded Strike","Dagger Throw"],"picked":"Sucker Punch","floor":4.0},{"not_picked":["PiercingWail","Slice"],"picked":"Cloak And Dagger","floor":5.0},{"not_picked":["Poisoned Stab","Backflip"],"picked":"Deadly Poison","floor":7.0},{"not_picked":["All Out Attack","Dodge and Roll"],"picked":"Dagger Spray","floor":10},{"not_picked":["Prepared","Dagger Spray"],"picked":"Poisoned Stab","floor":12},{"not_picked":["Quick Slash","Unload"],"picked":"Crippling Poison","floor":13},{"not_picked":["Cloak And Dagger","Prepared"],"picked":"Escape Plan","floor":14},{"not_picked":["A Thousand Cuts","Unload"],"picked":"After Image","floor":16},{"not_picked":["Outmaneuver","Flying Knee"],"picked":"Dodge and Roll","floor":18},{"not_picked":["Bane","All Out Attack"],"picked":"Dash","floor":20},{"not_picked":["Quick Slash","Sucker Punch"],"picked":"Terror","floor":23},{"not_picked":["Tactician+1","Underhanded Strike"],"picked":"PiercingWail","floor":27}],"player_experience":3431563,"relics_obtained":[{"floor":7.0,"key":"Juzu Bracelet"},{"floor":9.0,"key":"Vajra"},{"floor":14,"key":"Happy Flower"},{"floor":26,"key":"Ancient Tea Set"}],"event_choices":[{"damage_healed":0.0,"max_hp_gain":0.0,"max_hp_loss":0.0,"gold_gain":150.0,"event_name":"Liars Game","player_choice":"AGREE","floor":2.0,"gold_loss":0.0,"damage_taken":0.0,"cards_obtained":["Doubt"]},{"cards_removed":["Doubt"],"damage_healed":0.0,"max_hp_gain":0.0,"max_hp_loss":0.0,"gold_gain":0.0,"event_name":"Golden Wing","player_choice":"Card Removal","floor":3.0,"gold_loss":0.0,"damage_taken":7.0},{"damage_healed":0,"gold_gain":275,"player_choice":"Desecrate","damage_taken":0,"max_hp_gain":0,"max_hp_loss":0,"event_name":"Golden Shrine","floor":19,"gold_loss":0,"cards_obtained":["Regret"]},{"cards_removed":["Strike_G"],"damage_healed":0,"gold_gain":0,"player_choice":"Card Removal","damage_taken":0,"max_hp_gain":0,"max_hp_loss":0,"event_name":"Wheel of Change","floor":22,"gold_loss":0}],"is_beta":true,"boss_relics":[{"not_picked":["Philosopher\u0027s Stone","HoveringKite"],"picked":"Ring of the Serpent"}],"items_purged_floors":[11,21],"is_endless":false,"potions_floor_spawned":[4,5,12,14,16,20,27],"killed_by":"Gremlin Leader","ascension_level":20}}