{"host":"94aus4jnk6thj94q","time":1609488741,"event":{"mods":["BaseMod","Minty Spire (QoL Compilation)","Quick Restart","StSLib"],"gold_per_floor":[112,112,43,56,75,75,105,105,128,128,128,144,63,63,63,63,63],"floor_reached":16,"playtime":673,"items_purged":[],"score":98,"play_id":"02263b96-d8bc-4d5a-a2cb-7c83d103ff5c","local_time":"20210101101221","is_ascension_mode":false,"campfire_choices":[{"floor":6,"key":"RECALL"},{"floor":8,"key":"REST"},{"data":"Perfected Strike","floor":11,"key":"SMITH"},{"data":"Metallicize","floor":15,"key":"SMITH"}],"circlet_count":0,"master_deck":["Strike_R+1","Strike_R","Strike_R","Strike_R","Strike_R+1","Defend_R","Defend_R","Defend_R","Defend_R","Bash","Iron Wave","Twin Strike","Flame Barrier","Ghostly Armor","Perfected Strike+1","Metallicize+1"],"relics":["Burning Blood","Whetstone"],"acts_visited":["Exordium"],"potions_floor_usage":[7,16],"damage_taken":[{"damage":5,"enemies":"2 Louse","floor":1,"turns":4},{"damage":0,"enemies":"Small Slimes","floor":4,"turns":3},{"damage":1,"enemies":"Cultist","floor":5,"turns":3},{"damage":24,"enemies":"Lagavulin","floor":7,"turns":6},{"damage":7,"enemies":"Blue Slaver","floor":12,"turns":3},{"damage":98,"enemies":"Hexaghost","floor":16,"turns":16}],"seed_played":"7451145699648001048","potions_obtained":[{"floor":4,"key":"Regen Potion"},{"floor":5,"key":"FearPotion"}],"is_trial":false,"path_per_floor":["M","?","$","M","M","R","E","R","T","?","R","M","$","?","R","B"],"character_chosen":"IRONCLAD","items_purchased":["Flame Barrier","Metallicize"],"campfire_rested":1,"item_purchase_floors":[3,13],"current_hp_per_floor":[80,80,80,80,80,80,62,80,80,80,80,79,79,79,79,0,0],"gold":63,"neow_bonus":"THREE_CARDS","is_daily":false,"chose_seed":false,"campfire_upgraded":2,"win_rate":0.0,"timestamp":1609488741,"path_taken":["M","?","$","M","M","R","E","R","T","?","R","M","$","?","R","BOSS"],"items_purchased_type":["Card","Card"],"build_version":"2020-12-22","purchased_purges":0,"victory":false,"max_hp_per_floor":[80,80,80,80,80,80,80,80,80,80,80,80,80,80,80,80,80],"card_choices":[{"not_picked":["Havoc","Power Through"],"picked":"Iron Wave","floor":0},{"not_picked":["Anger","Entrench"],"picked":"Twin Strike","floor":1},{"not_picked":["Bloodletting","Blood for Blood"],"picked":"Ghostly Armor","floor":4},{"not_picked":["Pummel","Armaments"],"picked":"Perfected Strike","floor":5},{"not_picked":["Reaper","Burning Pact","Havoc"],"picked":"SKIP","floor":7},{"not_picked":["Entrench","Seeing Red","Clothesline"],"picked":"SKIP","floor":12}],"player_experience":5670763,"relics_obtained":[{"floor":7,"key":"Whetstone"}],"event_choices":[{"damage_healed":0,"gold_gain":0,"player_choice":"Ignored","damage_taken":0,"max_hp_gain":0,"max_hp_loss":0,"event_name":"Golden Wing","floor":2,"gold_loss":0},{"damage_healed":0,"gold_gain":0,"player_choice":"Leave","damage_taken":0,"max_hp_gain":0,"max_hp_loss":0,"event_name":"The Cleric","floor":10,"gold_loss":0},{"damage_healed":0,"gold_gain":0,"player_choice":"Ignored","damage_taken":0,"max_hp_gain":0,"max_hp_loss":0,"event_name":"Purifier","floor":14,"gold_loss":0}],"is_beta":false,"boss_relics":[],"items_purged_floors":[],"is_endless":false,"potions_floor_spawned":[4,5],"killed_by":"Hexaghost","ascension_level":0}}