{"host":"jm9833yuloeli2yd","time":1609463040,"event":{"mods":["AchievementEnabler","BaseMod","Better Altar","Better Match","Better Note","Better Sensory Stone","Better Skull","Better Third Choice","Better Vampires","BetterRewards","Colored Map","Colored Powertips","DeckTracker","Marked Mod","Minty Spire (QoL Compilation)","Permanent Neow","Quick Restart","StSLib","SuperFastMode"],"gold_per_floor":[110,122,102,118,132,158,158,185,185,201,201,201,231,29,29,29,29],"floor_reached":16,"playtime":427,"items_purged":[],"score":320,"play_id":"aed6ae4f-4f7d-441f-9b4e-efa1e50e2823","local_time":"20201231200400","is_ascension_mode":true,"campfire_choices":[{"floor":7.0,"key":"REST"},{"data":"Defragment","floor":12.0,"key":"SMITH"},{"data":"Defragment","floor":15.0,"key":"SMITH"}],"circlet_count":0,"master_deck":["AscendersBane","Strike_B","Strike_B+1","Strike_B","Strike_B","Defend_B","Defend_B","Defend_B","Defend_B","Zap","Dualcast","Compile Driver","Hologram+1","FTL","Defragment+1","Defragment+1","Capacitor","Turbo","FTL+1","Biased Cognition","Go for the Eyes+1","Chaos","Self Repair"],"relics":["Cracked Core","Lizard Tail","Matryoshka","Meat on the Bone","Darkstone Periapt","Molten Egg 2","Orrery"],"acts_visited":["Exordium"],"potions_floor_usage":[16],"damage_taken":[{"damage":3.0,"enemies":"2 Louse","floor":1.0,"turns":2.0},{"damage":6.0,"enemies":"Cultist","floor":2.0,"turns":3.0},{"damage":4.0,"enemies":"Jaw Worm","floor":4.0,"turns":3.0},{"damage":7.0,"enemies":"Looter","floor":5.0,"turns":3.0},{"damage":30.0,"enemies":"Lagavulin","floor":6.0,"turns":8.0},{"damage":27.0,"enemies":"3 Sentries","floor":8.0,"turns":6.0},{"damage":8.0,"enemies":"3 Louse","floor":10.0,"turns":4.0},{"damage":27,"enemies":"The Guardian","floor":16,"turns":6}],"seed_played":"-6074594531771389340","potions_obtained":[{"floor":3.0,"key":"FearPotion"},{"floor":5.0,"key":"Block Potion"},{"floor":6.0,"key":"DuplicationPotion"},{"floor":10.0,"key":"BlessingOfTheForge"}],"is_trial":false,"path_per_floor":["M","M","?","M","M","E","R","E","T","M","?","R","?","$","R","B"],"character_chosen":"DEFECT","items_purchased":["Compile Driver","Strength Potion","Orrery","Self Repair"],"campfire_rested":1,"item_purchase_floors":[0,0,14,14],"current_hp_per_floor":[54,48,48,44,37,7,28,1,1,40,19,19,19,19,19,0,0],"gold":29,"neow_bonus":"","is_daily":false,"chose_seed":false,"campfire_upgraded":2,"win_rate":0.0,"timestamp":1609463040,"path_taken":["M","M","?","M","M","E","R","E","T","?","?","R","?","$","R","BOSS"],"items_purchased_type":["Card","Potion","Relic","Card"],"build_version":"2020-12-22","purchased_purges":0,"victory":false,"max_hp_per_floor":[71,71,71,71,71,71,71,71,71,71,71,71,71,71,71,71,71],"card_choices":[{"not_picked":["Coolheaded","Barrage"],"picked":"Hologram","floor":1.0},{"not_picked":["Beam Cell","Darkness"],"picked":"FTL","floor":2.0},{"not_picked":["Coolheaded","Leap","Rebound"],"picked":"SKIP","floor":4.0},{"not_picked":["Ball Lightning","Storm"],"picked":"Defragment","floor":5.0},{"not_picked":["Melter","Seek"],"picked":"Defragment","floor":6.0},{"not_picked":["Consume","Hello World"],"picked":"Capacitor","floor":8.0},{"not_picked":["Coolheaded","Steam Power"],"picked":"Turbo","floor":10.0},{"not_picked":["Scrape+1","Barrage+1"],"picked":"FTL+1","floor":14.0},{"not_picked":["Sweeping Beam+1","White Noise"],"picked":"Biased Cognition","floor":14.0},{"not_picked":["Cold Snap+1","Lockon+1"],"picked":"Go for the Eyes+1","floor":14.0},{"not_picked":["Melter+1","Redo"],"picked":"Chaos","floor":14.0}],"player_experience":1219574,"relics_obtained":[{"floor":6.0,"key":"Matryoshka"},{"floor":8.0,"key":"Meat on the Bone"},{"floor":9.0,"key":"Darkstone Periapt"},{"floor":9.0,"key":"Molten Egg 2"}],"event_choices":[{"damage_healed":0.0,"max_hp_gain":0.0,"max_hp_loss":0.0,"gold_gain":0.0,"event_name":"The Woman in Blue","player_choice":"Bought 1 Potion","floor":3.0,"gold_loss":0.0,"damage_taken":0.0},{"damage_healed":40.0,"max_hp_gain":0.0,"max_hp_loss":71.0,"gold_gain":0.0,"event_name":"betterThird:BetterShining","player_choice":"Upgrade","floor":11.0,"gold_loss":0.0,"damage_taken":21.0,"cards_upgraded":["Strike_B","Hologram"]},{"damage_healed":0.0,"max_hp_gain":0.0,"max_hp_loss":0.0,"gold_gain":30.0,"event_name":"Dead Adventurer","player_choice":"Searched \u00271\u0027 times","floor":13.0,"gold_loss":0.0,"damage_taken":0.0}],"is_beta":false,"boss_relics":[],"items_purged_floors":[],"is_endless":false,"potions_floor_spawned":[5,6,10],"killed_by":"The Guardian","ascension_level":20}}