{"host":"y7sd46uq4xlni546","time":1609504906,"event":{"mods":["AchievementEnabler","BaseMod","Colored Map","Colored Powertips","Curses Come First","Filter the Spire","Minty Spire (QoL Compilation)","Quick Restart","Random Character Button","Rare Cards Sparkle","StSLib"],"gold_per_floor":[115,115,115,134,89,114,114,141,141,153,185,185,4,18,18,121,121,133,144,144,155,155,155,190,190,213,213,239,256,286,305,305,408,408,427,427,443,743,796,822,822,851,851,851,865,9,9,9,9,9],"floor_reached":51,"playtime":2737,"items_purged":[],"score":1021,"play_id":"c3f8b02e-8c6b-4529-8618-cbb6a019b222","local_time":"20210101134146","is_ascension_mode":true,"campfire_choices":[{"floor":7.0,"key":"REST"},{"floor":12.0,"key":"REST"},{"data":"A Thousand Cuts","floor":15.0,"key":"SMITH"},{"floor":23.0,"key":"REST"},{"data":"Malaise","floor":25.0,"key":"SMITH"},{"data":"Adrenaline","floor":27.0,"key":"SMITH"},{"floor":32.0,"key":"REST"},{"floor":41.0,"key":"REST"},{"floor":44.0,"key":"REST"},{"floor":49.0,"key":"RECALL"}],"circlet_count":0,"master_deck":["Strike_G+1","Strike_G+1","Strike_G+1","Strike_G+1","Strike_G+1","Defend_G+1","Defend_G+1","Defend_G+1","Defend_G+1","Defend_G+1","Survivor+1","Neutralize+1","Reflex+1","A Thousand Cuts+1","Neutralize+1","Mind Blast+1","Backstab+1","PiercingWail+1","Terror+1","Blade Dance+1","Crippling Poison+1","Adrenaline+1","Adrenaline+1","Flying Knee+1","Malaise+1","Caltrops+1","Caltrops+1","Noxious Fumes+1","Burst+1","Dark Shackles+1","Bandage Up+1","Madness+1","Cloak And Dagger+1","Dodge and Roll+1","Dash+1","Dagger Spray+1","Setup+1","Accuracy+1","Bullet Time+1","Metamorphosis+1"],"relics":["Black Star","Tingsha","Paper Crane","Lantern","Calipers","Singing Bowl","StrikeDummy","Vajra","WristBlade","Enchiridion","Anchor","Ornamental Fan","Juzu Bracelet","Bronze Scales","PreservedInsect","Molten Egg 2","Snake Skull","HoveringKite","CaptainsWheel","Art of War","Mercury Hourglass","Turnip","Oddly Smooth Stone","FossilizedHelix","Lee\u0027s Waffle","Toy Ornithopter","Mark of the Bloom"],"acts_visited":["Exordium","TheCity","TheBeyond"],"potions_floor_usage":[50,50],"damage_taken":[{"damage":8.0,"enemies":"Jaw Worm","floor":1.0,"turns":5.0},{"damage":0.0,"enemies":"2 Louse","floor":4.0,"turns":2.0},{"damage":22.0,"enemies":"3 Sentries","floor":6.0,"turns":8.0},{"damage":16.0,"enemies":"Gremlin Nob","floor":8.0,"turns":4.0},{"damage":0.0,"enemies":"Cultist","floor":10.0,"turns":2.0},{"damage":12.0,"enemies":"3 Sentries","floor":11.0,"turns":5.0},{"damage":0.0,"enemies":"Gremlin Gang","floor":14.0,"turns":3.0},{"damage":16.0,"enemies":"The Guardian","floor":16.0,"turns":9.0},{"damage":0.0,"enemies":"Spheric Guardian","floor":18.0,"turns":1.0},{"damage":0.0,"enemies":"Chosen","floor":19.0,"turns":1.0},{"damage":22.0,"enemies":"Centurion and Healer","floor":21.0,"turns":4.0},{"damage":0.0,"enemies":"Gremlin Leader","floor":24.0,"turns":4.0},{"damage":8.0,"enemies":"Book of Stabbing","floor":28.0,"turns":4.0},{"damage":0.0,"enemies":"Cultist and Chosen","floor":29.0,"turns":3.0},{"damage":0.0,"enemies":"Slavers","floor":30.0,"turns":4.0},{"damage":10.0,"enemies":"3 Cultists","floor":31.0,"turns":4.0},{"damage":45.0,"enemies":"Collector","floor":33.0,"turns":7.0},{"damage":14.0,"enemies":"3 Darklings","floor":35.0,"turns":3.0},{"damage":0.0,"enemies":"Orb Walker","floor":37.0,"turns":3.0},{"damage":15.0,"enemies":"2 Orb Walkers","floor":39.0,"turns":4.0},{"damage":19.0,"enemies":"Giant Head","floor":40.0,"turns":6.0},{"damage":19.0,"enemies":"Reptomancer","floor":42.0,"turns":5.0},{"damage":10.0,"enemies":"3 Darklings","floor":45.0,"turns":3.0},{"damage":16,"enemies":"Donu and Deca","floor":50,"turns":6}],"seed_played":"-4600388397618685429","potions_obtained":[{"floor":1.0,"key":"GamblersBrew"},{"floor":10.0,"key":"SteroidPotion"},{"floor":14.0,"key":"Poison Potion"},{"floor":19.0,"key":"Fire Potion"},{"floor":24.0,"key":"LiquidMemories"},{"floor":33.0,"key":"PowerPotion"},{"floor":39.0,"key":"Swift Potion"}],"is_trial":false,"path_per_floor":["M","?","?","M","$","E","R","E","T","M","E","R","$","M","R","B",null,"M","M","$","M","?","R","E","R","T","R","E","M","E","M","R","B",null,"M","?","M","?","?","E","R","E","T","R","M","$","?","$","R","B",null],"character_chosen":"THE_SILENT","items_purchased":["Blade Dance","Adrenaline","Flying Knee","Lee\u0027s Waffle","Accuracy","Bullet Time","Toy Ornithopter","CultistPotion","PowerPotion","Metamorphosis"],"campfire_rested":6,"item_purchase_floors":[5,13,13,46,46,46,46,46,46,46],"current_hp_per_floor":[62,62,62,62,62,40,61,45,45,47,37,59,59,61,61,45,76,78,80,80,60,44,68,68,68,68,68,62,62,62,54,79,34,86,74,64,64,64,53,38,64,49,49,75,65,95,95,95,95,79],"gold":9,"neow_bonus":"BOSS_RELIC","is_daily":false,"chose_seed":false,"campfire_upgraded":3,"win_rate":0.0,"timestamp":1609504906,"path_taken":["M","?","?","?","$","E","R","E","T","?","E","R","$","M","R","BOSS","M","?","$","M","?","R","E","R","T","R","E","M","E","M","R","BOSS","M","?","M","?","?","E","R","E","T","R","M","$","?","$","R","BOSS"],"items_purchased_type":["Card","Card","Card","Relic","Card","Card","Relic","Potion","Potion","Card"],"build_version":"2020-12-22","purchased_purges":0,"victory":true,"max_hp_per_floor":[70,70,70,70,70,70,70,70,70,72,74,74,74,76,76,76,76,78,80,80,82,82,82,82,82,82,82,84,84,84,86,86,86,86,88,88,88,88,88,88,88,88,88,88,88,95,95,95,95,95],"card_choices":[{"not_picked":["Endless Agony","Bouncing Flask"],"picked":"Reflex","floor":1.0},{"not_picked":["Eviscerate","Backflip"],"picked":"Terror","floor":4.0},{"not_picked":["Riddle With Holes","PiercingWail"],"picked":"Crippling Poison","floor":6.0},{"not_picked":["Tactician","Dodge and Roll"],"picked":"Adrenaline","floor":8.0},{"not_picked":["Quick Slash","Choke","PiercingWail"],"picked":"Singing Bowl","floor":10.0},{"not_picked":["Crippling Poison","Skewer","Backflip"],"picked":"Singing Bowl","floor":11.0},{"not_picked":["Dodge and Roll","Flying Knee","Dagger Throw"],"picked":"Singing Bowl","floor":14.0},{"not_picked":["Adrenaline","Grand Finale"],"picked":"Malaise","floor":16.0},{"not_picked":["Bane","Dagger Throw","Masterful Stab+1"],"picked":"Singing Bowl","floor":18.0},{"not_picked":["Deadly Poison","Prepared","Bane"],"picked":"Singing Bowl","floor":19.0},{"not_picked":["Sucker Punch+1","Flying Knee","Storm of Steel"],"picked":"Singing Bowl","floor":21.0},{"not_picked":["Prepared","Dagger Throw+1"],"picked":"Caltrops+1","floor":24.0},{"not_picked":["Poisoned Stab+1","Choke","All Out Attack"],"picked":"Singing Bowl","floor":28.0},{"not_picked":["Outmaneuver","Noxious Fumes"],"picked":"Caltrops+1","floor":29.0},{"not_picked":["Tactician","Predator+1"],"picked":"Noxious Fumes+1","floor":30.0},{"not_picked":["PiercingWail","Cloak And Dagger","Quick Slash+1"],"picked":"Singing Bowl","floor":31.0},{"not_picked":["Malaise","Storm of Steel"],"picked":"Burst","floor":33.0},{"not_picked":["Bane+1","Deadly Poison","Choke+1"],"picked":"Singing Bowl","floor":35.0},{"not_picked":["Transmutation","Deep Breath"],"picked":"Dark Shackles","floor":36.0},{"not_picked":["Trip","Flash of Steel+1"],"picked":"Bandage Up","floor":36.0},{"not_picked":["Panacea","Purity"],"picked":"Madness","floor":36.0},{"not_picked":["Outmaneuver+1","Finisher+1"],"picked":"Cloak And Dagger+1","floor":37.0},{"not_picked":["Setup","Finisher+1"],"picked":"Dodge and Roll+1","floor":39.0},{"not_picked":["Terror","Finisher+1"],"picked":"Dash+1","floor":40.0},{"not_picked":["Cloak And Dagger+1","Outmaneuver"],"picked":"Dagger Spray+1","floor":42.0},{"not_picked":["Acrobatics","Underhanded Strike+1"],"picked":"Setup+1","floor":45.0}],"player_experience":562710,"relics_obtained":[{"floor":6.0,"key":"Tingsha"},{"floor":6.0,"key":"Paper Crane"},{"floor":8.0,"key":"Lantern"},{"floor":8.0,"key":"Calipers"},{"floor":9.0,"key":"Singing Bowl"},{"floor":11.0,"key":"StrikeDummy"},{"floor":11.0,"key":"Vajra"},{"floor":22.0,"key":"Enchiridion"},{"floor":24.0,"key":"Anchor"},{"floor":24.0,"key":"Ornamental Fan"},{"floor":26.0,"key":"Juzu Bracelet"},{"floor":28.0,"key":"Bronze Scales"},{"floor":28.0,"key":"PreservedInsect"},{"floor":30.0,"key":"Molten Egg 2"},{"floor":30.0,"key":"Snake Skull"},{"floor":39.0,"key":"CaptainsWheel"},{"floor":40.0,"key":"Art of War"},{"floor":40.0,"key":"Mercury Hourglass"},{"floor":42.0,"key":"Turnip"},{"floor":42.0,"key":"Oddly Smooth Stone"},{"floor":43.0,"key":"FossilizedHelix"}],"event_choices":[{"damage_healed":0.0,"max_hp_gain":0.0,"max_hp_loss":0.0,"gold_gain":0.0,"event_name":"The Cleric","player_choice":"Leave","floor":2.0,"gold_loss":0.0,"damage_taken":0.0},{"damage_healed":0.0,"max_hp_gain":0.0,"max_hp_loss":0.0,"gold_gain":0.0,"event_name":"Match and Keep!","player_choice":"5 cards matched","floor":3.0,"gold_loss":0.0,"damage_taken":0.0,"cards_obtained":["A Thousand Cuts","Neutralize","Mind Blast","Backstab","PiercingWail"]},{"damage_healed":0.0,"max_hp_gain":0.0,"max_hp_loss":0.0,"gold_gain":0.0,"event_name":"Cursed Tome","player_choice":"Obtained Book","floor":22.0,"gold_loss":0.0,"damage_taken":16.0},{"damage_healed":0.0,"max_hp_gain":0.0,"max_hp_loss":0.0,"gold_gain":0.0,"event_name":"SensoryStone","player_choice":"Memory 3","floor":36.0,"gold_loss":0.0,"damage_taken":10.0},{"damage_healed":0.0,"max_hp_gain":0.0,"max_hp_loss":0.0,"gold_gain":300.0,"event_name":"Wheel of Change","player_choice":"Gold","floor":38.0,"gold_loss":0.0,"damage_taken":0.0},{"damage_healed":0.0,"max_hp_gain":0.0,"max_hp_loss":0.0,"gold_gain":0.0,"event_name":"Mysterious Sphere","player_choice":"Fight","floor":39.0,"gold_loss":0.0,"damage_taken":0.0},{"damage_healed":0.0,"max_hp_gain":0.0,"max_hp_loss":0.0,"gold_gain":0.0,"event_name":"MindBloom","player_choice":"Upgrade","floor":47.0,"gold_loss":0.0,"damage_taken":0.0,"cards_upgraded":["Strike_G","Strike_G","Strike_G","Strike_G","Strike_G","Defend_G","Defend_G","Defend_G","Defend_G","Defend_G","Survivor","Neutralize","Reflex","Neutralize","Mind Blast","Backstab","PiercingWail","Terror","Blade Dance","Crippling Poison","Adrenaline","Flying Knee","Burst","Dark Shackles","Bandage Up","Madness","Accuracy","Bullet Time","Metamorphosis"],"relics_obtained":["Mark of the Bloom"]}],"is_beta":false,"boss_relics":[{"not_picked":["Tiny House","Sozu"],"picked":"WristBlade"},{"not_picked":["Fusion Hammer","Velvet Choker"],"picked":"HoveringKite"}],"items_purged_floors":[],"is_endless":false,"potions_floor_spawned":[1,10,14,19,24,33,39],"ascension_level":3}}