{"host":"qxeepl7ydvsgmfdb","time":1609506657,"event":{"mods":["AchievementEnabler","BaseMod","Colored Powertips","Minty Spire (QoL Compilation)","Quick Restart","slay the spire mod where everything is the same but ironclad has a cowboy hat"],"gold_per_floor":[117,117,117,117,132,132,147,147,147,177,142,173,173,16,16,117,117,136,136,97,111,111,111,111,111],"floor_reached":24,"playtime":1271,"items_purged":[],"score":263,"play_id":"35f7532e-da25-45bd-a687-4775e4844b94","local_time":"20210101081057","is_ascension_mode":true,"campfire_choices":[{"floor":6,"key":"REST"},{"floor":8,"key":"REST"},{"floor":13,"key":"REST"},{"floor":15,"key":"REST"},{"floor":23,"key":"REST"}],"circlet_count":0,"master_deck":["Strike_G","Strike_G","Strike_G","Strike_G","Defend_G","Defend_G","Defend_G","Defend_G","Defend_G","Survivor","Neutralize","Dagger Throw","Corpse Explosion","Noxious Fumes","Poisoned Stab","A Thousand Cuts","Deflect","RitualDagger","Backstab","Deadly Poison","Decay"],"relics":["Ring of the Snake","White Beast Statue","Mercury Hourglass","Peace Pipe","Sling","WristBlade"],"acts_visited":["Exordium","TheCity"],"potions_floor_usage":[10,12,16,18,24,24],"damage_taken":[{"damage":9,"enemies":"Jaw Worm","floor":1,"turns":5},{"damage":4,"enemies":"Small Slimes","floor":4,"turns":4},{"damage":0,"enemies":"Cultist","floor":5,"turns":3},{"damage":33,"enemies":"Large Slime","floor":7,"turns":5},{"damage":20,"enemies":"3 Sentries","floor":10,"turns":3},{"damage":46,"enemies":"Lagavulin","floor":12,"turns":7},{"damage":38,"enemies":"Slime Boss","floor":16,"turns":9},{"damage":16,"enemies":"3 Byrds","floor":18,"turns":3},{"damage":29,"enemies":"Chosen","floor":21,"turns":5},{"damage":29,"enemies":"Slavers","floor":24,"turns":3}],"seed_played":"7682142800533459816","potions_obtained":[{"floor":0,"key":"Regen Potion"},{"floor":0,"key":"Explosive Potion"},{"floor":0,"key":"CultistPotion"},{"floor":10,"key":"Dexterity Potion"},{"floor":12,"key":"BlessingOfTheForge"},{"floor":16,"key":"ColorlessPotion"},{"floor":18,"key":"Energy Potion"}],"is_trial":false,"path_per_floor":["M","?","?","M","M","R","M","R","T","E","?","E","R","$","R","B",null,"M","?","$","M","?","R","E"],"character_chosen":"THE_SILENT","items_purchased":["Sling","Backstab"],"campfire_rested":5,"item_purchase_floors":[14,20],"current_hp_per_floor":[54,47,47,43,43,64,31,52,52,32,49,18,39,39,60,22,58,42,36,36,7,7,28,0,0],"gold":111,"neow_bonus":"THREE_SMALL_POTIONS","is_daily":false,"chose_seed":false,"campfire_upgraded":0,"win_rate":0.0,"timestamp":1609506657,"path_taken":["M","?","?","?","M","R","M","R","T","E","?","E","R","$","R","BOSS","M","?","$","M","?","R","E"],"items_purchased_type":["Relic","Card"],"build_version":"2020-12-22","purchased_purges":0,"victory":false,"max_hp_per_floor":[70,70,70,70,70,70,70,70,70,70,70,70,70,70,70,70,70,70,70,70,70,70,70,70,70],"card_choices":[{"not_picked":["Deflect","Dodge and Roll"],"picked":"Dagger Throw","floor":1},{"not_picked":["Well Laid Plans","Masterful Stab"],"picked":"Corpse Explosion","floor":5},{"not_picked":["Quick Slash","Leg Sweep"],"picked":"Noxious Fumes","floor":7},{"not_picked":["Grand Finale","Prepared","Infinite Blades"],"picked":"SKIP","floor":10},{"not_picked":["Distraction","Prepared"],"picked":"Poisoned Stab","floor":12},{"not_picked":["Night Terror","Grand Finale"],"picked":"A Thousand Cuts","floor":16},{"not_picked":["Quick Slash","Crippling Poison"],"picked":"Deflect","floor":18},{"not_picked":["Slice","Acrobatics"],"picked":"Deadly Poison","floor":21}],"player_experience":347682,"relics_obtained":[{"floor":9,"key":"White Beast Statue"},{"floor":10,"key":"Mercury Hourglass"},{"floor":12,"key":"Peace Pipe"}],"event_choices":[{"cards_removed":["Strike_G"],"damage_healed":0,"gold_gain":0,"player_choice":"Card Removal","damage_taken":7,"max_hp_gain":0,"max_hp_loss":0,"event_name":"Golden Wing","floor":2,"gold_loss":0},{"damage_healed":0,"gold_gain":0,"player_choice":"Ignored","damage_taken":0,"max_hp_gain":0,"max_hp_loss":0,"event_name":"Purifier","floor":3,"gold_loss":0},{"damage_healed":17,"gold_gain":0,"player_choice":"Healed","damage_taken":0,"max_hp_gain":0,"max_hp_loss":0,"event_name":"The Cleric","floor":11,"gold_loss":35},{"damage_healed":0,"gold_gain":0,"player_choice":"Joined the Cult","damage_taken":6,"max_hp_gain":0,"max_hp_loss":0,"event_name":"Nest","floor":19,"gold_loss":0,"cards_obtained":["RitualDagger"]},{"damage_healed":0,"gold_gain":0,"player_choice":"Cursed","damage_taken":0,"max_hp_gain":0,"max_hp_loss":0,"event_name":"Wheel of Change","floor":22,"gold_loss":0,"cards_obtained":["Decay"]}],"is_beta":false,"boss_relics":[{"not_picked":["Ring of the Serpent","HoveringKite"],"picked":"WristBlade"}],"items_purged_floors":[],"is_endless":false,"potions_floor_spawned":[10,12,16,18,21],"killed_by":"Slavers","ascension_level":6}}