{"host":"71akxjf7cjo3bhmj","time":1609507061,"event":{"mods":["AchievementEnabler","BaseMod","Colored Powertips","Minty Spire (QoL Compilation)"],"gold_per_floor":[113,113,113,123,142,171,185,205,231,266,296,14,14,30,30,130,130,143,143,161,161,10,37,37,47,47,63,79,92,124,143,143,242,242,257,257,272,272,283,283,315,315,363,363,363,376,376,376],"floor_reached":47,"playtime":4309,"items_purged":["Strike_R"],"score":559,"play_id":"d90f6b39-6e5e-4e90-980c-94d1e9e9bed8","local_time":"20210101141741","is_ascension_mode":false,"campfire_choices":[{"data":"Armaments","floor":13.0,"key":"SMITH"},{"floor":15.0,"key":"REST"},{"data":"Flex","floor":24.0,"key":"SMITH"},{"floor":32.0,"key":"REST"},{"floor":40,"key":"RECALL"},{"data":"Dark Shackles","floor":45,"key":"SMITH"}],"circlet_count":0,"master_deck":["Strike_R","Strike_R","Strike_R","Strike_R","Defend_R","Defend_R","Defend_R","Defend_R","Bash","Double Tap+1","Metallicize","Flex+1","Thunderclap","Limit Break+1","Dual Wield","Rampage","Armaments+1","Twin Strike","Thunderclap+1","RitualDagger","Iron Wave","Thunderclap","Twin Strike+1","Havoc+1","Flex","Armaments+1","Dropkick","Spot Weakness","Anger","Limit Break","Dual Wield+1","Dark Shackles+1","Impatience","Blind","Rage+1"],"relics":["Black Blood","TungstenRod","PreservedInsect","Lantern","Odd Mushroom","War Paint","Nilry\u0027s Codex","Bag of Marbles","Bag of Preparation","Meat on the Bone","Centennial Puzzle","Black Star","Omamori","Bird Faced Urn"],"acts_visited":["Exordium","TheCity","TheBeyond"],"potions_floor_usage":[46],"damage_taken":[{"damage":1.0,"enemies":"Jaw Worm","floor":1.0,"turns":3.0},{"damage":1.0,"enemies":"2 Louse","floor":4.0,"turns":4.0},{"damage":3.0,"enemies":"Cultist","floor":5.0,"turns":3.0},{"damage":17.0,"enemies":"Gremlin Nob","floor":6.0,"turns":4.0},{"damage":18.0,"enemies":"Large Slime","floor":7.0,"turns":7.0},{"damage":15.0,"enemies":"3 Louse","floor":8.0,"turns":4.0},{"damage":12.0,"enemies":"Lagavulin","floor":10.0,"turns":8.0},{"damage":14.0,"enemies":"The Mushroom Lair","floor":11.0,"turns":4.0},{"damage":0.0,"enemies":"Exordium Wildlife","floor":14.0,"turns":5.0},{"damage":15.0,"enemies":"Slime Boss","floor":16.0,"turns":11.0},{"damage":21.0,"enemies":"Spheric Guardian","floor":18.0,"turns":5.0},{"damage":5.0,"enemies":"Chosen","floor":20.0,"turns":4.0},{"damage":35.0,"enemies":"Book of Stabbing","floor":23.0,"turns":5.0},{"damage":21.0,"enemies":"Snake Plant","floor":25.0,"turns":5.0},{"damage":20.0,"enemies":"Shelled Parasite and Fungi","floor":27.0,"turns":5.0},{"damage":11.0,"enemies":"Centurion and Healer","floor":28.0,"turns":2.0},{"damage":6.0,"enemies":"Chosen and Byrds","floor":29.0,"turns":4.0},{"damage":5.0,"enemies":"Slavers","floor":30.0,"turns":1.0},{"damage":13.0,"enemies":"Snecko","floor":31.0,"turns":4.0},{"damage":68.0,"enemies":"Automaton","floor":33.0,"turns":8.0},{"damage":7.0,"enemies":"3 Shapes","floor":35.0,"turns":3.0},{"damage":5.0,"enemies":"Orb Walker","floor":37.0,"turns":2.0},{"damage":6,"enemies":"4 Shapes","floor":39,"turns":4},{"damage":11,"enemies":"Giant Head","floor":41,"turns":4},{"damage":61,"enemies":"3 Darklings","floor":46,"turns":7},{"damage":58,"enemies":"Nemesis","floor":47,"turns":4}],"seed_played":"-3142162935916674726","potions_obtained":[{"floor":4.0,"key":"ColorlessPotion"},{"floor":5.0,"key":"DuplicationPotion"},{"floor":6.0,"key":"Ancient Potion"},{"floor":10.0,"key":"Energy Potion"},{"floor":11.0,"key":"Explosive Potion"},{"floor":18.0,"key":"AttackPotion"},{"floor":28.0,"key":"Strength Potion"},{"floor":31.0,"key":"BlessingOfTheForge"},{"floor":37,"key":"Ancient Potion"},{"floor":41,"key":"Dexterity Potion"}],"is_trial":false,"path_per_floor":["M","?","?","M","M","E","M","M","T","E","?","$","R","M","R","B",null,"M","?","M","?","$","E","R","M","T","M","M","M","E","M","R","B",null,"M","?","M","?","M","R","E","?","T","?","R","M","E"],"character_chosen":"IRONCLAD","items_purchased":["Armaments","War Paint","Bag of Marbles"],"campfire_rested":2,"item_purchase_floors":[12,12,22],"current_hp_per_floor":[80,85,85,85,85,74,62,53,53,47,39,39,39,45,70,61,85,76,71,78,66,66,43,43,34,34,38,51,57,64,63,85,41,85,85,85,85,85,85,85,85,76,76,76,76,41,0,0],"gold":376,"neow_bonus":"ONE_RANDOM_RARE_CARD","is_daily":false,"chose_seed":false,"campfire_upgraded":3,"win_rate":0.0,"timestamp":1609507061,"path_taken":["M","?","?","M","?","E","M","M","T","E","?","$","R","M","R","BOSS","M","?","M","?","?","E","R","M","T","M","M","?","E","M","R","BOSS","M","?","M","?","M","R","E","?","T","?","R","M","E"],"items_purchased_type":["Card","Relic","Relic"],"build_version":"2020-12-22","purchased_purges":1,"victory":false,"max_hp_per_floor":[80,85,85,85,85,85,85,85,85,85,85,85,85,85,85,85,85,85,85,85,85,85,85,85,85,85,85,85,85,85,85,85,85,85,85,85,85,85,85,85,85,85,85,85,85,85,85,85],"card_choices":[{"not_picked":["Thunderclap","Sever Soul"],"picked":"Metallicize","floor":1.0},{"not_picked":["Uppercut","Carnage"],"picked":"Flex","floor":4.0},{"not_picked":["Warcry","True Grit"],"picked":"Thunderclap","floor":5.0},{"not_picked":["Bloodletting","Exhume"],"picked":"Limit Break","floor":6.0},{"not_picked":["Shrug It Off","Wild Strike"],"picked":"Dual Wield","floor":7.0},{"not_picked":["Twin Strike","True Grit"],"picked":"Iron Wave","floor":8.0},{"not_picked":["Warcry","Brutality","Havoc"],"picked":"SKIP","floor":10.0},{"not_picked":["Pummel","Perfected Strike"],"picked":"Rampage","floor":11.0},{"not_picked":["Cleave","Combust"],"picked":"Twin Strike","floor":14.0},{"not_picked":["Immolate","Fiend Fire"],"picked":"Offering","floor":16.0},{"not_picked":["Dropkick","Havoc"],"picked":"Thunderclap+1","floor":18.0},{"not_picked":["Cleave","Headbutt+1"],"picked":"Iron Wave","floor":20.0},{"not_picked":["Blood for Blood+1","Bludgeon"],"picked":"Thunderclap","floor":23.0},{"not_picked":["Perfected Strike","Shrug It Off"],"picked":"Twin Strike+1","floor":25.0},{"not_picked":["Pommel Strike","Searing Blow"],"picked":"Havoc+1","floor":27.0},{"not_picked":["Power Through","Cleave"],"picked":"Flex","floor":28.0},{"not_picked":["Wild Strike","Perfected Strike"],"picked":"Armaments+1","floor":29.0},{"not_picked":["Power Through","Clash"],"picked":"Dropkick","floor":30.0},{"not_picked":["Warcry+1","Bludgeon"],"picked":"Spot Weakness","floor":31.0},{"not_picked":["Shockwave","Iron Wave","Wild Strike+1"],"picked":"SKIP","floor":35.0},{"not_picked":["Cleave","Wild Strike+1"],"picked":"Anger","floor":37},{"not_picked":["Shrug It Off","Sword Boomerang+1"],"picked":"Limit Break","floor":39},{"not_picked":["Carnage+1","Havoc"],"picked":"Dual Wield+1","floor":41},{"not_picked":["Transmutation","Blind"],"picked":"Dark Shackles","floor":42},{"not_picked":["Dramatic Entrance","Mayhem"],"picked":"Impatience","floor":42},{"not_picked":["Jack Of All Trades","Bandage Up"],"picked":"Blind","floor":42},{"not_picked":["Burning Pact+1","Cleave"],"picked":"Rage+1","floor":46}],"player_experience":126849,"relics_obtained":[{"floor":6.0,"key":"TungstenRod"},{"floor":9.0,"key":"PreservedInsect"},{"floor":10.0,"key":"Lantern"},{"floor":11.0,"key":"Odd Mushroom"},{"floor":21.0,"key":"Nilry\u0027s Codex"},{"floor":23.0,"key":"Bag of Preparation"},{"floor":26.0,"key":"Meat on the Bone"},{"floor":30.0,"key":"Centennial Puzzle"},{"floor":41,"key":"Omamori"},{"floor":41,"key":"Bird Faced Urn"}],"event_choices":[{"damage_healed":0.0,"max_hp_gain":5.0,"max_hp_loss":0.0,"gold_gain":0.0,"event_name":"Big Fish","player_choice":"Donut","floor":2.0,"gold_loss":0.0,"damage_taken":0.0},{"damage_healed":0.0,"max_hp_gain":0.0,"max_hp_loss":0.0,"gold_gain":0.0,"event_name":"NoteForYourself","player_choice":"Ignored","floor":3.0,"gold_loss":0.0,"damage_taken":0.0},{"damage_healed":0.0,"max_hp_gain":0.0,"max_hp_loss":0.0,"gold_gain":0.0,"event_name":"Mushrooms","player_choice":"Fought Mushrooms","floor":11.0,"gold_loss":0.0,"damage_taken":0.0},{"damage_healed":0.0,"max_hp_gain":0.0,"max_hp_loss":0.0,"gold_gain":0.0,"event_name":"Nest","player_choice":"Joined the Cult","floor":19.0,"gold_loss":0.0,"damage_taken":6.0,"cards_obtained":["RitualDagger"]},{"damage_healed":0.0,"max_hp_gain":0.0,"max_hp_loss":0.0,"gold_gain":0.0,"event_name":"Cursed Tome","player_choice":"Obtained Book","floor":21.0,"gold_loss":0.0,"damage_taken":16.0},{"damage_healed":0.0,"max_hp_gain":0.0,"max_hp_loss":0.0,"gold_gain":0.0,"event_name":"Tomb of Lord Red Mask","player_choice":"Ignored","floor":36.0,"gold_loss":0.0,"damage_taken":0.0},{"cards_removed":["Iron Wave"],"damage_healed":0,"gold_gain":0,"player_choice":"Removed Attack","damage_taken":0,"max_hp_gain":0,"max_hp_loss":0,"event_name":"Falling","floor":38,"gold_loss":0},{"damage_healed":0,"gold_gain":0,"player_choice":"Memory 3","damage_taken":10,"max_hp_gain":0,"max_hp_loss":0,"event_name":"SensoryStone","floor":42,"gold_loss":0},{"cards_removed":["Offering"],"damage_healed":0,"gold_gain":0,"player_choice":"Purged","damage_taken":0,"max_hp_gain":0,"max_hp_loss":0,"event_name":"Purifier","floor":44,"gold_loss":0}],"is_beta":false,"boss_relics":[{"not_picked":["Snecko Eye","Runic Dome"],"picked":"Black Blood"},{"not_picked":["SlaversCollar","Runic Cube"],"picked":"Black Star"}],"items_purged_floors":[12],"is_endless":false,"potions_floor_spawned":[4,5,6,10,11,18,28,31,37,41],"killed_by":"Nemesis","ascension_level":0}}