{"host":"mjmsgaxkb56jw5c5","time":1609506386,"event":{"mods":["AchievementEnabler","Aspiration","BaseMod","Colored Powertips","Conspire","Downfall","Hubris","Minty Spire (QoL Compilation)","Replay The Spire","StSLib","The Jungle"],"gold_per_floor":[113,113,126,56,231,265,278,278,278],"floor_reached":8,"playtime":300,"items_purged":[],"score":73,"play_id":"802b7842-00a5-4326-aa96-60c78680bd87","local_time":"20210101140626","is_ascension_mode":true,"campfire_choices":[],"circlet_count":0,"master_deck":["Strike_R","Strike_R","Strike_R","Strike_R","Defend_R","Defend_R","Defend_R","Defend_R","Bash","ReplayTheSpireMod:LeadingStrike","Heavy Blade","Clothesline","Hemokinesis","Doubt","Whirlwind","Shockwave"],"relics":["Burning Blood","Ancient Tea Set"],"acts_visited":["Exordium"],"potions_floor_usage":[3,7],"damage_taken":[{"damage":7,"enemies":"2 Louse","floor":1,"turns":3},{"damage":18,"enemies":"Jaw Worm","floor":3,"turns":3},{"damage":51,"enemies":"3 Sentries","floor":6,"turns":10},{"damage":5,"enemies":"Cultist","floor":7,"turns":4},{"damage":15,"enemies":"Gremlin Nob","floor":8,"turns":3}],"seed_played":"7010379092844774498","potions_obtained":[{"floor":1,"key":"PowerPotion"},{"floor":6,"key":"Guardian:BlockOnCardUsePotion"}],"is_trial":false,"path_per_floor":["M","?","M","$","?","E","M","E"],"character_chosen":"IRONCLAD","items_purchased":["Hemokinesis"],"campfire_rested":0,"item_purchase_floors":[4],"current_hp_per_floor":[71,71,59,59,59,14,15,0,0],"gold":278,"neow_bonus":"TRANSFORM_CARD","is_daily":false,"chose_seed":false,"campfire_upgraded":0,"win_rate":0.0,"timestamp":1609506386,"path_taken":["M","?","M","?","?","E","M","E"],"items_purchased_type":["Card"],"build_version":"2020-12-22","purchased_purges":0,"victory":false,"max_hp_per_floor":[80,80,80,80,80,80,80,80,80],"card_choices":[{"not_picked":["Battle Trance","Entrench"],"picked":"Heavy Blade","floor":1},{"not_picked":["Sword Boomerang","Disarm"],"picked":"Clothesline","floor":3},{"not_picked":["Replay:Undeath\u0027s Touch","Reckless Charge"],"picked":"Whirlwind","floor":6},{"not_picked":["Sentinel","Dropkick"],"picked":"Shockwave","floor":7}],"player_experience":239361,"relics_obtained":[{"floor":6,"key":"Ancient Tea Set"}],"event_choices":[{"damage_healed":0,"gold_gain":0,"player_choice":"Bought 0 Potions","damage_taken":0,"max_hp_gain":0,"max_hp_loss":0,"event_name":"The Woman in Blue","floor":2,"gold_loss":0},{"damage_healed":0,"gold_gain":175,"player_choice":"AGREE","damage_taken":0,"max_hp_gain":0,"max_hp_loss":0,"event_name":"Liars Game","floor":5,"gold_loss":0,"cards_obtained":["Doubt"]}],"is_beta":false,"boss_relics":[],"items_purged_floors":[],"is_endless":false,"potions_floor_spawned":[1,6],"killed_by":"Gremlin Nob","ascension_level":6}}