{"host":"873t0y8ybyo38pfq","time":1609541362,"event":{"mods":["BaseMod","Bestiary","Colored Map","Colored Powertips","Highlight Path","Minty Spire (QoL Compilation)","Quick Restart","RNG Fix","Rare Cards Sparkle","Relic Stats","StSLib"],"gold_per_floor":[115,129,129,42,67,94,94,112,137,75,55,55,55],"floor_reached":12,"playtime":274,"items_purged":[],"score":152,"play_id":"0f54a5f0-e9a7-427b-b0ff-ea61b95de69c","local_time":"20210101174922","is_ascension_mode":true,"campfire_choices":[{"data":"Echo Form","floor":7,"key":"SMITH"}],"circlet_count":0,"master_deck":["AscendersBane","Strike_B","Strike_B","Strike_B","Strike_B","Defend_B","Defend_B","Defend_B","Defend_B","Zap","Dualcast","White Noise","Heatsinks","Darkness","Echo Form+1","Hello World","White Noise","Undo"],"relics":["Cracked Core","Strawberry","Bottled Lightning","Centennial Puzzle"],"acts_visited":["Exordium"],"potions_floor_usage":[],"damage_taken":[{"damage":1.0,"enemies":"Cultist","floor":1.0,"turns":3.0},{"damage":9.0,"enemies":"2 Louse","floor":2.0,"turns":3.0},{"damage":30.0,"enemies":"Lagavulin","floor":6.0,"turns":6.0},{"damage":0,"enemies":"Small Slimes","floor":8,"turns":4},{"damage":44,"enemies":"3 Sentries","floor":12,"turns":6}],"seed_played":"7582731722646501814","potions_obtained":[{"floor":1.0,"key":"Fruit Juice"},{"floor":2.0,"key":"SkillPotion"},{"floor":11,"key":"SteroidPotion"}],"is_trial":false,"path_per_floor":["M","M","?","$","T","E","R","M","T","?","?","E"],"character_chosen":"DEFECT","items_purchased":["Hello World"],"campfire_rested":0,"item_purchase_floors":[4],"current_hp_per_floor":[63,54,54,54,66,36,36,36,36,36,36,0,0],"gold":55,"neow_bonus":"THREE_CARDS","is_daily":false,"chose_seed":false,"campfire_upgraded":1,"win_rate":0.0,"timestamp":1609541362,"path_taken":["M","?","?","?","?","E","R","?","T","?","?","E"],"items_purchased_type":["Card"],"build_version":"2020-12-22","purchased_purges":0,"victory":false,"max_hp_per_floor":[71,71,71,71,83,83,83,83,83,83,83,83,83],"relic_stats":{"Centennial Puzzle":[3],"counters":[5,22],"obtain_stats":[{"Centennial Puzzle":9,"Strawberry":5,"Bottled Lightning":6,"Cracked Core":0},{"Centennial Puzzle":4,"Strawberry":2,"Bottled Lightning":3,"Cracked Core":0},{"Centennial Puzzle":16,"Strawberry":6,"Bottled Lightning":12,"Cracked Core":0}]},"card_choices":[{"not_picked":["Coolheaded","Sweeping Beam"],"picked":"White Noise","floor":0.0},{"not_picked":["Coolheaded","Static Discharge"],"picked":"Heatsinks","floor":1.0},{"not_picked":["Ball Lightning","Skim"],"picked":"Darkness","floor":2.0},{"not_picked":["Hello World","Steam"],"picked":"White Noise","floor":6},{"not_picked":["Gash","FTL"],"picked":"Undo","floor":8}],"player_experience":1477070,"relics_obtained":[{"floor":5.0,"key":"Strawberry"},{"floor":6,"key":"Bottled Lightning"},{"floor":9,"key":"Centennial Puzzle"}],"event_choices":[{"damage_healed":0.0,"max_hp_gain":0.0,"max_hp_loss":0.0,"gold_gain":0.0,"event_name":"Match and Keep!","player_choice":"1 cards matched","floor":3.0,"gold_loss":0.0,"damage_taken":0.0,"cards_obtained":["Echo Form"]},{"damage_healed":0,"gold_gain":0,"player_choice":"Left Gold","damage_taken":0,"max_hp_gain":0,"max_hp_loss":0,"event_name":"World of Goop","floor":10,"gold_loss":62},{"damage_healed":0,"gold_gain":0,"player_choice":"Bought 1 Potion","damage_taken":0,"max_hp_gain":0,"max_hp_loss":0,"event_name":"The Woman in Blue","floor":11,"gold_loss":0}],"is_beta":false,"boss_relics":[],"items_purged_floors":[],"is_endless":false,"potions_floor_spawned":[1,2],"killed_by":"3 Sentries","ascension_level":20}}