{"host":"49c2zf0lajbcs427","time":1609530888,"event":{"mods":["AchievementEnabler","BaseMod","Colored Map","Colored Powertips","Highlight Path","Key Reminder","Minty Spire (QoL Compilation)","Relic Stats","StSLib"],"gold_per_floor":[111,111,131,143,143,143,168,168,168,93,93,93,124,141,141,217,217,228,243,243,243,74,74,105,105,105],"floor_reached":25,"playtime":1364,"items_purged":[],"score":499,"play_id":"a383b545-abab-4859-8f46-522135307363","local_time":"20210102085448","is_ascension_mode":true,"campfire_choices":[{"data":"Spot Weakness","floor":6,"key":"SMITH"},{"data":"Perfected Strike","floor":8,"key":"SMITH"},{"floor":15,"key":"REST"},{"data":"Limit Break","floor":23,"key":"SMITH"}],"circlet_count":0,"master_deck":["AscendersBane","Bash+1","Spot Weakness+1","Heavy Blade","Headbutt","Disarm+1","Demon Form","True Grit","Limit Break+1","Flex","Havoc","Battle Trance","Shrug It Off","Carnage","Twin Strike","Second Wind","Second Wind","Pummel","Rage"],"relics":["SlaversCollar","Dead Branch","keyreminder:keyreminder","Kunai","Anchor","Nloth\u0027s Gift","Ancient Tea Set","Bottled Tornado"],"acts_visited":["Exordium","TheCity"],"potions_floor_usage":[7,13,18,24,25],"damage_taken":[{"damage":2,"enemies":"Small Slimes","floor":1,"turns":5},{"damage":1,"enemies":"Cultist","floor":3,"turns":3},{"damage":7,"enemies":"Jaw Worm","floor":4,"turns":3},{"damage":15,"enemies":"Gremlin Nob","floor":7,"turns":3},{"damage":9,"enemies":"Lagavulin","floor":13,"turns":5},{"damage":0,"enemies":"Large Slime","floor":14,"turns":3},{"damage":0,"enemies":"Slime Boss","floor":16,"turns":6},{"damage":20,"enemies":"Spheric Guardian","floor":18,"turns":4},{"damage":0,"enemies":"Chosen","floor":19,"turns":3},{"damage":24,"enemies":"Gremlin Leader","floor":24,"turns":4},{"damage":23,"enemies":"Centurion and Healer","floor":25,"turns":2}],"seed_played":"-8644219006594058967","potions_obtained":[{"floor":3,"key":"GamblersBrew"},{"floor":4,"key":"CultistPotion"},{"floor":14,"key":"Strength Potion"},{"floor":19,"key":"BlessingOfTheForge"},{"floor":24,"key":"ColorlessPotion"}],"is_trial":false,"path_per_floor":["M","?","M","M","?","R","E","R","T","?","$","?","E","M","R","B",null,"M","M","?","?","$","R","E","M"],"character_chosen":"IRONCLAD","items_purchased":["Ancient Tea Set"],"campfire_rested":1,"item_purchase_floors":[22],"current_hp_per_floor":[66,66,65,58,58,58,43,43,43,43,43,20,11,11,33,33,65,45,45,45,45,45,45,21,0,0],"gold":105,"neow_bonus":"BOSS_RELIC","is_daily":false,"chose_seed":false,"campfire_upgraded":3,"win_rate":0.0,"timestamp":1609530888,"path_taken":["M","?","M","?","?","R","E","R","T","?","$","?","E","M","R","BOSS","M","M","?","?","$","R","E","M"],"items_purchased_type":["Relic"],"build_version":"2020-12-22","purchased_purges":0,"victory":false,"max_hp_per_floor":[75,75,75,75,75,75,75,75,75,75,75,75,75,75,75,75,75,75,75,75,75,75,75,75,75,75],"relic_stats":{"counters":[11,41],"Dead Branch":[27],"Nloth\u0027s Gift":1,"Kunai":[3],"obtain_stats":[{"keyreminder:keyreminder":7,"SlaversCollar":0,"Anchor":13,"Dead Branch":7,"Pandora\u0027s Box":17,"Nloth\u0027s Gift":21,"Kunai":9,"Bottled Tornado":24,"Ancient Tea Set":22,"Burning Blood":0},{"keyreminder:keyreminder":4,"SlaversCollar":0,"Anchor":5,"Dead Branch":4,"Pandora\u0027s Box":7,"Nloth\u0027s Gift":9,"Kunai":4,"Bottled Tornado":10,"Ancient Tea Set":9,"Burning Blood":0},{"keyreminder:keyreminder":14,"SlaversCollar":0,"Anchor":19,"Dead Branch":14,"Pandora\u0027s Box":28,"Nloth\u0027s Gift":35,"Kunai":14,"Bottled Tornado":39,"Ancient Tea Set":35,"Burning Blood":0}]},"card_choices":[{"not_picked":["Flex","Burning Pact"],"picked":"Perfected Strike","floor":1},{"not_picked":["Havoc","Sever Soul"],"picked":"Heavy Blade","floor":3},{"not_picked":["Iron Wave","Anger"],"picked":"Headbutt","floor":4},{"not_picked":["Havoc","Hemokinesis"],"picked":"Disarm","floor":7},{"not_picked":["Perfected Strike","Sentinel"],"picked":"Demon Form","floor":13},{"not_picked":["Cleave","Warcry"],"picked":"True Grit","floor":14},{"not_picked":["Brutality","Exhume"],"picked":"Limit Break","floor":16},{"not_picked":["Clothesline","Headbutt"],"picked":"Second Wind","floor":18},{"not_picked":["Entrench","Uppercut"],"picked":"Second Wind","floor":19},{"not_picked":["Limit Break","Iron Wave","Perfected Strike"],"picked":"SKIP","floor":24}],"player_experience":2222838,"relics_obtained":[{"floor":7,"key":"Dead Branch"},{"floor":9,"key":"Kunai"},{"floor":13,"key":"Anchor"},{"floor":24,"key":"Bottled Tornado"}],"event_choices":[{"damage_healed":0,"gold_gain":0,"cards_transformed":["Defend_R"],"player_choice":"Transformed","damage_taken":0,"max_hp_gain":0,"max_hp_loss":0,"event_name":"Transmorgrifier","floor":2,"gold_loss":0,"cards_obtained":["Spot Weakness"]},{"damage_healed":0,"gold_gain":0,"player_choice":"Grow","damage_taken":0,"max_hp_gain":0,"max_hp_loss":0,"event_name":"Living Wall","floor":5,"gold_loss":0,"cards_upgraded":["Bash"]},{"cards_removed":["Strike_R"],"damage_healed":0,"gold_gain":0,"player_choice":"Card Removal","damage_taken":0,"max_hp_gain":0,"max_hp_loss":0,"event_name":"The Cleric","floor":10,"gold_loss":75},{"damage_healed":0,"gold_gain":0,"player_choice":"Entered Light","damage_taken":23,"max_hp_gain":0,"max_hp_loss":0,"event_name":"Shining Light","floor":12,"gold_loss":0,"cards_upgraded":["Strike_R","Disarm"]},{"damage_healed":0,"gold_gain":0,"cards_transformed":["Perfected Strike","Dropkick"],"player_choice":"Became Test Subject","damage_taken":0,"max_hp_gain":0,"max_hp_loss":0,"event_name":"Drug Dealer","floor":20,"gold_loss":0,"cards_obtained":["Pummel","Rage"]},{"damage_healed":0,"gold_gain":0,"player_choice":"Traded Relic","damage_taken":0,"relics_obtained":["Nloth\u0027s Gift"],"max_hp_gain":0,"max_hp_loss":0,"event_name":"N\u0027loth","floor":21,"relics_lost":["Pandora\u0027s Box"],"gold_loss":0}],"is_beta":false,"boss_relics":[{"not_picked":["Empty Cage","Calling Bell"],"picked":"Pandora\u0027s Box"}],"items_purged_floors":[],"is_endless":false,"potions_floor_spawned":[3,4,14,19,24],"killed_by":"Centurion and Healer","ascension_level":16}}