{"host":"5gc11emcm5chfr5t","time":1609540888,"event":{"mods":["2.2 Compatiblity","AchievementEnabler","BaseMod","Bestiary","Better Note","Colored Map","Colored Powertips","Downfall","Googly Eyes","Minty Spire (QoL Compilation)","Rare Cards Sparkle","StSLib"],"gold_per_floor":[99,99,99,99,399,16,16,16,33,33,33],"floor_reached":10,"playtime":301,"items_purged":[],"score":204,"play_id":"3288817c-ff09-4a32-8190-922e7f068158","local_time":"20210101174128","is_ascension_mode":true,"campfire_choices":[{"floor":1,"key":"RECALL"}],"circlet_count":0,"master_deck":["AscendersBane","sneckomod:Strike","sneckomod:Strike","sneckomod:Strike","sneckomod:Defend","sneckomod:Defend","sneckomod:Defend","sneckomod:TailWhip","sneckomod:SnekBite","sneckomod:Unknown","sneckomod:Unknown","sneckomod:UnknownWeak","sneckomod:DiceBlock","sneckomod:DiceCrush","Slimebound:Icky","Slimebound:Icky","Slimebound:Icky","sneckomod:SoulRoll","sneckomod:ImprovisedAttack","Guardian:Aged","hexamod:Haunted","sneckomod:MorePower","Slimebound:WasteNot","sneckomod:UnknownUncommonAttack+1","sneckomod:QuickBite"],"relics":["sneckomod:SneckoSoul","downfall:HeartsMalice","Mummified Hand"],"acts_visited":["Exordium"],"potions_floor_usage":[],"damage_taken":[{"damage":0,"enemies":"Jaw Worm","floor":2,"turns":1},{"damage":0,"enemies":"downfall:FleeingMerchant","floor":3,"turns":1},{"damage":0,"enemies":"Small Slimes","floor":4,"turns":1},{"damage":0,"enemies":"downfall:FleeingMerchant","floor":6,"turns":4},{"damage":0,"enemies":"Cultist","floor":9,"turns":2},{"damage":80,"enemies":"Lagavulin","floor":10,"turns":8}],"seed_played":"1001563759521627955","potions_obtained":[{"floor":9,"key":"sneckomod:OffclassReductionPotion"}],"is_trial":false,"path_per_floor":["R","M","$","M","?","$","T","?","M","E"],"character_chosen":"THE_SNECKO","items_purchased":["Mummified Hand","sneckomod:ImprovisedAttack"],"campfire_rested":0,"item_purchase_floors":[6,6],"current_hp_per_floor":[75,76,76,76,76,76,76,76,77,0,0],"gold":33,"neow_bonus":"THREE_ENEMY_KILL","is_daily":false,"chose_seed":false,"campfire_upgraded":0,"win_rate":0.0,"timestamp":1609540888,"path_taken":["R","M","$","M","?","$","T","?","M","E"],"items_purchased_type":["Relic","Card"],"build_version":"2020-12-22","purchased_purges":0,"victory":false,"max_hp_per_floor":[83,84,84,84,84,84,84,84,85,85,85],"card_choices":[{"not_picked":["sneckomod:UnknownBlock","sneckomod:DiceCrush"],"picked":"sneckomod:UnknownWeak","floor":2},{"not_picked":["sneckomod:UnknownBlock","sneckomod:Unknown1Cost"],"picked":"sneckomod:DiceBlock","floor":3},{"not_picked":["sneckomod:DiceBlock","sneckomod:UnknownX"],"picked":"sneckomod:DiceCrush","floor":4},{"not_picked":["sneckomod:SerpentMind","sneckomod:UnknownUncommonSkill"],"picked":"sneckomod:SoulRoll","floor":6},{"not_picked":["sneckomod:Unknown2Cost+1","sneckomod:UnknownVulnerable+1"],"picked":"sneckomod:UnknownUncommonAttack+1","floor":9},{"not_picked":["sneckomod:DiceBlock","sneckomod:Nope"],"picked":"sneckomod:QuickBite","floor":9}],"player_experience":519329,"relics_obtained":[],"event_choices":[],"is_beta":false,"boss_relics":[],"items_purged_floors":[],"is_endless":false,"potions_floor_spawned":[9],"killed_by":"Lagavulin","ascension_level":20}}