{"host":"jydwu1shxxemady1","time":1609497435,"event":{"mods":["BaseMod","Colored Powertips","Conspire","Downfall","Hermit","Highlight Path","Marisa£®ÏF”Í°°ƒß¿Ì…≥£©","Minty Spire (QoL Compilation)","READ ME - Guardian Mod","Replay The Spire","Shop Mod","StSLib","TestMod","The Bladedancer","The Cursed","The Servant 0.9.4"],"gold_per_floor":[110,10,285,122,169,169,235,235,259,295,295,314,393,405,405,494,494,529,529,529,36,36,73,73,141,141,203,203,251,251,265,265,283,283],"floor_reached":33,"playtime":13318,"items_purged":[],"score":835,"play_id":"42286f33-f9e5-4ec3-9769-a0e3b2ec37c6","local_time":"20210101183715","is_ascension_mode":true,"campfire_choices":[{"data":"Noxious Fumes","floor":6,"key":"SMITH"},{"floor":8,"key":"REST"},{"data":"conspire:SpireCoStock","floor":11,"key":"SMITH"},{"floor":15,"key":"REST"},{"floor":28,"key":"REST"},{"data":"conspire:SpireCoStock","floor":30,"key":"SMITH"},{"data":"Catalyst","floor":30,"key":"SMITH"},{"data":"After Image","floor":32,"key":"SMITH"},{"data":"Accuracy","floor":32,"key":"SMITH"}],"circlet_count":0,"master_deck":["AscendersBane","Strike_G","Strike_G","Strike_G","Strike_G","Strike_G","Defend_G","Defend_G","Defend_G","Defend_G","Defend_G","Survivor","Neutralize","Regret","Infinite Blades","conspire:SpireCoStock+1","conspire:SpireCoStock+1","Regret","Noxious Fumes+1","Masterful Stab","Slice","Poisoned Stab","Accuracy+1","After Image+1","AbeCurse","Flying Knee","Voices","Slice","Catalyst+1","Quick Slash","ReplayTheSpireMod:Speed Training","Blade Dance","ReplayTheSpireMod:Exploit Weakness+1"],"relics":["Ring of the Snake","testmod-TestBox","testmod-IncinerationGenerator","testmod-ArcanaOfDestiny","testmod-Faith","Pet Ghost","Iron Hammer","Lantern","Replay:Bottled Flurry","ReplayTheSpireMod:TigerMarble","Abe\u0027s Treasure","Ring of Peace","Ring of Misfortune","MutagenicStrength","Frozen Egg 2","Toy Ornithopter","Chemical X","StrikeDummy","Boot","Pantograph","Replay:Arrowhead","testmod-TurbochargingSystem"],"acts_visited":["Exordium","TheCity"],"potions_floor_usage":[10,13,16,23,23,23,25],"damage_taken":[{"damage":1,"enemies":"Jaw Worm","floor":1,"turns":4},{"damage":13,"enemies":"2 Louse","floor":5,"turns":3},{"damage":37,"enemies":"Lagavulin","floor":7,"turns":9},{"damage":5,"enemies":"Gremlin Nob","floor":10,"turns":3},{"damage":0,"enemies":"Cultist","floor":12,"turns":2},{"damage":13,"enemies":"Lagavulin","floor":13,"turns":5},{"damage":0,"enemies":"Large Slime","floor":14,"turns":3},{"damage":21,"enemies":"Slime Boss","floor":16,"turns":8},{"damage":9,"enemies":"Spheric Guardian","floor":18,"turns":6},{"damage":0,"enemies":"Slavers","floor":23,"turns":6},{"damage":41,"enemies":"Gremlin Leader","floor":25,"turns":6},{"damage":12,"enemies":"Book of Stabbing","floor":27,"turns":5},{"damage":0,"enemies":"Slavers","floor":29,"turns":6},{"damage":0,"enemies":"3 Byrds","floor":31,"turns":5},{"damage":28,"enemies":"conspire:MysteriousRune","floor":33,"turns":10}],"seed_played":"-7852205963703835257","potions_obtained":[{"floor":1,"key":"champ:CounterPotion"},{"floor":7,"key":"testmod-TimePotion"},{"floor":14,"key":"Energy Potion"},{"floor":18,"key":"EntropicBrew"},{"floor":23,"key":"Slimebound:ThreeZeroPotion"}],"is_trial":false,"path_per_floor":["M","?","?","$","M","R","E","R","T","E","R","M","E","M","R","B",null,"M","?","?","$","T","E","?","E","T","E","R","E","R","M","R","B"],"character_chosen":"THE_SILENT","items_purchased":["testmod-Faith","Pet Ghost","Frozen Egg 2","Toy Ornithopter","Chemical X"],"campfire_rested":3,"item_purchase_floors":[4,4,21,21,21],"current_hp_per_floor":[58,58,58,58,45,45,8,27,27,22,22,22,9,9,28,7,51,42,42,42,42,42,57,57,21,21,9,28,28,28,28,28,0,0],"gold":283,"neow_bonus":"RANDOM_EVENT","is_daily":false,"chose_seed":false,"campfire_upgraded":6,"win_rate":0.0,"timestamp":1609497435,"path_taken":["M","?","?","$","M","R","E","R","T","E","R","M","E","?","R","BOSS","M","?","?","$","?","E","?","E","T","E","R","E","R","?","R","BOSS"],"items_purchased_type":["Relic","Relic","Relic","Relic","Relic"],"build_version":"2020-12-22","purchased_purges":0,"victory":false,"max_hp_per_floor":[66,66,66,66,66,66,66,66,66,66,66,66,66,66,66,66,66,66,66,66,66,66,66,66,66,66,66,66,66,66,66,66,66,66],"card_choices":[{"not_picked":["Sneak Up","Eviscerate"],"picked":"Infinite Blades","floor":1},{"not_picked":["Distraction","Terror"],"picked":"Noxious Fumes","floor":5},{"not_picked":["Expertise","Dodge and Roll"],"picked":"Masterful Stab","floor":7},{"not_picked":["Acrobatics","Prepared","Concentrate"],"picked":"SKIP","floor":10},{"not_picked":["Acrobatics","Cloak And Dagger"],"picked":"Slice","floor":12},{"not_picked":["Dagger Throw","Leg Sweep"],"picked":"Poisoned Stab","floor":13},{"not_picked":["Tactician","Outmaneuver"],"picked":"Accuracy","floor":14},{"not_picked":["Replay:Bag of Tricks","Grand Finale"],"picked":"After Image","floor":16},{"not_picked":["Flechettes","ReplayTheSpireMod:Scrap Shanks"],"picked":"Flying Knee","floor":18},{"not_picked":["Draining Mist","Sucker Punch"],"picked":"Slice","floor":23},{"not_picked":["Deflect","PiercingWail"],"picked":"Quick Slash","floor":25},{"not_picked":["Deflect","Backflip"],"picked":"ReplayTheSpireMod:Speed Training","floor":27},{"not_picked":["Cloak And Dagger","Setup"],"picked":"Blade Dance","floor":29},{"not_picked":["Slice","Outmaneuver"],"picked":"ReplayTheSpireMod:Exploit Weakness+1","floor":31}],"player_experience":591608,"relics_obtained":[{"floor":7,"key":"Iron Hammer"},{"floor":9,"key":"Lantern"},{"floor":10,"key":"Replay:Bottled Flurry"},{"floor":13,"key":"ReplayTheSpireMod:TigerMarble"},{"floor":19,"key":"Ring of Peace"},{"floor":19,"key":"Ring of Misfortune"},{"floor":23,"key":"StrikeDummy"},{"floor":25,"key":"Boot"},{"floor":26,"key":"Pantograph"},{"floor":27,"key":"Replay:Arrowhead"},{"floor":29,"key":"testmod-TurbochargingSystem"}],"event_choices":[{"damage_healed":0,"gold_gain":0,"player_choice":"Box","damage_taken":0,"relics_obtained":["testmod-ArcanaOfDestiny"],"max_hp_gain":0,"max_hp_loss":0,"event_name":"Big Fish","floor":0,"gold_loss":0,"cards_obtained":["Regret"]},{"damage_healed":0,"gold_gain":0,"player_choice":"Invest 2","damage_taken":0,"max_hp_gain":0,"max_hp_loss":0,"event_name":"conspire:Investor","floor":2,"gold_loss":0},{"damage_healed":0,"gold_gain":275,"player_choice":"Desecrate","damage_taken":0,"max_hp_gain":0,"max_hp_loss":0,"event_name":"Golden Shrine","floor":3,"gold_loss":0,"cards_obtained":["Regret"]},{"damage_healed":0,"gold_gain":0,"player_choice":"Inject Mutagens","damage_taken":0,"relics_obtained":["MutagenicStrength"],"max_hp_gain":0,"max_hp_loss":0,"event_name":"Drug Dealer","floor":20,"gold_loss":0},{"damage_healed":0,"gold_gain":0,"player_choice":"Read","damage_taken":0,"max_hp_gain":0,"max_hp_loss":0,"event_name":"The Library","floor":24,"gold_loss":0,"cards_obtained":["Catalyst"]}],"is_beta":false,"boss_relics":[{"not_picked":["testmod-KeyOfTheVoid","Sozu"],"picked":"Abe\u0027s Treasure"}],"items_purged_floors":[],"is_endless":false,"potions_floor_spawned":[1,7,14,18,23],"killed_by":"conspire:MysteriousRune","ascension_level":18}}