{"host":"uv231blk40vjdojr","time":1609538148,"event":{"mods":["BaseMod","Minty Spire (QoL Compilation)","Relic Stats"],"gold_per_floor":[119,139,151,226,1,28,28,55,79,95,95,111,131,164,164,294,294,313,6,31,31,49,49,49],"floor_reached":23,"playtime":1013,"items_purged":["Strike_G"],"score":382,"play_id":"c8115c13-4827-4903-beb8-1b9c59dfff64","local_time":"20210101225548","is_ascension_mode":true,"campfire_choices":[{"floor":15,"key":"REST"}],"circlet_count":0,"master_deck":["AscendersBane","Defend_G","Defend_G","Defend_G","Defend_G","Defend_G","Survivor","Neutralize","Flying Knee","Quick Slash","Endless Agony+1","Poisoned Stab","Catalyst","Well Laid Plans","Predator","Crippling Poison","Caltrops","Malaise","Bite","Bite","Bite","Bite","Bite"],"relics":["Ring of the Snake","FossilizedHelix","Bronze Scales","Akabeko","Smiling Mask","Golden Idol","Kunai","Velvet Choker","Frozen Egg 2"],"acts_visited":["Exordium","TheCity"],"potions_floor_usage":[6,14,16,22],"damage_taken":[{"damage":0,"enemies":"Cultist","floor":1,"turns":4},{"damage":0,"enemies":"2 Louse","floor":2,"turns":4},{"damage":2,"enemies":"Small Slimes","floor":3,"turns":3},{"damage":9,"enemies":"3 Sentries","floor":6,"turns":7},{"damage":15,"enemies":"Lagavulin","floor":8,"turns":7},{"damage":0,"enemies":"3 Louse","floor":10,"turns":2},{"damage":0,"enemies":"Exordium Wildlife","floor":12,"turns":2},{"damage":0,"enemies":"Blue Slaver","floor":13,"turns":3},{"damage":0,"enemies":"Gremlin Nob","floor":14,"turns":3},{"damage":27,"enemies":"The Guardian","floor":16,"turns":10},{"damage":11,"enemies":"2 Thieves","floor":18,"turns":4},{"damage":10,"enemies":"Shell Parasite","floor":20,"turns":3},{"damage":10,"enemies":"3 Cultists","floor":22,"turns":5},{"damage":36,"enemies":"Gremlin Leader","floor":23,"turns":4}],"seed_played":"-4206092319394234240","potions_obtained":[{"floor":3,"key":"AttackPotion"},{"floor":8,"key":"Swift Potion"},{"floor":10,"key":"Fire Potion"},{"floor":18,"key":"SkillPotion"}],"is_trial":false,"path_per_floor":["M","M","M","?","$","E","?","E","T","M","?","M","M","E","R","B",null,"M","$","M","?","M","E"],"character_chosen":"THE_SILENT","items_purchased":["Poisoned Stab","Catalyst","Well Laid Plans","Block Potion","Frozen Egg 2"],"campfire_rested":1,"item_purchase_floors":[5,5,5,5,19],"current_hp_per_floor":[63,63,61,50,50,41,41,26,26,26,26,26,26,26,43,16,48,37,37,27,27,27,0,0],"gold":49,"neow_bonus":"ONE_RARE_RELIC","is_daily":false,"chose_seed":false,"campfire_upgraded":0,"win_rate":0.0,"timestamp":1609538148,"path_taken":["M","M","M","?","$","E","?","E","T","M","?","M","M","E","R","BOSS","M","$","M","?","M","E"],"items_purchased_type":["Card","Card","Card","Potion","Relic"],"build_version":"2020-12-22","purchased_purges":1,"victory":false,"max_hp_per_floor":[63,63,63,63,63,63,63,63,63,63,58,58,58,58,58,58,58,58,58,58,40,40,40,40],"relic_stats":{"counters":[14,61],"Golden Idol":53,"Bronze Scales":[120],"Kunai":[12],"Smiling Mask":25,"obtain_stats":[{"Golden Idol":11,"Bronze Scales":6,"Velvet Choker":17,"Kunai":14,"Frozen Egg 2":19,"Smiling Mask":9,"FossilizedHelix":0,"Akabeko":8,"Ring of the Snake":0},{"Golden Idol":6,"Bronze Scales":4,"Velvet Choker":10,"Kunai":9,"Frozen Egg 2":11,"Smiling Mask":5,"FossilizedHelix":0,"Akabeko":5,"Ring of the Snake":0},{"Golden Idol":27,"Bronze Scales":18,"Velvet Choker":45,"Kunai":35,"Frozen Egg 2":49,"Smiling Mask":25,"FossilizedHelix":0,"Akabeko":25,"Ring of the Snake":0}],"Ring of the Snake":[31]},"card_choices":[{"not_picked":["Acrobatics","Eviscerate"],"picked":"Flying Knee","floor":1},{"not_picked":["Acrobatics","Masterful Stab"],"picked":"Quick Slash","floor":2},{"not_picked":["Infinite Blades","Dodge and Roll"],"picked":"Endless Agony","floor":3},{"not_picked":["Acrobatics","Quick Slash","Backflip"],"picked":"SKIP","floor":6},{"not_picked":["Expertise","Acrobatics"],"picked":"Predator","floor":8},{"not_picked":["Outmaneuver","Infinite Blades"],"picked":"Crippling Poison","floor":10},{"not_picked":["Malaise","Dodge and Roll","Dagger Throw"],"picked":"SKIP","floor":12},{"not_picked":["Predator","Choke"],"picked":"Caltrops","floor":13},{"not_picked":["Dagger Spray","All Out Attack","Dagger Throw"],"picked":"SKIP","floor":14},{"not_picked":["Grand Finale","Burst"],"picked":"Malaise","floor":16},{"not_picked":["Predator+1","Quick Slash","Poisoned Stab"],"picked":"SKIP","floor":18},{"not_picked":["Bane","Prepared+1","Dash"],"picked":"SKIP","floor":20},{"not_picked":["Predator","Sucker Punch","Backstab"],"picked":"SKIP","floor":22}],"player_experience":547866,"relics_obtained":[{"floor":6,"key":"Bronze Scales"},{"floor":8,"key":"Akabeko"},{"floor":9,"key":"Smiling Mask"},{"floor":14,"key":"Kunai"}],"event_choices":[{"damage_healed":0,"gold_gain":75,"player_choice":"Gather Gold","damage_taken":11,"max_hp_gain":0,"max_hp_loss":0,"event_name":"World of Goop","floor":4,"gold_loss":0},{"damage_healed":0,"gold_gain":0,"player_choice":"Grow","damage_taken":0,"max_hp_gain":0,"max_hp_loss":0,"event_name":"Living Wall","floor":7,"gold_loss":0,"cards_upgraded":["Endless Agony"]},{"damage_healed":0,"gold_gain":0,"player_choice":"Lose Max HP","damage_taken":0,"relics_obtained":["Golden Idol"],"max_hp_gain":0,"max_hp_loss":5,"event_name":"Golden Idol","floor":11,"gold_loss":0},{"damage_healed":0,"gold_gain":0,"player_choice":"Became a vampire","damage_taken":0,"max_hp_gain":0,"max_hp_loss":18,"event_name":"Vampires","floor":21,"gold_loss":0,"cards_obtained":["Bite","Bite","Bite","Bite","Bite"]}],"is_beta":false,"boss_relics":[{"not_picked":["Empty Cage","Philosopher\u0027s Stone"],"picked":"Velvet Choker"}],"items_purged_floors":[19],"is_endless":false,"potions_floor_spawned":[3,8,10,13,18],"killed_by":"Gremlin Leader","ascension_level":10}}