{"host":"tq7pufgtqftqw8yr","time":1609517568,"event":{"mods":["BaseMod","Downfall","Minty Spire (QoL Compilation)","StSLib"],"gold_per_floor":[99,114,131,41,60,60,60,60,235,85,96,96,122,134,153,153,153,153],"floor_reached":16,"playtime":2059,"items_purged":[],"score":102,"play_id":"c209c6ce-4c9f-4557-b7a6-0b8a4941c1fe","local_time":"20210102001248","is_ascension_mode":false,"campfire_choices":[{"floor":1,"key":"RECALL"},{"data":"Guardian:Planning","floor":6,"key":"SMITH"},{"data":"Guardian:EvasiveProtocol","floor":8,"key":"SMITH"},{"floor":10,"key":"REST"},{"data":"Guardian:PrismaticBeam","floor":12,"key":"SMITH"}],"circlet_count":0,"master_deck":["Guardian:Strike_Guardian","Guardian:Strike_Guardian","Guardian:Strike_Guardian","Guardian:Defend_Guardian","Guardian:Defend_Guardian","Guardian:Defend_Guardian","Guardian:Defend_Guardian","Guardian:CurlUp","Guardian:TwinSlam","Guardian:StasisField","Guardian:Planning+1","Guardian:PrismaticBeam+1","Guardian:EvasiveProtocol+1","Doubt","Guardian:TemporalStrike","Guardian:Gem_Lightblue"],"relics":["Guardian:ModeShifter","downfall:HeartBlessingRed","downfall:HeartBlessingBlue","Guardian:PickAxe"],"acts_visited":["Exordium"],"potions_floor_usage":[13,14],"damage_taken":[{"damage":0,"enemies":"Cultist","floor":2,"turns":4},{"damage":8,"enemies":"2 Louse","floor":3,"turns":4},{"damage":0,"enemies":"downfall:FleeingMerchant","floor":4,"turns":4},{"damage":4,"enemies":"Small Slimes","floor":5,"turns":6},{"damage":5,"enemies":"3 Louse","floor":11,"turns":3},{"damage":47,"enemies":"Gremlin Nob","floor":13,"turns":6},{"damage":0,"enemies":"Gremlin Gang","floor":14,"turns":5},{"damage":19,"enemies":"Large Slime","floor":15,"turns":7},{"damage":27,"enemies":"downfall:Ironclad","floor":16,"turns":6}],"seed_played":"-8993201250175147919","potions_obtained":[{"floor":3,"key":"Energy Potion"},{"floor":11,"key":"Swift Potion"}],"is_trial":false,"path_per_floor":["R","M","M","$","M","R","T","R","?","R","M","R","E","M","M","B"],"character_chosen":"GUARDIAN","items_purchased":["Guardian:EvasiveProtocol"],"campfire_rested":1,"item_purchase_floors":[4],"current_hp_per_floor":[80,80,72,72,68,68,68,68,68,90,85,85,38,38,19,0,0,0],"gold":153,"neow_bonus":"TRANSFORM_CARD","is_daily":false,"chose_seed":false,"campfire_upgraded":3,"win_rate":0.0,"timestamp":1609517568,"path_taken":["R","M","M","$","?","R","T","R","?","R","M","R","E","M","M","BOSS"],"items_purchased_type":["Card"],"build_version":"2020-12-22","purchased_purges":0,"victory":false,"max_hp_per_floor":[80,80,80,80,80,80,80,80,80,90,90,90,90,90,90,90,90,90],"card_choices":[{"not_picked":["Guardian:RollAttack","Guardian:ChargeUp"],"picked":"Guardian:Gem_Red","floor":2},{"not_picked":["Guardian:WalkerClaw","Guardian:DonusPower"],"picked":"Guardian:Planning","floor":3},{"not_picked":["Guardian:PiercingHide","Guardian:ShieldCharger"],"picked":"Guardian:PrismaticBeam","floor":4},{"not_picked":["Guardian:Gem_Fragmented","Guardian:ShieldCharger"],"picked":"Guardian:Gem_Crimson","floor":5},{"not_picked":["Guardian:FierceBash","Guardian:Reroute"],"picked":"Guardian:Gem_Blue","floor":11},{"not_picked":["Guardian:Emergency","Guardian:RollAttack","Guardian:ShieldCharger"],"picked":"SKIP","floor":13},{"not_picked":["Guardian:Suspension","Guardian:RollAttack"],"picked":"Guardian:TemporalStrike","floor":14},{"not_picked":["Guardian:Clone","Guardian:Repulse"],"picked":"Guardian:Gem_Lightblue","floor":15}],"player_experience":801365,"relics_obtained":[{"floor":13,"key":"Guardian:PickAxe"}],"event_choices":[],"is_beta":false,"boss_relics":[],"items_purged_floors":[],"is_endless":false,"potions_floor_spawned":[3,11],"killed_by":"downfall:Ironclad","ascension_level":0}}