{"host":"vl29iwkwnyytuw8q","time":1609544463,"event":{"mods":["BaseMod","Minty Spire (QoL Compilation)","Permanent Neow","Relic Stats","StSLib"],"gold_per_floor":[99,99,99,99,99,99,99,99,99,99,99,18,18,18,18,18,18,18,18,18,18,18,18,18,18,18,18,18,18,18,18,18,18,18,18,18,18,18,18,18,18,18,18,18,18,18,18,18,18,18],"floor_reached":51,"playtime":1671,"items_purged":[],"score":1195,"play_id":"00766eae-0c11-40d0-a11b-facb455bc4eb","local_time":"20210102004103","is_ascension_mode":true,"campfire_choices":[{"data":"Spot Weakness","floor":6.0,"key":"SMITH"},{"floor":10.0,"key":"REST"},{"data":"Limit Break","floor":15.0,"key":"SMITH"},{"floor":23.0,"key":"REST"},{"floor":25.0,"key":"REST"},{"floor":30.0,"key":"REST"},{"data":"Demon Form","floor":32.0,"key":"SMITH"},{"floor":40.0,"key":"REST"},{"floor":49,"key":"REST"}],"circlet_count":0,"master_deck":["AscendersBane","Strike_R","Strike_R","Strike_R","Defend_R","Defend_R","Defend_R","Defend_R","Bash","Shrug It Off","Anger","Spot Weakness+1","Battle Trance","Clothesline","Sword Boomerang","Rage","Limit Break+1","Flame Barrier","Demon Form+1","Burning Pact+1","Body Slam+1","Offering","Disarm","Reaper","Shockwave","Limit Break","Parasite","Double Tap","Uppercut+1","Sadistic Nature"],"relics":["Ectoplasm","Matryoshka","Odd Mushroom","Bag of Marbles","Akabeko","Nunchaku","Mark of Pain","Dream Catcher","Vajra","Fusion Hammer","Magic Flower","Incense Burner","Bottled Tornado"],"acts_visited":["Exordium","TheCity","TheBeyond"],"potions_floor_usage":[50,50],"damage_taken":[{"damage":1.0,"enemies":"Cultist","floor":1.0,"turns":3.0},{"damage":0.0,"enemies":"2 Louse","floor":3.0,"turns":4.0},{"damage":0.0,"enemies":"Small Slimes","floor":4.0,"turns":3.0},{"damage":12.0,"enemies":"Exordium Wildlife","floor":5.0,"turns":4.0},{"damage":0.0,"enemies":"Exordium Thugs","floor":7.0,"turns":4.0},{"damage":5.0,"enemies":"The Mushroom Lair","floor":8.0,"turns":4.0},{"damage":10.0,"enemies":"Gremlin Nob","floor":11.0,"turns":3.0},{"damage":22.0,"enemies":"3 Sentries","floor":14.0,"turns":5.0},{"damage":4.0,"enemies":"The Guardian","floor":16.0,"turns":8.0},{"damage":13.0,"enemies":"3 Byrds","floor":18.0,"turns":6.0},{"damage":21.0,"enemies":"Spheric Guardian","floor":19.0,"turns":5.0},{"damage":11.0,"enemies":"Snecko","floor":20.0,"turns":5.0},{"damage":24.0,"enemies":"Snake Plant","floor":24.0,"turns":2.0},{"damage":19.0,"enemies":"Sentry and Sphere","floor":27.0,"turns":4.0},{"damage":7.0,"enemies":"Cultist and Chosen","floor":28.0,"turns":5.0},{"damage":6.0,"enemies":"Snake Plant","floor":29.0,"turns":2.0},{"damage":16.0,"enemies":"Centurion and Healer","floor":31.0,"turns":6.0},{"damage":31.0,"enemies":"Automaton","floor":33.0,"turns":6.0},{"damage":21.0,"enemies":"3 Shapes","floor":35.0,"turns":9.0},{"damage":11.0,"enemies":"Orb Walker","floor":38.0,"turns":3.0},{"damage":46.0,"enemies":"Writhing Mass","floor":39.0,"turns":10.0},{"damage":9.0,"enemies":"Giant Head","floor":42.0,"turns":5.0},{"damage":66.0,"enemies":"Reptomancer","floor":44.0,"turns":4.0},{"damage":2,"enemies":"Maw","floor":45,"turns":5},{"damage":49,"enemies":"Awakened One","floor":50,"turns":6}],"seed_played":"-3887188080778239451","potions_obtained":[{"floor":4.0,"key":"BloodPotion"},{"floor":7.0,"key":"ColorlessPotion"},{"floor":11.0,"key":"Strength Potion"},{"floor":19.0,"key":"DistilledChaos"},{"floor":27.0,"key":"Fire Potion"},{"floor":33.0,"key":"Explosive Potion"},{"floor":35.0,"key":"DuplicationPotion"}],"is_trial":false,"path_per_floor":["M","T","M","M","M","R","M","?","T","R","E","$","?","E","R","B",null,"M","M","M","?","$","R","M","R","T","M","M","M","R","M","R","B",null,"M","$","?","M","M","R","$","E","T","E","M","$","?","$","R","B",null],"character_chosen":"IRONCLAD","items_purchased":["Limit Break"],"campfire_rested":6,"item_purchase_floors":[12],"current_hp_per_floor":[71,71,71,71,59,59,59,54,54,78,68,68,73,51,51,47,76,63,42,31,31,31,56,32,57,57,38,31,25,50,50,50,47,76,85,85,85,85,52,77,77,85,85,70,85,85,85,85,85,36],"gold":18,"neow_bonus":"BOSS_RELIC","is_daily":false,"chose_seed":false,"campfire_upgraded":3,"win_rate":0.0,"timestamp":1609544463,"path_taken":["M","?","M","M","M","R","M","?","T","R","E","$","?","E","R","BOSS","M","M","M","?","?","R","M","R","T","?","M","M","R","?","R","BOSS","M","?","?","M","M","R","$","E","T","E","?","?","?","$","R","BOSS"],"items_purchased_type":["Card"],"build_version":"2020-12-22","purchased_purges":0,"victory":true,"max_hp_per_floor":[80,80,80,80,80,80,80,80,80,80,80,80,85,85,85,85,85,85,85,85,85,85,85,85,85,85,85,85,85,85,85,85,85,85,85,85,85,85,85,85,85,85,85,85,85,85,85,85,85,85],"relic_stats":{"Nunchaku":[14],"Dream Catcher":3,"counters":[25,121],"Magic Flower":[9],"Ectoplasm":578,"obtain_stats":[{"Vajra":26,"Magic Flower":42,"Incense Burner":43,"Odd Mushroom":8,"Bottled Tornado":44,"Burning Blood":0,"Akabeko":11,"Nunchaku":14,"Dream Catcher":26,"Matryoshka":2,"Ectoplasm":0,"Mark of Pain":17,"Fusion Hammer":34,"Bag of Marbles":9},{"Vajra":13,"Magic Flower":22,"Incense Burner":22,"Odd Mushroom":6,"Bottled Tornado":23,"Burning Blood":0,"Akabeko":7,"Nunchaku":8,"Dream Catcher":13,"Matryoshka":1,"Ectoplasm":0,"Mark of Pain":9,"Fusion Hammer":18,"Bag of Marbles":6},{"Vajra":56,"Magic Flower":106,"Incense Burner":106,"Odd Mushroom":22,"Bottled Tornado":110,"Burning Blood":0,"Akabeko":25,"Nunchaku":30,"Dream Catcher":56,"Matryoshka":3,"Ectoplasm":0,"Mark of Pain":38,"Fusion Hammer":79,"Bag of Marbles":22}]},"card_choices":[{"not_picked":["Clash","Body Slam"],"picked":"Shrug It Off","floor":1.0},{"not_picked":["Second Wind","Headbutt"],"picked":"Anger","floor":3.0},{"not_picked":["Cleave","Sword Boomerang"],"picked":"Spot Weakness","floor":4.0},{"not_picked":["Thunderclap","Evolve"],"picked":"Battle Trance","floor":5.0},{"not_picked":["Infernal Blade","Flex"],"picked":"Clothesline","floor":7.0},{"not_picked":["Body Slam","Feel No Pain"],"picked":"Sword Boomerang","floor":8.0},{"not_picked":["Anger","Infernal Blade"],"picked":"Rage","floor":11.0},{"not_picked":["Thunderclap","Inflame"],"picked":"Flame Barrier","floor":14.0},{"not_picked":["Corruption","Limit Break"],"picked":"Demon Form","floor":16.0},{"not_picked":["Pummel","Shrug It Off"],"picked":"Burning Pact+1","floor":18.0},{"not_picked":["Wild Strike","Pommel Strike"],"picked":"Body Slam+1","floor":19.0},{"not_picked":["Clash+1","Dark Embrace","Cleave"],"picked":"SKIP","floor":20.0},{"not_picked":["Second Wind","Dropkick","Evolve"],"picked":"SKIP","floor":24.0},{"not_picked":["Flex","True Grit","Dropkick"],"picked":"SKIP","floor":27.0},{"not_picked":["True Grit","Cleave"],"picked":"Disarm","floor":28.0},{"not_picked":["True Grit","Anger"],"picked":"Reaper","floor":29.0},{"not_picked":["Battle Trance+1","Anger"],"picked":"Shockwave","floor":31.0},{"not_picked":["Barricade","Impervious"],"picked":"Limit Break","floor":33.0},{"not_picked":["Anger","True Grit","Warcry+1"],"picked":"SKIP","floor":35.0},{"not_picked":["Rage+1","Clothesline","Feel No Pain"],"picked":"SKIP","floor":38.0},{"not_picked":["Shockwave","Perfected Strike","Cleave+1"],"picked":"SKIP","floor":39.0},{"not_picked":["Wild Strike","Body Slam+1"],"picked":"Double Tap","floor":42.0},{"not_picked":["Combust","Iron Wave+1"],"picked":"Uppercut+1","floor":44.0},{"not_picked":["Feel No Pain","Heavy Blade+1","Flex"],"picked":"SKIP","floor":45},{"not_picked":["Transmutation","Dark Shackles"],"picked":"Sadistic Nature","floor":47}],"player_experience":612925,"relics_obtained":[{"floor":2.0,"key":"Matryoshka"},{"floor":8.0,"key":"Odd Mushroom"},{"floor":9.0,"key":"Bag of Marbles"},{"floor":11.0,"key":"Akabeko"},{"floor":14.0,"key":"Nunchaku"},{"floor":26.0,"key":"Dream Catcher"},{"floor":26.0,"key":"Vajra"},{"floor":42.0,"key":"Magic Flower"},{"floor":43.0,"key":"Incense Burner"},{"floor":44.0,"key":"Bottled Tornado"}],"event_choices":[{"damage_healed":0.0,"max_hp_gain":0.0,"max_hp_loss":0.0,"gold_gain":0.0,"event_name":"Mushrooms","player_choice":"Fought Mushrooms","floor":8.0,"gold_loss":0.0,"damage_taken":0.0},{"damage_healed":0.0,"max_hp_gain":5.0,"max_hp_loss":0.0,"gold_gain":0.0,"event_name":"Big Fish","player_choice":"Donut","floor":13.0,"gold_loss":0.0,"damage_taken":0.0},{"damage_healed":0.0,"max_hp_gain":0.0,"max_hp_loss":0.0,"gold_gain":0.0,"cards_transformed":["Strike_R"],"event_name":"Transmorgrifier","player_choice":"Transformed","floor":21.0,"gold_loss":0.0,"damage_taken":0.0,"cards_obtained":["Offering"]},{"cards_removed":["Strike_R"],"damage_healed":0.0,"max_hp_gain":0.0,"max_hp_loss":0.0,"gold_gain":0.0,"event_name":"Purifier","player_choice":"Purged","floor":37.0,"gold_loss":0.0,"damage_taken":0.0},{"damage_healed":0,"gold_gain":0,"player_choice":"Memory 1","damage_taken":0,"max_hp_gain":0,"max_hp_loss":0,"event_name":"SensoryStone","floor":47,"gold_loss":0}],"is_beta":false,"boss_relics":[{"not_picked":["Runic Cube","Runic Dome"],"picked":"Mark of Pain"},{"not_picked":["Snecko Eye","Coffee Dripper"],"picked":"Fusion Hammer"}],"items_purged_floors":[],"is_endless":false,"potions_floor_spawned":[4,7,11,14,16,18,19,27,33,35,38,39],"ascension_level":13}}