{"host":"phniwng9zo19jwdb","time":1609498251,"event":{"mods":["AchievementEnabler","BaseMod","Colored Powertips","Faster Ascension Climbing","GifTheSpireLib","Minty Spire (QoL Compilation)","Permanent Neow","Rare Cards Sparkle","Somnambulant","StSLib"],"gold_per_floor":[114,189,202,10,22,22,51,63,102,127,169,181,226,256,268,355,367,399,461,492,504,536,548,587,610,622,645,685,708,720,760,772,857,869,900,912,924,954,497,530,542,888,934,959,959,959,169,189,189,189],"floor_reached":51,"playtime":2168,"items_purged":["Strike_G","Strike_G"],"score":1693,"play_id":"380f269a-06e8-40cc-b9b3-883fab982987","local_time":"20210101115051","is_ascension_mode":true,"campfire_choices":[{"data":"Apotheosis","floor":6.0,"key":"SMITH"},{"floor":8.0,"key":"REST"},{"data":"Envenom","floor":15.0,"key":"SMITH"},{"data":"Adrenaline","floor":23,"key":"SMITH"},{"data":"Malaise","floor":30,"key":"SMITH"},{"data":"Distraction","floor":32,"key":"SMITH"},{"data":"Prepared","floor":45,"key":"SMITH"},{"data":"Mayhem","floor":49,"key":"SMITH"}],"circlet_count":0,"master_deck":["AscendersBane","Defend_G","Defend_G","Defend_G","Defend_G","Defend_G","Survivor","Neutralize","Slice","Adrenaline+1","Blade Dance","Backstab","Apotheosis+1","Prepared+1","Backstab","Backflip","Malaise+1","Envenom+1","Backflip","Glass Knife","Distraction+1","Venomology","Blade Dance+1","Noxious Fumes","Accuracy","Venomology","Backstab","Flash of Steel","Adrenaline+1","Mayhem+1","Noxious Fumes","Backstab+1","Tactician+1"],"relics":["Ring of the Snake","MawBank","Blood Vial","Dead Branch","Snake Skull","SlaversCollar","MutagenicStrength","Torii","Mercury Hourglass","PreservedInsect","Strawberry","WristBlade","ClockworkSouvenir","Letter Opener","Vajra","Old Coin","Toy Ornithopter","Prayer Wheel","Mummified Hand","DollysMirror"],"acts_visited":["Exordium","TheCity","TheBeyond"],"potions_floor_usage":[24,25,27,28,33,35,38,40,40,40,40,41,42,42,42,44,44,44,44,48,48,48,50,50,50,50],"damage_taken":[{"damage":1.0,"enemies":"2 Louse","floor":1.0,"turns":3.0},{"damage":0.0,"enemies":"Cultist","floor":3.0,"turns":3.0},{"damage":1.0,"enemies":"Small Slimes","floor":5.0,"turns":3.0},{"damage":5.0,"enemies":"3 Sentries","floor":7.0,"turns":7.0},{"damage":0.0,"enemies":"Exordium Thugs","floor":10.0,"turns":4.0},{"damage":2.0,"enemies":"Gremlin Nob","floor":11.0,"turns":3.0},{"damage":2.0,"enemies":"3 Sentries","floor":13.0,"turns":4.0},{"damage":0.0,"enemies":"3 Louse","floor":14.0,"turns":1.0},{"damage":1.0,"enemies":"Hexaghost","floor":16.0,"turns":5.0},{"damage":2.0,"enemies":"Shell Parasite","floor":18.0,"turns":5.0},{"damage":0,"enemies":"Spheric Guardian","floor":20,"turns":1},{"damage":1,"enemies":"Chosen and Byrds","floor":22,"turns":3},{"damage":1,"enemies":"Book of Stabbing","floor":24,"turns":3},{"damage":0,"enemies":"Centurion and Healer","floor":25,"turns":2},{"damage":0,"enemies":"Snake Plant","floor":27,"turns":3},{"damage":0,"enemies":"Gremlin Leader","floor":28,"turns":4},{"damage":0,"enemies":"Shelled Parasite and Fungi","floor":29,"turns":3},{"damage":0,"enemies":"Book of Stabbing","floor":31,"turns":2},{"damage":11,"enemies":"Collector","floor":33,"turns":4},{"damage":0,"enemies":"3 Darklings","floor":35,"turns":2},{"damage":6,"enemies":"Orb Walker","floor":38,"turns":2},{"damage":0,"enemies":"Nemesis","floor":40,"turns":3},{"damage":0,"enemies":"Spire Growth","floor":41,"turns":2},{"damage":0,"enemies":"2 Orb Walkers","floor":42,"turns":1},{"damage":0,"enemies":"Reptomancer","floor":44,"turns":2},{"damage":0,"enemies":"Transient","floor":48,"turns":5},{"damage":0,"enemies":"Donu and Deca","floor":50,"turns":3}],"seed_played":"-8722209132076021734","potions_obtained":[{"floor":1.0,"key":"SkillPotion"},{"floor":7.0,"key":"Ancient Potion"},{"floor":10.0,"key":"Dexterity Potion"},{"floor":11.0,"key":"CunningPotion"},{"floor":13.0,"key":"BlessingOfTheForge"},{"floor":18,"key":"SkillPotion"},{"floor":25,"key":"GhostInAJar"},{"floor":27,"key":"LiquidMemories"},{"floor":31,"key":"DuplicationPotion"},{"floor":42,"key":"BlessingOfTheForge"},{"floor":48,"key":"SpeedPotion"}],"is_trial":false,"path_per_floor":["M","?","M","$","M","R","E","R","T","M","E","?","E","M","R","B",null,"M","?","M","?","M","R","E","M","T","M","E","M","R","E","R","B",null,"M","?","?","M","$","E","M","?","T","E","R","?","$","M","R","B",null],"character_chosen":"THE_SILENT","items_purchased":["Apotheosis","ClockworkSouvenir","Letter Opener","Mummified Hand","DollysMirror","Mayhem","Noxious Fumes","Swift Potion"],"campfire_rested":1,"item_purchase_floors":[4,39,39,47,47,47,47,47],"current_hp_per_floor":[43,32,32,32,31,31,26,45,45,47,47,47,47,49,49,50,62,62,62,64,64,65,65,65,66,66,66,66,66,66,73,73,62,70,72,69,69,63,63,65,67,69,69,69,69,59,59,69,69,69],"gold":189,"neow_bonus":"TRANSFORM_TWO_CARDS","is_daily":false,"chose_seed":false,"campfire_upgraded":7,"win_rate":0.0,"timestamp":1609498251,"path_taken":["M","?","M","$","M","R","E","R","T","M","E","?","E","M","R","BOSS","M","?","M","?","M","R","E","M","T","?","E","M","R","E","R","BOSS","M","?","?","M","$","E","M","?","T","E","R","?","$","M","R","BOSS"],"items_purchased_type":["Card","Relic","Relic","Relic","Relic","Card","Card","Potion"],"build_version":"2020-12-22","purchased_purges":2,"victory":true,"max_hp_per_floor":[66,66,66,66,66,66,66,66,66,66,66,66,66,66,66,66,66,66,66,66,66,66,66,66,66,66,66,66,66,66,73,73,73,73,73,69,69,69,69,69,69,69,69,69,69,69,69,69,69,69],"card_choices":[{"not_picked":["Choke","All Out Attack"],"picked":"Blade Dance","floor":1.0},{"not_picked":["Sucker Punch","Calculated Gamble"],"picked":"Backstab","floor":3.0},{"not_picked":["Quick Slash","Choke"],"picked":"Prepared","floor":5.0},{"not_picked":["Blur","Wraith Form v2"],"picked":"Backstab","floor":7.0},{"not_picked":["Catalyst","Slice"],"picked":"Backflip","floor":10.0},{"not_picked":["Backflip","Prepared"],"picked":"Malaise","floor":11.0},{"not_picked":["Noxious Fumes","Backstab"],"picked":"Envenom","floor":13.0},{"not_picked":["Outmaneuver","Dagger Throw"],"picked":"Backflip","floor":14.0},{"not_picked":["Doppelganger","Phantasmal Killer"],"picked":"Glass Knife","floor":16.0},{"not_picked":["Underhanded Strike+1","Poisoned Stab"],"picked":"Distraction","floor":18},{"not_picked":["Quick Slash","Prepared","Outmaneuver"],"picked":"SKIP","floor":20},{"not_picked":["Choke","Underhanded Strike+1"],"picked":"Venomology","floor":22},{"not_picked":["Accuracy","Tactician"],"picked":"Blade Dance+1","floor":24},{"not_picked":["Dagger Spray","Flechettes"],"picked":"Noxious Fumes","floor":25},{"not_picked":["Bane+1","Catalyst"],"picked":"Accuracy","floor":27},{"not_picked":["Reflex","Flechettes","Flying Knee"],"picked":"SKIP","floor":28},{"not_picked":["Dagger Spray","Blade Dance","Heel Hook"],"picked":"SKIP","floor":29},{"not_picked":["Dodge and Roll","Slice","Predator"],"picked":"SKIP","floor":31},{"not_picked":["Night Terror","Corpse Explosion"],"picked":"Venomology","floor":33},{"not_picked":["Outmaneuver+1","All Out Attack","Underhanded Strike"],"picked":"SKIP","floor":35},{"not_picked":["Flying Knee+1","Outmaneuver","Night Terror"],"picked":"SKIP","floor":38},{"not_picked":["Acrobatics","Outmaneuver","Poisoned Stab"],"picked":"SKIP","floor":40},{"not_picked":["Predator","Riddle With Holes"],"picked":"Backstab","floor":41},{"not_picked":["A Thousand Cuts","Bane+1","Caltrops"],"picked":"SKIP","floor":44},{"not_picked":["Bandage Up","Impatience"],"picked":"Flash of Steel","floor":46},{"not_picked":["Flying Knee","Sucker Punch"],"picked":"Backstab+1","floor":48},{"not_picked":["Infinite Blades","Outmaneuver+1"],"picked":"Tactician+1","floor":48}],"player_experience":34163,"relics_obtained":[{"floor":7.0,"key":"MawBank"},{"floor":9.0,"key":"Blood Vial"},{"floor":11.0,"key":"Dead Branch"},{"floor":13.0,"key":"Snake Skull"},{"floor":24,"key":"Torii"},{"floor":26,"key":"Mercury Hourglass"},{"floor":28,"key":"PreservedInsect"},{"floor":31,"key":"Strawberry"},{"floor":40,"key":"Vajra"},{"floor":42,"key":"Old Coin"},{"floor":43,"key":"Toy Ornithopter"},{"floor":44,"key":"Prayer Wheel"}],"event_choices":[{"damage_healed":0.0,"max_hp_gain":0.0,"max_hp_loss":0.0,"gold_gain":75.0,"event_name":"World of Goop","player_choice":"Gather Gold","floor":2.0,"gold_loss":0.0,"damage_taken":11.0},{"cards_removed":["Strike_G"],"damage_healed":0.0,"max_hp_gain":0.0,"max_hp_loss":0.0,"gold_gain":0.0,"event_name":"Purifier","player_choice":"Purged","floor":12.0,"gold_loss":0.0,"damage_taken":0.0},{"damage_healed":0,"gold_gain":50,"player_choice":"Stole From Cult","damage_taken":0,"max_hp_gain":0,"max_hp_loss":0,"event_name":"Nest","floor":19,"gold_loss":0},{"damage_healed":0,"gold_gain":0,"player_choice":"Inject Mutagens","damage_taken":0,"relics_obtained":["MutagenicStrength"],"max_hp_gain":0,"max_hp_loss":0,"event_name":"Drug Dealer","floor":21,"gold_loss":0},{"damage_healed":0,"gold_gain":0,"player_choice":"Max HP","damage_taken":0,"max_hp_gain":0,"max_hp_loss":4,"event_name":"Winding Halls","floor":36,"gold_loss":0},{"damage_healed":0,"gold_gain":0,"player_choice":"Ignored","damage_taken":0,"max_hp_gain":0,"max_hp_loss":0,"event_name":"Tomb of Lord Red Mask","floor":37,"gold_loss":0},{"damage_healed":0,"gold_gain":0,"player_choice":"Fight","damage_taken":0,"max_hp_gain":0,"max_hp_loss":0,"event_name":"Mysterious Sphere","floor":42,"gold_loss":0},{"damage_healed":0,"gold_gain":0,"player_choice":"Memory 3","damage_taken":10,"max_hp_gain":0,"max_hp_loss":0,"event_name":"SensoryStone","floor":46,"gold_loss":0}],"is_beta":false,"boss_relics":[{"not_picked":["Ectoplasm","Calling Bell"],"picked":"SlaversCollar"},{"not_picked":["Pandora\u0027s Box","Snecko Eye"],"picked":"WristBlade"}],"items_purged_floors":[39,47],"is_endless":false,"potions_floor_spawned":[1,7,10,11,13,14,18,25,27,28,31,40,42,44,48],"ascension_level":15}}