{"host":"d8d3jqle49sogkjv","time":1609503546,"event":{"mods":["BaseMod","Colored Map","Colored Powertips","Minty Spire (QoL Compilation)","StSLib"],"gold_per_floor":[118,118,133,10,185,185,204,234,260,260,274,309,323,358,358,358,358],"floor_reached":16,"playtime":615,"items_purged":["Strike_R"],"score":186,"play_id":"60f9e341-a733-4b1a-b8c7-2cb1557680fc","local_time":"20210101131906","is_ascension_mode":true,"campfire_choices":[{"data":"Bash","floor":6.0,"key":"SMITH"},{"floor":15.0,"key":"REST"}],"circlet_count":0,"master_deck":["AscendersBane","Strike_R","Strike_R","Strike_R","Strike_R","Defend_R","Defend_R","Defend_R","Bash+1","True Grit","Carnage","Armaments","Juggernaut","Flame Barrier"],"relics":["Burning Blood","Omamori","Nunchaku","InkBottle","PreservedInsect","Ornamental Fan","Pantograph"],"acts_visited":["Exordium"],"potions_floor_usage":[],"damage_taken":[{"damage":4.0,"enemies":"Small Slimes","floor":1.0,"turns":5.0},{"damage":6.0,"enemies":"Cultist","floor":3.0,"turns":3.0},{"damage":7.0,"enemies":"Jaw Worm","floor":7.0,"turns":3.0},{"damage":32.0,"enemies":"Gremlin Nob","floor":8.0,"turns":4.0},{"damage":3.0,"enemies":"2 Fungi Beasts","floor":11.0,"turns":4.0},{"damage":15.0,"enemies":"3 Sentries","floor":12.0,"turns":7.0},{"damage":8.0,"enemies":"Blue Slaver","floor":13.0,"turns":3.0},{"damage":28.0,"enemies":"Gremlin Nob","floor":14.0,"turns":4.0},{"damage":66,"enemies":"Hexaghost","floor":16,"turns":11}],"seed_played":"-6716054253133633485","potions_obtained":[{"floor":1.0,"key":"Ancient Potion"},{"floor":3.0,"key":"AttackPotion"},{"floor":12.0,"key":"Explosive Potion"}],"is_trial":false,"path_per_floor":["M","?","M","$","?","R","M","E","T","?","M","E","M","E","R","B"],"character_chosen":"IRONCLAD","items_purchased":["True Grit"],"campfire_rested":1,"item_purchase_floors":[4],"current_hp_per_floor":[74,74,74,74,74,74,73,47,47,40,43,34,32,10,34,0,0],"gold":358,"neow_bonus":"RANDOM_COMMON_RELIC","is_daily":false,"chose_seed":false,"campfire_upgraded":1,"win_rate":0.0,"timestamp":1609503546,"path_taken":["M","?","M","?","?","R","?","E","T","?","M","E","M","E","R","BOSS"],"items_purchased_type":["Card"],"build_version":"2020-12-22","purchased_purges":1,"victory":false,"max_hp_per_floor":[80,80,80,80,80,80,80,80,80,80,80,80,80,80,80,80,80],"card_choices":[{"not_picked":["Feel No Pain","Battle Trance","Dark Embrace"],"picked":"SKIP","floor":1.0},{"not_picked":["Warcry","Feel No Pain","Thunderclap"],"picked":"SKIP","floor":3.0},{"not_picked":["Wild Strike","Perfected Strike","Clothesline"],"picked":"SKIP","floor":7.0},{"not_picked":["Ghostly Armor","Clothesline"],"picked":"Carnage","floor":8.0},{"not_picked":["Havoc","Sword Boomerang"],"picked":"Armaments","floor":11.0},{"not_picked":["Body Slam","Havoc"],"picked":"Juggernaut","floor":12.0},{"not_picked":["Clothesline","Blood for Blood","Heavy Blade"],"picked":"SKIP","floor":13.0},{"not_picked":["Brutality","Whirlwind"],"picked":"Flame Barrier","floor":14.0}],"player_experience":345095,"relics_obtained":[{"floor":2.0,"key":"Nunchaku"},{"floor":8.0,"key":"InkBottle"},{"floor":9.0,"key":"PreservedInsect"},{"floor":12.0,"key":"Ornamental Fan"},{"floor":14.0,"key":"Pantograph"}],"event_choices":[{"damage_healed":0.0,"max_hp_gain":0.0,"max_hp_loss":0.0,"gold_gain":0.0,"event_name":"Wheel of Change","player_choice":"Relic","floor":2.0,"gold_loss":0.0,"damage_taken":0.0},{"damage_healed":0.0,"max_hp_gain":0.0,"max_hp_loss":0.0,"gold_gain":175.0,"event_name":"Liars Game","player_choice":"AGREE","floor":5.0,"gold_loss":0.0,"damage_taken":0.0,"cards_obtained":["Doubt"]},{"cards_removed":["Defend_R"],"damage_healed":0.0,"max_hp_gain":0.0,"max_hp_loss":0.0,"gold_gain":0.0,"event_name":"Golden Wing","player_choice":"Card Removal","floor":10.0,"gold_loss":0.0,"damage_taken":7.0}],"is_beta":false,"boss_relics":[],"items_purged_floors":[4],"is_endless":false,"potions_floor_spawned":[1,3,12],"killed_by":"Hexaghost","ascension_level":11}}