{"host":"yvb207ks1sg3cxef","time":1609493534,"event":{"mods":["2.2 Compatiblity","BaseMod","Bestiary","Colored Powertips","Minty Spire (QoL Compilation)","Permanent Neow","Quick Restart","Relic Stats","StSLib"],"gold_per_floor":[112,123,123,137,148,177,177,252,252,252,269,289,319,82,82,153,153,171,171,181,211,222,222,233,233,308,30,30,45,62,96,96,174,174,193,218,236,236,9,38,13,44,44,44,57,71,100,111,111,111,111],"floor_reached":50,"playtime":2337,"items_purged":["Strike_G"],"score":1140,"play_id":"42222ea7-9012-419e-8500-5852895b885d","local_time":"20210101150212","is_ascension_mode":true,"campfire_choices":[{"data":"Dagger Spray","floor":7.0,"key":"SMITH"},{"floor":10.0,"key":"REST"},{"data":"Noxious Fumes","floor":15.0,"key":"SMITH"},{"data":"Noxious Fumes","floor":23.0,"key":"SMITH"},{"data":"Corpse Explosion","floor":25.0,"key":"SMITH"},{"floor":32,"key":"REST"},{"floor":44,"key":"REST"},{"floor":49,"key":"RECALL"}],"circlet_count":0,"master_deck":["AscendersBane","Strike_G","Strike_G","Strike_G","Strike_G","Defend_G","Defend_G","Defend_G","Defend_G","Defend_G","Survivor","Neutralize","Blade Dance","Dagger Spray+1","Cloak And Dagger","Backflip","Adrenaline","Deadly Poison","Noxious Fumes+1","Backflip","Noxious Fumes+1","Corpse Explosion+1","Writhe","Dodge and Roll+1","PiercingWail","Footwork","PiercingWail+1","Catalyst+1","Malaise+1","Prepared+1","Deadly Poison+1","Blur+1","Madness+1","Madness+1","Deflect+1","Burst+1","Backflip+1","Tactician+1","Deflect+1","Concentrate+1"],"relics":["Ring of the Serpent","Akabeko","Matryoshka","StrikeDummy","Ancient Tea Set","Question Card","Odd Mushroom","HornCleat","DollysMirror","Strawberry","Red Mask","Centennial Puzzle","Pantograph","Toxic Egg 2","Snake Skull","Runic Pyramid","Gambling Chip","Sling","Bag of Marbles","Thread and Needle","Omamori"],"acts_visited":["Exordium","TheCity","TheBeyond"],"potions_floor_usage":[31,33,42,42,50],"damage_taken":[{"damage":0.0,"enemies":"Small Slimes","floor":1.0,"turns":4.0},{"damage":0.0,"enemies":"2 Louse","floor":2.0,"turns":3.0},{"damage":0.0,"enemies":"Jaw Worm","floor":4.0,"turns":2.0},{"damage":3.0,"enemies":"Large Slime","floor":5.0,"turns":5.0},{"damage":10.0,"enemies":"3 Sentries","floor":6.0,"turns":10.0},{"damage":0.0,"enemies":"Exordium Wildlife","floor":11.0,"turns":2.0},{"damage":11.0,"enemies":"The Mushroom Lair","floor":12.0,"turns":5.0},{"damage":10.0,"enemies":"Lagavulin","floor":13.0,"turns":4.0},{"damage":6.0,"enemies":"The Guardian","floor":16.0,"turns":9.0},{"damage":12.0,"enemies":"Shell Parasite","floor":18.0,"turns":7.0},{"damage":8.0,"enemies":"2 Thieves","floor":20.0,"turns":4.0},{"damage":3.0,"enemies":"Masked Bandits","floor":21.0,"turns":3.0},{"damage":0.0,"enemies":"Centurion and Healer","floor":22.0,"turns":6.0},{"damage":5.0,"enemies":"Sentry and Sphere","floor":24.0,"turns":5.0},{"damage":20.0,"enemies":"Snake Plant","floor":29.0,"turns":5.0},{"damage":0.0,"enemies":"Centurion and Healer","floor":30.0,"turns":6.0},{"damage":15,"enemies":"Slavers","floor":31,"turns":5},{"damage":11,"enemies":"Collector","floor":33,"turns":8},{"damage":3,"enemies":"3 Shapes","floor":35,"turns":5},{"damage":13,"enemies":"Mind Bloom Boss Battle","floor":36,"turns":5},{"damage":9,"enemies":"3 Darklings","floor":37,"turns":3},{"damage":7,"enemies":"Nemesis","floor":40,"turns":9},{"damage":21,"enemies":"Reptomancer","floor":42,"turns":7},{"damage":0,"enemies":"Transient","floor":45,"turns":6},{"damage":5,"enemies":"Sphere and 2 Shapes","floor":46,"turns":3},{"damage":9,"enemies":"Nemesis","floor":47,"turns":7},{"damage":0,"enemies":"Maw","floor":48,"turns":4},{"damage":42,"enemies":"Awakened One","floor":50,"turns":4}],"seed_played":"-7782680203457124575","potions_obtained":[{"floor":4.0,"key":"CunningPotion"},{"floor":5.0,"key":"AttackPotion"},{"floor":11.0,"key":"SteroidPotion"},{"floor":12.0,"key":"DuplicationPotion"},{"floor":21.0,"key":"DistilledChaos"},{"floor":24.0,"key":"GamblersBrew"},{"floor":31,"key":"AttackPotion"},{"floor":33,"key":"ColorlessPotion"},{"floor":47,"key":"Ancient Potion"},{"floor":48,"key":"Strength Potion"}],"is_trial":false,"path_per_floor":["M","M","?","M","M","E","R","?","T","R","M","?","E","$","R","B",null,"M","?","M","?","M","R","M","R","T","$","?","M","M","E","R","B",null,"M","?","M","?","$","E","$","E","T","R","M","M","E","M","R","B"],"character_chosen":"THE_SILENT","items_purchased":["DollysMirror","Toxic Egg 2","Deflect+1","Sling","Backflip+1"],"campfire_rested":3,"item_purchase_floors":[14,27,39,39,41],"current_hp_per_floor":[59,59,41,41,38,28,28,17,17,36,36,25,15,15,15,9,52,40,47,39,36,36,36,31,31,31,31,46,26,26,11,32,46,66,63,60,51,38,38,31,31,10,10,31,31,26,17,17,17,0,0],"gold":111,"neow_bonus":"RANDOM_COMMON_RELIC","is_daily":false,"chose_seed":false,"campfire_upgraded":4,"win_rate":0.0,"timestamp":1609493532,"path_taken":["M","M","?","M","M","E","R","?","T","R","M","?","E","?","R","BOSS","M","?","M","?","M","R","M","R","T","?","?","M","M","E","R","BOSS","M","?","M","?","?","E","?","E","T","R","M","M","E","?","R","BOSS"],"items_purchased_type":["Relic","Relic","Card","Relic","Card"],"build_version":"2020-12-22","purchased_purges":1,"victory":false,"max_hp_per_floor":[66,66,66,66,66,66,66,66,66,66,66,66,66,66,66,66,66,66,73,73,73,73,73,73,73,73,73,73,73,73,73,73,73,73,73,73,73,73,73,73,73,73,73,73,73,73,73,73,73,73,73],"relic_stats":{"Centennial Puzzle":[32],"counters":[28,146],"Pantograph":60,"Gambling Chip":[37],"Snake Skull":[95],"Question Card":22,"obtain_stats":[{"Thread and Needle":42,"Snake Skull":31,"Omamori":47,"Odd Mushroom":12,"Ancient Tea Set":9,"Question Card":9,"Sling":39,"Akabeko":0,"Centennial Puzzle":26,"Matryoshka":3,"HornCleat":13,"DollysMirror":14,"Strawberry":19,"Pantograph":26,"Gambling Chip":36,"Red Mask":21,"Bag of Marbles":40,"Toxic Egg 2":27,"StrikeDummy":6,"Ring of the Serpent":17,"Ring of the Snake":0,"Runic Pyramid":34},{"Thread and Needle":23,"Snake Skull":17,"Omamori":26,"Odd Mushroom":7,"Ancient Tea Set":5,"Question Card":5,"Sling":21,"Akabeko":0,"Centennial Puzzle":14,"Matryoshka":2,"HornCleat":8,"DollysMirror":8,"Strawberry":10,"Pantograph":14,"Gambling Chip":20,"Red Mask":12,"Bag of Marbles":22,"Toxic Egg 2":14,"StrikeDummy":5,"Ring of the Serpent":9,"Ring of the Snake":0,"Runic Pyramid":18},{"Thread and Needle":122,"Snake Skull":85,"Omamori":138,"Odd Mushroom":31,"Ancient Tea Set":24,"Question Card":24,"Sling":106,"Akabeko":0,"Centennial Puzzle":69,"Matryoshka":7,"HornCleat":35,"DollysMirror":35,"Strawberry":51,"Pantograph":69,"Gambling Chip":103,"Red Mask":58,"Bag of Marbles":115,"Toxic Egg 2":69,"StrikeDummy":24,"Ring of the Serpent":44,"Ring of the Snake":0,"Runic Pyramid":93}]},"card_choices":[{"not_picked":["Slice","Dodge and Roll"],"picked":"Blade Dance","floor":1.0},{"not_picked":["Calculated Gamble","Cloak And Dagger"],"picked":"Dagger Spray","floor":2.0},{"not_picked":["Accuracy","Dodge and Roll"],"picked":"Cloak And Dagger","floor":4.0},{"not_picked":["Blade Dance","Slice"],"picked":"Backflip","floor":5.0},{"not_picked":["Outmaneuver","Bane"],"picked":"Adrenaline","floor":6.0},{"not_picked":["Slice","Blade Dance","Dagger Throw"],"picked":"Deadly Poison","floor":11.0},{"not_picked":["Deflect","Backflip","Skewer"],"picked":"Noxious Fumes","floor":12.0},{"not_picked":["A Thousand Cuts","Underhanded Strike","Flying Knee"],"picked":"Backflip","floor":13.0},{"not_picked":["Doppelganger","Storm of Steel","A Thousand Cuts"],"picked":"Corpse Explosion","floor":16.0},{"not_picked":["Caltrops","Poisoned Stab+1","Sucker Punch","Outmaneuver"],"picked":"SKIP","floor":18.0},{"not_picked":["Riddle With Holes","Deadly Poison","Dagger Throw"],"picked":"Dodge and Roll+1","floor":20.0},{"not_picked":["Storm of Steel","Sucker Punch+1","Poisoned Stab"],"picked":"PiercingWail","floor":21.0},{"not_picked":["Deadly Poison","Cloak And Dagger","Outmaneuver","Deflect"],"picked":"SKIP","floor":22.0},{"not_picked":["Prepared","Bane","Underhanded Strike","Slice"],"picked":"SKIP","floor":24.0},{"not_picked":["Underhanded Strike","Outmaneuver+1","Dagger Spray"],"picked":"Footwork","floor":29.0},{"not_picked":["Flechettes","Backflip+1","Outmaneuver+1"],"picked":"PiercingWail+1","floor":30.0},{"not_picked":["Skewer","Reflex+1","Flechettes"],"picked":"Catalyst+1","floor":31},{"not_picked":["Phantasmal Killer+1","Tools of the Trade","Storm of Steel+1"],"picked":"Malaise+1","floor":33},{"not_picked":["Poisoned Stab","PiercingWail+1","Deflect+1"],"picked":"Prepared+1","floor":35},{"not_picked":["Dagger Spray+1","Choke","Prepared+1"],"picked":"Deadly Poison+1","floor":36},{"not_picked":["Poisoned Stab+1","Underhanded Strike","After Image"],"picked":"Blur+1","floor":37},{"not_picked":["All Out Attack+1","Leg Sweep+1","Well Laid Plans"],"picked":"Burst+1","floor":40},{"not_picked":["Poisoned Stab","Acrobatics+1","Deflect+1"],"picked":"Tactician+1","floor":42},{"not_picked":["Blade Dance+1","Predator+1","Cloak And Dagger+1","Choke"],"picked":"SKIP","floor":45},{"not_picked":["Dagger Throw","Storm of Steel+1","Dodge and Roll+1"],"picked":"Deflect+1","floor":46},{"not_picked":["Deflect+1","Phantasmal Killer+1","Bouncing Flask+1"],"picked":"Concentrate+1","floor":47},{"not_picked":["Quick Slash","Cloak And Dagger+1","Slice","Acrobatics+1"],"picked":"SKIP","floor":48}],"player_experience":259031,"relics_obtained":[{"floor":6.0,"key":"StrikeDummy"},{"floor":9.0,"key":"Ancient Tea Set"},{"floor":9.0,"key":"Question Card"},{"floor":12.0,"key":"Odd Mushroom"},{"floor":13.0,"key":"HornCleat"},{"floor":21.0,"key":"Red Mask"},{"floor":26.0,"key":"Centennial Puzzle"},{"floor":26.0,"key":"Pantograph"},{"floor":31,"key":"Snake Skull"},{"floor":36,"key":"Gambling Chip"},{"floor":40,"key":"Bag of Marbles"},{"floor":42,"key":"Thread and Needle"},{"floor":47,"key":"Omamori"}],"event_choices":[{"damage_healed":0.0,"max_hp_gain":0.0,"max_hp_loss":0.0,"gold_gain":0.0,"event_name":"Scrap Ooze","player_choice":"Success","floor":3.0,"gold_loss":0.0,"damage_taken":18.0,"relics_obtained":["Matryoshka"]},{"damage_healed":0.0,"max_hp_gain":0.0,"max_hp_loss":0.0,"gold_gain":75.0,"event_name":"World of Goop","player_choice":"Gather Gold","floor":8.0,"gold_loss":0.0,"damage_taken":11.0},{"damage_healed":0.0,"max_hp_gain":0.0,"max_hp_loss":0.0,"gold_gain":0.0,"event_name":"Mushrooms","player_choice":"Fought Mushrooms","floor":12.0,"gold_loss":0.0,"damage_taken":0.0},{"damage_healed":0.0,"max_hp_gain":0.0,"max_hp_loss":0.0,"gold_gain":0.0,"event_name":"The Mausoleum","player_choice":"Opened","floor":19.0,"gold_loss":0.0,"damage_taken":0.0,"relics_obtained":["Strawberry"],"cards_obtained":["Writhe"]},{"damage_healed":0.0,"max_hp_gain":0.0,"max_hp_loss":0.0,"gold_gain":0.0,"event_name":"Masked Bandits","player_choice":"Fought Bandits","floor":21.0,"gold_loss":0.0,"damage_taken":0.0},{"damage_healed":15.0,"max_hp_gain":0.0,"max_hp_loss":0.0,"gold_gain":0.0,"event_name":"The Library","player_choice":"Heal","floor":28.0,"gold_loss":0.0,"damage_taken":0.0},{"damage_healed":0,"gold_gain":0,"player_choice":"Fight","damage_taken":0,"max_hp_gain":0,"max_hp_loss":0,"event_name":"MindBloom","floor":36,"gold_loss":0},{"damage_healed":0,"gold_gain":0,"player_choice":"Embrace Madness","damage_taken":13,"max_hp_gain":0,"max_hp_loss":0,"event_name":"Winding Halls","floor":38,"gold_loss":0,"cards_obtained":["Madness","Madness"]}],"is_beta":false,"boss_relics":[{"not_picked":["Pandora\u0027s Box","Black Star"],"picked":"Ring of the Serpent"},{"not_picked":["HoveringKite","SlaversCollar"],"picked":"Runic Pyramid"}],"items_purged_floors":[14],"is_endless":false,"potions_floor_spawned":[4,5,11,12,21,24,31,33,37,47,48],"killed_by":"Awakened One","ascension_level":18}}