{"host":"qswkx8hggytna0kc","time":1609515640,"event":{"mods":["Aspiration","BaseMod","BetterRewards","Colored Map","Colored Powertips","Highlight Path","Hubris","Mimic Mod","Minty Spire (QoL Compilation)","Quick Restart","Replay The Spire","StSLib","SuperFastMode"],"gold_per_floor":[113,126,126,146,146,146,165,53,92,92,117,17,32,52,52,149,149,165,175,100,112,122,148,148,148,148,148,148],"floor_reached":27,"playtime":924,"items_purged":["Pain","Regret"],"score":294,"play_id":"1063ed3d-9131-4d29-96bd-77affd3f91ca","local_time":"20210101234040","is_ascension_mode":true,"campfire_choices":[{"data":"White Noise","floor":6.0,"key":"SMITH"},{"data":"Zap","floor":15.0,"key":"SMITH"},{"data":"Genetic Algorithm","floor":24.0,"key":"SMITH"}],"circlet_count":0,"master_deck":["Strike_B","Strike_B","Strike_B","Defend_B+1","Defend_B","Defend_B","Defend_B","Zap+1","Dualcast","Reboot","Aggregate","Go for the Eyes","White Noise+1","Go for the Eyes","FTL","Self Repair","Beam Cell","FTL","Creative AI","Capacitor+1","Leap","Conserve Battery","ReplayTheSpireMod:GoodbyeWorld","Genetic Algorithm+1","RitualDagger"],"relics":["Cracked Core","WarpedTongs","Replay:Baseball","hubris:CuriousFeather","Bag of Preparation","aspiration:Stellarator","Geode","FossilizedHelix"],"acts_visited":["Exordium","TheCity"],"potions_floor_usage":[27],"damage_taken":[{"damage":3.0,"enemies":"2 Louse","floor":1.0,"turns":3.0},{"damage":6.0,"enemies":"Cultist","floor":2.0,"turns":3.0},{"damage":3.0,"enemies":"Small Slimes","floor":4.0,"turns":3.0},{"damage":10.0,"enemies":"Blue Slaver","floor":7.0,"turns":3.0},{"damage":0.0,"enemies":"2 Fungi Beasts","floor":9.0,"turns":5.0},{"damage":28.0,"enemies":"3 Sentries","floor":11.0,"turns":7.0},{"damage":0.0,"enemies":"2 Fungi Beasts","floor":13.0,"turns":2.0},{"damage":8.0,"enemies":"Exordium Thugs","floor":14.0,"turns":4.0},{"damage":28.0,"enemies":"The Guardian","floor":16.0,"turns":9.0},{"damage":1.0,"enemies":"3 Byrds","floor":18.0,"turns":4.0},{"damage":6.0,"enemies":"2 Thieves","floor":19.0,"turns":3.0},{"damage":24.0,"enemies":"Snake Plant","floor":21.0,"turns":4.0},{"damage":13.0,"enemies":"Shelled Parasite and Fungi","floor":22.0,"turns":4.0},{"damage":10.0,"enemies":"Replay:Snechameleon","floor":23.0,"turns":7.0},{"damage":40,"enemies":"Slavers","floor":27,"turns":3}],"seed_played":"3102811721933117891","potions_obtained":[{"floor":1.0,"key":"SmokeBomb"},{"floor":11.0,"key":"Regen Potion"},{"floor":14.0,"key":"Toxic Potion"},{"floor":22.0,"key":"Energy Potion"}],"is_trial":false,"path_per_floor":["M","M","?","M","?","R","M","$","MIM","?","E","$","M","M","R","B",null,"M","M","?","M","M","E","R","?","T","E"],"character_chosen":"DEFECT","items_purchased":["FTL"],"campfire_rested":0,"item_purchase_floors":[8],"current_hp_per_floor":[65,59,59,56,56,56,46,46,46,46,25,25,32,31,31,10,54,53,57,57,40,34,34,34,28,28,0,0],"gold":148,"neow_bonus":"THREE_RARE_CARDS","is_daily":false,"chose_seed":false,"campfire_upgraded":3,"win_rate":0.0,"timestamp":1609515640,"path_taken":["M","M","?","?","?","R","M","$","MIM","?","E","?","M","M","R","BOSS","M","M","?","M","M","E","R","?","T","E"],"items_purchased_type":["Card"],"build_version":"2020-12-22","purchased_purges":2,"victory":false,"max_hp_per_floor":[68,68,68,68,68,68,68,68,68,68,68,68,68,68,68,68,68,68,68,68,68,68,68,68,68,68,68,68],"card_choices":[{"not_picked":["Multi-Cast","ReplayTheSpireMod:Omega Cannon"],"picked":"Reboot","floor":0.0},{"not_picked":["Reprogram","Go for the Eyes"],"picked":"Aggregate","floor":1.0},{"not_picked":["Sweeping Beam","Steam"],"picked":"Go for the Eyes","floor":2.0},{"not_picked":["Skim","Undo"],"picked":"White Noise","floor":4.0},{"not_picked":["Redo","Leap"],"picked":"Go for the Eyes","floor":7.0},{"not_picked":["Turbo","Force Field"],"picked":"Self Repair","floor":9.0},{"not_picked":["Redo","Fusion"],"picked":"Beam Cell","floor":11.0},{"not_picked":["Compile Driver","Sweeping Beam","Lockon"],"picked":"SKIP","floor":13.0},{"not_picked":["Tempest","Crystallizer"],"picked":"FTL","floor":14.0},{"not_picked":["Amplify","ReplayRNGCard"],"picked":"Creative AI","floor":16.0},{"not_picked":["Redo","Steam"],"picked":"Capacitor+1","floor":18.0},{"not_picked":["Cold Snap","BasicCrystalCard"],"picked":"Leap","floor":19.0},{"not_picked":["Steam","Coolheaded"],"picked":"Conserve Battery","floor":21.0},{"not_picked":["Go for the Eyes","Leap+1"],"picked":"ReplayTheSpireMod:GoodbyeWorld","floor":22.0},{"not_picked":["Rainbow","Hologram"],"picked":"Genetic Algorithm","floor":23.0}],"player_experience":204901,"relics_obtained":[{"floor":9.0,"key":"Replay:Baseball"},{"floor":11.0,"key":"Bag of Preparation"},{"floor":23.0,"key":"Geode"},{"floor":26.0,"key":"FossilizedHelix"}],"event_choices":[{"damage_healed":0.0,"max_hp_gain":0.0,"max_hp_loss":0.0,"gold_gain":0.0,"event_name":"Accursed Blacksmith","player_choice":"Rummage","floor":3.0,"gold_loss":0.0,"damage_taken":0.0,"relics_obtained":["WarpedTongs"],"cards_obtained":["Pain"]},{"damage_healed":0.0,"max_hp_gain":0.0,"max_hp_loss":0.0,"gold_gain":0.0,"event_name":"Big Fish","player_choice":"Box","floor":10.0,"gold_loss":0.0,"damage_taken":0.0,"relics_obtained":["hubris:CuriousFeather"],"cards_obtained":["Regret"]},{"cards_removed":["Strike_B"],"damage_healed":0.0,"max_hp_gain":0.0,"max_hp_loss":0.0,"gold_gain":0.0,"event_name":"Beggar","player_choice":"Gave Gold","floor":20.0,"gold_loss":75.0,"damage_taken":0.0},{"damage_healed":0.0,"max_hp_gain":0.0,"max_hp_loss":0.0,"gold_gain":0.0,"event_name":"Nest","player_choice":"Joined the Cult","floor":25.0,"gold_loss":0.0,"damage_taken":6.0,"cards_obtained":["RitualDagger"]}],"is_beta":false,"boss_relics":[{"not_picked":["Busted Crown","Tiny House"],"picked":"aspiration:Stellarator"}],"items_purged_floors":[8,12],"is_endless":false,"potions_floor_spawned":[1,11,14,22],"killed_by":"Slavers","ascension_level":5}}