{"host":"la7tuvtiv6v38fe3","time":1609466169,"event":{"mods":["AchievementEnabler","BaseMod","Bestiary","Colored Powertips","Highlight Path","Minty Spire (QoL Compilation)","Relic Stats","StSLib","ojb\u0027s Info Mod"],"gold_per_floor":[99,99,99,99,99,99,99,99,99,99,99,99,99,99,99,99,99,99,99,59,29,29],"floor_reached":21,"playtime":1369,"items_purged":[],"score":228,"play_id":"3e0ded69-4363-4808-8d47-7ce532213ccb","local_time":"20201231175609","is_ascension_mode":true,"campfire_choices":[{"data":"Tantrum","floor":6,"key":"SMITH"},{"data":"WaveOfTheHand","floor":10,"key":"SMITH"},{"floor":13,"key":"REST"},{"floor":15,"key":"REST"}],"circlet_count":0,"master_deck":["Strike_P+1","Strike_P","Strike_P+1","Defend_P+1","Defend_P","Defend_P","Defend_P","Eruption","Vigilance+1","SashWhip+1","EmptyFist","Tantrum+1","WaveOfTheHand+1","Consecrate","DeusExMachina","CrushJoints+1","RitualDagger"],"relics":["Ectoplasm","Turnip","Shovel","War Paint","Philosopher\u0027s Stone"],"acts_visited":["Exordium","TheCity"],"potions_floor_usage":[8],"damage_taken":[{"damage":12,"enemies":"Small Slimes","floor":1,"turns":6},{"damage":0,"enemies":"2 Louse","floor":2,"turns":4},{"damage":2,"enemies":"Jaw Worm","floor":5,"turns":2},{"damage":25,"enemies":"3 Sentries","floor":8,"turns":9},{"damage":11,"enemies":"Gremlin Gang","floor":11,"turns":7},{"damage":19,"enemies":"Slime Boss","floor":16,"turns":9},{"damage":45,"enemies":"Chosen","floor":18,"turns":6},{"damage":24,"enemies":"2 Thieves","floor":21,"turns":1}],"seed_played":"-9042997665237253184","potions_obtained":[{"floor":1,"key":"ColorlessPotion"},{"floor":16,"key":"SpeedPotion"}],"is_trial":false,"path_per_floor":["M","M","?","?","M","R","?","E","T","R","M","T","R","?","R","B",null,"M","?","?","M"],"character_chosen":"WATCHER","items_purchased":[],"campfire_rested":2,"item_purchase_floors":[],"current_hp_per_floor":[53,53,53,58,56,56,49,24,24,24,13,13,36,36,59,40,68,23,17,17,0,0],"gold":29,"neow_bonus":"BOSS_RELIC","is_daily":false,"chose_seed":false,"campfire_upgraded":2,"win_rate":0.0,"timestamp":1609466169,"path_taken":["M","M","?","?","M","R","?","E","T","R","M","?","R","?","R","BOSS","M","?","?","M"],"items_purchased_type":[],"build_version":"2020-12-22","purchased_purges":0,"victory":false,"max_hp_per_floor":[72,72,72,77,77,77,77,77,77,77,77,77,77,77,77,77,77,77,77,77,77,77],"relic_stats":{"Shovel":0,"counters":[8,44],"Ectoplasm":207,"Turnip":[3],"War Paint":["Vigilance","Defend_P"],"obtain_stats":[{"Shovel":9,"Philosopher\u0027s Stone":17,"Ectoplasm":0,"Turnip":8,"PureWater":0,"War Paint":12},{"Shovel":4,"Philosopher\u0027s Stone":6,"Ectoplasm":0,"Turnip":4,"PureWater":0,"War Paint":5},{"Shovel":21,"Philosopher\u0027s Stone":37,"Ectoplasm":0,"Turnip":21,"PureWater":0,"War Paint":28}]},"card_choices":[{"not_picked":["Weave","ClearTheMind"],"picked":"SashWhip","floor":1},{"not_picked":["SashWhip","EmptyBody"],"picked":"EmptyFist","floor":2},{"not_picked":["JustLucky","Adaptation"],"picked":"Tantrum","floor":5},{"not_picked":["Brilliance","Swivel"],"picked":"WaveOfTheHand","floor":8},{"not_picked":["PathToVictory","Pray"],"picked":"Consecrate","floor":11},{"not_picked":["MasterReality","Wish"],"picked":"DeusExMachina","floor":16},{"not_picked":["Indignation+1","Crescendo"],"picked":"CrushJoints+1","floor":18}],"player_experience":335100,"relics_obtained":[{"floor":8,"key":"Turnip"},{"floor":9,"key":"Shovel"},{"floor":12,"key":"War Paint"}],"event_choices":[{"damage_healed":0,"gold_gain":0,"player_choice":"Grow","damage_taken":0,"max_hp_gain":0,"max_hp_loss":0,"event_name":"Living Wall","floor":3,"gold_loss":0,"cards_upgraded":["SashWhip"]},{"damage_healed":0,"gold_gain":0,"player_choice":"Donut","damage_taken":0,"max_hp_gain":5,"max_hp_loss":0,"event_name":"Big Fish","floor":4,"gold_loss":0},{"cards_removed":["Strike_P"],"damage_healed":0,"gold_gain":0,"player_choice":"Card Removal","damage_taken":7,"max_hp_gain":0,"max_hp_loss":0,"event_name":"Golden Wing","floor":7,"gold_loss":0},{"damage_healed":0,"gold_gain":0,"player_choice":"Ignored","damage_taken":0,"max_hp_gain":0,"max_hp_loss":0,"event_name":"Liars Game","floor":14,"gold_loss":0},{"damage_healed":0,"gold_gain":0,"player_choice":"Joined the Cult","damage_taken":6,"max_hp_gain":0,"max_hp_loss":0,"event_name":"Nest","floor":19,"gold_loss":0,"cards_obtained":["RitualDagger"]},{"damage_healed":0,"gold_gain":0,"player_choice":"Upgraded Two","damage_taken":0,"max_hp_gain":0,"max_hp_loss":0,"event_name":"Designer","floor":20,"gold_loss":40,"cards_upgraded":["Strike_P","Strike_P"]}],"is_beta":false,"boss_relics":[{"not_picked":["Coffee Dripper","Astrolabe"],"picked":"Philosopher\u0027s Stone"}],"items_purged_floors":[],"is_endless":false,"potions_floor_spawned":[1,16],"killed_by":"2 Thieves","ascension_level":6}}