{"host":"qywz8phj95e7ndfz","time":1609465263,"event":{"mods":["AchievementEnabler","BaseMod","Colored Map","Downfall","Minty Spire (QoL Compilation)","StSLib","The Cursed","The Necromancer"],"gold_per_floor":[110,120,137,153,169,201,201,227,239,251,263,286,325,356,368,476,488,515,527,156,171,171,197,18,49,49,49,49,66,66,82,82,177,177,197,213,213,213,66,97,97,115,183,143,41,41,41,73,73,73],"floor_reached":51,"playtime":4622,"items_purged":[],"score":826,"play_id":"0a8bebbc-12f0-496c-9435-395d40360c3d","local_time":"20201231194103","is_ascension_mode":true,"campfire_choices":[{"floor":7,"key":"REST"},{"floor":11,"key":"REST"},{"floor":15,"key":"REST"},{"floor":28,"key":"REST"},{"data":"Summon_Undead","floor":32,"key":"SMITH"},{"data":"expansioncontent:DefensiveStance","floor":41,"key":"SMITH"},{"floor":47,"key":"REST"},{"data":"Summon_Lich","floor":49,"key":"SMITH"}],"circlet_count":0,"master_deck":["Strike_W","Strike_W","Strike_W","Strike_W","Defend_W","Defend_W","Defend_W","Defend_W","Negative_Energy_Arrows","Bone_Wall+1","Summon_Undead+1","Negative_Energy_Mist","Summon_Undead+1","Negative_Energy_Sphere","Scare","Necrotic_Claws","Shackles_Of_Pain","Uncharnel","Grasp_Heart","CurseOfTheBell","Summon_Undead_Army+1","Necronomicurse","Spectral_Walk","Summon_Lich+1","Necrotic_Claws","Negative_Energy_Burst+1","expansioncontent:DefensiveStance+1","Bone_Prison+1","Spectral_Walk","Bone_Armor","Grasp_Heart","Summon_Lich+1","Consume_Illness+1","Life_Tap+1","Uncharnel+1","Bone_Shift+1","Negative_Energy_Burst+1","Thousand_Bone_Knives+1"],"relics":["Vampire_Amulet","Strawberry","MawBank","Letter Opener","Juzu Bracelet","Calling Bell","Lantern","Meat on the Bone","FossilizedHelix","Necronomicon","Bronze Scales","Calipers","Gambling Chip","Orichalcum","Toy Ornithopter","MutagenicStrength","Black Star","HandDrill","Dream Catcher","Gremlin Horn","Toxic Egg 2","Pen Nib","Potion Belt"],"acts_visited":["Exordium","TheCity","TheBeyond"],"potions_floor_usage":[6,6,6,13,18,33,33,35,40,42,50,50],"damage_taken":[{"damage":0,"enemies":"Small Slimes","floor":1,"turns":3},{"damage":0,"enemies":"2 Louse","floor":2,"turns":3},{"damage":2,"enemies":"Jaw Worm","floor":3,"turns":5},{"damage":9,"enemies":"Looter","floor":4,"turns":3},{"damage":12,"enemies":"Exordium Wildlife","floor":5,"turns":6},{"damage":20,"enemies":"Lagavulin","floor":6,"turns":6},{"damage":18,"enemies":"3 Sentries","floor":8,"turns":6},{"damage":4,"enemies":"Large Slime","floor":12,"turns":6},{"damage":31,"enemies":"Gremlin Nob","floor":13,"turns":4},{"damage":9,"enemies":"Looter","floor":14,"turns":3},{"damage":2,"enemies":"The Guardian","floor":16,"turns":10},{"damage":3,"enemies":"3 Byrds","floor":18,"turns":3},{"damage":3,"enemies":"Chosen","floor":21,"turns":3},{"damage":36,"enemies":"Gremlin Leader","floor":23,"turns":6},{"damage":23,"enemies":"Book of Stabbing","floor":25,"turns":6},{"damage":0,"enemies":"Centurion and Healer","floor":29,"turns":3},{"damage":0,"enemies":"Snecko","floor":31,"turns":5},{"damage":0,"enemies":"Collector","floor":33,"turns":8},{"damage":0,"enemies":"Orb Walker","floor":35,"turns":4},{"damage":16,"enemies":"3 Shapes","floor":36,"turns":4},{"damage":1,"enemies":"Nemesis","floor":40,"turns":5},{"damage":37,"enemies":"Maw","floor":42,"turns":7},{"damage":3,"enemies":"Giant Head","floor":48,"turns":8},{"damage":89,"enemies":"Donu and Deca","floor":50,"turns":11}],"seed_played":"1726240175324646217","potions_obtained":[{"floor":1,"key":"ColorlessPotion"},{"floor":4,"key":"Fire Potion"},{"floor":5,"key":"DuplicationPotion"},{"floor":6,"key":"SmokeBomb"},{"floor":12,"key":"SneckoOil"},{"floor":16,"key":"LiquidBronze"},{"floor":25,"key":"Swift Potion"},{"floor":29,"key":"PowerPotion"},{"floor":33,"key":"Fruit Juice"},{"floor":35,"key":"SkillPotion"},{"floor":40,"key":"AttackPotion"},{"floor":48,"key":"SpeedPotion"}],"is_trial":false,"path_per_floor":["M","M","M","M","M","E","R","E","T","?","R","M","E","M","R","B",null,"M","?","$","M","?","E","$","E","T","T","R","M","?","M","R","B",null,"M","M","?","?","$","E","R","M","T","?","$","$","R","E","R","B",null],"character_chosen":"NECROMANCER","items_purchased":["Spectral_Walk","Summon_Lich","Bronze Scales","Necrotic_Claws","expansioncontent:DefensiveStance","Bone_Prison","sneckomod:MuddlingPotion","HandDrill","Bone_Shift+1","BlessingOfTheForge"],"campfire_rested":5,"item_purchase_floors":[20,20,20,20,24,24,24,39,45,45],"current_hp_per_floor":[75,75,75,74,66,55,79,67,67,67,82,82,53,46,70,82,82,82,66,66,65,65,47,47,44,44,44,68,72,72,74,74,82,82,87,77,77,77,77,83,83,52,52,52,52,52,78,86,86,40],"gold":73,"neow_bonus":"UPGRADE_CARD","is_daily":false,"chose_seed":false,"campfire_upgraded":3,"win_rate":0.0,"timestamp":1609465263,"path_taken":["M","M","M","M","M","E","R","E","T","?","R","M","E","M","R","BOSS","M","?","$","M","?","E","?","E","T","?","R","M","?","M","R","BOSS","M","M","?","?","$","E","R","M","T","?","?","$","R","E","R","BOSS"],"items_purchased_type":["Card","Card","Relic","Card","Card","Card","Potion","Relic","Card","Potion"],"build_version":"2020-12-22","purchased_purges":0,"victory":true,"max_hp_per_floor":[75,75,75,75,75,82,82,82,82,82,82,82,82,82,82,82,82,82,82,82,82,82,82,82,82,82,82,82,82,82,82,82,82,82,87,87,87,87,87,87,87,87,87,87,87,87,87,87,87,87],"card_choices":[{"not_picked":["Blood_Is_Power","Scare"],"picked":"Summon_Undead","floor":1},{"not_picked":["Blood_Curse","Blood_Shield"],"picked":"Negative_Energy_Mist","floor":2},{"not_picked":["Slay_Living","Epidemic"],"picked":"Summon_Undead","floor":3},{"not_picked":["Negative_Energy_Mist","Blood_Whip"],"picked":"Negative_Energy_Sphere","floor":4},{"not_picked":["Blood_Whip","Blood_for_Blood"],"picked":"Scare","floor":5},{"not_picked":["Vampiric_Strike","Detonate_Bones"],"picked":"Whirlwind_of_Bones","floor":6},{"not_picked":["Negative_Energy_Javelin","Epidemic","Blood_Shield"],"picked":"SKIP","floor":8},{"not_picked":["Violent_Necrosis","Scare"],"picked":"Necrotic_Claws","floor":12},{"not_picked":["Negative_Energy_Burst","Acid_Javelin"],"picked":"Shackles_Of_Pain","floor":13},{"not_picked":["Bone_Bullets","Summon_Undead_Army"],"picked":"Uncharnel","floor":14},{"not_picked":["Cloudkill","Hellfire"],"picked":"Grasp_Heart","floor":16},{"not_picked":["Finger_Of_Death","Negative_Energy_Mist"],"picked":"Summon_Undead_Army+1","floor":18},{"not_picked":["Life_Drain","Chill_Blood","Vampiric_Strike"],"picked":"SKIP","floor":21},{"not_picked":["Blood_Shield","Negative_Energy_Javelin"],"picked":"Negative_Energy_Burst+1","floor":23},{"not_picked":["Thousand_Bone_Knives+1","Detonate_Bones"],"picked":"Spectral_Walk","floor":25},{"not_picked":["Scare","Slay_Living"],"picked":"Bone_Armor","floor":29},{"not_picked":["Flesh_Made_Foul","Whirlwind_of_Bones","Shade_Step"],"picked":"SKIP","floor":31},{"not_picked":["Detonate_Bones","Blood_Wake"],"picked":"Grasp_Heart","floor":33},{"not_picked":["Negative_Energy_Mist","Death_March_Dance"],"picked":"Summon_Lich+1","floor":35},{"not_picked":["Blood_Shield","Corrupt"],"picked":"Consume_Illness+1","floor":36},{"not_picked":["Vampiric_Strike+1","Negative_Energy_Sphere"],"picked":"Life_Tap+1","floor":40},{"not_picked":["Vampiric_Strike","Grasp_Heart"],"picked":"Uncharnel+1","floor":42},{"not_picked":["Finger_Of_Death+1","Death_Coil"],"picked":"Negative_Energy_Burst+1","floor":47},{"not_picked":["Scare+1","Summon_Undead_Army+1"],"picked":"Thousand_Bone_Knives+1","floor":48}],"player_experience":101381,"relics_obtained":[{"floor":6,"key":"Strawberry"},{"floor":8,"key":"MawBank"},{"floor":9,"key":"Letter Opener"},{"floor":13,"key":"Juzu Bracelet"},{"floor":17,"key":"Lantern"},{"floor":17,"key":"Meat on the Bone"},{"floor":17,"key":"FossilizedHelix"},{"floor":19,"key":"Necronomicon"},{"floor":23,"key":"Calipers"},{"floor":25,"key":"Gambling Chip"},{"floor":26,"key":"Orichalcum"},{"floor":27,"key":"Toy Ornithopter"},{"floor":40,"key":"Dream Catcher"},{"floor":40,"key":"Gremlin Horn"},{"floor":43,"key":"Toxic Egg 2"},{"floor":48,"key":"Pen Nib"},{"floor":48,"key":"Potion Belt"}],"event_choices":[{"damage_healed":0,"gold_gain":0,"player_choice":"Grow","damage_taken":0,"max_hp_gain":0,"max_hp_loss":0,"event_name":"Living Wall","floor":10,"gold_loss":0,"cards_upgraded":["Summon_Undead"]},{"damage_healed":0,"gold_gain":0,"player_choice":"Obtained Book","damage_taken":16,"max_hp_gain":0,"max_hp_loss":0,"event_name":"Cursed Tome","floor":19,"gold_loss":0},{"damage_healed":0,"gold_gain":0,"player_choice":"Ignored","damage_taken":0,"max_hp_gain":0,"max_hp_loss":0,"event_name":"Vampires","floor":22,"gold_loss":0},{"damage_healed":0,"gold_gain":0,"player_choice":"Inject Mutagens","damage_taken":0,"relics_obtained":["MutagenicStrength"],"max_hp_gain":0,"max_hp_loss":0,"event_name":"Drug Dealer","floor":30,"gold_loss":0},{"damage_healed":0,"gold_gain":0,"player_choice":"Ignored","damage_taken":0,"max_hp_gain":0,"max_hp_loss":0,"event_name":"Mysterious Sphere","floor":37,"gold_loss":0},{"cards_removed":["Whirlwind_of_Bones"],"damage_healed":0,"gold_gain":0,"player_choice":"Purged","damage_taken":0,"max_hp_gain":0,"max_hp_loss":0,"event_name":"Purifier","floor":38,"gold_loss":0},{"damage_healed":0,"gold_gain":0,"player_choice":"Upgrade","damage_taken":0,"max_hp_gain":0,"max_hp_loss":0,"event_name":"Designer","floor":44,"gold_loss":40,"cards_upgraded":["Bone_Prison"]}],"is_beta":false,"boss_relics":[{"not_picked":["Snecko Eye","Runic Pyramid"],"picked":"Calling Bell"},{"not_picked":["Cursed Key","Velvet Choker"],"picked":"Black Star"}],"items_purged_floors":[],"is_endless":false,"potions_floor_spawned":[1,4,5,6,12,16,25,29,33,35,40,48],"ascension_level":1}}