{"host":"xb2tau8pgi8aflss","time":1609512131,"event":{"mods":["AchievementEnabler","BaseMod","Hermit","Minty Spire (QoL Compilation)","StSLib","SuperFastMode"],"gold_per_floor":[16,36,36,50,64,64,64,64,64,64,64,81,106,116,116,219,219,234,248,248,10,10,39,56,30,30,45,45,70,70,89,89,193,193,209,209,259,273,14,25,25,25,52,79,79,113,124,134,134,134],"floor_reached":51,"playtime":2988,"items_purged":["Strike_G"],"score":1079,"play_id":"baffe8d6-3205-4c85-bbe2-70b4eaaf166c","local_time":"20210101234211","is_ascension_mode":true,"campfire_choices":[{"data":"Calculated Gamble","floor":6.0,"key":"SMITH"},{"data":"Dodge and Roll","floor":8.0,"key":"SMITH"},{"data":"Neutralize","floor":11.0,"key":"SMITH"},{"floor":15.0,"key":"REST"},{"floor":28.0,"key":"REST"},{"data":"Eviscerate","floor":30.0,"key":"SMITH"},{"data":"Underhanded Strike","floor":32.0,"key":"SMITH"},{"data":"Tactician","floor":41.0,"key":"SMITH"},{"data":"Reflex","floor":45.0,"key":"SMITH"},{"floor":49.0,"key":"REST"}],"circlet_count":0,"master_deck":["Strike_G","Strike_G","Defend_G","Defend_G","Survivor","Neutralize+1","Escape Plan","Escape Plan","Dodge and Roll+1","Calculated Gamble+1","Acrobatics","Reflex","Underhanded Strike","Venomology","Blur","Dodge and Roll+1","Backflip","Blade Dance","Tactician+1","Concentrate","Underhanded Strike+1","Infinite Blades","Eviscerate+1","Cloak And Dagger","Underhanded Strike+1","Concentrate+1","Reflex+1","Corpse Explosion","Slice","Madness","Madness","Blur+1","Heel Hook+1","Underhanded Strike+1","Acrobatics","Prepared+1","Slice+1","Dagger Throw+1"],"relics":["Ring of the Snake","Gambling Chip","Blood Vial","InkBottle","WristBlade","Anchor","Nunchaku","Paper Crane","HoveringKite","Tingsha","Sundial","Boot","Orichalcum","PreservedInsect"],"acts_visited":["Exordium","TheCity","TheBeyond"],"potions_floor_usage":[50,50,50,50],"damage_taken":[{"damage":2.0,"enemies":"Small Slimes","floor":1.0,"turns":4.0},{"damage":0.0,"enemies":"Jaw Worm","floor":2.0,"turns":6.0},{"damage":0.0,"enemies":"Cultist","floor":4.0,"turns":4.0},{"damage":0.0,"enemies":"2 Fungi Beasts","floor":5.0,"turns":5.0},{"damage":0.0,"enemies":"Blue Slaver","floor":12.0,"turns":4.0},{"damage":28.0,"enemies":"Lagavulin","floor":13.0,"turns":9.0},{"damage":7.0,"enemies":"Exordium Thugs","floor":14.0,"turns":9.0},{"damage":22.0,"enemies":"The Guardian","floor":16.0,"turns":22.0},{"damage":21.0,"enemies":"Chosen","floor":18.0,"turns":7.0},{"damage":4.0,"enemies":"3 Byrds","floor":19.0,"turns":7.0},{"damage":1.0,"enemies":"Book of Stabbing","floor":23.0,"turns":2.0},{"damage":9.0,"enemies":"Snake Plant","floor":24.0,"turns":4.0},{"damage":0.0,"enemies":"Snecko","floor":27.0,"turns":3.0},{"damage":0.0,"enemies":"Gremlin Leader","floor":29.0,"turns":3.0},{"damage":0.0,"enemies":"3 Cultists","floor":31.0,"turns":3.0},{"damage":40.0,"enemies":"Collector","floor":33.0,"turns":6.0},{"damage":0.0,"enemies":"3 Darklings","floor":35.0,"turns":5.0},{"damage":10.0,"enemies":"2 Orb Walkers","floor":37.0,"turns":5.0},{"damage":0.0,"enemies":"3 Shapes","floor":38.0,"turns":1.0},{"damage":0.0,"enemies":"Writhing Mass","floor":40.0,"turns":4.0},{"damage":10.0,"enemies":"Giant Head","floor":44.0,"turns":6.0},{"damage":0.0,"enemies":"Reptomancer","floor":46.0,"turns":5.0},{"damage":0.0,"enemies":"Maw","floor":47.0,"turns":4.0},{"damage":0.0,"enemies":"4 Shapes","floor":48.0,"turns":2.0},{"damage":49,"enemies":"Awakened One","floor":50,"turns":9}],"seed_played":"-2556628695810558189","potions_obtained":[{"floor":2.0,"key":"LiquidMemories"},{"floor":4.0,"key":"Fire Potion"},{"floor":12.0,"key":"SteroidPotion"},{"floor":16.0,"key":"FearPotion"},{"floor":24.0,"key":"FearPotion"},{"floor":27.0,"key":"Strength Potion"},{"floor":29.0,"key":"CunningPotion"},{"floor":38.0,"key":"Fire Potion"},{"floor":40.0,"key":"CultistPotion"},{"floor":48.0,"key":"PowerPotion"}],"is_trial":false,"path_per_floor":["M","M","?","M","M","R","?","R","T","$","R","M","E","M","R","B",null,"M","M","?","$","?","E","M","$","T","M","R","E","R","M","R","B",null,"M","?","?","M","$","M","R","$","T","E","R","E","M","M","R","B",null],"character_chosen":"THE_SILENT","items_purchased":["Tactician","Concentrate","Underhanded Strike","Cloak And Dagger","Sundial"],"campfire_rested":3,"item_purchase_floors":[21,21,21,25,39],"current_hp_per_floor":[61,61,54,54,54,54,54,54,54,54,54,56,30,25,46,26,59,40,38,38,38,38,39,32,32,32,34,55,57,57,59,59,21,58,60,51,43,45,45,47,47,47,47,39,39,41,43,45,66,19],"gold":134,"neow_bonus":"ONE_RARE_RELIC","is_daily":false,"chose_seed":false,"campfire_upgraded":7,"win_rate":0.0,"timestamp":1609512131,"path_taken":["M","M","?","M","M","R","?","R","T","?","R","?","E","M","R","BOSS","M","M","?","$","?","E","?","?","T","M","R","E","R","M","R","BOSS","M","?","?","M","$","M","R","$","T","E","R","E","M","M","R","BOSS"],"items_purchased_type":["Card","Card","Card","Card","Relic"],"build_version":"2020-12-22","purchased_purges":1,"victory":true,"max_hp_per_floor":[70,70,70,70,70,70,70,70,70,70,70,70,70,70,70,70,70,70,70,70,70,70,70,70,70,70,70,70,70,70,70,70,70,70,70,70,70,70,70,70,70,70,70,70,70,70,70,70,70,70],"card_choices":[{"not_picked":["PiercingWail","Blade Dance"],"picked":"Escape Plan","floor":1.0},{"not_picked":["Terror","Flying Knee"],"picked":"Escape Plan","floor":2.0},{"not_picked":["Quick Slash","All Out Attack"],"picked":"Dodge and Roll","floor":4.0},{"not_picked":["Outmaneuver","Accuracy"],"picked":"Calculated Gamble","floor":5.0},{"not_picked":["Expertise","Distraction"],"picked":"Acrobatics","floor":12.0},{"not_picked":["Bane","Blade Dance"],"picked":"Reflex","floor":13.0},{"not_picked":["Cloak And Dagger","Concentrate"],"picked":"Underhanded Strike","floor":14.0},{"not_picked":["Doppelganger","Night Terror"],"picked":"Venomology","floor":16.0},{"not_picked":["Expertise","Poisoned Stab"],"picked":"Blur","floor":18.0},{"not_picked":["Deflect","Poisoned Stab"],"picked":"Dodge and Roll+1","floor":19.0},{"not_picked":["Deadly Poison","Riddle With Holes"],"picked":"Infinite Blades","floor":23.0},{"not_picked":["Quick Slash","Acrobatics"],"picked":"Eviscerate","floor":24.0},{"not_picked":["Sucker Punch+1","Flying Knee+1"],"picked":"Underhanded Strike+1","floor":27.0},{"not_picked":["Backflip","Bullet Time"],"picked":"Concentrate+1","floor":29.0},{"not_picked":["Catalyst+1","Cloak And Dagger"],"picked":"Reflex","floor":31.0},{"not_picked":["Malaise","Storm of Steel"],"picked":"Corpse Explosion","floor":33.0},{"not_picked":["Blade Dance+1","Noxious Fumes+1"],"picked":"Slice","floor":35.0},{"not_picked":["Sucker Punch","PiercingWail"],"picked":"Blur+1","floor":37.0},{"not_picked":["Endless Agony","Deflect"],"picked":"Heel Hook+1","floor":38.0},{"not_picked":["Sucker Punch","Outmaneuver+1"],"picked":"Underhanded Strike+1","floor":40.0},{"not_picked":["Corpse Explosion","Endless Agony"],"picked":"Acrobatics","floor":44.0},{"not_picked":["Leg Sweep","Die Die Die"],"picked":"Prepared+1","floor":46.0},{"not_picked":["Deadly Poison+1","Dash"],"picked":"Slice+1","floor":47.0},{"not_picked":["Bane+1","Cloak And Dagger+1"],"picked":"Dagger Throw+1","floor":48.0}],"player_experience":766954,"relics_obtained":[{"floor":9.0,"key":"Blood Vial"},{"floor":13.0,"key":"InkBottle"},{"floor":23.0,"key":"Anchor"},{"floor":26.0,"key":"Nunchaku"},{"floor":29.0,"key":"Paper Crane"},{"floor":37.0,"key":"Tingsha"},{"floor":43.0,"key":"Boot"},{"floor":44.0,"key":"Orichalcum"},{"floor":46.0,"key":"PreservedInsect"}],"event_choices":[{"cards_removed":["Defend_G"],"damage_healed":0.0,"max_hp_gain":0.0,"max_hp_loss":0.0,"gold_gain":0.0,"event_name":"Golden Wing","player_choice":"Card Removal","floor":3.0,"gold_loss":0.0,"damage_taken":7.0},{"cards_removed":["Strike_G"],"damage_healed":0.0,"max_hp_gain":0.0,"max_hp_loss":0.0,"gold_gain":0.0,"event_name":"Living Wall","player_choice":"Forget","floor":7.0,"gold_loss":0.0,"damage_taken":0.0},{"damage_healed":0.0,"max_hp_gain":0.0,"max_hp_loss":0.0,"gold_gain":0.0,"cards_transformed":["Strike_G","Defend_G"],"event_name":"Drug Dealer","player_choice":"Became Test Subject","floor":20.0,"gold_loss":0.0,"damage_taken":0.0,"cards_obtained":["Backflip","Blade Dance"]},{"cards_removed":["Defend_G"],"damage_healed":0.0,"max_hp_gain":0.0,"max_hp_loss":0.0,"gold_gain":0.0,"event_name":"Bonfire Elementals","player_choice":"Offered Basic","floor":22.0,"gold_loss":0.0,"damage_taken":0.0},{"damage_healed":0.0,"max_hp_gain":0.0,"max_hp_loss":0.0,"gold_gain":0.0,"event_name":"Winding Halls","player_choice":"Embrace Madness","floor":36.0,"gold_loss":0.0,"damage_taken":9.0,"cards_obtained":["Madness","Madness"]},{"damage_healed":0.0,"max_hp_gain":0.0,"max_hp_loss":0.0,"gold_gain":0.0,"event_name":"Mysterious Sphere","player_choice":"Fight","floor":37.0,"gold_loss":0.0,"damage_taken":0.0}],"is_beta":false,"boss_relics":[{"not_picked":["Black Star","Cursed Key"],"picked":"WristBlade"},{"not_picked":["Calling Bell","Runic Pyramid"],"picked":"HoveringKite"}],"items_purged_floors":[21],"is_endless":false,"potions_floor_spawned":[2,4,12,16,24,27,29,38,40,47,48],"ascension_level":6}}