{"host":"97feeoqujgl2pi7v","time":1609508596,"event":{"mods":["AchievementEnabler","Act Like it!","Aspiration","Bard","BaseMod","Better Third Choice","Colored Map","Colored Powertips","Conspire","DeckTracker","Downfall","Duelist Mod","Gensokyo","GifTheSpireLib","Halation","Hallownest","Hermit","Hubris","Infinite Spire","Jorbs\u0027s Wanderer Trilogy","Koishi","Mad Scientist","Marisa（霧雨　魔理沙）","Minty Spire (QoL Compilation)","Rare Cards Sparkle","Reimu（博丽灵梦）","Replay The Spire","Shop Mod","StSLib","The Administrix","The Blackbeard","The Bladedancer","The Bug Knight","The Construct","The Cursed","The Disciple","The Mystic","The Necromancer","The Runesmith","The Saiyan","The Servant 0.9.4","TheBandit"],"gold_per_floor":[113,113,113,113,129,158,172,172,172,192,192,206,225,225,225,225,225],"floor_reached":16,"playtime":2391,"items_purged":[],"score":102,"play_id":"506d5491-456e-4db1-940f-8c9aba795647","local_time":"20210101084316","is_ascension_mode":false,"campfire_choices":[{"data":"Dualcast","floor":8,"key":"SMITH"},{"data":"Seek","floor":11,"key":"SMITH"},{"data":"Self Repair","floor":15,"key":"SMITH"}],"circlet_count":0,"master_deck":["Strike_B","Strike_B","Strike_B","Strike_B","Defend_B","Defend_B","Defend_B","Defend_B","Zap+1","Dualcast+1","Self Repair+1","hexamod:Haunted","Pain","Ball Lightning","Leap","Seek+1","Tempest+1","FIFO Queue+1","Echo Form+1"],"relics":["Cracked Core","hubris:Towel","Blue Candle","Gensokyo:LunaticRedEyes","Juzu Bracelet","Frozen Egg 2"],"acts_visited":["Gensokyo:Gensokyo"],"potions_floor_usage":[13,16,16],"damage_taken":[{"damage":4,"enemies":"Gensokyo:3_Fairies","floor":1,"turns":4},{"damage":7,"enemies":"Gensokyo:Python","floor":5,"turns":3},{"damage":19,"enemies":"Gensokyo:Mamizou","floor":6,"turns":6},{"damage":3,"enemies":"Gensokyo:Gryphon","floor":7,"turns":2},{"damage":1,"enemies":"Gensokyo:2_Rabbits","floor":10,"turns":3},{"damage":3,"enemies":"Gensokyo:Kitsune","floor":12,"turns":4},{"damage":7,"enemies":"Gensokyo:3_Kodama","floor":13,"turns":3},{"damage":77,"enemies":"Gensokyo:Reimu","floor":16,"turns":10}],"seed_played":"-4529316428320117932","potions_obtained":[{"floor":1,"key":"SpeedPotion"},{"floor":10,"key":"BlessingOfTheForge"},{"floor":12,"key":"GrandPatriotsElixir:ReiMu"},{"floor":13,"key":"Venom Potion"}],"is_trial":false,"path_per_floor":["M","?","?","?","M","E","M","R","T","M","R","M","M","?","R","B"],"character_chosen":"DEFECT","items_purchased":[],"campfire_rested":0,"item_purchase_floors":[],"current_hp_per_floor":[71,71,71,71,71,59,63,63,63,69,69,73,73,73,73,0,0],"gold":225,"neow_bonus":"RANDOM_EVENT","is_daily":false,"chose_seed":false,"campfire_upgraded":3,"win_rate":0.0,"timestamp":1609508596,"path_taken":["M","?","?","?","?","E","M","R","T","M","R","M","M","?","R","BOSS"],"items_purchased_type":[],"build_version":"2020-12-22","purchased_purges":0,"victory":false,"max_hp_per_floor":[75,75,75,75,75,75,75,75,75,75,75,75,75,75,75,75,75],"card_choices":[{"not_picked":["Ball Lightning","Panic Button"],"picked":"Self Repair","floor":1},{"not_picked":["Chaos","Compile Driver"],"picked":"Ball Lightning","floor":5},{"not_picked":["Lockon","ReplayTheSpireMod:Repulse"],"picked":"Leap","floor":6},{"not_picked":["Turbo","Conserve Battery"],"picked":"Seek","floor":7},{"not_picked":["Self Repair+1","Beam Cell"],"picked":"Tempest","floor":10},{"not_picked":["Beam Cell","Auto Shields"],"picked":"FIFO Queue+1","floor":12},{"not_picked":["Stack","BasicCrystalCard"],"picked":"Echo Form+1","floor":13}],"player_experience":382300,"relics_obtained":[{"floor":6,"key":"Juzu Bracelet"},{"floor":9,"key":"Frozen Egg 2"}],"event_choices":[],"is_beta":false,"boss_relics":[],"items_purged_floors":[],"is_endless":false,"potions_floor_spawned":[1,10,12,13],"killed_by":"Gensokyo:Reimu","ascension_level":0}}