{"host":"uv231blk40vjdojr","time":1609491675,"event":{"mods":["BaseMod","Minty Spire (QoL Compilation)","Relic Stats"],"gold_per_floor":[112,112,126,201,201,226,226,244,244,125,137,137,166,185,185,258,258,276,98,98,117,131,131,131,131],"floor_reached":24,"playtime":772,"items_purged":["Pain","Strike_R"],"score":520,"play_id":"d0039627-39a6-481e-8fc7-509dc80fd125","local_time":"20210101100115","is_ascension_mode":true,"campfire_choices":[{"data":"Bash","floor":7.0,"key":"SMITH"},{"data":"Cleave","floor":15.0,"key":"SMITH"},{"floor":23,"key":"REST"}],"circlet_count":0,"master_deck":["AscendersBane","Defend_R","Defend_R","Defend_R","Bash+1","Sword Boomerang","Pommel Strike","Offering","Hemokinesis","Uppercut","Cleave+1","Limit Break","Headbutt+1","Anger+1","Armaments+1","Metallicize","Demon Form","Flame Barrier"],"relics":["Burning Blood","NeowsBlessing","WarpedTongs","Mummified Hand","Pantograph","Blood Vial","Astrolabe","MutagenicStrength"],"acts_visited":["TheCity"],"potions_floor_usage":[21],"damage_taken":[{"damage":0.0,"enemies":"2 Louse","floor":1.0,"turns":1.0},{"damage":0.0,"enemies":"Small Slimes","floor":3.0,"turns":1.0},{"damage":0.0,"enemies":"3 Sentries","floor":6.0,"turns":1.0},{"damage":8.0,"enemies":"Cultist","floor":8.0,"turns":2.0},{"damage":8.0,"enemies":"2 Fungi Beasts","floor":11.0,"turns":3.0},{"damage":41.0,"enemies":"Lagavulin","floor":13.0,"turns":4.0},{"damage":20.0,"enemies":"Lots of Slimes","floor":14.0,"turns":3.0},{"damage":8,"enemies":"Slime Boss","floor":16,"turns":6},{"damage":28,"enemies":"2 Thieves","floor":18,"turns":3},{"damage":27,"enemies":"3 Byrds","floor":21,"turns":4},{"damage":29,"enemies":"Snake Plant","floor":22,"turns":4},{"damage":62,"enemies":"Book of Stabbing","floor":24,"turns":5}],"seed_played":"7506782160412378607","potions_obtained":[{"floor":1.0,"key":"FairyPotion"},{"floor":8.0,"key":"Dexterity Potion"},{"floor":14.0,"key":"BlessingOfTheForge"},{"floor":18,"key":"Energy Potion"}],"is_trial":false,"path_per_floor":["M","?","M","?","?","E","R","M","T","$","M","?","E","M","R","B",null,"M","$","?","M","M","R","E"],"character_chosen":"IRONCLAD","items_purchased":["Hemokinesis","Demon Form"],"campfire_rested":1,"item_purchase_floors":[10,19],"current_hp_per_floor":[74,67,73,62,62,68,68,66,66,66,64,64,29,17,17,42,67,47,47,47,28,7,29,0,0],"gold":131,"neow_bonus":"THREE_ENEMY_KILL","is_daily":false,"chose_seed":false,"campfire_upgraded":2,"win_rate":0.0,"timestamp":1609491675,"path_taken":["M","?","M","?","?","E","R","M","T","$","?","?","E","M","R","BOSS","M","?","?","?","M","R","E"],"items_purchased_type":["Card","Card"],"build_version":"2020-12-22","purchased_purges":2,"victory":false,"max_hp_per_floor":[75,75,75,75,75,75,75,75,75,75,75,75,75,75,75,75,75,75,75,75,75,75,75,75,75],"relic_stats":{"Blood Vial":12,"counters":[6,25],"Mummified Hand":[6],"Pantograph":25,"Astrolabe":["Headbutt","Anger","Armaments"],"obtain_stats":[{"Blood Vial":13,"NeowsBlessing":0,"Mummified Hand":0,"Pantograph":0,"Astrolabe":17,"MutagenicStrength":20,"Burning Blood":0,"WarpedTongs":0},{"Blood Vial":0,"NeowsBlessing":0,"Mummified Hand":0,"Pantograph":0,"Astrolabe":2,"MutagenicStrength":3,"Burning Blood":0,"WarpedTongs":0},{"Blood Vial":0,"NeowsBlessing":0,"Mummified Hand":0,"Pantograph":0,"Astrolabe":9,"MutagenicStrength":12,"Burning Blood":0,"WarpedTongs":0}],"Burning Blood":30,"WarpedTongs":[25]},"card_choices":[{"not_picked":["Shockwave","Second Wind"],"picked":"Sword Boomerang","floor":1.0},{"not_picked":["Thunderclap","Flex"],"picked":"Pommel Strike","floor":3.0},{"not_picked":["Ghostly Armor","Power Through"],"picked":"Offering","floor":6.0},{"not_picked":["Body Slam","Armaments","Sentinel"],"picked":"SKIP","floor":8.0},{"not_picked":["Iron Wave","Spot Weakness","Infernal Blade"],"picked":"SKIP","floor":11.0},{"not_picked":["Sword Boomerang","Perfected Strike","Pommel Strike"],"picked":"SKIP","floor":13.0},{"not_picked":["Armaments","Combust"],"picked":"Cleave","floor":14.0},{"not_picked":["Offering","Bludgeon"],"picked":"Limit Break","floor":16},{"not_picked":["Sword Boomerang","Power Through+1"],"picked":"Metallicize","floor":18},{"not_picked":["Cleave","Heavy Blade"],"picked":"Flame Barrier","floor":21},{"not_picked":["Clash","Dual Wield","Twin Strike"],"picked":"SKIP","floor":22}],"player_experience":538707,"relics_obtained":[{"floor":6.0,"key":"Mummified Hand"},{"floor":9.0,"key":"Pantograph"},{"floor":13.0,"key":"Blood Vial"}],"event_choices":[{"cards_removed":["Strike_R"],"damage_healed":0.0,"max_hp_gain":0.0,"max_hp_loss":0.0,"gold_gain":0.0,"event_name":"Golden Wing","player_choice":"Card Removal","floor":2.0,"gold_loss":0.0,"damage_taken":7.0},{"damage_healed":0.0,"max_hp_gain":0.0,"max_hp_loss":0.0,"gold_gain":75.0,"event_name":"World of Goop","player_choice":"Gather Gold","floor":4.0,"gold_loss":0.0,"damage_taken":11.0},{"damage_healed":0.0,"max_hp_gain":0.0,"max_hp_loss":0.0,"gold_gain":0.0,"event_name":"Accursed Blacksmith","player_choice":"Rummage","floor":5.0,"gold_loss":0.0,"damage_taken":0.0,"relics_obtained":["WarpedTongs"],"cards_obtained":["Pain"]},{"damage_healed":0.0,"max_hp_gain":0.0,"max_hp_loss":0.0,"gold_gain":0.0,"cards_transformed":["Strike_R"],"event_name":"Transmorgrifier","player_choice":"Transformed","floor":12.0,"gold_loss":0.0,"damage_taken":0.0,"cards_obtained":["Uppercut"]},{"damage_healed":0,"gold_gain":0,"player_choice":"Inject Mutagens","damage_taken":0,"relics_obtained":["MutagenicStrength"],"max_hp_gain":0,"max_hp_loss":0,"event_name":"Drug Dealer","floor":20,"gold_loss":0}],"is_beta":false,"boss_relics":[{"not_picked":["Coffee Dripper","SacredBark"],"picked":"Astrolabe"}],"items_purged_floors":[10,19],"is_endless":false,"potions_floor_spawned":[1,8,11,14,18],"killed_by":"Book of Stabbing","ascension_level":17}}