{"host":"cx72hbz6x0kxjg15","time":1609514592,"event":{"mods":["Aspiration","BaseMod","BetterRewards","Colored Map","Downfall","Friendly Minions","Hubris","Minty Spire (QoL Compilation)","Relic Sorter","Relic Stats","Replay The Spire","StSLib","vexMod"],"gold_per_floor":[110,110,121,21,0,0,32,32,32,58,77,77,8,21,21,121,121,135,152,166,18,18,50,50,63,63,63,63,80,112,125,125,227,227,240,240,259,271,62,95,95,89,89,107,17,33,61,61,61,61],"floor_reached":51,"playtime":1438,"items_purged":["Strike_R","Strike_R","Defend_R"],"score":1415,"play_id":"664bee52-19c5-4eeb-8586-60e836d33f1f","local_time":"20210101162312","is_ascension_mode":true,"campfire_choices":[{"data":"Body Slam","floor":6,"key":"SMITH"},{"data":"Eruption","floor":12,"key":"SMITH"},{"data":"ReplayTheSpireMod:Limb From Limb","floor":15,"key":"SMITH"},{"data":"Strike_R","floor":24,"key":"SMITH"},{"data":"Thunderclap","floor":28,"key":"SMITH"},{"data":"Pummel","floor":32,"key":"SMITH"},{"data":"Limit Break","floor":41,"key":"SMITH"},{"data":"Strike_R","floor":49,"key":"SMITH"}],"circlet_count":0,"master_deck":["Strike_R+1","Strike_R+1","Defend_R","Defend_R","Defend_R","expansioncontent:DashGenerateEvil+1","Body Slam+1","Eruption+1","ReplayTheSpireMod:Limb From Limb+1","Thunderclap+1","Pommel Strike+1","Pummel+1","Limit Break+1","ReplayTheSpireMod:IOU"],"relics":["hubris:Teleporter","Replay:Wax Seal","Replay:M_SmolderingBlood","ReplayTheSpireMod:ShopPack","hubris:64BitClover","Gremlin Horn","Matryoshka","Painkiller Herb","Bottled Flame","Brimstone","hubris:BottledHeart","Ginger","ReplayFunnel","vexMod:ConsolationPrize","Nunchaku","aspiration:Lifesprig","aspiration:Stabinomicon","Philosopher\u0027s Stone","vexMod:BarristanHead","Membership Card","aspiration:HiddenCompartment","aspiration:Nostalgia","m_SlimeRing","hubris:IronBody","Letter Opener","Replay:Baseball"],"acts_visited":["Exordium","TheCity","TheBeyond"],"potions_floor_usage":[14,16,16,20,33,50,50,50],"damage_taken":[{"damage":0,"enemies":"Small Slimes","floor":1,"turns":2},{"damage":4,"enemies":"2 Louse","floor":3,"turns":3},{"damage":6,"enemies":"Gremlin Nob","floor":7,"turns":3},{"damage":0,"enemies":"3 Sentries","floor":10,"turns":2},{"damage":5,"enemies":"Jaw Worm","floor":11,"turns":4},{"damage":0,"enemies":"Looter","floor":14,"turns":2},{"damage":20,"enemies":"Hexaghost","floor":16,"turns":3},{"damage":0,"enemies":"Chosen","floor":18,"turns":2},{"damage":0,"enemies":"Spheric Guardian","floor":19,"turns":1},{"damage":0,"enemies":"Chosen and Byrds","floor":20,"turns":3},{"damage":0,"enemies":"Slavers","floor":23,"turns":1},{"damage":0,"enemies":"Snecko","floor":25,"turns":2},{"damage":0,"enemies":"Cultist and Chosen","floor":29,"turns":3},{"damage":0,"enemies":"Book of Stabbing","floor":30,"turns":3},{"damage":0,"enemies":"Chosen and Byrds","floor":31,"turns":2},{"damage":0,"enemies":"Automaton","floor":33,"turns":4},{"damage":0,"enemies":"Orb Walker","floor":35,"turns":2},{"damage":0,"enemies":"3 Darklings","floor":37,"turns":1},{"damage":0,"enemies":"Sphere and 2 Shapes","floor":38,"turns":2},{"damage":0,"enemies":"R_Hoarder","floor":40,"turns":2},{"damage":0,"enemies":"Transient","floor":44,"turns":5},{"damage":0,"enemies":"Spire Growth","floor":45,"turns":2},{"damage":0,"enemies":"Writhing Mass","floor":46,"turns":2},{"damage":0,"enemies":"Giant Head","floor":47,"turns":2},{"damage":0,"enemies":"hubris:GrandSnecko","floor":50,"turns":3}],"seed_played":"5643369601642745247","potions_obtained":[{"floor":1,"key":"PowerPotion"},{"floor":11,"key":"AttackPotion"},{"floor":14,"key":"DuplicationPotion"},{"floor":16,"key":"CultistPotion"},{"floor":19,"key":"PowerPotion"},{"floor":25,"key":"ElixirPotion"},{"floor":29,"key":"Ancient Potion"},{"floor":35,"key":"DuplicationPotion"},{"floor":46,"key":"EssenceOfSteel"}],"is_trial":false,"path_per_floor":["M","?","M","$","?","R","E","?","T","E","M","R","$","M","R","B",null,"?","?","?","T","?","E","T","?","T","T","T","?","E","?","T","B",null,"?","?","?","?","T","E","T","T","T","?","?","?","E","T","T","B",null],"character_chosen":"IRONCLAD","items_purchased":["ReplayTheSpireMod:ShopPack","ReplayTheSpireMod:Limb From Limb","Brimstone","Membership Card","aspiration:Nostalgia","hubris:IronBody"],"campfire_rested":0,"item_purchase_floors":[0,13,21,39,42,42],"current_hp_per_floor":[51,51,53,53,53,53,53,53,53,53,48,48,48,48,48,28,80,80,80,80,80,1,1,1,1,1,1,1,1,1,1,1,1,1,1,1,1,1,1,1,1,1,1,1,1,1,1,1,1,1],"gold":61,"neow_bonus":"","is_daily":false,"chose_seed":false,"campfire_upgraded":8,"win_rate":0.0,"timestamp":1609514592,"path_taken":["M","?","M","$","?","R","E","?","T","E","?","R","$","M","R","BOSS","?","?","?","T","?","E","T","?","T","?","T","?","E","?","T","BOSS","?","?","?","?","T","E","T","T","T","?","?","?","E","T","T","BOSS"],"items_purchased_type":["Relic","Card","Relic","Relic","Relic","Relic"],"build_version":"2020-12-22","purchased_purges":3,"victory":true,"max_hp_per_floor":[80,80,80,80,80,80,80,80,80,80,80,80,80,80,80,80,80,80,80,80,80,1,1,1,1,1,1,1,1,1,1,1,1,1,1,1,1,1,1,1,1,1,1,1,1,1,1,1,1,1],"relic_stats":{"Nunchaku":[11],"Gremlin Horn":[13,13],"counters":[25,61],"Ginger":[0],"Letter Opener":[5],"obtain_stats":[{"ReplayFunnel":26,"aspiration:Lifesprig":27,"Gremlin Horn":7,"Painkiller Herb":17,"aspiration:Stabinomicon":30,"Ginger":23,"Burning Blood":0,"Nunchaku":27,"m_SlimeRing":42,"Matryoshka":9,"Replay:M_SmolderingBlood":8,"Philosopher\u0027s Stone":34,"hubris:IronBody":42,"Replay:Wax Seal":10,"hubris:Teleporter":0,"hubris:64BitClover":0,"aspiration:Nostalgia":42,"vexMod:ConsolationPrize":26,"Letter Opener":43,"aspiration:HiddenCompartment":40,"Bottled Flame":19,"Replay:Baseball":47,"vexMod:BarristanHead":37,"Brimstone":21,"hubris:BottledHeart":22,"Membership Card":39,"ReplayTheSpireMod:ShopPack":0},{"ReplayFunnel":12,"aspiration:Lifesprig":12,"Gremlin Horn":3,"Painkiller Herb":7,"aspiration:Stabinomicon":14,"Ginger":11,"Burning Blood":0,"Nunchaku":12,"m_SlimeRing":20,"Matryoshka":3,"Replay:M_SmolderingBlood":3,"Philosopher\u0027s Stone":16,"hubris:IronBody":20,"Replay:Wax Seal":4,"hubris:Teleporter":0,"hubris:64BitClover":0,"aspiration:Nostalgia":20,"vexMod:ConsolationPrize":12,"Letter Opener":20,"aspiration:HiddenCompartment":20,"Bottled Flame":9,"Replay:Baseball":24,"vexMod:BarristanHead":18,"Brimstone":10,"hubris:BottledHeart":10,"Membership Card":19,"ReplayTheSpireMod:ShopPack":0},{"ReplayFunnel":28,"aspiration:Lifesprig":28,"Gremlin Horn":8,"Painkiller Herb":19,"aspiration:Stabinomicon":34,"Ginger":26,"Burning Blood":0,"Nunchaku":28,"m_SlimeRing":47,"Matryoshka":8,"Replay:M_SmolderingBlood":8,"Philosopher\u0027s Stone":40,"hubris:IronBody":47,"Replay:Wax Seal":10,"hubris:Teleporter":0,"hubris:64BitClover":0,"aspiration:Nostalgia":47,"vexMod:ConsolationPrize":28,"Letter Opener":47,"aspiration:HiddenCompartment":47,"Bottled Flame":22,"Replay:Baseball":58,"vexMod:BarristanHead":43,"Brimstone":25,"hubris:BottledHeart":25,"Membership Card":45,"ReplayTheSpireMod:ShopPack":0}]},"card_choices":[{"not_picked":["Secret Weapon","Sadistic Nature"],"picked":"expansioncontent:DashGenerateEvil","floor":0},{"not_picked":["Bloodletting","Infernal Blade","Twin Strike"],"picked":"SKIP","floor":1},{"not_picked":["Flex","ReplayTheSpireMod:Muscle Training"],"picked":"Body Slam","floor":3},{"not_picked":["Pommel Strike","Demon Form","Sever Soul"],"picked":"SKIP","floor":7},{"not_picked":["Swivel","FollowUp","Anger"],"picked":"SKIP","floor":10},{"not_picked":["ForeignInfluence","Replay:Undeath\u0027s Touch","FlyingSleeves"],"picked":"SKIP","floor":11},{"not_picked":["Havoc","Halt","FollowUp"],"picked":"SKIP","floor":14},{"not_picked":["Sentinel","Body Slam+1","Iron Wave"],"picked":"SKIP","floor":18},{"not_picked":["Combust","Run Through+1","Rampage"],"picked":"SKIP","floor":19},{"not_picked":["Spot Weakness","Hemokinesis","hubris:CleavingFinish"],"picked":"SKIP","floor":20},{"not_picked":["Thunderclap","Fire Breathing+1","Iron Wave"],"picked":"SKIP","floor":23},{"not_picked":["Fire Breathing+1","Iron Wave"],"picked":"Thunderclap","floor":23},{"not_picked":["ReplayTheSpireMod:Strike From Hell","Body Slam","Wild Strike"],"picked":"SKIP","floor":25},{"not_picked":["Replay:Undeath\u0027s Touch","Intimidate+1","ReplayTheSpireMod:Strike From Hell+1"],"picked":"SKIP","floor":29},{"not_picked":["Iron Wave","Seeing Red+1"],"picked":"Pommel Strike+1","floor":30},{"not_picked":["Infernal Blade+1","Corruption"],"picked":"Pummel","floor":31},{"not_picked":["Demon Form","Immolate"],"picked":"Limit Break","floor":33},{"not_picked":["ReplayTheSpireMod:Strike From Hell","Twin Strike+1","Rupture+1"],"picked":"SKIP","floor":35},{"not_picked":["Pommel Strike+1","Shrug It Off","Sword Boomerang+1"],"picked":"SKIP","floor":37},{"not_picked":["Heavy Blade+1","Cleave+1","Iron Wave"],"picked":"SKIP","floor":38},{"not_picked":["Armaments+1","Dual Wield","Sever Soul+1"],"picked":"SKIP","floor":40},{"not_picked":["Combust","Shockwave","Iron Wave"],"picked":"SKIP","floor":44},{"not_picked":["Metallicize","True Grit","Thunderclap"],"picked":"SKIP","floor":45},{"not_picked":["Replay:Undeath\u0027s Touch+1","Envenom","Cleave+1"],"picked":"SKIP","floor":46},{"not_picked":["Heavy Blade+1","Whirlwind+1","Sword Boomerang"],"picked":"SKIP","floor":47}],"player_experience":473722,"relics_obtained":[{"floor":7,"key":"Gremlin Horn"},{"floor":9,"key":"Matryoshka"},{"floor":10,"key":"Replay:Wax Seal"},{"floor":19,"key":"Bottled Flame"},{"floor":23,"key":"Ginger"},{"floor":26,"key":"ReplayFunnel"},{"floor":26,"key":"vexMod:ConsolationPrize"},{"floor":27,"key":"Nunchaku"},{"floor":27,"key":"aspiration:Lifesprig"},{"floor":30,"key":"aspiration:Stabinomicon"},{"floor":37,"key":"vexMod:BarristanHead"},{"floor":40,"key":"aspiration:HiddenCompartment"},{"floor":43,"key":"Letter Opener"},{"floor":47,"key":"Replay:Baseball"}],"event_choices":[{"cards_removed":["Strike_R"],"damage_healed":0,"gold_gain":0,"player_choice":"Removed Attack","damage_taken":0,"max_hp_gain":0,"max_hp_loss":0,"event_name":"Falling","floor":36,"gold_loss":0}],"is_beta":false,"boss_relics":[{"not_picked":["Replay:Wanted Poster","Electric Blood"],"picked":"Painkiller Herb"},{"not_picked":["hubris:CrackedHourglass","vexMod:ImprovementManual"],"picked":"Philosopher\u0027s Stone"}],"items_purged_floors":[0,4,39],"is_endless":false,"potions_floor_spawned":[1,11,14,16,19,25,29,31,35,44,46],"ascension_level":1}}