{"host":"xj2wyr3bqqv4irjd","time":1609502111,"event":{"mods":["Act Like it!","Arknights The Spire","BaseMod","Colored Map","Colored Powertips","Downfall","Hermit","Highlight Path","Jorbs\u0027s Wanderer Trilogy","Lobotomy","Marisa£®ÏF”Í°°ƒß¿Ì…≥£©","Minty Spire (QoL Compilation)","Quick Restart","Rare Cards Sparkle","Replay The Spire","StSLib"],"gold_per_floor":[116,116,66,82,92,92,126,126,126,145,145,156,174,185,185,288,288,302,320,160,170,170,170,198,198,198,217,231,261,261,261],"floor_reached":30,"playtime":3297,"items_purged":["ats:Defend"],"score":274,"play_id":"53de1774-0da9-46fc-8ce3-af9d49b97ea0","local_time":"20210101195511","is_ascension_mode":false,"campfire_choices":[{"data":"ats:Curse Doll","floor":6.0,"key":"SMITH"},{"data":"ats:Healing Drone","floor":8.0,"key":"SMITH"},{"data":"ats:Revitalization","floor":11.0,"key":"SMITH"},{"data":"ats:Shell Defense","floor":15.0,"key":"SMITH"},{"data":"ats:Beaten Up","floor":23.0,"key":"SMITH"},{"data":"ats:Composite Medical Shells","floor":25.0,"key":"SMITH"}],"circlet_count":0,"master_deck":["ats:Strike C","ats:Strike G","ats:Strike S","ats:Armor Crushing Shot","ats:Defend","ats:Defend","ats:Defend","ats:Emotion Absorption","ats:Curse Doll+1","ats:Shell Defense+1","ats:Healing Drone+1","ats:Shadow Raid","ats:Revitalization+1","ats:Sunburst","ats:Red Shift","ats:Rat Pack","ats:Thorns","ats:Very Hot Blade","ats:Cat Scratch","ats:Beaten Up+1","ats:Composite Medical Shells+1","ats:Directed Diagnosis","ats:Ignite+1"],"relics":["ats:Sanity","Pondfish Scales","ats:Originium","InkBottle","Singing Bowl","Philosopher\u0027s Stone","Peace Pipe","ats:Ability Aura","Molten Egg 2"],"acts_visited":["Exordium","TheCity"],"potions_floor_usage":[],"damage_taken":[{"damage":2.0,"enemies":"2 Louse","floor":1.0,"turns":4.0},{"damage":0.0,"enemies":"Jaw Worm","floor":4.0,"turns":5.0},{"damage":0.0,"enemies":"Cultist","floor":5.0,"turns":5.0},{"damage":66.0,"enemies":"Lagavulin","floor":7.0,"turns":13.0},{"damage":2.0,"enemies":"Exordium Wildlife","floor":10.0,"turns":7.0},{"damage":16.0,"enemies":"Red Slaver","floor":12.0,"turns":7.0},{"damage":14.0,"enemies":"2 Fungi Beasts","floor":13.0,"turns":3.0},{"damage":9.0,"enemies":"Large Slime","floor":14.0,"turns":9.0},{"damage":46.0,"enemies":"Slime Boss","floor":16.0,"turns":13.0},{"damage":29.0,"enemies":"Shell Parasite","floor":18.0,"turns":8.0},{"damage":10.0,"enemies":"2 Thieves","floor":19.0,"turns":5.0},{"damage":16.0,"enemies":"Snecko","floor":21.0,"turns":7.0},{"damage":90.0,"enemies":"Gremlin Leader","floor":24.0,"turns":12.0},{"damage":23.0,"enemies":"Shelled Parasite and Fungi","floor":27.0,"turns":8.0},{"damage":29.0,"enemies":"3 Cultists","floor":28.0,"turns":6.0},{"damage":92,"enemies":"Book of Stabbing","floor":29,"turns":7},{"damage":18,"enemies":"Centurion and Healer","floor":30,"turns":1}],"seed_played":"1946417453932346433","potions_obtained":[{"floor":7.0,"key":"EssenceOfSteel"},{"floor":10.0,"key":"ColorlessPotion"},{"floor":12.0,"key":"Block Potion"},{"floor":14.0,"key":"Adrenaline Potion"},{"floor":16.0,"key":"PowerPotion"},{"floor":21.0,"key":"EssenceOfSteel"},{"floor":24.0,"key":"Explosive Potion"}],"is_trial":false,"path_per_floor":["M","?","?","M","M","R","E","R","T","M","R","M","M","M","R","B",null,"M","M","$","M","?","R","E","R","T","M","M","E","M"],"character_chosen":"DOCTOR_CLASS","items_purchased":["ats:Cat Scratch","ats:Beaten Up"],"campfire_rested":0,"item_purchase_floors":[20,20],"current_hp_per_floor":[49,54,54,54,54,54,23,23,23,48,48,71,67,74,74,71,79,65,69,69,77,77,77,45,45,45,65,67,7,0,0],"gold":261,"neow_bonus":"ONE_RARE_RELIC","is_daily":false,"chose_seed":false,"campfire_upgraded":6,"win_rate":0.0,"timestamp":1609502111,"path_taken":["M","?","?","M","M","R","E","R","T","M","R","?","M","M","R","BOSS","M","?","$","M","?","R","E","R","T","M","M","E","M"],"items_purchased_type":["Card","Card"],"build_version":"2020-12-22","purchased_purges":1,"victory":false,"max_hp_per_floor":[72,77,77,77,77,77,77,77,77,77,77,77,79,79,79,79,79,79,79,79,81,81,81,81,81,81,83,83,83,83,83],"card_choices":[{"not_picked":["ats:Hammer On","ats:Ignite"],"picked":"ats:Curse Doll","floor":1.0},{"not_picked":["ats:Explosion Area Strengthen","ats:Ignite"],"picked":"ats:Shell Defense","floor":4.0},{"not_picked":["ats:Rat Pack","ats:Magnetic Hammer"],"picked":"ats:Healing Drone","floor":5.0},{"not_picked":["ats:Spore Proliferation","ats:Song Of Battle"],"picked":"ats:Shadow Raid","floor":7.0},{"not_picked":["ats:Explosion Area Strengthen","ats:Part Time Job"],"picked":"ats:Revitalization","floor":10.0},{"not_picked":["ats:Hammer On","ats:Shadow Raid"],"picked":"ats:Sunburst","floor":12.0},{"not_picked":["ats:Explosion Area Strengthen","ats:Hammer On","ats:Childhood Dance"],"picked":"Singing Bowl","floor":13.0},{"not_picked":["ats:Explosion Area Strengthen","ats:Ignite"],"picked":"ats:Red Shift","floor":14.0},{"not_picked":["ats:Roar Of Ursus","ats:Nebulous Foxfire"],"picked":"ats:Rat Pack","floor":16.0},{"not_picked":["ats:Revitalization","ats:Charging Defense"],"picked":"ats:Thorns","floor":18.0},{"not_picked":["ats:Collapsing Strike","ats:Ignite"],"picked":"ats:Very Hot Blade","floor":19.0},{"not_picked":["ats:Flexible Camouflage","ats:Consecutive Shot Auto","ats:Collapsing Strike"],"picked":"Singing Bowl","floor":21.0},{"not_picked":["ats:Explosion Area Strengthen","ats:Support Order"],"picked":"ats:Composite Medical Shells","floor":24.0},{"not_picked":["ats:Song Of Battle","ats:Collapsing Strike","ats:Flexible Camouflage+1"],"picked":"Singing Bowl","floor":27.0},{"not_picked":["ats:Leaping Hammer","ats:Hammer On"],"picked":"ats:Directed Diagnosis","floor":28.0},{"not_picked":["ats:Durian","ats:Leaping Hammer+1"],"picked":"ats:Ignite+1","floor":29}],"player_experience":444415,"relics_obtained":[{"floor":7.0,"key":"ats:Originium"},{"floor":7.0,"key":"InkBottle"},{"floor":9.0,"key":"Singing Bowl"},{"floor":24.0,"key":"ats:Originium"},{"floor":24.0,"key":"Peace Pipe"},{"floor":26.0,"key":"ats:Ability Aura"},{"floor":29,"key":"ats:Originium"},{"floor":29,"key":"Molten Egg 2"}],"event_choices":[{"damage_healed":0.0,"max_hp_gain":5.0,"max_hp_loss":0.0,"gold_gain":0.0,"event_name":"Big Fish","player_choice":"Donut","floor":2.0,"gold_loss":0.0,"damage_taken":0.0},{"cards_removed":["ats:Strike V"],"damage_healed":0.0,"max_hp_gain":0.0,"max_hp_loss":0.0,"gold_gain":0.0,"event_name":"The Cleric","player_choice":"Card Removal","floor":3.0,"gold_loss":50.0,"damage_taken":0.0},{"damage_healed":0.0,"max_hp_gain":0.0,"max_hp_loss":0.0,"gold_gain":0.0,"event_name":"Match and Keep!","player_choice":"0 cards matched","floor":22.0,"gold_loss":0.0,"damage_taken":0.0,"cards_obtained":[]}],"is_beta":false,"boss_relics":[{"not_picked":["Runic Dome","Runic Pyramid"],"picked":"Philosopher\u0027s Stone"}],"items_purged_floors":[20],"is_endless":false,"potions_floor_spawned":[7,10,12,14,16,21,24],"killed_by":"Centurion and Healer","ascension_level":0}}