{"host":"7miifhus8z9bfeqk","time":1609470573,"event":{"mods":["BaseMod","Hermit","Minty Spire (QoL Compilation)","StSLib"],"gold_per_floor":[119,139,156,166,166,202,218,243,243,273,287,287,348,364,364,471,471,462,483,483,493,493,525,525,562,562,562,369,369,388,398,398,502,502,517,533,552,40,97,97,152,152,179,179,203,203,218,93,93,98,98,98,72,103,103,103],"floor_reached":55,"playtime":5767,"items_purged":["hermit:CalledShot","hermit:DeadMansHand+1","hermit:Showdown"],"score":746,"play_id":"889b1500-cf42-4284-8077-eff780ed99c0","local_time":"20210101110933","is_ascension_mode":false,"campfire_choices":[{"floor":12.0,"key":"REST"},{"floor":15.0,"key":"RECALL"},{"data":"hermit:Maintenance","floor":24.0,"key":"SMITH"},{"floor":27.0,"key":"REST"},{"data":"hermit:HighNoon","floor":29.0,"key":"SMITH"},{"data":"hermit:Manifest","floor":32.0,"key":"SMITH"},{"floor":40.0,"key":"REST"},{"data":"hermit:Vantage","floor":42.0,"key":"SMITH"},{"data":"hermit:Combo","floor":49.0,"key":"SMITH"},{"data":"hermit:Vantage","floor":52,"key":"SMITH"}],"circlet_count":0,"master_deck":["hermit:Strike_Hermit","hermit:Strike_Hermit","hermit:Strike_Hermit","hermit:Strike_Hermit","hermit:Defend_Hermit+1","hermit:Defend_Hermit","hermit:Snapshot","hermit:Covet","hermit:TrackingShot","hermit:Dive+1","hermit:ItchyTrigger","hermit:Scavenge","hermit:Misfire","hermit:HighNoon+1","hermit:BodyArmor","hermit:Enervate","hermit:BigShot","hermit:Roughhouse","hermit:FlashPowder","hermit:Maintenance+1","hermit:Grudge","hermit:Combo+1","hermit:WideOpen","hermit:Headshot+1","hermit:Manifest+1","hermit:Vantage+1","hermit:Vantage+1","hermit:EyeOfTheStorm","hermit:Determination","hermit:ItchyTrigger+1","hermit:FlashPowder","hermit:LowProfile+1","hermit:Dissolve","hermit:Showdown+1","hermit:Quickdraw+1","hermit:Enervate+1"],"relics":["hermit:Momento","NeowsBlessing","Matryoshka","Eternal Feather","Blue Candle","Kunai","Busted Crown","Mango","Bag of Marbles","Happy Flower","Dream Catcher","Sozu","Molten Egg 2","Prayer Wheel","Incense Burner","MealTicket","StoneCalendar"],"acts_visited":["Exordium","TheCity","TheBeyond","TheEnding"],"potions_floor_usage":[50],"damage_taken":[{"damage":0.0,"enemies":"Small Slimes","floor":1.0,"turns":1.0},{"damage":0.0,"enemies":"Jaw Worm","floor":2.0,"turns":1.0},{"damage":0.0,"enemies":"2 Louse","floor":3.0,"turns":1.0},{"damage":9.0,"enemies":"Large Slime","floor":4.0,"turns":6.0},{"damage":1.0,"enemies":"Lagavulin","floor":6.0,"turns":11.0},{"damage":16.0,"enemies":"Exordium Thugs","floor":7.0,"turns":4.0},{"damage":3.0,"enemies":"Red Slaver","floor":8.0,"turns":4.0},{"damage":3.0,"enemies":"3 Sentries","floor":10.0,"turns":10.0},{"damage":13.0,"enemies":"2 Fungi Beasts","floor":11.0,"turns":4.0},{"damage":26.0,"enemies":"3 Sentries","floor":13.0,"turns":9.0},{"damage":2.0,"enemies":"Blue Slaver","floor":14.0,"turns":2.0},{"damage":20.0,"enemies":"Slime Boss","floor":16.0,"turns":13.0},{"damage":3.0,"enemies":"2 Thieves","floor":18.0,"turns":4.0},{"damage":3.0,"enemies":"Chosen","floor":19.0,"turns":5.0},{"damage":27.0,"enemies":"Snake Plant","floor":21.0,"turns":6.0},{"damage":0.0,"enemies":"Book of Stabbing","floor":23.0,"turns":5.0},{"damage":60.0,"enemies":"Gremlin Leader","floor":25.0,"turns":9.0},{"damage":4.0,"enemies":"Centurion and Healer","floor":30.0,"turns":6.0},{"damage":8.0,"enemies":"Snecko","floor":31.0,"turns":3.0},{"damage":25.0,"enemies":"Champ","floor":33.0,"turns":12.0},{"damage":4.0,"enemies":"3 Darklings","floor":35.0,"turns":5.0},{"damage":7.0,"enemies":"3 Shapes","floor":36.0,"turns":5.0},{"damage":43.0,"enemies":"Spire Growth","floor":37.0,"turns":6.0},{"damage":17.0,"enemies":"2 Orb Walkers","floor":39.0,"turns":3.0},{"damage":0.0,"enemies":"Mind Bloom Boss Battle","floor":41.0,"turns":6.0},{"damage":4.0,"enemies":"Maw","floor":45.0,"turns":7.0},{"damage":12.0,"enemies":"Jaw Worm Horde","floor":47.0,"turns":4.0},{"damage":55,"enemies":"Awakened One","floor":50,"turns":15},{"damage":38,"enemies":"Shield and Spear","floor":54,"turns":8},{"damage":50,"enemies":"The Heart","floor":55,"turns":5}],"seed_played":"-6150249800759806480","potions_obtained":[{"floor":4.0,"key":"ColorlessPotion"},{"floor":6.0,"key":"Ancient Potion"},{"floor":8.0,"key":"Swift Potion"},{"floor":10.0,"key":"AttackPotion"},{"floor":14.0,"key":"Energy Potion"},{"floor":16.0,"key":"Block Potion"},{"floor":18.0,"key":"hermit:BlackBile"},{"floor":19.0,"key":"LiquidMemories"},{"floor":25.0,"key":"Strength Potion"},{"floor":31.0,"key":"hermit:BlackBile"}],"is_trial":false,"path_per_floor":["M","M","M","M","?","E","M","M","T","E","M","R","?","M","R","B",null,"M","M","?","M","?","E","R","E","T","R","$","R","M","M","R","B",null,"M","M","M","$","?","R","?","R","T","?","M","?","M","$","R","B",null,"R","$","E","B"],"character_chosen":"HERMIT","items_purchased":["hermit:Combo","hermit:WideOpen","hermit:EyeOfTheStorm","hermit:Determination","Molten Egg 2","hermit:ItchyTrigger+1","hermit:Quickdraw+1"],"campfire_rested":3,"item_purchase_floors":[28,28,38,38,38,38,53],"current_hp_per_floor":[75,75,75,66,51,50,34,31,31,28,15,46,20,18,30,10,75,72,69,69,42,42,56,68,8,8,46,46,61,57,49,64,39,89,85,78,35,35,18,62,62,80,80,80,76,76,64,79,85,30,85,85,85,47,0,0],"gold":103,"neow_bonus":"THREE_ENEMY_KILL","is_daily":false,"chose_seed":false,"campfire_upgraded":6,"win_rate":0.0,"timestamp":1609470573,"path_taken":["M","M","M","M","?","E","M","M","T","E","M","R","?","M","R","BOSS","M","M","?","M","?","E","R","E","T","R","$","R","M","?","R","BOSS","M","M","M","$","?","R","?","R","T","?","?","?","?","?","R","BOSS","R","$","E","BOSS"],"items_purchased_type":["Card","Card","Card","Card","Relic","Card","Card"],"build_version":"2020-12-22","purchased_purges":3,"victory":false,"max_hp_per_floor":[75,75,75,75,75,75,75,75,75,75,75,75,75,75,75,75,75,75,75,75,75,75,89,89,89,89,89,89,89,89,89,89,89,89,89,89,89,89,89,89,89,89,89,85,85,85,85,85,85,85,85,85,85,85,85,85],"card_choices":[{"not_picked":["hermit:Manifest","hermit:Cheat"],"picked":"hermit:TrackingShot","floor":1.0},{"not_picked":["hermit:Quickdraw","hermit:TakeCover"],"picked":"hermit:Dive","floor":2.0},{"not_picked":["hermit:Manifest","hermit:Quickdraw"],"picked":"hermit:ItchyTrigger","floor":3.0},{"not_picked":["hermit:Manifest","hermit:EternalForm"],"picked":"hermit:Scavenge","floor":4.0},{"not_picked":["hermit:LowProfile","hermit:Brawl"],"picked":"hermit:Misfire","floor":6.0},{"not_picked":["hermit:Coalescence","hermit:HoleUp"],"picked":"hermit:CalledShot","floor":7.0},{"not_picked":["hermit:BodyArmor","hermit:Feint"],"picked":"hermit:Showdown","floor":8.0},{"not_picked":["hermit:LoneWolf","hermit:GhostlyPresence"],"picked":"hermit:HighNoon","floor":10.0},{"not_picked":["hermit:HoleUp","hermit:Snipe"],"picked":"hermit:BodyArmor","floor":11.0},{"not_picked":["hermit:FullyLoaded","hermit:Combo"],"picked":"hermit:Enervate","floor":13.0},{"not_picked":["hermit:PistolWhip","hermit:HighCaliber"],"picked":"hermit:BigShot","floor":14.0},{"not_picked":["hermit:FromBeyond","hermit:Adapt"],"picked":"hermit:Roughhouse","floor":16.0},{"not_picked":[],"picked":"hermit:FlashPowder","floor":18.0},{"not_picked":[],"picked":"hermit:DeadMansHand+1","floor":19.0},{"not_picked":[],"picked":"hermit:Maintenance","floor":21.0},{"not_picked":["hermit:NoHoldsBarred"],"picked":"SKIP","floor":23.0},{"not_picked":["hermit:BigShot"],"picked":"SKIP","floor":25.0},{"not_picked":[],"picked":"hermit:Headshot+1","floor":30.0},{"not_picked":[],"picked":"hermit:Manifest","floor":31.0},{"not_picked":["hermit:PistolWhip"],"picked":"SKIP","floor":35.0},{"not_picked":[],"picked":"hermit:Vantage","floor":36.0},{"not_picked":[],"picked":"hermit:Vantage","floor":37.0},{"not_picked":[],"picked":"hermit:FlashPowder","floor":41.0},{"not_picked":[],"picked":"hermit:LowProfile+1","floor":45.0},{"not_picked":["hermit:Vantage"],"picked":"SKIP","floor":45.0},{"not_picked":[],"picked":"hermit:Dissolve","floor":47.0},{"not_picked":[],"picked":"hermit:Showdown+1","floor":47.0},{"not_picked":[],"picked":"hermit:Enervate+1","floor":54}],"player_experience":169404,"relics_obtained":[{"floor":6.0,"key":"Matryoshka"},{"floor":9.0,"key":"Eternal Feather"},{"floor":10.0,"key":"Blue Candle"},{"floor":13.0,"key":"Kunai"},{"floor":23.0,"key":"Mango"},{"floor":25.0,"key":"Bag of Marbles"},{"floor":26.0,"key":"Happy Flower"},{"floor":26.0,"key":"Dream Catcher"},{"floor":39.0,"key":"Prayer Wheel"},{"floor":41.0,"key":"Incense Burner"},{"floor":43.0,"key":"MealTicket"},{"floor":54,"key":"StoneCalendar"}],"event_choices":[{"damage_healed":0.0,"max_hp_gain":0.0,"max_hp_loss":0.0,"gold_gain":0.0,"event_name":"Shining Light","player_choice":"Entered Light","floor":5.0,"gold_loss":0.0,"damage_taken":15.0,"cards_upgraded":["hermit:Defend_Hermit","hermit:Dive"]},{"damage_healed":0.0,"max_hp_gain":0.0,"max_hp_loss":0.0,"gold_gain":0.0,"event_name":"Dead Adventurer","player_choice":"Searched \u00271\u0027 times","floor":13.0,"gold_loss":0.0,"damage_taken":0.0},{"cards_removed":["hermit:Defend_Hermit"],"damage_healed":0.0,"max_hp_gain":0.0,"max_hp_loss":0.0,"gold_gain":0.0,"event_name":"Back to Basics","player_choice":"Elegance","floor":20.0,"gold_loss":0.0,"damage_taken":0.0},{"damage_healed":0.0,"max_hp_gain":0.0,"max_hp_loss":0.0,"gold_gain":0.0,"cards_transformed":["hermit:Defend_Hermit"],"event_name":"Transmorgrifier","player_choice":"Transformed","floor":22.0,"gold_loss":0.0,"damage_taken":0.0,"cards_obtained":["hermit:Grudge"]},{"damage_healed":0.0,"max_hp_gain":0.0,"max_hp_loss":0.0,"gold_gain":0.0,"event_name":"Mysterious Sphere","player_choice":"Fight","floor":39.0,"gold_loss":0.0,"damage_taken":0.0},{"damage_healed":0.0,"max_hp_gain":0.0,"max_hp_loss":0.0,"gold_gain":0.0,"event_name":"MindBloom","player_choice":"Fight","floor":41.0,"gold_loss":0.0,"damage_taken":0.0},{"damage_healed":0.0,"max_hp_gain":0.0,"max_hp_loss":4.0,"gold_gain":0.0,"event_name":"Winding Halls","player_choice":"Max HP","floor":44.0,"gold_loss":0.0,"damage_taken":0.0},{"damage_healed":0.0,"max_hp_gain":0.0,"max_hp_loss":0.0,"gold_gain":0.0,"event_name":"NoteForYourself","player_choice":"Ignored","floor":46.0,"gold_loss":0.0,"damage_taken":0.0}],"is_beta":false,"boss_relics":[{"not_picked":["Snecko Eye","Tiny House"],"picked":"Busted Crown"},{"not_picked":["Fusion Hammer","Runic Pyramid"],"picked":"Sozu"}],"items_purged_floors":[28,38,48],"is_endless":false,"potions_floor_spawned":[4,6,8,10,14,16,18,19,25,31,35,41,54],"killed_by":"The Heart","ascension_level":0}}