{"host":"sjo4oracihb00px1","time":1609530689,"event":{"mods":["Astrologer","BaseMod","Better Note","Colored Powertips","Defective Defect","Friendly Minions","Hermit","HololiveMod","Hubris","Jorbs\u0027s Wanderer Trilogy","Kiyohime????","Marisa????????","Minty Spire (QoL Compilation)","Quick Restart","Random Character Button","Remilia??????","Replay The Spire","Shop Mod","ShortenTheSpire","Somnambulant","StSLib","The Administrix","The Animator","The Awakened One except there are too many feathers","The Bug Knight","The Cursed","The Death Knight","The Disciple","The Gatherer","The IronCluck","The Necromancer","The Problem Sleuth","The Runesmith","The Servant 0.9.4","The Vixen","TheBandit","Waifu the Spire","Wandering Minibosses","Yuri Mod","everything is the same but u backflip on backflip","slay the spire mod where everything is the same but ironclad has a cowboy hat","thorton"],"gold_per_floor":[117,127,41,41,108,141,141,190,244,274,274,306,331,381,381,498,498,519,519,87,2,26,68,68,103,152,152,152,195,195,232,232,252,252],"floor_reached":33,"playtime":6122,"items_purged":["theSleuth:FrighteningBeast"],"score":596,"play_id":"777449e2-9c5d-456f-bd80-72d145aaae22","local_time":"20210101145129","is_ascension_mode":true,"campfire_choices":[{"data":"yuri:Oolong","floor":7.0,"key":"SMITH"},{"data":"yuri:HoldBack","floor":11.0,"key":"SMITH"},{"data":"yuri:SelfHarm","floor":15.0,"key":"SMITH"},{"data":"yuri:yuriStab","floor":27,"key":"SMITH"},{"data":"yuri:DeepBreathing","floor":30,"key":"SMITH"},{"floor":32,"key":"REST"}],"circlet_count":0,"master_deck":["yuri:yuriStrike","yuri:yuriStrike","yuri:yuriStrike","yuri:yuriStrike","yuri:yuriStrike","yuri:yuriDefend","yuri:yuriDefend","yuri:yuriDefend","yuri:yuriDefend","yuri:yuriDefend","yuri:Oolong+1","yuri:yuriStab+1","yuri:Stalk","yuri:WickedSlash","yuri:Stalk","yuri:Parry","yuri:DeepBreathing+1","yuri:HoldBack+1","yuri:Spin","yuri:WickedSlash","yuri:SelfHarm+1","yuri:GrowingInsanity","yuri:Torment","yuri:BookPurple","yuri:BookPurple","yuri:MPose","yuri:WickedSlash","yuri:GrowingInsanity+1","yuri:InsanityDefense","yuri:WickedSlash"],"relics":["yuri:yuriKnife","NeowsBlessing","hubris:Towel","Replay:Bandana","Simple Rune","Bottled Tornado","Orichalcum","hubris:TenFootPole","hubris:ScarierMask","Replay:Accelerometer","hubris:HerbalPaste","HollowMod:PaleOreRelic","ReplayTheSpireMod:TigerMarble","Whetstone","hubris:ToyBattleship","Bag of Marbles","hubris:BottledRain","hubris:PeanutButter"],"acts_visited":["Exordium","TheCity"],"potions_floor_usage":[31,33,33],"damage_taken":[{"damage":0.0,"enemies":"2 Louse","floor":1.0,"turns":1.0},{"damage":0.0,"enemies":"Jaw Worm","floor":2.0,"turns":1.0},{"damage":0.0,"enemies":"Lagavulin","floor":6.0,"turns":1.0},{"damage":17.0,"enemies":"3 Sentries","floor":8.0,"turns":3.0},{"damage":0.0,"enemies":"Small Slimes","floor":10.0,"turns":3.0},{"damage":3.0,"enemies":"Exordium Thugs","floor":12.0,"turns":4.0},{"damage":4.0,"enemies":"Looter","floor":13.0,"turns":3.0},{"damage":5.0,"enemies":"Lagavulin","floor":14.0,"turns":3.0},{"damage":39.0,"enemies":"Hexaghost","floor":16.0,"turns":7.0},{"damage":15.0,"enemies":"Chosen","floor":18.0,"turns":5.0},{"damage":34.0,"enemies":"Shell Parasite","floor":22.0,"turns":5.0},{"damage":23.0,"enemies":"Book of Stabbing","floor":23.0,"turns":4.0},{"damage":6.0,"enemies":"Replay:Snechameleon","floor":25.0,"turns":4.0},{"damage":13,"enemies":"Book of Stabbing","floor":29,"turns":4},{"damage":21,"enemies":"Replay:Snechameleon","floor":31,"turns":5},{"damage":66,"enemies":"Automaton","floor":33,"turns":6}],"seed_played":"-3540904771390421925","potions_obtained":[{"floor":1.0,"key":"BlessingOfTheForge"},{"floor":5.0,"key":"Explosive Potion"},{"floor":5.0,"key":"DistilledChaos"},{"floor":8.0,"key":"Adrenaline Potion"},{"floor":10.0,"key":"SkillPotion"},{"floor":12.0,"key":"FearPotion"},{"floor":13.0,"key":"EssenceOfSteel"},{"floor":23.0,"key":"Strength Potion"},{"floor":29,"key":"ColorlessPotion"},{"floor":31,"key":"ColorlessPotion"}],"is_trial":false,"path_per_floor":["M","M","$","?","?","E","R","E","T","M","R","M","M","E","R","B",null,"M","?","$","?","M","E","$","E","T","R","?","E","R","E","R","B"],"character_chosen":"YURI","items_purchased":["yuri:Stalk","yuri:Parry","hubris:HerbalPaste","yuri:BookPurple","HollowMod:PaleOreRelic"],"campfire_rested":1,"item_purchase_floors":[3,3,20,20,20],"current_hp_per_floor":[72,72,72,72,72,72,72,62,62,69,69,73,69,71,71,39,70,62,62,62,62,41,31,31,38,38,38,33,26,26,18,43,0,0],"gold":252,"neow_bonus":"THREE_ENEMY_KILL","is_daily":false,"chose_seed":false,"campfire_upgraded":5,"win_rate":0.0,"timestamp":1609530689,"path_taken":["M","M","$","?","?","E","R","E","T","M","R","?","M","E","R","BOSS","M","?","$","?","M","E","$","E","T","R","?","E","R","E","R","BOSS"],"items_purchased_type":["Card","Card","Relic","Card","Relic"],"build_version":"2020-12-22","purchased_purges":1,"victory":false,"max_hp_per_floor":[80,80,80,80,80,80,80,80,80,80,80,80,80,80,80,80,80,80,80,80,80,80,80,80,80,80,80,85,85,85,85,85,85,85],"card_choices":[{"not_picked":["yuri:UnstableStrike","yuri:yuriQuickStrike"],"picked":"yuri:Stalk","floor":1.0},{"not_picked":["yuri:SelfHarm","yuri:CalmingAura"],"picked":"yuri:WickedSlash","floor":2.0},{"not_picked":["yuri:ThrowingKnives","yuri:ThornRemove"],"picked":"yuri:DeepBreathing","floor":5.0},{"not_picked":["yuri:DebugCard","yuri:TPose"],"picked":"yuri:HoldBack","floor":6.0},{"not_picked":["yuri:DejaVu","yuri:DragonForm"],"picked":"yuri:Spin","floor":8.0},{"not_picked":["yuri:SelfHarm","yuri:TPose"],"picked":"yuri:WickedSlash","floor":10.0},{"not_picked":["yuri:RecklessStrike","yuri:Skip","yuri:RepairCode"],"picked":"SKIP","floor":12.0},{"not_picked":["yuri:CalmingAura","yuri:Skip"],"picked":"yuri:SelfHarm","floor":13.0},{"not_picked":["yuri:Spin","yuri:Stare"],"picked":"yuri:GrowingInsanity","floor":14.0},{"not_picked":["yuri:DisableStrike","yuri:BlackTea"],"picked":"yuri:Torment","floor":16.0},{"not_picked":["yuri:BrokenCode+1","yuri:ThrowBook","yuri:Stare"],"picked":"SKIP","floor":18.0},{"not_picked":["yuri:ConsumeGlitch","yuri:DebugCard"],"picked":"yuri:MPose","floor":22.0},{"not_picked":["yuri:Stalk","yuri:RecklessStrike"],"picked":"yuri:WickedSlash","floor":23.0},{"not_picked":["yuri:MPose","yuri:CalmingAura"],"picked":"yuri:GrowingInsanity+1","floor":25},{"not_picked":["yuri:RecklessStrike+1","yuri:Stalk+1"],"picked":"yuri:InsanityDefense","floor":29},{"not_picked":["yuri:InsanityDefense","yuri:UnstableStrike"],"picked":"yuri:WickedSlash","floor":31}],"player_experience":685719,"relics_obtained":[{"floor":5.0,"key":"Replay:Bandana"},{"floor":6.0,"key":"Simple Rune"},{"floor":8.0,"key":"Bottled Tornado"},{"floor":9.0,"key":"Orichalcum"},{"floor":14.0,"key":"hubris:TenFootPole"},{"floor":23.0,"key":"Whetstone"},{"floor":25,"key":"hubris:ToyBattleship"},{"floor":26,"key":"Bag of Marbles"},{"floor":29,"key":"hubris:BottledRain"},{"floor":31,"key":"hubris:PeanutButter"}],"event_choices":[{"damage_healed":0.0,"max_hp_gain":0.0,"max_hp_loss":0.0,"gold_gain":0.0,"event_name":"Addict","player_choice":"Obtained Relic","floor":21.0,"gold_loss":85.0,"damage_taken":0.0,"relics_obtained":["ReplayTheSpireMod:TigerMarble"]},{"damage_healed":0,"gold_gain":0,"player_choice":"Shed Blood","damage_taken":20,"max_hp_gain":5,"max_hp_loss":0,"event_name":"Forgotten Altar","floor":28,"gold_loss":0}],"is_beta":false,"boss_relics":[{"not_picked":["ChewingGum","Astrolabe"],"picked":"hubris:ScarierMask"}],"items_purged_floors":[20],"is_endless":false,"potions_floor_spawned":[1,8,10,12,13,23,29,31],"killed_by":"Automaton","ascension_level":6}}