{"host":"rcanb95qz4o6v6pp","time":1609493634,"event":{"mods":["AchievementEnabler","BaseMod","Better Third Choice","BetterRewards","Colored Map","Downfall","Googly Eyes","Minty Spire (QoL Compilation)","Replay The Spire","Spicy Shops","StSLib","The Blue Laboratory"],"gold_per_floor":[129,129,129,234,289,289,418,418,418,523,607,748,793,841,841,1156,1156,1198,331,331,376,430,571,571,652,707,707,782,69,144,237,237,571,571,619,670,826,21,123,201,331,436,436,580,664,25,133,202,202,202],"floor_reached":51,"playtime":3876,"items_purged":[],"score":1418,"play_id":"3e5264df-2d9f-4199-ab3f-c41ba8261f6f","local_time":"20210101043354","daily_mods":["SealedDeck","Heirloom","DeadlyEvents","Elite Swarm","Lethality","Midas","Night Terrors"],"is_ascension_mode":false,"campfire_choices":[{"floor":6.0,"key":"REST"},{"floor":8.0,"key":"REST"},{"floor":15.0,"key":"REST"},{"floor":24.0,"key":"REST"},{"floor":27.0,"key":"REST"},{"floor":32.0,"key":"REST"},{"floor":49,"key":"REST"}],"circlet_count":0,"master_deck":["sneckomod:SnekBeam","sneckomod:UnknownBlock","sneckomod:UnknownCommonAttack+1","sneckomod:Nope","sneckomod:Nope+1","sneckomod:Unknown1Cost","sneckomod:Nope","sneckomod:SoulRoll","sneckomod:UnknownUncommonSkill","sneckomod:UnknownUncommonPower","sneckomod:UnknownClassSLIMEBOUND","sneckomod:WideSting","sneckomod:Restock","sneckomod:MorePower+1","sneckomod:UnknownRarePower+1","sneckomod:ImprovisedGuard+1","sneckomod:UnknownRarePower+1","sneckomod:UnknownRareAttack","sneckomod:UnknownClassGREEN+1","sneckomod:UnknownClassSLIMEBOUND+1","sneckomod:IronFang","sneckomod:UnknownColorless+1","sneckomod:UnlimitedRolls","sneckomod:IronFang+1","Flash of Steel","sneckomod:UnknownStrike","sneckomod:UnknownRareAttack+1","sneckomod:UnknownCommonSkill","sneckomod:WideSting+1","sneckomod:UnknownClassBLUE+1","sneckomod:UnknownRareSkill","sneckomod:UnknownRarePower","sneckomod:UnknownBlock","Apotheosis","sneckomod:RainOfDice","sneckomod:UnknownBlock+1","sneckomod:UnknownRareAttack","sneckomod:UnknownEthereal","sneckomod:UnknownRarePower+1","sneckomod:Unknown3Cost","Clumsy","Delirium","ReplayTheSpireMod:Faulty Equipment+1","sneckomod:UnknownWeak+1","sneckomod:UnknownStrike+1","sneckomod:IronFang+1","sneckomod:Nope+1","sneckomod:IronFang","Parasite","sneckomod:UnknownRareAttack+1","sneckomod:Unknown0Cost","sneckomod:Unknown3Cost","sneckomod:UnknownEthereal","sneckomod:UnknownRarePower","sneckomod:IronFang+1","sneckomod:UnknownRareAttack","sneckomod:CheapStock","sneckomod:UnknownClassRED","sneckomod:SnakeSap+1","sneckomod:UnknownCommonSkill","ReplayTheSpireMod:Trickstab","sneckomod:UnknownRarePower","sneckomod:UnknownEthereal+1"],"relics":["sneckomod:SneckoSoul","Ring of Chaos","Ice Cream","ReplayTheSpireMod:Ring of Challenge","Art of War","Ancient Tea Set","Nunchaku","MealTicket","Gremlin Food","Sozu","ReplayTheSpireMod:Lightbulb","Bag of Marbles","hexamod:BolsterEngine","Guardian:BottledAnomaly","StoneCalendar","Replay:Ringing Soul","Tiny Chest","Red Mask","Mango","HandDrill","The Courier","Replay:Ancient Bell","Replay:Baseball","Replay:WaspNest","Incense Burner","Toy Ornithopter","Counterbalance","Bag of Preparation","Shuriken","Lantern","sneckomod:LoadedDie","ReplayFunnel","Boot","StrikeDummy","Replay:Bottled Flurry","Darkstone Periapt","Meat on the Bone","Oddly Smooth Stone","Strange Spoon","Du-Vu Doll","BargainBundle","CeramicFish"],"acts_visited":["Exordium","TheCity","TheBeyond"],"potions_floor_usage":[50],"damage_taken":[{"damage":0.0,"enemies":"2 Louse","floor":1.0,"turns":2.0},{"damage":26.0,"enemies":"Small Slimes","floor":4.0,"turns":5.0},{"damage":43.0,"enemies":"Replay:BlueRogue","floor":7.0,"turns":4.0},{"damage":0.0,"enemies":"Gremlin Nob","floor":10.0,"turns":4.0},{"damage":14.0,"enemies":"Jaw Worm","floor":11.0,"turns":3.0},{"damage":68.0,"enemies":"3 Sentries","floor":12.0,"turns":10.0},{"damage":0.0,"enemies":"Large Slime","floor":13.0,"turns":2.0},{"damage":13.0,"enemies":"Exordium Thugs","floor":14.0,"turns":3.0},{"damage":8.0,"enemies":"Fading Forest","floor":16.0,"turns":11.0},{"damage":21.0,"enemies":"Spheric Guardian","floor":18.0,"turns":4.0},{"damage":8.0,"enemies":"3 Byrds","floor":21.0,"turns":3.0},{"damage":0.0,"enemies":"Snecko","floor":22.0,"turns":4.0},{"damage":20.0,"enemies":"Book of Stabbing","floor":23.0,"turns":2.0},{"damage":6.0,"enemies":"Slavers","floor":25.0,"turns":3.0},{"damage":0.0,"enemies":"Masked Bandits","floor":28.0,"turns":1.0},{"damage":36.0,"enemies":"Gremlin Leader","floor":30.0,"turns":5.0},{"damage":26.0,"enemies":"Centurion and Healer","floor":31.0,"turns":3.0},{"damage":69.0,"enemies":"Pondfish","floor":33.0,"turns":7.0},{"damage":0.0,"enemies":"Orb Walker","floor":35.0,"turns":3.0},{"damage":26.0,"enemies":"3 Shapes","floor":36.0,"turns":3.0},{"damage":9.0,"enemies":"Writhing Mass","floor":39.0,"turns":5.0},{"damage":19.0,"enemies":"R_Hoarder","floor":40.0,"turns":4.0},{"damage":25.0,"enemies":"Sphere and 2 Shapes","floor":41.0,"turns":3.0},{"damage":18.0,"enemies":"Reptomancer","floor":42.0,"turns":5.0},{"damage":20,"enemies":"2 Orb Walkers","floor":44,"turns":4},{"damage":15,"enemies":"R_Hoarder","floor":45,"turns":6},{"damage":0,"enemies":"Reptomancer","floor":47,"turns":1},{"damage":0,"enemies":"Transient","floor":48,"turns":5},{"damage":69,"enemies":"Awakened One","floor":50,"turns":7}],"seed_played":"-5708744824804230538","potions_obtained":[{"floor":1.0,"key":"blueLaboratory:CorrosionFlask"},{"floor":10.0,"key":"blueLaboratory:BottleOfVodka"},{"floor":13.0,"key":"Adrenaline Potion"},{"floor":14.0,"key":"blueLaboratory:PhilterOfMotion"},{"floor":16.0,"key":"Strength Potion"}],"is_trial":true,"path_per_floor":["M","?","?","M","?","R","E","R","T","E","M","E","M","M","R","B",null,"M","$","?","M","M","E","R","E","T","R","?","$","E","M","R","B",null,"M","M","?","$","M","E","M","E","T","?","E","$","E","M","R","B",null],"character_chosen":"THE_SNECKO","items_purchased":["ReplayTheSpireMod:Lightbulb","Flash of Steel","Bag of Marbles","hexamod:BolsterEngine","Guardian:BottledAnomaly","sneckomod:UnknownStrike","Mango","HandDrill","Apotheosis","sneckomod:RainOfDice","Counterbalance","Bag of Preparation","Shuriken","Lantern","sneckomod:LoadedDie","ReplayFunnel","Oddly Smooth Stone","Strange Spoon","Du-Vu Doll","BargainBundle","sneckomod:CheapStock","sneckomod:UnknownClassRED","sneckomod:SnakeSap+1","sneckomod:UnknownCommonSkill","ReplayTheSpireMod:Trickstab"],"campfire_rested":7,"item_purchase_floors":[19,19,19,19,19,19,29,29,29,29,38,38,38,38,38,38,46,46,46,46,46,46,46,46,46],"current_hp_per_floor":[96,96,96,85,85,91,52,86,86,86,73,15,16,4,86,87,87,66,82,82,76,76,58,87,85,85,86,90,107,76,58,111,47,119,124,105,56,71,67,85,91,77,77,76,65,85,89,93,166,106],"gold":202,"neow_bonus":"","is_daily":false,"chose_seed":false,"campfire_upgraded":0,"win_rate":0.0,"timestamp":1609493634,"path_taken":["M","?","?","M","?","R","E","R","T","E","M","E","?","M","R","BOSS","M","$","?","M","?","E","R","E","T","R","?","$","E","M","R","BOSS","M","M","?","$","M","E","M","E","T","?","E","$","E","M","R","BOSS"],"items_purchased_type":["Relic","Card","Relic","Relic","Relic","Card","Relic","Relic","Card","Card","Relic","Relic","Relic","Relic","Relic","Relic","Relic","Relic","Relic","Relic","Card","Card","Card","Card","Card"],"build_version":"2020-12-22","purchased_purges":0,"victory":true,"max_hp_per_floor":[96,96,96,96,96,91,91,86,86,86,87,89,90,91,86,87,87,87,88,88,90,90,92,87,91,91,86,90,107,112,116,111,116,119,124,131,134,134,139,143,147,151,151,154,158,163,167,171,166,166],"card_choices":[{"not_picked":["sneckomod:TrashToTreasure","sneckomod:UnknownClassGREEN"],"picked":"sneckomod:UnknownClassSLIMEBOUND","floor":1.0},{"not_picked":["sneckomod:UnknownClassGREEN","sneckomod:DiceBlock"],"picked":"sneckomod:WideSting","floor":4.0},{"not_picked":["sneckomod:SerpentMind","sneckomod:SoulExchange"],"picked":"sneckomod:Restock","floor":7.0},{"not_picked":["sneckomod:UnlimitedRolls","sneckomod:SerpentMind"],"picked":"sneckomod:MorePower","floor":10.0},{"not_picked":["sneckomod:Unknown1Cost+1","sneckomod:UnknownUncommonPower+1"],"picked":"sneckomod:UnknownRarePower+1","floor":11.0},{"not_picked":["sneckomod:MasterEye","sneckomod:UnknownBlock"],"picked":"sneckomod:ImprovisedGuard","floor":11.0},{"not_picked":["sneckomod:Unknown1Cost+1","sneckomod:UnknownClassGUARDIAN+1"],"picked":"sneckomod:UnknownRarePower+1","floor":12.0},{"not_picked":["sneckomod:UnlimitedRolls","sneckomod:SoulExchange"],"picked":"sneckomod:UnknownRareAttack","floor":12.0},{"not_picked":["sneckomod:RainOfDice","sneckomod:DiceBlock"],"picked":"sneckomod:UnknownClassGREEN","floor":13.0},{"not_picked":["sneckomod:UnknownX+1","sneckomod:UnknownUncommonSkill+1"],"picked":"sneckomod:UnknownClassSLIMEBOUND+1","floor":14.0},{"not_picked":["sneckomod:UnknownVulnerable","sneckomod:UnknownWeak"],"picked":"sneckomod:IronFang","floor":14.0},{"not_picked":["sneckomod:UnknownClassRED+1","sneckomod:UnknownRareSkill+1"],"picked":"sneckomod:UnknownColorless+1","floor":16.0},{"not_picked":["sneckomod:UnknownRarePower","sneckomod:UnknownRareAttack"],"picked":"sneckomod:UnlimitedRolls","floor":16.0},{"not_picked":["sneckomod:SnakeSap+1","sneckomod:UnknownClassSLIMEBOUND"],"picked":"sneckomod:IronFang","floor":18.0},{"not_picked":["sneckomod:UnknownCommonSkill+1","sneckomod:UnknownCommonAttack+1"],"picked":"sneckomod:UnknownRareAttack+1","floor":21.0},{"not_picked":["sneckomod:Nope","sneckomod:UnknownClassTHE_CHAMP_GRAY"],"picked":"sneckomod:UnknownCommonSkill","floor":21.0},{"not_picked":["sneckomod:UnknownStrike","sneckomod:UnknownCommonSkill"],"picked":"sneckomod:WideSting+1","floor":22.0},{"not_picked":["sneckomod:Unknown0Cost+1","sneckomod:Unknown+1"],"picked":"sneckomod:UnknownClassBLUE+1","floor":23.0},{"not_picked":["sneckomod:SerpentMind","sneckomod:Restock"],"picked":"sneckomod:UnknownRareSkill","floor":23.0},{"not_picked":["sneckomod:SoulExchange","sneckomod:DangerNoodle"],"picked":"sneckomod:UnknownRarePower","floor":25.0},{"not_picked":["sneckomod:SoulDraw+1","sneckomod:DiceBlock+1"],"picked":"sneckomod:UnknownBlock","floor":28.0},{"not_picked":["sneckomod:UnknownClassHEXA_GHOST_PURPLE+1","sneckomod:UnknownX+1"],"picked":"sneckomod:UnknownBlock+1","floor":30.0},{"not_picked":["sneckomod:SerpentMind","sneckomod:DangerNoodle"],"picked":"sneckomod:UnknownRareAttack","floor":30.0},{"not_picked":["sneckomod:QuickMove","sneckomod:ImprovisedGuard"],"picked":"sneckomod:UnknownEthereal","floor":31.0},{"not_picked":["sneckomod:UnknownWeak+1","sneckomod:UnknownX+1"],"picked":"sneckomod:UnknownRarePower+1","floor":33.0},{"not_picked":["sneckomod:UnlimitedRolls","sneckomod:SoulExchange"],"picked":"sneckomod:Unknown3Cost","floor":33.0},{"not_picked":["Doubt","Pain"],"picked":"Clumsy","floor":34.0},{"not_picked":["Parasite","hexamod:Haunted"],"picked":"Delirium","floor":34.0},{"not_picked":["CurseOfTheBell","Pain"],"picked":"ReplayTheSpireMod:Faulty Equipment","floor":34.0},{"not_picked":["sneckomod:UnknownUncommonAttack+1","sneckomod:UnknownEthereal+1"],"picked":"sneckomod:UnknownWeak+1","floor":35.0},{"not_picked":["sneckomod:SlitherStrike+1","sneckomod:SerpentIdol+1"],"picked":"sneckomod:UnknownStrike+1","floor":35.0},{"not_picked":["sneckomod:DiceCrush","sneckomod:Unknown3Cost"],"picked":"sneckomod:IronFang+1","floor":36.0},{"not_picked":["sneckomod:SoulCleanse+1","sneckomod:DiceBlock"],"picked":"sneckomod:Nope+1","floor":37.0},{"not_picked":["sneckomod:DiceBlock","sneckomod:UnknownClassSLIMEBOUND"],"picked":"sneckomod:IronFang","floor":37.0},{"not_picked":["sneckomod:UnknownEthereal+1","sneckomod:Unknown1Cost+1"],"picked":"sneckomod:UnknownRareAttack+1","floor":39.0},{"not_picked":["sneckomod:UnknownStrike","sneckomod:UnknownClassPURPLE+1"],"picked":"sneckomod:Unknown0Cost","floor":39.0},{"not_picked":["sneckomod:MorePower","sneckomod:Mudshield"],"picked":"sneckomod:Unknown3Cost","floor":40.0},{"not_picked":["sneckomod:QuickBite","sneckomod:Unknown2Cost"],"picked":"sneckomod:UnknownEthereal","floor":41.0},{"not_picked":["sneckomod:UnlimitedRolls","sneckomod:UnknownRarePower","sneckomod:Restock"],"picked":"SKIP","floor":42.0},{"not_picked":["sneckomod:UnlimitedRolls","sneckomod:Restock"],"picked":"sneckomod:UnknownRarePower","floor":42.0},{"not_picked":["sneckomod:QuickBite+1","sneckomod:QuickMove"],"picked":"sneckomod:IronFang+1","floor":44},{"not_picked":["sneckomod:UnlimitedRolls","sneckomod:Mudshield"],"picked":"sneckomod:UnknownRareAttack","floor":45},{"not_picked":["sneckomod:DangerNoodle","sneckomod:MorePower"],"picked":"sneckomod:UnknownRarePower","floor":47},{"not_picked":["sneckomod:DefensiveFlair+1","sneckomod:SoulDraw+1"],"picked":"sneckomod:UnknownEthereal+1","floor":48}],"player_experience":1815771,"relics_obtained":[{"floor":3.0,"key":"ReplayTheSpireMod:Ring of Challenge"},{"floor":7.0,"key":"Art of War"},{"floor":9.0,"key":"Ancient Tea Set"},{"floor":10.0,"key":"Nunchaku"},{"floor":12.0,"key":"MealTicket"},{"floor":12.0,"key":"Gremlin Food"},{"floor":23.0,"key":"StoneCalendar"},{"floor":25.0,"key":"Replay:Ringing Soul"},{"floor":26.0,"key":"Tiny Chest"},{"floor":28.0,"key":"Red Mask"},{"floor":30.0,"key":"The Courier"},{"floor":37.0,"key":"Toy Ornithopter"},{"floor":39.0,"key":"Boot"},{"floor":40.0,"key":"StrikeDummy"},{"floor":42.0,"key":"Replay:Bottled Flurry"},{"floor":43.0,"key":"Darkstone Periapt"},{"floor":45,"key":"Meat on the Bone"},{"floor":47,"key":"CeramicFish"}],"event_choices":[{"damage_healed":0.0,"max_hp_gain":0.0,"max_hp_loss":0.0,"gold_gain":55.0,"event_name":"Golden Wing","player_choice":"Gained Gold","floor":5.0,"gold_loss":0.0,"damage_taken":0.0},{"damage_healed":0.0,"max_hp_gain":0.0,"max_hp_loss":0.0,"gold_gain":0.0,"event_name":"Beggar","player_choice":"Ignored","floor":20.0,"gold_loss":0.0,"damage_taken":0.0},{"damage_healed":0.0,"max_hp_gain":0.0,"max_hp_loss":0.0,"gold_gain":0.0,"event_name":"Masked Bandits","player_choice":"Fought Bandits","floor":28.0,"gold_loss":0.0,"damage_taken":0.0},{"damage_healed":0,"gold_gain":0,"player_choice":"Fight","damage_taken":0,"max_hp_gain":0,"max_hp_loss":0,"event_name":"Mysterious Sphere","floor":44,"gold_loss":0}],"is_beta":false,"boss_relics":[{"not_picked":["Cursed Key","Runic Pyramid"],"picked":"Sozu"},{"not_picked":["Tiny House","Painkiller Herb"],"picked":"Replay:Ancient Bell"},{"not_picked":["Pet Ghost","Pen Nib"],"picked":"Replay:Baseball"},{"not_picked":["Kunai","Sundial"],"picked":"Replay:WaspNest"},{"not_picked":["champ:DuelingGlove","sneckomod:UnknownEgg"],"picked":"Incense Burner"}],"items_purged_floors":[],"is_endless":false,"potions_floor_spawned":[1,10,13,14,16,23,30,31,33,36,39,40,47],"ascension_level":0}}