{"host":"uv231blk40vjdojr","time":1609509044,"event":{"mods":["BaseMod","Minty Spire (QoL Compilation)","Relic Stats"],"gold_per_floor":[115,115,190,190,204,229,229,241,313,313,328,164,176,156,156,156,156],"floor_reached":16,"playtime":373,"items_purged":[],"score":190,"play_id":"2299cd39-8bd5-4d5a-a4d4-5dadcb492d2a","local_time":"20210101145044","is_ascension_mode":true,"campfire_choices":[{"floor":7,"key":"REST"},{"data":"Limit Break","floor":15,"key":"SMITH"}],"circlet_count":0,"master_deck":["AscendersBane","Strike_R","Strike_R","Strike_R","Strike_R","Defend_R","Defend_R","Defend_R","Defend_R","Bash","Limit Break+1","Twin Strike","Anger","Pommel Strike","Fire Breathing","Bloodletting","Flex"],"relics":["Burning Blood","White Beast Statue","Lantern","Ancient Tea Set","Bottled Tornado","Orichalcum"],"acts_visited":["Exordium"],"potions_floor_usage":[6,8,11,14,16],"damage_taken":[{"damage":17,"enemies":"Cultist","floor":1,"turns":5},{"damage":10,"enemies":"Small Slimes","floor":5,"turns":4},{"damage":50,"enemies":"3 Sentries","floor":6,"turns":9},{"damage":4,"enemies":"Jaw Worm","floor":8,"turns":2},{"damage":7,"enemies":"Exordium Wildlife","floor":11,"turns":2},{"damage":6,"enemies":"Looter","floor":13,"turns":2},{"damage":42,"enemies":"Hexaghost","floor":16,"turns":7}],"seed_played":"-4025214843266984291","potions_obtained":[{"floor":1,"key":"BloodPotion"},{"floor":5,"key":"LiquidMemories"},{"floor":6,"key":"BlessingOfTheForge"},{"floor":8,"key":"SteroidPotion"},{"floor":11,"key":"SteroidPotion"},{"floor":13,"key":"Dexterity Potion"},{"floor":14,"key":"Fruit Juice"}],"is_trial":false,"path_per_floor":["M","T","?","T","M","E","R","M","T","?","M","$","M","?","R","B"],"character_chosen":"IRONCLAD","items_purchased":["Orichalcum"],"campfire_rested":1,"item_purchase_floors":[12],"current_hp_per_floor":[57,57,46,46,42,13,35,37,37,37,36,36,36,41,41,0,0],"gold":156,"neow_bonus":"ONE_RANDOM_RARE_CARD","is_daily":false,"chose_seed":false,"campfire_upgraded":1,"win_rate":0.0,"timestamp":1609509044,"path_taken":["M","?","?","?","M","E","R","?","T","?","?","$","?","?","R","BOSS"],"items_purchased_type":["Relic"],"build_version":"2020-12-22","purchased_purges":0,"victory":false,"max_hp_per_floor":[75,75,75,75,75,75,75,75,75,75,75,75,75,80,80,80,80],"relic_stats":{"counters":[7,31],"Orichalcum":[18],"obtain_stats":[{"Lantern":4,"Bottled Tornado":9,"Orichalcum":12,"Ancient Tea Set":6,"Burning Blood":0,"White Beast Statue":2},{"Lantern":1,"Bottled Tornado":4,"Orichalcum":5,"Ancient Tea Set":3,"Burning Blood":0,"White Beast Statue":1},{"Lantern":5,"Bottled Tornado":20,"Orichalcum":22,"Ancient Tea Set":18,"Burning Blood":0,"White Beast Statue":5}],"Burning Blood":36},"card_choices":[{"not_picked":["Power Through","Perfected Strike"],"picked":"Twin Strike","floor":1},{"not_picked":["Sentinel","Body Slam"],"picked":"Anger","floor":5},{"not_picked":["Double Tap","Thunderclap"],"picked":"Pommel Strike","floor":6},{"not_picked":["Anger","Iron Wave"],"picked":"Fire Breathing","floor":8},{"not_picked":["Combust","Twin Strike","Bloodletting"],"picked":"SKIP","floor":11},{"not_picked":["Cleave","True Grit"],"picked":"Flex","floor":13}],"player_experience":545655,"relics_obtained":[{"floor":2,"key":"White Beast Statue"},{"floor":4,"key":"Lantern"},{"floor":6,"key":"Ancient Tea Set"},{"floor":9,"key":"Bottled Tornado"}],"event_choices":[{"damage_healed":0,"gold_gain":75,"player_choice":"Gather Gold","damage_taken":11,"max_hp_gain":0,"max_hp_loss":0,"event_name":"World of Goop","floor":3,"gold_loss":0},{"damage_healed":0,"gold_gain":0,"cards_transformed":["Strike_R"],"player_choice":"Transformed","damage_taken":0,"max_hp_gain":0,"max_hp_loss":0,"event_name":"Transmorgrifier","floor":10,"gold_loss":0,"cards_obtained":["Bloodletting"]},{"damage_healed":0,"gold_gain":0,"player_choice":"Bought 1 Potion","damage_taken":0,"max_hp_gain":0,"max_hp_loss":0,"event_name":"The Woman in Blue","floor":14,"gold_loss":0}],"is_beta":false,"boss_relics":[],"items_purged_floors":[],"is_endless":false,"potions_floor_spawned":[1,5,6,8,11,13],"killed_by":"Hexaghost","ascension_level":18}}