{"host":"agflykcedf93aoo8","time":1609524715,"event":{"mods":["BaseMod","Hermit","Minty Spire (QoL Compilation)","StSLib","Td1madao Mod","The Bug Knight","The Cursed","The Gatherer","The Hierophant","The Runesmith"],"gold_per_floor":[111,111,111,135,60,60,60,79,106,106,125,169,169,96,96,96,96],"floor_reached":16,"playtime":874,"items_purged":["Regret"],"score":98,"play_id":"588814ad-ee9e-48b4-a318-ff501d0e63d3","local_time":"20210102031155","is_ascension_mode":false,"campfire_choices":[{"data":"Black Dance","floor":6,"key":"SMITH"},{"data":"New Defend Magic","floor":13,"key":"SMITH"},{"floor":15,"key":"REST"}],"circlet_count":0,"master_deck":["Strike_C","Strike_C","Strike_C","Defend_C","Defend_C+1","Defend_C","Defend_C","Knight Kick","Chip","Black Dance+1","New Defend Magic+1","Backup+1","Cooling Song"],"relics":["Apod","NeowsBlessing","Blood Vial","Golden Idol","War Paint"],"acts_visited":["Exordium"],"potions_floor_usage":[12,16],"damage_taken":[{"damage":0,"enemies":"Jaw Worm","floor":1,"turns":1},{"damage":0,"enemies":"Small Slimes","floor":4,"turns":1},{"damage":0,"enemies":"Cultist","floor":8,"turns":1},{"damage":0,"enemies":"2 Fungi Beasts","floor":11,"turns":2},{"damage":29,"enemies":"Lagavulin","floor":12,"turns":5},{"damage":55,"enemies":"Slime Boss","floor":16,"turns":10}],"seed_played":"-7989173471318745568","potions_obtained":[{"floor":1,"key":"PowerPotion"},{"floor":12,"key":"Swift Potion"}],"is_trial":false,"path_per_floor":["M","?","?","M","$","R","$","M","T","?","M","E","R","$","R","B"],"character_chosen":"TD1MADAO_CLASS","items_purchased":["Cooling Song"],"campfire_rested":1,"item_purchase_floors":[14],"current_hp_per_floor":[70,70,53,55,55,55,55,57,57,57,59,32,32,32,53,0,0],"gold":96,"neow_bonus":"THREE_ENEMY_KILL","is_daily":false,"chose_seed":false,"campfire_upgraded":2,"win_rate":0.0,"timestamp":1609524715,"path_taken":["M","?","?","M","$","R","?","M","T","?","?","E","R","$","R","BOSS"],"items_purchased_type":["Card"],"build_version":"2020-12-22","purchased_purges":1,"victory":false,"max_hp_per_floor":[70,70,70,70,70,70,70,70,70,70,70,70,70,70,70,70,70],"card_choices":[{"not_picked":["Thunder Jump","Sudden Beat"],"picked":"Black Dance","floor":1},{"not_picked":["Afterwards","Load Balancing"],"picked":"New Defend Magic","floor":4},{"not_picked":["Resistance","Fire Blade","Preloading"],"picked":"SKIP","floor":8},{"not_picked":["Floating Even","Here Defend Chip"],"picked":"Backup","floor":11},{"not_picked":["Lunge","Resistance","Fixing"],"picked":"SKIP","floor":12}],"player_experience":372611,"relics_obtained":[{"floor":12,"key":"War Paint"}],"event_choices":[{"damage_healed":0,"gold_gain":0,"player_choice":"Box","damage_taken":0,"relics_obtained":["Blood Vial"],"max_hp_gain":0,"max_hp_loss":0,"event_name":"Big Fish","floor":2,"gold_loss":0,"cards_obtained":["Regret"]},{"damage_healed":0,"gold_gain":0,"player_choice":"Take Damage","damage_taken":17,"relics_obtained":["Golden Idol"],"max_hp_gain":0,"max_hp_loss":0,"event_name":"Golden Idol","floor":3,"gold_loss":0},{"cards_removed":["Strike_C"],"damage_healed":0,"gold_gain":0,"player_choice":"Purged","damage_taken":0,"max_hp_gain":0,"max_hp_loss":0,"event_name":"Purifier","floor":10,"gold_loss":0}],"is_beta":false,"boss_relics":[],"items_purged_floors":[5],"is_endless":false,"potions_floor_spawned":[1,12],"killed_by":"Slime Boss","ascension_level":0}}