{"host":"31s8hzukbhz1k6i6","time":1609462909,"event":{"mods":["AchievementEnabler","BaseMod","Bestiary","Colored Map","Filter the Spire","Minty Spire (QoL Compilation)","Relic Stats","UnlockEverythingMod","ojb\u0027s Info Mod"],"gold_per_floor":[119,119,134,59,83,83,98,134,134,149,163,197,197,249,249,379,379,399,449,470,153,171,171,190,231,231,11,11,11],"floor_reached":28,"playtime":1368,"items_purged":["Defend_R","Bash"],"score":425,"play_id":"136c7b10-3326-431b-95b7-863e0ed94039","local_time":"20201231170149","is_ascension_mode":true,"campfire_choices":[{"data":"Pommel Strike","floor":6.0,"key":"SMITH"},{"floor":13.0,"key":"REST"},{"data":"Rage","floor":15.0,"key":"SMITH"},{"data":"Juggernaut","floor":23.0,"key":"SMITH"}],"circlet_count":0,"master_deck":["AscendersBane","Strike_R","Strike_R","Defend_R","Offering+1","Evolve+1","Shrug It Off+1","Clothesline","Shrug It Off","Pommel Strike+1","Pommel Strike","Carnage+1","Rage+1","Impervious","True Grit","Uppercut+1","Juggernaut+1","Reckless Charge+1"],"relics":["Astrolabe","Golden Idol","Bottled Lightning","Shuriken","Molten Egg 2","CeramicFish","Coffee Dripper","Red Mask","Bag of Marbles","WingedGreaves","Question Card","Sundial"],"acts_visited":["Exordium","TheCity"],"potions_floor_usage":[],"damage_taken":[{"damage":7.0,"enemies":"Jaw Worm","floor":1.0,"turns":4.0},{"damage":7.0,"enemies":"Small Slimes","floor":3.0,"turns":3.0},{"damage":1.0,"enemies":"Cultist","floor":5.0,"turns":3.0},{"damage":1.0,"enemies":"2 Fungi Beasts","floor":7.0,"turns":4.0},{"damage":9.0,"enemies":"3 Sentries","floor":8.0,"turns":9.0},{"damage":10.0,"enemies":"Lots of Slimes","floor":10.0,"turns":4.0},{"damage":19.0,"enemies":"Exordium Thugs","floor":11.0,"turns":5.0},{"damage":6.0,"enemies":"Lagavulin","floor":12.0,"turns":4.0},{"damage":10.0,"enemies":"3 Sentries","floor":14.0,"turns":5.0},{"damage":14.0,"enemies":"The Guardian","floor":16.0,"turns":12.0},{"damage":6.0,"enemies":"3 Byrds","floor":18.0,"turns":6.0},{"damage":11.0,"enemies":"Masked Bandits","floor":19.0,"turns":5.0},{"damage":7.0,"enemies":"Spheric Guardian","floor":20.0,"turns":3.0},{"damage":7.0,"enemies":"Snake Plant","floor":24.0,"turns":2.0},{"damage":14.0,"enemies":"Gremlin Leader","floor":25.0,"turns":5.0},{"damage":14,"enemies":"Book of Stabbing","floor":28,"turns":4}],"seed_played":"-1451273499915954202","potions_obtained":[{"floor":5.0,"key":"Energy Potion"},{"floor":10.0,"key":"Energy Potion"},{"floor":11.0,"key":"SteroidPotion"},{"floor":12.0,"key":"Fire Potion"},{"floor":14.0,"key":"DuplicationPotion"},{"floor":18.0,"key":"EssenceOfSteel"},{"floor":24.0,"key":"DuplicationPotion"}],"is_trial":false,"path_per_floor":["M","?","M","$","M","R","M","E","T","M","M","E","R","E","R","B",null,"M","?","M","$","?","R","M","E","T","$","E"],"character_chosen":"IRONCLAD","items_purchased":["Uppercut+1","Bag of Marbles","Sundial"],"campfire_rested":1,"item_purchase_floors":[21,21,27],"current_hp_per_floor":[65,65,58,58,57,57,56,47,47,37,18,12,34,24,24,10,58,52,41,34,34,34,34,27,13,13,13,0,0],"gold":11,"neow_bonus":"BOSS_RELIC","is_daily":false,"chose_seed":false,"campfire_upgraded":3,"win_rate":0.0,"timestamp":1609462909,"path_taken":["M","?","M","$","M","R","M","E","T","M","M","E","R","E","R","BOSS","M","?","M","$","?","R","M","E","T","$","E"],"items_purchased_type":["Card","Relic","Relic"],"build_version":"2020-12-22","purchased_purges":2,"victory":false,"max_hp_per_floor":[80,74,74,74,74,74,74,74,74,74,74,74,74,74,74,74,74,74,74,74,74,74,74,74,74,74,74,74,74],"relic_stats":{"counters":[16,78],"Golden Idol":92,"Shuriken":[21],"Sundial":[0],"Astrolabe":["Offering","Evolve","Shrug It Off"],"CeramicFish":54,"Question Card":0,"obtain_stats":[{"Golden Idol":2,"Astrolabe":0,"CeramicFish":14,"Question Card":26,"Burning Blood":0,"Shuriken":9,"Sundial":27,"Molten Egg 2":12,"WingedGreaves":25,"Coffee Dripper":17,"Red Mask":19,"Bag of Marbles":21,"Bottled Lightning":8},{"Golden Idol":1,"Astrolabe":0,"CeramicFish":9,"Question Card":15,"Burning Blood":0,"Shuriken":5,"Sundial":15,"Molten Egg 2":8,"WingedGreaves":15,"Coffee Dripper":10,"Red Mask":12,"Bag of Marbles":13,"Bottled Lightning":5},{"Golden Idol":4,"Astrolabe":0,"CeramicFish":41,"Question Card":74,"Burning Blood":0,"Shuriken":23,"Sundial":74,"Molten Egg 2":36,"WingedGreaves":74,"Coffee Dripper":53,"Red Mask":64,"Bag of Marbles":67,"Bottled Lightning":23}]},"card_choices":[{"not_picked":["Havoc","Twin Strike"],"picked":"Clothesline","floor":1.0},{"not_picked":["Dark Embrace","Rupture"],"picked":"Shrug It Off","floor":3.0},{"not_picked":["Thunderclap","Clash"],"picked":"Pommel Strike","floor":5.0},{"not_picked":["Sword Boomerang","Rampage"],"picked":"Pommel Strike","floor":7.0},{"not_picked":["Evolve","Battle Trance","Dual Wield"],"picked":"SKIP","floor":8.0},{"not_picked":["Evolve","Battle Trance","Dual Wield"],"picked":"SKIP","floor":8.0},{"not_picked":["Bloodletting","Feel No Pain","Blood for Blood"],"picked":"SKIP","floor":10.0},{"not_picked":["Metallicize","Twin Strike","Dropkick"],"picked":"SKIP","floor":11.0},{"not_picked":["Clothesline+1","Warcry"],"picked":"Carnage+1","floor":12.0},{"not_picked":["Blood for Blood+1","Thunderclap+1"],"picked":"Rage","floor":14.0},{"not_picked":["Exhume","Brutality"],"picked":"Impervious","floor":16.0},{"not_picked":["Sword Boomerang+1","Whirlwind+1","Clothesline+1"],"picked":"SKIP","floor":18.0},{"not_picked":["Battle Trance+1","Clothesline+1"],"picked":"True Grit","floor":19.0},{"not_picked":["Dual Wield","Perfected Strike+1","Sword Boomerang+1"],"picked":"SKIP","floor":20.0},{"not_picked":["Infernal Blade","Battle Trance","Flex"],"picked":"SKIP","floor":24.0},{"not_picked":["Searing Blow+1","Power Through","Anger+1"],"picked":"SKIP","floor":25.0}],"player_experience":123255,"relics_obtained":[{"floor":8.0,"key":"Bottled Lightning"},{"floor":9.0,"key":"Shuriken"},{"floor":12.0,"key":"Molten Egg 2"},{"floor":14.0,"key":"CeramicFish"},{"floor":19.0,"key":"Red Mask"},{"floor":25.0,"key":"WingedGreaves"},{"floor":26.0,"key":"Question Card"}],"event_choices":[{"damage_healed":0.0,"max_hp_gain":0.0,"max_hp_loss":6.0,"gold_gain":0.0,"event_name":"Golden Idol","player_choice":"Lose Max HP","floor":2.0,"gold_loss":0.0,"damage_taken":0.0,"relics_obtained":["Golden Idol"]},{"damage_healed":0.0,"max_hp_gain":0.0,"max_hp_loss":0.0,"gold_gain":0.0,"event_name":"Masked Bandits","player_choice":"Fought Bandits","floor":19.0,"gold_loss":0.0,"damage_taken":0.0},{"damage_healed":0.0,"max_hp_gain":0.0,"max_hp_loss":0.0,"gold_gain":0.0,"cards_transformed":["Strike_R","Strike_R"],"event_name":"Drug Dealer","player_choice":"Became Test Subject","floor":22.0,"gold_loss":0.0,"damage_taken":0.0,"cards_obtained":["Juggernaut","Reckless Charge"]}],"is_beta":false,"boss_relics":[{"not_picked":["Black Star","Snecko Eye"],"picked":"Coffee Dripper"}],"items_purged_floors":[4,21],"is_endless":false,"potions_floor_spawned":[5,10,11,12,14,18,24],"killed_by":"Book of Stabbing","ascension_level":10}}