{"host":"309cd6jyiw3t7f6r","time":1609463053,"event":{"mods":["ATMod(阿瑾Mod)","Act Like it!","Arknights The Spire","BaseMod","CapriCore","Downfall","Gensokyo","HololiveMod","KinomotoSakuraMod(木之本?)","Koishi","KomeijiMod","Marisa（霧雨　魔理沙）","Minty Spire (QoL Compilation)","MostiFishMod","Prisma Mod","READ ME - Guardian Mod","Remilia（蕾米莉?）","RumiaBox-露米?的神秘盒子","StSLib","The Administrix","The Animator","The Cursed","The Immortal","WarShipGirlsR/??少女R mod","Yakumo Yukari mod","Youmu（魂魄妖?）","【角色mod】十八桐人"],"gold_per_floor":[109,79,97,97,73,73,89,89,116,16,36,36,36,203,203,298,298,313,326,326,375,375,410,420,453,453,453,268,282,294,394,394,647,647,667,420,420,435,435,435,402,417,444,444,321,321,440,440,440],"floor_reached":48,"playtime":2495,"items_purged":["ats:Strike V"],"score":583,"play_id":"0fc0536e-008a-4f03-ab36-2380de5874b9","local_time":"20210101090413","is_ascension_mode":false,"campfire_choices":[{"data":"AT_FamilyPortrait","floor":6,"key":"SMITH"},{"data":"ats:Defend Order","floor":8,"key":"SMITH"},{"data":"ats:Neurotoxin","floor":15,"key":"SMITH"},{"data":"AT_EmpoweredMortalDraw","floor":27,"key":"SMITH"},{"data":"ats:Ambush","floor":32,"key":"SMITH"},{"data":"Confused","floor":40,"key":"PURGE"}],"circlet_count":0,"master_deck":["ats:Strike C","ats:Strike G","ats:Strike S","ats:Armor Crushing Shot","ats:Defend","ats:Defend","ats:Defend","ats:Defend","ats:Emotion Absorption","AT_FamilyPortrait+1","ats:Leaping Hammer","ats:Defend Order+1","ats:Neurotoxin+1","ats:Rapid Magazine","ats:Ambush+1","AT_EmpoweredMortalDraw+1","ats:Explosion Area Strengthen","ats:Song Of Battle","Koishi:FidgetySnatcher+1","Gensokyo:SpontaneousHumanCombustion","ats:Powerful Strike+1","ats:Poison Spread","ats:Consecutive Shot Auto","Sadistic Nature","ats:Powerful Strike+1","ats:Overload"],"relics":["ats:Sanity","DaveBox","AT_ATBox","NeowsBlessing","CombinedTypeHook","SynthV:TestCard","Gensokyo:Justice","Anchor","HornCleat","Pear","AT_MortalBlade","Hololive_LightStick","ats:Originium","ats:Spiritual Recovery","AT_EbonyIvory","Potion Belt","ChiLing","Chi","Ling","Girya","Peace Pipe","ChiXiaoBlade","Art of War","GoodDreamPillow"],"acts_visited":["Gensokyo:Gensokyo","Gensokyo:Gensokyoer","TheBeyond"],"potions_floor_usage":[16,23,31,33,48],"damage_taken":[{"damage":0,"enemies":"Gensokyo:2_Kodama","floor":1,"turns":1},{"damage":12,"enemies":"Gensokyo:3_Fairies","floor":3,"turns":2},{"damage":0,"enemies":"Gensokyo:Gryphon","floor":7,"turns":1},{"damage":0,"enemies":"Gensokyo:LivingMonolith","floor":11,"turns":3},{"damage":0,"enemies":"Gensokyo:2_Rabbits","floor":14,"turns":4},{"damage":7,"enemies":"Gensokyo:Yukari","floor":16,"turns":7},{"damage":0,"enemies":"Gensokyo:AngelMirror","floor":18,"turns":1},{"damage":3,"enemies":"Gensokyo:3_Dogs","floor":19,"turns":3},{"damage":0,"enemies":"Gensokyo:Koishi","floor":23,"turns":3},{"damage":0,"enemies":"Gensokyo:Chomper_and_Gloop","floor":24,"turns":2},{"damage":17,"enemies":"Gensokyo:Tenshi","floor":25,"turns":3},{"damage":0,"enemies":"Gensokyo:Monolith_and_Dog","floor":29,"turns":3},{"damage":0,"enemies":"Gensokyo:Swordslinger","floor":30,"turns":2},{"damage":0,"enemies":"Gensokyo:Swordslinger","floor":31,"turns":3},{"damage":2,"enemies":"Gensokyo:Eiki","floor":33,"turns":4},{"damage":0,"enemies":"3 Darklings","floor":35,"turns":2},{"damage":0,"enemies":"3 Shapes","floor":38,"turns":2},{"damage":0,"enemies":"Jaw Worm Horde","floor":42,"turns":1},{"damage":0,"enemies":"Maw","floor":47,"turns":3},{"damage":62,"enemies":"Maw","floor":48,"turns":7}],"seed_played":"8504124692951780891","potions_obtained":[{"floor":3,"key":"CalmPotion"},{"floor":7,"key":"DuplicationPotion"},{"floor":11,"key":"Swift Potion"},{"floor":18,"key":"CalmPotion"},{"floor":19,"key":"hexamod:EctoCoolerPotion"},{"floor":25,"key":"ats:Top Emergency Sanity Potion"},{"floor":29,"key":"Energy Potion"},{"floor":35,"key":"BlessingOfTheForge"},{"floor":47,"key":"Dexterity Potion"}],"is_trial":false,"path_per_floor":["M","COS","M","?","?","R","M","R","T","?","M","?","?","M","R","B",null,"M","M","?","T","?","E","M","E","T","R","COS","M","M","?","R","B",null,"M","$","?","M","?","R","$","M","T","?","?","$","M","?"],"character_chosen":"DOCTOR_CLASS","items_purchased":["Sadistic Nature","ats:Overload"],"campfire_rested":0,"item_purchase_floors":[36,41],"current_hp_per_floor":[72,72,60,60,72,72,72,72,72,72,72,72,67,67,67,60,82,82,79,79,79,74,74,74,57,57,57,57,57,57,57,57,55,74,74,74,74,74,74,74,74,74,74,74,74,74,74,0,0],"gold":440,"neow_bonus":"THREE_ENEMY_KILL","is_daily":false,"chose_seed":false,"campfire_upgraded":5,"win_rate":0.0,"timestamp":1609463053,"path_taken":["M","COS","M","?","?","R","?","R","T","?","M","?","?","?","R","BOSS","M","M","?","?","?","E","M","E","T","R","COS","M","?","?","R","BOSS","M","$","?","?","?","R","?","M","T","?","?","$","?","?"],"items_purchased_type":["Card","Card"],"build_version":"2020-12-22","purchased_purges":1,"victory":false,"max_hp_per_floor":[72,72,72,72,72,72,72,72,72,72,72,72,82,82,82,82,82,82,82,82,82,74,74,74,74,74,74,74,74,74,74,74,74,74,74,74,74,74,74,74,74,74,74,74,74,74,74,74,74],"card_choices":[{"not_picked":["ats:Assault Order","ats:Flame Of Heaven"],"picked":"ats:Flexible Camouflage","floor":1},{"not_picked":["ats:Healing Strengthening","ats:Magnetic Hammer","ats:Flexible Camouflage","ats:Revitalization"],"picked":"ats:Leaping Hammer","floor":3},{"not_picked":["ats:Mental Burst","ats:Childhood Dance","ats:Closed Bolt Burst Fire","ats:Curse Doll"],"picked":"ats:Defend Order","floor":7},{"not_picked":["ats:Hook Shot","ats:Flame Of Heaven","ats:Consecutive Shot Auto","ats:Explosion Area Strengthen"],"picked":"ats:Neurotoxin","floor":11},{"not_picked":["ats:Soul Rend","ats:Magnetic Hammer","ats:Shell Defense","ats:Consecutive Shot Auto"],"picked":"ats:Rapid Magazine","floor":14},{"not_picked":["ats:Nebulous Foxfire","ats:Soul Rend","ats:Dogmatic Field","ats:Disruption Kick"],"picked":"ats:Ambush","floor":16},{"not_picked":["ats:Ignite","ats:Song Of Battle","ats:Childhood Dance","ats:Guardian Obelisk"],"picked":"ats:Explosion Area Strengthen","floor":18},{"not_picked":["ats:Hammer On","ats:Support Order","ats:Defend Order","ats:Shell Defense"],"picked":"ats:Song Of Battle","floor":19},{"not_picked":["Gensokyo:RedCapeBlueCape","Gensokyo:LittleGreenMen","Gensokyo:TekeTeke","Gensokyo:LochNessMonster"],"picked":"Gensokyo:SpontaneousHumanCombustion","floor":22},{"not_picked":["ats:Magnetic Hammer","ats:Neurotoxin","ats:Leaping Hammer","ats:Demon Strength"],"picked":"ats:Powerful Strike+1","floor":23},{"not_picked":["ats:Sword Rain","ats:Revitalization+1","ats:Leaping Hammer","ats:Assault Order","ats:Defend Order"],"picked":"SKIP","floor":24},{"not_picked":["ats:Mental Burst","ats:Ignite","ats:Childhood Dance","ats:Ambush","ats:Red Shift"],"picked":"SKIP","floor":25},{"not_picked":["ats:Counter Healing Mode","ats:Directed Diagnosis+1","ats:Childhood Dance","ats:Hammer On"],"picked":"ats:Poison Spread","floor":29},{"not_picked":["ats:Powerful Strike","ats:Hammer On","ats:Explosion Area Strengthen","ats:Curse Doll"],"picked":"ats:Consecutive Shot Auto","floor":30},{"not_picked":["ats:Mental Burst+1","ats:Explosion Area Strengthen","ats:Spore Proliferation+1","ats:Directed Diagnosis","ats:Leaping Hammer"],"picked":"SKIP","floor":35},{"not_picked":["ats:Consecutive Shot Auto+1","ats:Magnetic Hammer","ats:Curse Doll","ats:Explosion Area Strengthen+1"],"picked":"ats:Powerful Strike+1","floor":38},{"not_picked":["ats:Sword Rain","ats:Explosion Area Strengthen","ats:Magnetic Hammer","ats:Thermite Blade+1","ats:Closed Bolt Burst Fire+1"],"picked":"SKIP","floor":42},{"not_picked":["ats:Rapid Magazine","ats:Revitalization+1","ats:Curse Doll+1","ats:Powerful Strike","ats:Hammer On"],"picked":"SKIP","floor":47}],"player_experience":357093,"relics_obtained":[{"floor":1,"key":"SynthV:TestCard"},{"floor":9,"key":"Anchor"},{"floor":21,"key":"Hololive_LightStick"},{"floor":23,"key":"ats:Originium"},{"floor":23,"key":"ats:Spiritual Recovery"},{"floor":25,"key":"ats:Originium"},{"floor":25,"key":"AT_EbonyIvory"},{"floor":26,"key":"Potion Belt"},{"floor":31,"key":"Girya"},{"floor":31,"key":"Peace Pipe"},{"floor":43,"key":"Art of War"}],"event_choices":[{"damage_healed":0,"gold_gain":0,"player_choice":"0 cards matched","damage_taken":0,"max_hp_gain":0,"max_hp_loss":0,"event_name":"Match and Keep!","floor":37,"gold_loss":0,"cards_obtained":[]},{"damage_healed":0,"gold_gain":0,"player_choice":"Ignored","damage_taken":0,"max_hp_gain":0,"max_hp_loss":0,"event_name":"Tomb of Lord Red Mask","floor":44,"gold_loss":0}],"is_beta":false,"boss_relics":[{"not_picked":["Hololive_TopUpMoneyS","RhineSuit"],"picked":"AT_MortalBlade"},{"not_picked":["SlaversCollar","Runic Dome"],"picked":"ChiXiaoBlade"}],"items_purged_floors":[36],"is_endless":false,"potions_floor_spawned":[3,7,11,18,19,25,29,35,47],"killed_by":"Maw","ascension_level":0}}