{"host":"jzjaw782v8gfe8gb","time":1609527948,"event":{"mods":["BaseMod","Better Match","Better Note","Better Third Choice","Minty Spire (QoL Compilation)","StSLib","The Caster"],"gold_per_floor":[112,37,50,68,88,88,88,88,88,146,146,163,163,183,183,278,278,291,306,406,147,163,191,191,116,141,156,0,0,17,51,51,149,149,159,209,224,224,235,235,235],"floor_reached":40,"playtime":3741,"items_purged":["caster:strike"],"score":418,"play_id":"a5d2de2e-4f65-4d99-9689-be7974e5c444","local_time":"20210101110548","is_ascension_mode":false,"campfire_choices":[{"data":"caster:DiablosFlame","floor":6,"key":"SMITH"},{"data":"caster:GlacialShield","floor":13,"key":"SMITH"},{"data":"caster:GaiasBlessing","floor":15,"key":"SMITH"},{"data":"caster:Sandstorm","floor":24,"key":"SMITH"},{"data":"caster:PyroclasticTide","floor":29,"key":"SMITH"},{"data":"caster:GlacialShield","floor":32,"key":"SMITH"}],"circlet_count":0,"master_deck":["caster:Meteor+1","caster:DivertFocus","caster:strike+1","caster:strike","caster:strike","caster:defend","caster:defend","caster:defend","caster:defend","caster:defend","caster:DiablosFlame+1","caster:Conflagrate","caster:WallOfThorns","caster:Fissure","caster:Tundra","caster:GlacialShield+1","caster:GaiasBlessing+1","caster:PyroclasticTide+1","caster:Sandstorm+1","caster:FireWall+1","caster:GlacialShield+1","caster:Grimoire+1","Parasite","caster:Illusion+1"],"relics":["Coffee Dripper","Vajra","Mercury Hourglass","Pocketwatch","Frozen Egg 2","SlaversCollar","TheAbacus","Nunchaku","Strange Spoon","InkBottle","Philosopher\u0027s Stone","Du-Vu Doll"],"acts_visited":["Exordium","TheCity","TheBeyond"],"potions_floor_usage":[23,40],"damage_taken":[{"damage":0,"enemies":"Cultist","floor":1,"turns":4},{"damage":6,"enemies":"Jaw Worm","floor":3,"turns":3},{"damage":0,"enemies":"2 Louse","floor":4,"turns":2},{"damage":3,"enemies":"Looter","floor":5,"turns":3},{"damage":12,"enemies":"Lagavulin Event","floor":10,"turns":6},{"damage":5,"enemies":"Blue Slaver","floor":12,"turns":4},{"damage":8,"enemies":"Exordium Thugs","floor":14,"turns":4},{"damage":13,"enemies":"Slime Boss","floor":16,"turns":8},{"damage":0,"enemies":"Shell Parasite","floor":18,"turns":6},{"damage":11,"enemies":"Chosen","floor":19,"turns":6},{"damage":12,"enemies":"Sentry and Sphere","floor":22,"turns":7},{"damage":25,"enemies":"Gremlin Leader","floor":23,"turns":7},{"damage":2,"enemies":"Centurion and Healer","floor":27,"turns":7},{"damage":8,"enemies":"3 Cultists","floor":30,"turns":5},{"damage":7,"enemies":"Book of Stabbing","floor":31,"turns":5},{"damage":23,"enemies":"Automaton","floor":33,"turns":13},{"damage":4,"enemies":"3 Shapes","floor":35,"turns":7},{"damage":17,"enemies":"Mind Bloom Boss Battle","floor":36,"turns":8},{"damage":48,"enemies":"3 Darklings","floor":37,"turns":6},{"damage":8,"enemies":"Writhing Mass","floor":39,"turns":9},{"damage":22,"enemies":"Reptomancer","floor":40,"turns":2}],"seed_played":"2097725608795062293","potions_obtained":[{"floor":5,"key":"LiquidMemories"},{"floor":10,"key":"SmokeBomb"},{"floor":14,"key":"GamblersBrew"},{"floor":19,"key":"Strength Potion"},{"floor":30,"key":"EssenceOfSteel"},{"floor":31,"key":"Dexterity Potion"},{"floor":36,"key":"PowerPotion"}],"is_trial":false,"path_per_floor":["M","$","M","M","M","R","?","?","T","?","T","M","R","M","R","B",null,"M","M","?","$","M","E","R","?","T","M","$","R","M","E","R","B",null,"M","?","M","?","M","E"],"character_chosen":"THE_CASTER","items_purchased":["caster:Conflagrate","caster:PyroclasticTide","TheAbacus","Strange Spoon"],"campfire_rested":0,"item_purchase_floors":[2,21,21,28],"current_hp_per_floor":[64,64,58,58,55,55,42,42,42,30,30,25,25,17,17,12,64,64,57,57,57,53,40,40,40,40,45,45,45,45,48,48,47,64,64,54,14,14,14,0,0],"gold":235,"neow_bonus":"BOSS_RELIC","is_daily":false,"chose_seed":false,"campfire_upgraded":6,"win_rate":0.0,"timestamp":1609527948,"path_taken":["M","?","M","M","M","R","?","?","T","?","?","M","R","M","R","BOSS","M","M","?","?","M","E","R","?","T","?","$","R","M","E","R","BOSS","M","?","M","?","M","E"],"items_purchased_type":["Card","Card","Relic","Relic"],"build_version":"2020-12-22","purchased_purges":1,"victory":false,"max_hp_per_floor":[64,64,64,64,64,64,64,64,64,64,64,64,64,64,64,64,64,64,64,64,64,64,64,64,64,64,64,64,64,64,64,64,64,64,64,64,64,61,61,61,61],"card_choices":[{"not_picked":["caster:LAZER","caster:MagicBarrier"],"picked":"caster:DiablosFlame","floor":1},{"not_picked":["caster:Charge","caster:Sultry"],"picked":"caster:WallOfThorns","floor":3},{"not_picked":["caster:FrigidBeam","caster:Sleet"],"picked":"caster:Fissure","floor":4},{"not_picked":["caster:WallOfSwords","caster:GlacialShield"],"picked":"caster:Tundra","floor":5},{"not_picked":["caster:MagicAttunement","caster:Embers"],"picked":"caster:GlacialShield","floor":10},{"not_picked":["caster:Elementalize","caster:LordOfVermillion","caster:MagicWeapon"],"picked":"SKIP","floor":12},{"not_picked":["caster:Charge","caster:Conflagrate"],"picked":"caster:GaiasBlessing","floor":14},{"not_picked":["caster:MagicWeapon+1","caster:FlashFrost","caster:QuickCast"],"picked":"SKIP","floor":18},{"not_picked":["caster:BookThrow","caster:StaticField+1","caster:MagicResonance"],"picked":"SKIP","floor":19},{"not_picked":["caster:FrostDriver","caster:Sleet"],"picked":"caster:Sandstorm","floor":22},{"not_picked":["caster:JupitelThunder+1","caster:IcicleLance","caster:Surge"],"picked":"SKIP","floor":23},{"not_picked":["caster:Fireball+1","caster:Charge+1"],"picked":"caster:FireWall+1","floor":25},{"not_picked":["caster:Incinerate","caster:Conflagrate"],"picked":"caster:GlacialShield","floor":27},{"not_picked":["caster:Conflagrate","caster:MegaloSpark","caster:Fireball+1"],"picked":"SKIP","floor":30},{"not_picked":["caster:JupitelThunder","caster:Ifrit+1","caster:GlacialShield"],"picked":"SKIP","floor":31},{"not_picked":["caster:MagicBarrier+1","caster:LightningBolt","caster:Elementalize"],"picked":"SKIP","floor":35},{"not_picked":["caster:FlashFrost+1","caster:Illusion+1"],"picked":"caster:Grimoire+1","floor":36},{"not_picked":["caster:Charge","caster:Conflagrate","caster:IcicleLance"],"picked":"SKIP","floor":37},{"not_picked":["caster:FrostDriver+1","caster:MagicResonance+1"],"picked":"caster:Illusion+1","floor":39}],"player_experience":1910294,"relics_obtained":[{"floor":9,"key":"Mercury Hourglass"},{"floor":10,"key":"Pocketwatch"},{"floor":11,"key":"Frozen Egg 2"},{"floor":23,"key":"Nunchaku"},{"floor":31,"key":"InkBottle"},{"floor":36,"key":"Du-Vu Doll"}],"event_choices":[{"damage_healed":55,"gold_gain":0,"player_choice":"Upgrade","damage_taken":13,"max_hp_gain":0,"max_hp_loss":64,"event_name":"betterThird:BetterShining","floor":7,"gold_loss":0,"cards_upgraded":["caster:strike","caster:Meteor"]},{"damage_healed":0,"gold_gain":0,"player_choice":"Searched \u00271\u0027 times","damage_taken":0,"max_hp_gain":0,"max_hp_loss":0,"event_name":"Dead Adventurer","floor":10,"gold_loss":0},{"damage_healed":0,"gold_gain":100,"player_choice":"Pray","damage_taken":0,"max_hp_gain":0,"max_hp_loss":0,"event_name":"Golden Shrine","floor":20,"gold_loss":0},{"damage_healed":0,"gold_gain":0,"player_choice":"2","damage_taken":0,"max_hp_gain":0,"max_hp_loss":0,"event_name":"betterMatch:BetterMatch","floor":25,"gold_loss":0,"cards_obtained":["betterMatch:CommonCard"]},{"damage_healed":0,"gold_gain":0,"player_choice":"Fight","damage_taken":0,"max_hp_gain":0,"max_hp_loss":0,"event_name":"MindBloom","floor":36,"gold_loss":0},{"damage_healed":0,"gold_gain":0,"player_choice":"Max HP","damage_taken":0,"max_hp_gain":0,"max_hp_loss":3,"event_name":"Winding Halls","floor":38,"gold_loss":0}],"is_beta":false,"boss_relics":[{"not_picked":["Runic Pyramid","Busted Crown"],"picked":"SlaversCollar"},{"not_picked":["Cursed Key","Sozu"],"picked":"Philosopher\u0027s Stone"}],"items_purged_floors":[21],"is_endless":false,"potions_floor_spawned":[5,10,14,16,19,22,30,31,36],"killed_by":"Reptomancer","ascension_level":0}}