{"host":"l60rmjjsfi0fipmi","time":1609529302,"event":{"mods":["BaseMod","Colored Map","DeckTracker","Highlight Path","Minty Spire (QoL Compilation)"],"gold_per_floor":[114,114,124,134,134,134,153,178,201,219,239,266,276,51,51,155,155,172,190,43,43,56,84,84,104,153,153,163,163,179,194,194,194,194],"floor_reached":33,"playtime":4126,"items_purged":["Strike_P"],"score":333,"play_id":"27aa1f03-4525-40b7-96a5-495f115e8606","local_time":"20210101142822","is_ascension_mode":false,"campfire_choices":[{"data":"Blind","floor":6,"key":"SMITH"},{"data":"BattleHymn","floor":15,"key":"SMITH"},{"floor":24,"key":"REST"},{"floor":27,"key":"REST"},{"floor":32,"key":"REST"}],"circlet_count":0,"master_deck":["Strike_P","Strike_P","Defend_P","Defend_P","Defend_P","Defend_P","Eruption+1","Vigilance","Blind+1","FlyingSleeves+1","DeusExMachina","WindmillStrike","Conclude","JustLucky+1","Evaluate","BattleHymn+1","EmptyBody","EmptyFist","Crescendo","Eruption+1","EmptyMind","DevaForm","Swivel+1","Tantrum","Meditate","Halt"],"relics":["PureWater","MealTicket","Toy Ornithopter","Omamori","DollysMirror","Black Star","Bird Faced Urn","Whetstone","Pen Nib","SsserpentHead"],"acts_visited":["Exordium","TheCity"],"potions_floor_usage":[23,23,25,31,31,33],"damage_taken":[{"damage":1,"enemies":"2 Louse","floor":1,"turns":4},{"damage":0,"enemies":"Cultist","floor":3,"turns":3},{"damage":0,"enemies":"Small Slimes","floor":4,"turns":2},{"damage":0,"enemies":"Exordium Wildlife","floor":7,"turns":2},{"damage":24,"enemies":"Gremlin Nob","floor":8,"turns":4},{"damage":4,"enemies":"Blue Slaver","floor":10,"turns":4},{"damage":3,"enemies":"Lots of Slimes","floor":11,"turns":3},{"damage":4,"enemies":"3 Sentries","floor":12,"turns":4},{"damage":5,"enemies":"Gremlin Gang","floor":13,"turns":2},{"damage":0,"enemies":"Slime Boss","floor":16,"turns":4},{"damage":0,"enemies":"3 Byrds","floor":18,"turns":5},{"damage":3,"enemies":"Chosen","floor":19,"turns":4},{"damage":20,"enemies":"Snake Plant","floor":22,"turns":5},{"damage":53,"enemies":"Slavers","floor":23,"turns":7},{"damage":24,"enemies":"Shelled Parasite and Fungi","floor":25,"turns":7},{"damage":15,"enemies":"Snecko","floor":28,"turns":4},{"damage":0,"enemies":"Cultist and Chosen","floor":30,"turns":4},{"damage":15,"enemies":"Centurion and Healer","floor":31,"turns":4},{"damage":77,"enemies":"Automaton","floor":33,"turns":8}],"seed_played":"2570336429455053863","potions_obtained":[{"floor":1,"key":"Swift Potion"},{"floor":4,"key":"Weak Potion"},{"floor":10,"key":"LiquidBronze"},{"floor":12,"key":"CultistPotion"},{"floor":13,"key":"BottledMiracle"},{"floor":23,"key":"SkillPotion"},{"floor":28,"key":"BottledMiracle"},{"floor":30,"key":"Regen Potion"}],"is_trial":false,"path_per_floor":["M","?","M","M","?","R","M","E","T","M","M","E","M","$","R","B",null,"M","M","$","?","M","E","R","M","T","R","M","?","M","M","R","B"],"character_chosen":"WATCHER","items_purchased":["DollysMirror","EmptyMind","Tantrum"],"campfire_rested":3,"item_purchase_floors":[14,14,20],"current_hp_per_floor":[71,71,71,71,71,71,71,47,47,43,40,36,31,46,46,46,72,72,69,72,72,52,9,30,13,13,34,23,23,25,31,52,0,0],"gold":194,"neow_bonus":"RANDOM_COLORLESS","is_daily":false,"chose_seed":false,"campfire_upgraded":2,"win_rate":0.0,"timestamp":1609529302,"path_taken":["M","?","M","?","?","R","M","E","T","M","?","E","M","$","R","BOSS","M","M","$","?","M","E","R","M","T","R","M","?","M","M","R","BOSS"],"items_purchased_type":["Relic","Card","Card"],"build_version":"2020-12-22","purchased_purges":1,"victory":false,"max_hp_per_floor":[72,72,72,72,72,72,72,72,72,72,72,72,72,72,72,72,72,72,72,72,72,72,72,72,72,72,72,72,72,72,72,72,72,72],"card_choices":[{"not_picked":["Purity","Good Instincts"],"picked":"Blind","floor":0},{"not_picked":["BowlingBash","SignatureMove"],"picked":"FlyingSleeves","floor":1},{"not_picked":["EmptyMind","Fasting2"],"picked":"WindmillStrike","floor":3},{"not_picked":["EmptyBody","ClearTheMind"],"picked":"Conclude","floor":4},{"not_picked":["Indignation","WreathOfFlame"],"picked":"JustLucky","floor":7},{"not_picked":["Omniscience","ThirdEye"],"picked":"Evaluate","floor":8},{"not_picked":["Worship","ReachHeaven"],"picked":"BattleHymn","floor":10},{"not_picked":["SashWhip","Protect"],"picked":"EmptyBody","floor":11},{"not_picked":["Brilliance","MentalFortress"],"picked":"EmptyFist","floor":12},{"not_picked":["CutThroughFate","Collect"],"picked":"Crescendo","floor":13},{"not_picked":["Omniscience","Scrawl"],"picked":"DevaForm","floor":16},{"not_picked":["SandsOfTime","Evaluate"],"picked":"Swivel+1","floor":18},{"not_picked":["Swivel","FollowUp","FlyingSleeves+1"],"picked":"SKIP","floor":19},{"not_picked":["CutThroughFate","FollowUp","EmptyBody"],"picked":"SKIP","floor":22},{"not_picked":["Protect","WaveOfTheHand+1","JustLucky"],"picked":"SKIP","floor":23},{"not_picked":["Wallop+1","Prostrate","EmptyMind"],"picked":"SKIP","floor":25},{"not_picked":["FollowUp","Meditate"],"picked":"Halt","floor":28},{"not_picked":["Evaluate+1","Consecrate","FollowUp"],"picked":"SKIP","floor":30},{"not_picked":["CutThroughFate","Consecrate","SpiritShield"],"picked":"SKIP","floor":31}],"player_experience":162566,"relics_obtained":[{"floor":8,"key":"MealTicket"},{"floor":9,"key":"Toy Ornithopter"},{"floor":12,"key":"Omamori"},{"floor":23,"key":"Bird Faced Urn"},{"floor":23,"key":"Whetstone"},{"floor":26,"key":"Pen Nib"}],"event_choices":[{"damage_healed":0,"gold_gain":0,"cards_transformed":["Strike_P"],"player_choice":"Transformed","damage_taken":0,"max_hp_gain":0,"max_hp_loss":0,"event_name":"Transmorgrifier","floor":2,"gold_loss":0,"cards_obtained":["DeusExMachina"]},{"damage_healed":0,"gold_gain":0,"player_choice":"Upgraded","damage_taken":0,"max_hp_gain":0,"max_hp_loss":0,"event_name":"Upgrade Shrine","floor":5,"gold_loss":0,"cards_upgraded":["Eruption"]},{"damage_healed":0,"gold_gain":0,"player_choice":"Read","damage_taken":0,"max_hp_gain":0,"max_hp_loss":0,"event_name":"The Library","floor":21,"gold_loss":0,"cards_obtained":["Meditate"]},{"damage_healed":0,"gold_gain":0,"player_choice":"Trade","damage_taken":0,"relics_obtained":["SsserpentHead"],"max_hp_gain":0,"max_hp_loss":0,"event_name":"FaceTrader","floor":29,"gold_loss":0}],"is_beta":false,"boss_relics":[{"not_picked":["Philosopher\u0027s Stone","VioletLotus"],"picked":"Black Star"}],"items_purged_floors":[20],"is_endless":false,"potions_floor_spawned":[1,4,10,12,13,23,28,30],"killed_by":"Automaton","ascension_level":0}}