{"host":"zivz6e0vf73jivdq","time":1609473646,"event":{"mods":["ATMod(°¢èªMod)","Act Like it!","BaseMod","Friendly Minions","Gensokyo","HololiveMod","Koishi","Marisa£¨ìFÓê¡¡Ä§ÀíÉ³£©","Minty Spire (QoL Compilation)","MostiFishMod","Pale of the Ancients","Prisma Mod","Reimu£¨²©ÀöÁéÃÎ£©","Remilia£¨ÀÙÃ×ÀòÑÇ£©","Replay The Spire","RumiaBox-Â¶Ã×æ«µÄÉñÃØºÐ×Ó","StSLib","The Jungle","The Servant 0.9.4","Yakumo Yukari mod","Youmu£¨»êÆÇÑýÃÎ£©","¡¾ÒÅÎï¿¨ÅÆ¡¿REMEMod"],"gold_per_floor":[113,125,139,156,172,231,231,258,258,183,213,243,243,243,243,340,340,354,73,73,91,91,91,123,141,141,174,174,174,199,199,199,303,303,320,337,337,349,369,406,425,451,474,509,317,329,344,358,358,358],"floor_reached":51,"playtime":4182,"items_purged":["Strike_B","Strike_B","Defend_B"],"score":1911,"play_id":"97e065c5-3034-4f60-80ee-72f5859d2c83","local_time":"20210101120046","is_ascension_mode":true,"campfire_choices":[{"data":"Zap","floor":7.0,"key":"SMITH"},{"data":"Recycle","floor":13.0,"key":"SMITH"},{"data":"Turbo","floor":23.0,"key":"SMITH"},{"data":"Fission","floor":29.0,"key":"SMITH"},{"data":"MostiFishMod:InterfaceCompatibility","floor":32,"key":"SMITH"},{"data":"MostiFishMod:IntelligentEquipment","floor":49,"key":"SMITH"}],"circlet_count":0,"master_deck":["AscendersBane","Defend_B","Zap+1","Dualcast","CurseOfTheBell","After Image","Cold Snap+1","Coolheaded+1","Skim","ReplayTheSpireMod:Calculation Training+1","Streamline","Reinforced Body","Recycle+1","MostiFishMod:Culaccino+1","MostiFishMod:InterfaceCompatibility+1","FIFO Queue","MostiFishMod:MusicBox+1","FTL+1","Fission+1","Turbo+1","Chill","Self Repair+1","MostiFishMod:IntelligentEquipment+1","Defragment+1","Madness","Madness","MostiFishMod:GatherIntelligence+1","MostiFishMod:ReadyAimFire","Echo Form","Double Energy","AT_StudyProgram"],"relics":["DaveBox","REME_ComplimentaryCards","AT_ATBox","Calling Bell","AT_BladeRuinedKing","AT_SilvercatRing","Unceasing Top","BionicSphere","SynthV:TestCard","REME_HourglassOfDeath","Hololive_LightStick","StoneCalendar","Odd Mushroom","Replay:Fungal Core","PureWhite:ReiMu","AT_LudenTempest","Garlic","Whetstone","Replay:Bronze Core","CrazyTorch:ReiMu","Regal Pillow","Lantern","AT_ChloranthyRing"],"acts_visited":["Exordium","TheCity","TheBeyond"],"potions_floor_usage":[46],"damage_taken":[{"damage":0.0,"enemies":"2 Louse","floor":1.0,"turns":3.0},{"damage":0.0,"enemies":"Small Slimes","floor":2.0,"turns":4.0},{"damage":0.0,"enemies":"Jaw Worm","floor":3.0,"turns":3.0},{"damage":0.0,"enemies":"3 Louse","floor":4.0,"turns":4.0},{"damage":1.0,"enemies":"Looter","floor":5.0,"turns":4.0},{"damage":17.0,"enemies":"3 Sentries","floor":6.0,"turns":13.0},{"damage":0.0,"enemies":"Gremlin Nob","floor":8.0,"turns":4.0},{"damage":0.0,"enemies":"3 Sentries","floor":11.0,"turns":5.0},{"damage":0.0,"enemies":"The Mushroom Lair","floor":12.0,"turns":4.0},{"damage":0.0,"enemies":"Slime Boss","floor":16.0,"turns":7.0},{"damage":0.0,"enemies":"Spheric Guardian","floor":18.0,"turns":5.0},{"damage":0.0,"enemies":"Shell Parasite","floor":21.0,"turns":5.0},{"damage":0.0,"enemies":"Gremlin Leader","floor":24.0,"turns":4.0},{"damage":0.0,"enemies":"Sentry and Sphere","floor":25.0,"turns":4.0},{"damage":0.0,"enemies":"REME_1_Revenger","floor":27.0,"turns":3.0},{"damage":0,"enemies":"Slavers","floor":30,"turns":3},{"damage":0,"enemies":"Collector","floor":33,"turns":4},{"damage":0,"enemies":"3 Shapes","floor":35,"turns":3},{"damage":0,"enemies":"3 Darklings","floor":36,"turns":2},{"damage":0,"enemies":"Writhing Mass","floor":38,"turns":2},{"damage":0,"enemies":"Jaw Worm Horde","floor":39,"turns":3},{"damage":0,"enemies":"R_Hoarder","floor":40,"turns":5},{"damage":0,"enemies":"Sphere and 2 Shapes","floor":41,"turns":1},{"damage":0,"enemies":"Giant Head","floor":42,"turns":3},{"damage":0,"enemies":"Nemesis","floor":44,"turns":1},{"damage":0,"enemies":"3 Darklings","floor":46,"turns":2},{"damage":0,"enemies":"Transient","floor":47,"turns":2},{"damage":0,"enemies":"Writhing Mass","floor":48,"turns":3},{"damage":0,"enemies":"Awakened One","floor":50,"turns":3}],"seed_played":"-6416013775440528321","potions_obtained":[{"floor":3.0,"key":"LiquidMemories"},{"floor":5.0,"key":"REME_GoldPotion"},{"floor":12.0,"key":"FearPotion"},{"floor":16.0,"key":"Elixir"},{"floor":25.0,"key":"DistilledChaos"},{"floor":39,"key":"Energy Potion"},{"floor":46,"key":"Fruit Juice"},{"floor":47,"key":"LifebloodPotion"}],"is_trial":false,"path_per_floor":["M","M","M","M","M","E","R","E","T","$","E","?","R","?","R","B",null,"M","$","?","M","?","R","E","M","T","E","?","R","E","?","R","B",null,"M","M","?","M","M","E","M","E","T","E","$","M","M","M","R","B",null],"character_chosen":"DEFECT","items_purchased":["MostiFishMod:MusicBox","AT_StudyProgram"],"campfire_rested":0,"item_purchase_floors":[19,45],"current_hp_per_floor":[68,68,68,68,67,50,50,50,50,50,50,50,50,43,43,43,67,67,67,67,78,78,78,78,78,78,78,61,61,61,61,61,71,86,91,91,80,90,91,91,91,91,91,91,91,96,96,96,96,96],"gold":358,"neow_bonus":"BOSS_RELIC","is_daily":false,"chose_seed":false,"campfire_upgraded":6,"win_rate":0.0,"timestamp":1609473646,"path_taken":["M","M","M","M","M","E","R","E","T","$","E","?","R","?","R","BOSS","M","$","?","M","?","R","E","M","T","E","?","R","E","?","R","BOSS","M","M","?","M","M","E","M","E","T","E","$","M","M","M","R","BOSS"],"items_purchased_type":["Card","Card"],"build_version":"2020-12-22","purchased_purges":3,"victory":true,"max_hp_per_floor":[75,75,75,75,75,75,75,75,75,75,75,75,75,75,75,75,75,75,75,75,86,86,86,86,86,86,86,91,91,91,91,91,91,91,91,91,91,91,91,91,91,91,91,91,91,96,96,96,96,96],"card_choices":[{"not_picked":["Barrage","MostiFishMod:PushDownKick","Heatsinks"],"picked":"SKIP","floor":1.0},{"not_picked":["ReplayTheSpireMod:Calculation Training","Leap","BasicCrystalCard","Conserve Battery"],"picked":"Cold Snap","floor":2.0},{"not_picked":["Barrage","AT_ThreeBodyProblem","Panic Button","AT_HeatAcrobatics"],"picked":"Coolheaded","floor":3.0},{"not_picked":["Crystallizer","Panic Button","Leap","Redo","Compile Driver"],"picked":"SKIP","floor":4.0},{"not_picked":["Heatsinks","Leap","Coolheaded","Beam Cell"],"picked":"Skim","floor":5.0},{"not_picked":["ReplayTheSpireMod:Omega Cannon","Compile Driver","Doom and Gloom","Aggregate"],"picked":"ReplayTheSpireMod:Calculation Training","floor":6.0},{"not_picked":["Steam","Beam Cell","Skim","ReplayTheSpireMod:Repulse"],"picked":"Streamline","floor":8.0},{"not_picked":["Panic Button","AT_HeatAcrobatics","Cold Snap","Consume"],"picked":"Reinforced Body","floor":11.0},{"not_picked":["AT_HeatAcrobatics","Turbo","FTL","Defragment"],"picked":"Recycle","floor":12.0},{"not_picked":["MostiFishMod:ATRI","ReplayRNGCard","REME_ForAll","MostiFishMod:ActiveDefenseSystem"],"picked":"MostiFishMod:InterfaceCompatibility","floor":16.0},{"not_picked":["ReplayTheSpireMod:Reroute Power","Barrage","Coolheaded+1","Static Discharge+1"],"picked":"FIFO Queue","floor":18.0},{"not_picked":["Hologram","Compile Driver","Rebound+1","Sweeping Beam"],"picked":"Turbo","floor":21.0},{"not_picked":["MostiFishMod:Nova","Rebound","Melter","Leap","Reprogram"],"picked":"SKIP","floor":24.0},{"not_picked":["Gash","REME_Compress","Turbo","MostiFishMod:FluxCapactior","Compile Driver"],"picked":"SKIP","floor":25.0},{"not_picked":["Compile Driver+1","Seek","Rip and Tear","Coolheaded"],"picked":"Chill","floor":27.0},{"not_picked":["Coolheaded","Rebound+1","REME_DataAnalysis","AT_EMC2+1"],"picked":"Self Repair+1","floor":30},{"not_picked":["ReplayTheSpireMod:Omega Cannon","MostiFishMod:DawningShadow","Reboot","MostiFishMod:Overload"],"picked":"MostiFishMod:IntelligentEquipment","floor":33},{"not_picked":["Barrage+1","BasicCrystalCard","REME_DataAnalysis","Auto Shields"],"picked":"Defragment+1","floor":35},{"not_picked":["Hologram+1","Consume","MostiFishMod:ReprogramOld","Beam Cell","Panic Button+1"],"picked":"SKIP","floor":36},{"not_picked":["Gash+1","BasicCrystalCard+1","Steam","Cold Snap+1","AT_HeatAcrobatics+1"],"picked":"SKIP","floor":38},{"not_picked":["Redo","Streamline","Cold Snap+1","Capacitor+1"],"picked":"MostiFishMod:GatherIntelligence+1","floor":39},{"not_picked":["ReplayTheSpireMod:GoodbyeWorld","Storm+1","Beam Cell+1","AT_HeatAcrobatics+1"],"picked":"MostiFishMod:ReadyAimFire","floor":40},{"not_picked":["Auto Shields","Barrage+1","MostiFishMod:PushDownKick","Redo","Sunder+1"],"picked":"SKIP","floor":41},{"not_picked":["Streamline+1","Cold Snap","Chill","MostiFishMod:ReadyAimFire"],"picked":"Echo Form","floor":42},{"not_picked":["BasicCrystalCard","Hologram","Sunder+1","Cold Snap"],"picked":"Double Energy","floor":44},{"not_picked":["MostiFishMod:PushDownKick","Streamline+1","Rebound","Loop","Steam+1"],"picked":"SKIP","floor":46},{"not_picked":["Ball Lightning","Stack","Compile Driver+1","ReplaySolidLightProjector","AT_HeatAcrobatics+1"],"picked":"SKIP","floor":47},{"not_picked":["Streamline","MostiFishMod:IntelligentEquipment","Stack+1","Gash+1","Ball Lightning+1"],"picked":"SKIP","floor":48}],"player_experience":775634,"relics_obtained":[{"floor":0.0,"key":"AT_BladeRuinedKing"},{"floor":0.0,"key":"AT_SilvercatRing"},{"floor":0.0,"key":"Unceasing Top"},{"floor":1.0,"key":"SynthV:TestCard"},{"floor":6.0,"key":"REME_HourglassOfDeath"},{"floor":8.0,"key":"Hololive_LightStick"},{"floor":11.0,"key":"StoneCalendar"},{"floor":12.0,"key":"Odd Mushroom"},{"floor":24.0,"key":"PureWhite:ReiMu"},{"floor":26.0,"key":"AT_LudenTempest"},{"floor":27.0,"key":"Garlic"},{"floor":30,"key":"Whetstone"},{"floor":40,"key":"CrazyTorch:ReiMu"},{"floor":42,"key":"Regal Pillow"},{"floor":43,"key":"Lantern"},{"floor":44,"key":"AT_ChloranthyRing"}],"event_choices":[{"damage_healed":0.0,"max_hp_gain":0.0,"max_hp_loss":0.0,"gold_gain":0.0,"event_name":"Mushrooms","player_choice":"Fought Mushrooms","floor":12.0,"gold_loss":0.0,"damage_taken":0.0},{"cards_removed":["Defend_B"],"damage_healed":0.0,"max_hp_gain":0.0,"max_hp_loss":0.0,"gold_gain":0.0,"event_name":"Golden Wing","player_choice":"Card Removal","floor":14.0,"gold_loss":0.0,"damage_taken":7.0},{"damage_healed":0.0,"max_hp_gain":0.0,"max_hp_loss":0.0,"gold_gain":0.0,"cards_transformed":["Strike_B","Defend_B"],"event_name":"Drug Dealer","player_choice":"Became Test Subject","floor":20.0,"gold_loss":0.0,"damage_taken":0.0,"cards_obtained":["FTL","Fission"]},{"damage_healed":0.0,"max_hp_gain":5.0,"max_hp_loss":0.0,"gold_gain":0.0,"event_name":"Forgotten Altar","player_choice":"Shed Blood","floor":28.0,"gold_loss":0.0,"damage_taken":22.0},{"damage_healed":0,"gold_gain":0,"player_choice":"Got Potions","damage_taken":0,"max_hp_gain":0,"max_hp_loss":0,"event_name":"Lab","floor":31,"gold_loss":0},{"damage_healed":0,"gold_gain":0,"player_choice":"Embrace Madness","damage_taken":11,"max_hp_gain":0,"max_hp_loss":0,"event_name":"Winding Halls","floor":37,"gold_loss":0,"cards_obtained":["Madness","Madness"]}],"is_beta":false,"boss_relics":[{"not_picked":["Velvet Choker","PatriotShield"],"picked":"Replay:Fungal Core"},{"not_picked":["Nuclear Battery","SlaversCollar"],"picked":"Replay:Bronze Core"}],"items_purged_floors":[10,19,45],"is_endless":false,"potions_floor_spawned":[3,5,12,16,25,30,33,39,40,44,46,47],"ascension_level":11}}