{"host":"wghdsg8ym2wc7ov9","time":1609460359,"event":{"mods":["AchievementEnabler","Astrologer","BaseMod","Beaked The Cultist","Better Altar","Better Note","Colored Map","Hermit","Highlight Path","Jorbs\u0027s Wanderer Trilogy","KinomotoSakuraMod(????)","Minty Spire (QoL Compilation)","Random Character Button","Relic Stats","SIMod","Shop Mod","StSLib","The Blackbeard","The Bladedancer","The Construct","The Cursed","The Death Knight","The Gatherer","The Hierophant","The Marked","The Mystic","The Necromancer","The Runesmith","The Senshi","The Servant 0.9.4","The Vixen"],"gold_per_floor":[112,112,287,301,321,321,331,346,371,406,418,418,451,451,451,556,556,567,597,647,697,637,637],"floor_reached":22,"playtime":2390,"items_purged":[],"score":214,"play_id":"b6453784-b1a0-477a-aedf-06c1cdcc55ff","local_time":"20201231161919","is_ascension_mode":false,"campfire_choices":[{"data":"DeathKnight:RuneTap","floor":6.0,"key":"SMITH"},{"floor":12.0,"key":"REST"},{"floor":15.0,"key":"REST"}],"circlet_count":0,"master_deck":["DeathKnight:Strike_DeathKnight","DeathKnight:Strike_DeathKnight","DeathKnight:Strike_DeathKnight","DeathKnight:Strike_DeathKnight","DeathKnight:Strike_DeathKnight","DeathKnight:Defend_DeathKnight","DeathKnight:Defend_DeathKnight+1","DeathKnight:Defend_DeathKnight","DeathKnight:Defend_DeathKnight","DeathKnight:Defend_DeathKnight","DeathKnight:RuneTap+1","DeathKnight:RuneStrike","DeathKnight:BladedArmor","Doubt","DeathKnight:DeathAndDecay","DeathKnight:Frostscythe","DeathKnight:Marrowrend","DeathKnight:HartStrike","DeathKnight:SindragosasBreath","DeathKnight:ShatteringStrikes","DeathKnight:BloodPact","DeathKnight:Simulacrum+1","DeathKnight:GargoyleSkin","DeathKnight:RaiseAlly","blademaster:LeechingStrike"],"relics":["DeathKnight:BrokenRuneblade","Akabeko","Happy Flower","DeathKnight:PreciousRibbon","SsserpentHead","beaked:MawFillet","Bag of Preparation","War Paint"],"acts_visited":["Exordium","TheCity"],"potions_floor_usage":[],"damage_taken":[{"damage":1.0,"enemies":"2 Louse","floor":1.0,"turns":5.0},{"damage":2.0,"enemies":"Small Slimes","floor":4.0,"turns":5.0},{"damage":1.0,"enemies":"Cultist","floor":5.0,"turns":5.0},{"damage":0.0,"enemies":"Exordium Thugs","floor":7.0,"turns":4.0},{"damage":2.0,"enemies":"Exordium Wildlife","floor":8.0,"turns":4.0},{"damage":47.0,"enemies":"3 Sentries","floor":10.0,"turns":8.0},{"damage":0.0,"enemies":"3 Louse","floor":11.0,"turns":3.0},{"damage":17.0,"enemies":"Gremlin Nob","floor":13.0,"turns":4.0},{"damage":41.0,"enemies":"Slime Boss","floor":16.0,"turns":7.0},{"damage":17.0,"enemies":"Spheric Guardian","floor":18.0,"turns":4.0},{"damage":64.0,"enemies":"Slavers","floor":19.0,"turns":5.0},{"damage":7,"enemies":"2 Thieves","floor":22,"turns":2}],"seed_played":"185942269698423208","potions_obtained":[{"floor":1.0,"key":"Fire Potion"},{"floor":4.0,"key":"ColorlessPotion"},{"floor":10.0,"key":"BlessingOfTheForge"},{"floor":11.0,"key":"DistilledChaos"},{"floor":13.0,"key":"SkillPotion"}],"is_trial":false,"path_per_floor":["M","?","?","M","M","R","M","M","T","E","M","R","E","?","R","B",null,"M","E","?","T","M"],"character_chosen":"DEATH_KNIGHT","items_purchased":[],"campfire_rested":2,"item_purchase_floors":[],"current_hp_per_floor":[81,81,81,79,78,78,78,76,76,29,29,53,36,36,60,19,82,65,1,1,1,0,0],"gold":637,"neow_bonus":"TEN_PERCENT_HP_BONUS","is_daily":false,"chose_seed":false,"campfire_upgraded":1,"win_rate":0.0,"timestamp":1609460359,"path_taken":["M","?","?","M","M","R","M","M","T","E","M","R","E","?","R","BOSS","M","E","?","?","M"],"items_purchased_type":[],"build_version":"2020-12-22","purchased_purges":0,"victory":false,"max_hp_per_floor":[82,82,82,82,82,82,82,82,82,82,82,82,82,82,82,82,82,82,82,82,82,82,82],"relic_stats":{"SsserpentHead":100,"Happy Flower":[8],"counters":[12,56],"Bag of Preparation":[2],"War Paint":["DeathKnight:Defend_DeathKnight","DeathKnight:Simulacrum"],"obtain_stats":[{"SsserpentHead":14,"Happy Flower":10,"beaked:MawFillet":17,"Bag of Preparation":19,"DeathKnight:PreciousRibbon":13,"War Paint":21,"DeathKnight:BrokenRuneblade":0,"Akabeko":9},{"SsserpentHead":8,"Happy Flower":6,"beaked:MawFillet":9,"Bag of Preparation":11,"DeathKnight:PreciousRibbon":8,"War Paint":11,"DeathKnight:BrokenRuneblade":0,"Akabeko":5},{"SsserpentHead":38,"Happy Flower":31,"beaked:MawFillet":45,"Bag of Preparation":54,"DeathKnight:PreciousRibbon":38,"War Paint":54,"DeathKnight:BrokenRuneblade":0,"Akabeko":23}]},"card_choices":[{"not_picked":["DeathKnight:ChainsOfIce","DeathKnight:UnholyAssault"],"picked":"DeathKnight:BladedArmor","floor":1.0},{"not_picked":["DeathKnight:HartStrike","DeathKnight:FrosPresence"],"picked":"DeathKnight:DeathAndDecay","floor":4.0},{"not_picked":["DeathKnight:DeathGrip","DeathKnight:RuneShock"],"picked":"DeathKnight:Frostscythe","floor":5.0},{"not_picked":["DeathKnight:DarkSuccor","DeathKnight:ChainsOfIce"],"picked":"DeathKnight:Marrowrend","floor":7.0},{"not_picked":["DeathKnight:Ossuary","DeathKnight:BoneSpear"],"picked":"DeathKnight:HartStrike","floor":8.0},{"not_picked":["DeathKnight:UnholyFrenzy","DeathKnight:UnholyExperiment"],"picked":"DeathKnight:SindragosasBreath","floor":10.0},{"not_picked":["DeathKnight:BloodEchoes","DeathKnight:DreadStrike"],"picked":"DeathKnight:ShatteringStrikes","floor":11.0},{"not_picked":["DeathKnight:DeathAndDecay","DeathKnight:DancingRuneblade"],"picked":"DeathKnight:BloodPact","floor":13.0},{"not_picked":["DeathKnight:ReapingStrike","DeathKnight:Razorice"],"picked":"DeathKnight:Simulacrum","floor":16.0},{"not_picked":["DeathKnight:Parry","DeathKnight:HornOfWinter"],"picked":"DeathKnight:GargoyleSkin","floor":18.0},{"not_picked":["DeathKnight:HornOfWinter+1","DeathKnight:DeathsAdvance"],"picked":"DeathKnight:RaiseAlly","floor":19.0}],"player_experience":564730,"relics_obtained":[{"floor":9.0,"key":"Akabeko"},{"floor":10.0,"key":"Happy Flower"},{"floor":13.0,"key":"DeathKnight:PreciousRibbon"},{"floor":19.0,"key":"Bag of Preparation"},{"floor":21.0,"key":"War Paint"}],"event_choices":[{"damage_healed":0.0,"max_hp_gain":0.0,"max_hp_loss":0.0,"gold_gain":0.0,"event_name":"The Cleric","player_choice":"Leave","floor":2.0,"gold_loss":0.0,"damage_taken":0.0},{"damage_healed":0.0,"max_hp_gain":0.0,"max_hp_loss":0.0,"gold_gain":175.0,"event_name":"Liars Game","player_choice":"AGREE","floor":3.0,"gold_loss":0.0,"damage_taken":0.0,"cards_obtained":["Doubt"]},{"damage_healed":0.0,"max_hp_gain":0.0,"max_hp_loss":0.0,"gold_gain":0.0,"event_name":"FaceTrader","player_choice":"Trade","floor":14.0,"gold_loss":0.0,"damage_taken":0.0,"relics_obtained":["SsserpentHead"]},{"cards_removed":["DeathKnight:BladedArmor"],"damage_healed":0.0,"max_hp_gain":0.0,"max_hp_loss":0.0,"gold_gain":0.0,"event_name":"betterNote:BetterNote","player_choice":"Take \u0026 Give","floor":20.0,"gold_loss":0.0,"damage_taken":0.0,"cards_obtained":["blademaster:LeechingStrike"]}],"is_beta":false,"boss_relics":[{"not_picked":["Calling Bell","Pandora\u0027s Box"],"picked":"beaked:MawFillet"}],"items_purged_floors":[],"is_endless":false,"potions_floor_spawned":[1,4,10,11,13],"killed_by":"2 Thieves","ascension_level":0}}