{"host":"bbjnqymry46jz0fa","time":1609509110,"event":{"mods":["BaseMod","DeckTracker","Minty Spire (QoL Compilation)","Quick Restart","StSLib","SuperFastMode"],"gold_per_floor":[110,35,185,196,196,223,280,280,303,303,334,72,87,137,137,208,208,218,218,133,150,161,195,213,241,241,241,254,289,303,319,319,394,394,412,412,424,475,491,518,518,548,548,548,321,301,321,351,351,351,351,351,351,28,57,57],"floor_reached":57,"playtime":1606,"items_purged":["Strike_R","Strike_R","Strike_R","Wild Strike+1"],"score":3116,"play_id":"e4dd86b2-e2b9-44f8-9f7e-4a0989e1cd84","local_time":"20210101225150","is_ascension_mode":true,"campfire_choices":[{"data":"Wild Strike","floor":8.0,"key":"SMITH"},{"data":"Bash","floor":10.0,"key":"SMITH"},{"data":"Fire Breathing","floor":15.0,"key":"SMITH"},{"data":"Armaments","floor":27.0,"key":"SMITH"},{"floor":32.0,"key":"REST"},{"floor":41.0,"key":"REST"},{"floor":44,"key":"RECALL"},{"floor":49,"key":"REST"},{"data":"Entrench","floor":53,"key":"SMITH"}],"circlet_count":0,"master_deck":["AscendersBane","Defend_R","Defend_R","Defend_R","Defend_R","Bash+1","Reckless Charge+1","Power Through","Juggernaut","Fire Breathing+1","Shrug It Off","Body Slam","Battle Trance","Offering","Disarm","Sever Soul+1","Feed","Armaments+1","Entrench+1","Dark Embrace+1","Body Slam+1","Second Wind","Seeing Red","Shrug It Off","Juggernaut+1","Madness","Madness","Disarm","Exhume","Rupture+1","Rupture+1","Juggernaut+1","Parasite","Deep Breath","Sentinel","Fire Breathing+1","Offering"],"relics":["Burning Blood","NeowsBlessing","Prayer Wheel","Anchor","Bag of Preparation","Mummified Hand","Black Star","Bronze Scales","Vajra","Ice Cream","Bag of Marbles","PreservedInsect","Frozen Egg 2","CaptainsWheel","Sundial","Cursed Key","Peace Pipe","Kunai","Paper Frog","Thread and Needle","Bottled Lightning","Lantern","Whetstone","Orichalcum","Letter Opener"],"acts_visited":["Exordium","TheCity","TheBeyond","TheEnding"],"potions_floor_usage":[46,50,50,56],"damage_taken":[{"damage":0.0,"enemies":"Cultist","floor":1.0,"turns":1.0},{"damage":0.0,"enemies":"Jaw Worm","floor":4.0,"turns":1.0},{"damage":0.0,"enemies":"Lagavulin","floor":6.0,"turns":1.0},{"damage":49.0,"enemies":"Gremlin Nob","floor":7.0,"turns":5.0},{"damage":8.0,"enemies":"Gremlin Nob","floor":11.0,"turns":3.0},{"damage":0.0,"enemies":"2 Louse","floor":13.0,"turns":1.0},{"damage":0.0,"enemies":"Slime Boss","floor":16.0,"turns":6.0},{"damage":6.0,"enemies":"Shell Parasite","floor":18.0,"turns":2.0},{"damage":10.0,"enemies":"2 Thieves","floor":21.0,"turns":4.0},{"damage":12.0,"enemies":"3 Cultists","floor":22.0,"turns":4.0},{"damage":41.0,"enemies":"Book of Stabbing","floor":23.0,"turns":5.0},{"damage":18.0,"enemies":"Snake Plant","floor":24.0,"turns":3.0},{"damage":23.0,"enemies":"Slavers","floor":25.0,"turns":5.0},{"damage":0.0,"enemies":"Centurion and Healer","floor":28.0,"turns":5.0},{"damage":0.0,"enemies":"Book of Stabbing","floor":29.0,"turns":2.0},{"damage":6.0,"enemies":"Cultist and Chosen","floor":30.0,"turns":4.0},{"damage":24.0,"enemies":"Snake Plant","floor":31.0,"turns":3.0},{"damage":45.0,"enemies":"Automaton","floor":33.0,"turns":9.0},{"damage":0.0,"enemies":"Orb Walker","floor":35.0,"turns":2.0},{"damage":6.0,"enemies":"3 Shapes","floor":37.0,"turns":3.0},{"damage":19.0,"enemies":"2 Orb Walkers","floor":38.0,"turns":3.0},{"damage":17.0,"enemies":"3 Darklings","floor":39.0,"turns":4.0},{"damage":24.0,"enemies":"Giant Head","floor":40.0,"turns":5.0},{"damage":11.0,"enemies":"Nemesis","floor":42.0,"turns":3.0},{"damage":25,"enemies":"Spire Growth","floor":47,"turns":3},{"damage":15,"enemies":"Giant Head","floor":48,"turns":4},{"damage":55,"enemies":"Awakened One","floor":50,"turns":6},{"damage":37,"enemies":"Donu and Deca","floor":51,"turns":6},{"damage":62,"enemies":"Shield and Spear","floor":55,"turns":5},{"damage":128,"enemies":"The Heart","floor":56,"turns":8}],"seed_played":"5555415546598501476","potions_obtained":[{"floor":6.0,"key":"SteroidPotion"},{"floor":7.0,"key":"DistilledChaos"},{"floor":13.0,"key":"SkillPotion"},{"floor":24.0,"key":"Regen Potion"},{"floor":25.0,"key":"AttackPotion"},{"floor":28.0,"key":"BlessingOfTheForge"},{"floor":31.0,"key":"ElixirPotion"},{"floor":33.0,"key":"Swift Potion"},{"floor":35.0,"key":"BloodPotion"},{"floor":38.0,"key":"BlessingOfTheForge"},{"floor":46,"key":"DistilledChaos"},{"floor":47,"key":"LiquidMemories"}],"is_trial":false,"path_per_floor":["M","$","?","M","?","E","?","R","T","R","E","$","M","?","R","B",null,"M","?","?","M","M","E","M","E","T","R","M","E","M","M","R","B",null,"M","?","M","?","M","E","R","E","T","R","$","?","M","E","R","B","B",null,"R","$","E","B",null],"character_chosen":"IRONCLAD","items_purchased":["Fire Breathing","Shrug It Off","Body Slam","Deep Breath","Fire Breathing+1","Ancient Potion"],"campfire_rested":3,"item_purchase_floors":[12,12,12,45,54,54],"current_hp_per_floor":[74,74,74,75,75,75,32,32,32,32,30,30,36,29,29,35,65,65,65,65,64,58,27,18,20,20,20,26,32,32,14,39,10,66,72,57,57,47,36,18,44,39,39,39,39,56,37,28,54,15,69,83,83,83,27,60],"gold":57,"neow_bonus":"THREE_ENEMY_KILL","is_daily":false,"chose_seed":false,"campfire_upgraded":5,"win_rate":0.0,"timestamp":1609509110,"path_taken":["M","$","?","M","?","E","?","R","T","R","E","$","?","?","R","BOSS","M","?","?","M","M","E","M","E","T","R","M","E","M","M","R","BOSS","M","?","M","?","M","E","R","E","T","R","$","?","M","E","R","BOSS","BOSS","R","$","E","BOSS"],"items_purchased_type":["Card","Card","Card","Card","Card","Potion"],"build_version":"2020-12-22","purchased_purges":4,"victory":true,"max_hp_per_floor":[75,75,75,75,75,75,75,75,75,75,75,75,75,75,75,75,75,75,75,75,78,78,82,85,85,85,85,85,85,85,85,85,85,85,85,85,85,88,88,88,88,88,88,88,88,88,88,88,88,88,88,88,88,88,88,88],"card_choices":[{"not_picked":["Anger","Sever Soul"],"picked":"Reckless Charge","floor":1.0},{"not_picked":["Uppercut","Sever Soul"],"picked":"Wild Strike","floor":4.0},{"not_picked":["Dropkick","Shrug It Off"],"picked":"Power Through","floor":6.0},{"not_picked":["Thunderclap","Shockwave"],"picked":"Juggernaut","floor":11.0},{"not_picked":["Flex","Perfected Strike"],"picked":"Battle Trance","floor":13.0},{"not_picked":["Carnage","Rampage","Sword Boomerang"],"picked":"SKIP","floor":13.0},{"not_picked":["Limit Break","Demon Form"],"picked":"Offering","floor":16.0},{"not_picked":["Perfected Strike","Warcry"],"picked":"Disarm","floor":18.0},{"not_picked":["Perfected Strike","Heavy Blade","Headbutt"],"picked":"SKIP","floor":18.0},{"not_picked":["Infernal Blade","Anger"],"picked":"Armaments","floor":21.0},{"not_picked":["Shrug It Off","True Grit"],"picked":"Entrench","floor":21.0},{"not_picked":["Pommel Strike","Dropkick"],"picked":"Dark Embrace+1","floor":22.0},{"not_picked":["Hemokinesis","Reaper","Heavy Blade"],"picked":"SKIP","floor":22.0},{"not_picked":["Armaments","Hemokinesis","Uppercut"],"picked":"SKIP","floor":23.0},{"not_picked":["Dark Embrace","Pummel","Clash"],"picked":"SKIP","floor":24.0},{"not_picked":["Whirlwind+1","Thunderclap+1","Twin Strike"],"picked":"SKIP","floor":24.0},{"not_picked":["Headbutt","Pommel Strike+1"],"picked":"Body Slam+1","floor":25.0},{"not_picked":["Searing Blow","Wild Strike"],"picked":"Second Wind","floor":28.0},{"not_picked":["Warcry","Heavy Blade","Havoc"],"picked":"SKIP","floor":28.0},{"not_picked":["Offering","Shockwave+1"],"picked":"Seeing Red","floor":29.0},{"not_picked":["Cleave","Headbutt"],"picked":"Shrug It Off","floor":30.0},{"not_picked":["Whirlwind","Armaments","Battle Trance"],"picked":"SKIP","floor":30.0},{"not_picked":["Clash+1","Flex","Anger"],"picked":"SKIP","floor":31.0},{"not_picked":["Twin Strike","Shockwave","True Grit"],"picked":"SKIP","floor":31.0},{"not_picked":["Berserk+1","Bludgeon"],"picked":"Juggernaut+1","floor":33.0},{"not_picked":["Perfected Strike","Armaments","Clothesline+1"],"picked":"SKIP","floor":35.0},{"not_picked":["Armaments","Second Wind","Havoc"],"picked":"SKIP","floor":35.0},{"not_picked":["Inflame+1","Armaments"],"picked":"Disarm","floor":37.0},{"not_picked":["Shrug It Off+1","Clash","Clothesline"],"picked":"SKIP","floor":37.0},{"not_picked":["Dual Wield","Spot Weakness"],"picked":"Exhume","floor":38.0},{"not_picked":["Anger","Havoc"],"picked":"Rupture+1","floor":39.0},{"not_picked":["Anger","Clash"],"picked":"Rupture+1","floor":39.0},{"not_picked":["Armaments+1","Rampage+1"],"picked":"Juggernaut+1","floor":40.0},{"not_picked":["Iron Wave","Flex","Cleave+1"],"picked":"SKIP","floor":42.0},{"not_picked":["Pummel","Rage","Shrug It Off"],"picked":"SKIP","floor":47},{"not_picked":["Inflame+1","Clash+1","Sever Soul"],"picked":"SKIP","floor":47},{"not_picked":["Armaments","Thunderclap"],"picked":"Sentinel","floor":48},{"not_picked":["Heavy Blade","Anger"],"picked":"Offering","floor":55}],"player_experience":726619,"relics_obtained":[{"floor":6.0,"key":"Prayer Wheel"},{"floor":7.0,"key":"Anchor"},{"floor":9.0,"key":"Bag of Preparation"},{"floor":11.0,"key":"Mummified Hand"},{"floor":23.0,"key":"Vajra"},{"floor":23.0,"key":"Ice Cream"},{"floor":25.0,"key":"Bag of Marbles"},{"floor":25.0,"key":"PreservedInsect"},{"floor":26.0,"key":"Frozen Egg 2"},{"floor":29.0,"key":"CaptainsWheel"},{"floor":29.0,"key":"Sundial"},{"floor":38.0,"key":"Peace Pipe"},{"floor":40.0,"key":"Kunai"},{"floor":40.0,"key":"Paper Frog"},{"floor":42.0,"key":"Thread and Needle"},{"floor":42.0,"key":"Bottled Lightning"},{"floor":48,"key":"Lantern"},{"floor":48,"key":"Whetstone"},{"floor":55,"key":"Orichalcum"},{"floor":55,"key":"Letter Opener"}],"event_choices":[{"damage_healed":0.0,"max_hp_gain":0.0,"max_hp_loss":0.0,"gold_gain":150.0,"event_name":"Liars Game","player_choice":"AGREE","floor":3.0,"gold_loss":0.0,"damage_taken":0.0,"cards_obtained":["Doubt"]},{"cards_removed":["Doubt"],"damage_healed":0.0,"max_hp_gain":0.0,"max_hp_loss":0.0,"gold_gain":0.0,"event_name":"Living Wall","player_choice":"Forget","floor":5.0,"gold_loss":0.0,"damage_taken":0.0},{"damage_healed":0.0,"max_hp_gain":0.0,"max_hp_loss":0.0,"gold_gain":0.0,"event_name":"Dead Adventurer","player_choice":"Searched \u00272\u0027 times","floor":7.0,"gold_loss":0.0,"damage_taken":0.0},{"damage_healed":0.0,"max_hp_gain":0.0,"max_hp_loss":0.0,"gold_gain":50.0,"event_name":"FaceTrader","player_choice":"Touch","floor":14.0,"gold_loss":0.0,"damage_taken":7.0},{"damage_healed":0.0,"max_hp_gain":0.0,"max_hp_loss":0.0,"gold_gain":0.0,"cards_transformed":["Strike_R","Strike_R"],"event_name":"Drug Dealer","player_choice":"Became Test Subject","floor":19.0,"gold_loss":0.0,"damage_taken":0.0,"cards_obtained":["Sever Soul","Feed"]},{"damage_healed":0.0,"max_hp_gain":0.0,"max_hp_loss":0.0,"gold_gain":0.0,"event_name":"Addict","player_choice":"Obtained Relic","floor":20.0,"gold_loss":85.0,"damage_taken":0.0,"relics_obtained":["Bronze Scales"]},{"damage_healed":0.0,"max_hp_gain":0.0,"max_hp_loss":0.0,"gold_gain":0.0,"event_name":"Winding Halls","player_choice":"Embrace Madness","floor":36.0,"gold_loss":0.0,"damage_taken":15.0,"cards_obtained":["Madness","Madness"]},{"damage_healed":0.0,"max_hp_gain":0.0,"max_hp_loss":0.0,"gold_gain":0.0,"event_name":"Mysterious Sphere","player_choice":"Fight","floor":38.0,"gold_loss":0.0,"damage_taken":0.0},{"damage_healed":0,"gold_gain":0,"player_choice":"Bought 1 Potion","damage_taken":0,"max_hp_gain":0,"max_hp_loss":0,"event_name":"The Woman in Blue","floor":46,"gold_loss":0}],"is_beta":false,"boss_relics":[{"not_picked":["Runic Pyramid","SlaversCollar"],"picked":"Black Star"},{"not_picked":["Philosopher\u0027s Stone","Snecko Eye"],"picked":"Cursed Key"}],"items_purged_floors":[2,12,45,54],"is_endless":false,"potions_floor_spawned":[6,7,13,24,25,28,31,33,35,38,40,42,47],"ascension_level":20}}