{"host":"kw4o7b3ro2ktmmbe","time":1609506122,"event":{"mods":["BaseMod","Evolution","Magitek Elite","Minty Spire (QoL Compilation)","StSLib"],"gold_per_floor":[217,292,292,292,307,307,326,326,326,337,63,73,73,73,73,175,175,191,191,206,206,58,58,58,58,58,83,97,117,137,152,152,251,251,266,266,120,120,134,159,159,175,175,18,50,50,50,67,67,67],"floor_reached":51,"playtime":3632,"items_purged":[],"score":665,"play_id":"d393ba3b-8bc2-4252-a00b-c22daa0e0471","local_time":"20210102020202","is_ascension_mode":false,"campfire_choices":[{"data":"Cure","floor":6.0,"key":"SMITH"},{"data":"Cure","floor":8.0,"key":"SMITH"},{"data":"Bravery","floor":13.0,"key":"SMITH"},{"data":"Water","floor":15.0,"key":"SMITH"},{"data":"Might","floor":23.0,"key":"SMITH"},{"data":"Blood_Hilt","floor":25.0,"key":"SMITH"},{"data":"Float2_Spell","floor":32.0,"key":"SMITH"},{"data":"Sadistic Nature","floor":41,"key":"SMITH"},{"data":"Water","floor":47,"key":"SMITH"},{"floor":49,"key":"REST"}],"circlet_count":0,"master_deck":["Water+2","Strike_L+1","Strike_L+1","Strike_L+1","Defend_L+1","Defend_L+1","Defend_L+1","Defend_L+1","Fire2","Cure+2","Blood_Hilt+1","Bravery+1","Fake_Moustache","Rune_Blade","Might+1","Float2_Spell+1","Mirage_Vest+1","Mirage_Vest+1","Thousand_Needles","Madness","Sadistic Nature+1","Madness","Madness","Gladius+1"],"relics":["Pendant","EVO:Axolotl","Centennial Puzzle","Blood Vial","Mercury Hourglass","SacredBark","Guard_Bracelet","Mummified Hand","Pantograph","Philosopher\u0027s Stone","ClockworkSouvenir","Tintinnabulum","Singing Bowl","PreservedInsect","Orichalcum"],"acts_visited":["Exordium","TheCity","TheBeyond"],"potions_floor_usage":[40,45,48,50],"damage_taken":[{"damage":0.0,"enemies":"Small Slimes","floor":1.0,"turns":3.0},{"damage":9.0,"enemies":"2 Louse","floor":5.0,"turns":4.0},{"damage":1.0,"enemies":"Jaw Worm","floor":7.0,"turns":4.0},{"damage":4.0,"enemies":"Looter","floor":10.0,"turns":4.0},{"damage":2.0,"enemies":"2 Fungi Beasts","floor":12.0,"turns":3.0},{"damage":47.0,"enemies":"The Guardian","floor":16.0,"turns":10.0},{"damage":10.0,"enemies":"Chosen","floor":18.0,"turns":6.0},{"damage":13.0,"enemies":"2 Thieves","floor":20.0,"turns":4.0},{"damage":24.0,"enemies":"Book of Stabbing","floor":27.0,"turns":6.0},{"damage":8.0,"enemies":"Snecko","floor":28.0,"turns":4.0},{"damage":12.0,"enemies":"Shelled Parasite and Fungi","floor":29.0,"turns":5.0},{"damage":15.0,"enemies":"Snake Plant","floor":30.0,"turns":3.0},{"damage":9.0,"enemies":"Centurion and Healer","floor":31.0,"turns":6.0},{"damage":9.0,"enemies":"Collector","floor":33.0,"turns":10.0},{"damage":4.0,"enemies":"3 Shapes","floor":35.0,"turns":7.0},{"damage":1,"enemies":"Orb Walker","floor":39,"turns":4},{"damage":26,"enemies":"Reptomancer","floor":40,"turns":6},{"damage":18,"enemies":"Maw","floor":42,"turns":7},{"damage":10,"enemies":"Nemesis","floor":45,"turns":5},{"damage":24,"enemies":"4 Shapes","floor":48,"turns":7},{"damage":42,"enemies":"Time Eater","floor":50,"turns":6}],"seed_played":"-6799275730292431631","potions_obtained":[{"floor":1.0,"key":"SteroidPotion"},{"floor":10.0,"key":"AttackPotion"},{"floor":16.0,"key":"SkillPotion"},{"floor":18.0,"key":"Dexterity Potion"},{"floor":28.0,"key":"SmokeBomb"},{"floor":29.0,"key":"Explosive Potion"},{"floor":30.0,"key":"Strength Potion"},{"floor":33.0,"key":"CultistPotion"},{"floor":42,"key":"Swift Potion"},{"floor":46,"key":"ColorlessPotion"},{"floor":46,"key":"Energy Potion"}],"is_trial":false,"path_per_floor":["M","?","?","?","M","R","M","R","T","M","$","M","R","$","R","B",null,"M","?","M","?","$","R","?","R","T","E","M","M","M","M","R","B",null,"M","?","$","?","M","E","R","M","T","$","E","?","R","M","R","B",null],"character_chosen":"MAGITEKELITE","items_purchased":["Mercury Hourglass","Bravery","Guard_Bracelet","ClockworkSouvenir","PreservedInsect"],"campfire_rested":1,"item_purchase_floors":[11,11,22,37,44],"current_hp_per_floor":[63,52,45,38,35,35,46,46,46,44,44,56,56,56,56,27,63,55,55,46,35,35,35,35,35,35,39,45,51,56,65,65,68,68,68,63,63,54,68,56,57,54,55,56,62,63,64,57,72,38],"gold":67,"neow_bonus":"HUNDRED_GOLD","is_daily":false,"chose_seed":false,"campfire_upgraded":9,"win_rate":0.0,"timestamp":1609506122,"path_taken":["M","?","?","?","M","R","M","R","T","M","?","?","R","$","R","BOSS","M","?","M","?","$","R","?","R","T","E","M","M","M","M","R","BOSS","M","?","$","?","M","E","R","M","T","$","E","?","R","M","R","BOSS"],"items_purchased_type":["Relic","Card","Relic","Relic","Relic"],"build_version":"2020-12-22","purchased_purges":0,"victory":true,"max_hp_per_floor":[63,63,63,63,63,63,63,63,63,63,63,63,63,63,63,63,63,63,63,63,68,68,68,68,68,68,68,68,68,68,68,68,68,68,68,68,68,68,68,68,68,68,68,68,70,70,70,72,72,72],"card_choices":[{"not_picked":["Crystal_Sword","Quake","Thunder_Blade"],"picked":"SKIP","floor":1.0},{"not_picked":["Mythril_Knife","Magnus_Hat","Poisona"],"picked":"SKIP","floor":5.0},{"not_picked":["Haste","Falchion","Cursed_Shield"],"picked":"SKIP","floor":7.0},{"not_picked":["Falchion","Thornlet"],"picked":"Blood_Hilt","floor":10.0},{"not_picked":["Mythril_Knife","Gaia_Gear","Barrier"],"picked":"SKIP","floor":12.0},{"not_picked":["Quick","Lightbringer"],"picked":"Fake_Moustache","floor":16.0},{"not_picked":["Thunder_Blade","Mythril_Knife","Icebrand"],"picked":"SKIP","floor":18.0},{"not_picked":["Aero","Gladius"],"picked":"Might","floor":20.0},{"not_picked":["Circlet+1","Slow+1"],"picked":"Float2_Spell","floor":27.0},{"not_picked":["Thornlet","Aero","Circlet"],"picked":"SKIP","floor":28.0},{"not_picked":["Circlet+1","Vox+1","Transpose_P"],"picked":"SKIP","floor":29.0},{"not_picked":["Blood_Hilt","Magnus_Hat"],"picked":"Mirage_Vest+1","floor":30.0},{"not_picked":["Mythril_Knife","Valor"],"picked":"Mirage_Vest+1","floor":31.0},{"not_picked":["Gravity","Stop"],"picked":"Thousand_Needles","floor":33.0},{"not_picked":["Quake","Cursed_Shield","Water"],"picked":"SKIP","floor":35.0},{"not_picked":["Chrysalis","Discovery"],"picked":"Madness","floor":36},{"not_picked":["Violence","Mind Blast"],"picked":"Sadistic Nature","floor":36},{"not_picked":["Balance+1","Thunder_Blade","Water"],"picked":"SKIP","floor":39},{"not_picked":["Focus","Remember","Icebrand"],"picked":"SKIP","floor":40},{"not_picked":["Heavy_Shield","Gaia_Gear"],"picked":"Gladius+1","floor":42},{"not_picked":["Astra+1","Blizzard_P","Slow+1"],"picked":"Singing Bowl","floor":45},{"not_picked":["Mythril_Knife","Falchion","Flare"],"picked":"Singing Bowl","floor":48}],"player_experience":1774147,"relics_obtained":[{"floor":9.0,"key":"Blood Vial"},{"floor":26.0,"key":"Mummified Hand"},{"floor":27.0,"key":"Pantograph"},{"floor":40,"key":"Tintinnabulum"},{"floor":43,"key":"Singing Bowl"},{"floor":45,"key":"Orichalcum"}],"event_choices":[{"damage_healed":0.0,"max_hp_gain":0.0,"max_hp_loss":0.0,"gold_gain":75.0,"event_name":"World of Goop","player_choice":"Gather Gold","floor":2.0,"gold_loss":0.0,"damage_taken":11.0},{"damage_healed":0.0,"max_hp_gain":0.0,"max_hp_loss":0.0,"gold_gain":0.0,"event_name":"Scrap Ooze","player_choice":"Success","floor":3.0,"gold_loss":0.0,"damage_taken":7.0,"relics_obtained":["Centennial Puzzle"]},{"cards_removed":["Defend_L"],"damage_healed":0.0,"max_hp_gain":0.0,"max_hp_loss":0.0,"gold_gain":0.0,"event_name":"Golden Wing","player_choice":"Card Removal","floor":4.0,"gold_loss":0.0,"damage_taken":7.0},{"damage_healed":0.0,"max_hp_gain":0.0,"max_hp_loss":0.0,"gold_gain":0.0,"event_name":"The Library","player_choice":"Read","floor":19.0,"gold_loss":0.0,"damage_taken":0.0,"cards_obtained":["Rune_Blade"]},{"damage_healed":0.0,"max_hp_gain":5.0,"max_hp_loss":0.0,"gold_gain":0.0,"event_name":"Forgotten Altar","player_choice":"Shed Blood","floor":21.0,"gold_loss":0.0,"damage_taken":16.0},{"damage_healed":0.0,"max_hp_gain":0.0,"max_hp_loss":0.0,"gold_gain":0.0,"event_name":"Back to Basics","player_choice":"Simplicity","floor":24.0,"gold_loss":0.0,"damage_taken":0.0,"cards_upgraded":["Strike_L","Strike_L","Strike_L","Defend_L","Defend_L","Defend_L","Defend_L"]},{"damage_healed":0,"gold_gain":0,"player_choice":"Memory 2","damage_taken":5,"max_hp_gain":0,"max_hp_loss":0,"event_name":"SensoryStone","floor":36,"gold_loss":0},{"damage_healed":0,"gold_gain":0,"player_choice":"Embrace Madness","damage_taken":9,"max_hp_gain":0,"max_hp_loss":0,"event_name":"Winding Halls","floor":38,"gold_loss":0,"cards_obtained":["Madness","Madness"]},{"damage_healed":0,"gold_gain":0,"player_choice":"Got Potions","damage_taken":0,"max_hp_gain":0,"max_hp_loss":0,"event_name":"Lab","floor":46,"gold_loss":0}],"is_beta":false,"boss_relics":[{"not_picked":["Runic Dome","Runic Pyramid"],"picked":"SacredBark"},{"not_picked":["Calling Bell","Velvet Choker"],"picked":"Philosopher\u0027s Stone"}],"items_purged_floors":[],"is_endless":false,"potions_floor_spawned":[1,10,16,18,28,29,30,33,42],"ascension_level":0}}