{"host":"8i4doyxqctgl5qb0","time":1609534754,"event":{"mods":["AchievementEnabler","BaseMod","Block Reminder","Colored Powertips","Downfall","Marisa£®ÏF”Í°°ƒß¿Ì…≥£©","Minty Spire (QoL Compilation)","Permanent Neow","Potion Indicator Mod","Rare Cards Sparkle","StSLib","SuperFastMode"],"gold_per_floor":[99,112,112,132,34,62,85,101,116,133,148,148,148,167,179,179,179,179],"floor_reached":16,"playtime":909,"items_purged":[],"score":106,"play_id":"0c4cf421-a511-4782-a0c1-7e710ca5f76d","local_time":"20210102045914","is_ascension_mode":false,"campfire_choices":[{"data":"Slimebound:SelfFormingGoo","floor":1,"key":"SMITH"},{"data":"expansioncontent:DefensiveStance","floor":13,"key":"SMITH"}],"circlet_count":0,"master_deck":["Slimebound:Strike_Slimebound","Slimebound:Strike_Slimebound+1","Slimebound:Strike_Slimebound","Slimebound:Tackle+1","Slimebound:Defend_Slimebound","Slimebound:Defend_Slimebound+1","Slimebound:Defend_Slimebound","Slimebound:Defend_Slimebound","Slimebound:Split","Slimebound:CorrosiveSpit","Slimebound:Icky","Slimebound:SelfFormingGoo+1","Slimebound:LeadByExample","Regret","Slimebound:SplitLeeching","Slimebound:ProtectTheBoss","expansioncontent:DefensiveStance+1","Slimebound:FirmFortitude","Slimebound:GrowthPunch","Slimebound:SlimeBrawl","Slimebound:GoopSpray","Slimebound:MassFeed","Regret","Slimebound:PressTheAttack","Slimebound:SlimeSpikes"],"relics":["Slimebound:AbsorbEndCombat","Orichalcum","Smiling Mask","Pen Nib"],"acts_visited":["Exordium"],"potions_floor_usage":[14,16],"damage_taken":[{"damage":16,"enemies":"2 Louse","floor":2,"turns":3},{"damage":12,"enemies":"Jaw Worm","floor":4,"turns":4},{"damage":10,"enemies":"downfall:FleeingMerchant","floor":5,"turns":4},{"damage":15,"enemies":"Lagavulin","floor":6,"turns":8},{"damage":4,"enemies":"Cultist","floor":8,"turns":5},{"damage":17,"enemies":"Blue Slaver","floor":9,"turns":5},{"damage":13,"enemies":"Large Slime","floor":10,"turns":7},{"damage":11,"enemies":"3 Louse","floor":11,"turns":4},{"damage":21,"enemies":"Lots of Slimes","floor":14,"turns":4},{"damage":13,"enemies":"Red Slaver","floor":15,"turns":5},{"damage":47,"enemies":"downfall:Ironclad","floor":16,"turns":9}],"seed_played":"8132884442879809549","potions_obtained":[{"floor":6,"key":"SteroidPotion"},{"floor":8,"key":"champ:CounterPotion"},{"floor":9,"key":"SmokeBomb"}],"is_trial":false,"path_per_floor":["R","M","?","M","$","E","T","M","M","M","M","?","R","M","M","B"],"character_chosen":"SLIMEBOUND","items_purchased":["expansioncontent:DefensiveStance"],"campfire_rested":0,"item_purchase_floors":[5],"current_hp_per_floor":[60,50,50,44,42,41,41,41,34,29,26,26,26,17,14,0,0,0],"gold":179,"neow_bonus":"THREE_RARE_CARDS","is_daily":false,"chose_seed":false,"campfire_upgraded":2,"win_rate":0.0,"timestamp":1609534754,"path_taken":["R","M","?","M","$","E","T","M","M","M","M","?","R","M","M","BOSS"],"items_purchased_type":["Card"],"build_version":"2020-12-22","purchased_purges":0,"victory":false,"max_hp_per_floor":[60,60,60,60,60,60,60,60,60,60,60,60,60,66,66,66,66,66],"card_choices":[{"not_picked":["Slimebound:SlimeSlap","Slimebound:DuplicatedForm"],"picked":"Slimebound:SelfFormingGoo","floor":0},{"not_picked":["Slimebound:SlimeSpikes","Slimebound:ForwardTackle"],"picked":"Slimebound:LeadByExample","floor":2},{"not_picked":["Slimebound:PressTheAttack","Slimebound:LeechEnergy"],"picked":"Slimebound:SplitLeeching","floor":4},{"not_picked":["Slimebound:SplitMire","Slimebound:OozeBath"],"picked":"Slimebound:ProtectTheBoss","floor":5},{"not_picked":["Slimebound:SplitAcid","Slimebound:GoopTackle"],"picked":"Slimebound:FirmFortitude","floor":6},{"not_picked":["Slimebound:Schlurp","Slimebound:FinishingTackle"],"picked":"Slimebound:GrowthPunch","floor":8},{"not_picked":["Slimebound:FinishingTackle","Slimebound:Schlurp"],"picked":"Slimebound:SlimeBrawl","floor":9},{"not_picked":["Slimebound:ViciousTackle","Slimebound:ForwardTackle"],"picked":"Slimebound:GoopSpray","floor":10},{"not_picked":["Slimebound:SplitBruiser","Slimebound:LeechingTouch"],"picked":"Slimebound:MassFeed","floor":11},{"not_picked":["Slimebound:LeechEnergy","Slimebound:GrowthPunch"],"picked":"Slimebound:PressTheAttack","floor":14},{"not_picked":["Slimebound:TongueLash","Slimebound:Nibble"],"picked":"Slimebound:SlimeSpikes","floor":15}],"player_experience":16744,"relics_obtained":[{"floor":6,"key":"Orichalcum"},{"floor":7,"key":"Smiling Mask"}],"event_choices":[{"damage_healed":0,"gold_gain":0,"player_choice":"Box","damage_taken":0,"relics_obtained":["Pen Nib"],"max_hp_gain":0,"max_hp_loss":0,"event_name":"Big Fish","floor":12,"gold_loss":0,"cards_obtained":["Regret"]}],"is_beta":false,"boss_relics":[],"items_purged_floors":[],"is_endless":false,"potions_floor_spawned":[6,8,9,11],"killed_by":"downfall:Ironclad","ascension_level":0}}