{"host":"0cm5wy4nhuju7tij","time":1609470423,"event":{"mods":["2.2 Compatiblity","AchievementEnabler","Arknights The Spire","Aspiration","BaseMod","Better Third Choice","BetterRewards","CCEM","CapriCore","Colored Powertips","Custom Start","Displayed Cursed Tome","Downfall","Energized Spire","Evolution","Filter the Spire","Fireblade Mod","Highlight Path","Jess\u0027s Bottle","Minty Spire (QoL Compilation)","Permanent Neow","Relic Stats","Shop Mod","Spicy Shops","StSLib","The Servant 0.9.4"],"gold_per_floor":[118,9,28,28,28,28,61,61,61,61,78,78,97,115,115,212,212,231,243,243,263,178,178,198,198,198,233,233,247,28,28,28,133,133,153,173,173,185,203,203,203,203],"floor_reached":41,"playtime":2718,"items_purged":["Shame"],"score":413,"play_id":"b7394c67-21e8-41aa-8ba0-7e471b466c35","local_time":"20201231220703","is_ascension_mode":false,"campfire_choices":[{"data":"ats:Poison Spread","floor":6,"key":"SMITH"},{"data":"ats:Flexible Camouflage","floor":10,"key":"SMITH"},{"data":"ats:Part Time Job","floor":12,"key":"SMITH"},{"data":"ats:Explosion Area Strengthen","floor":15,"key":"SMITH"},{"data":"ats:Flexible Camouflage","floor":23,"key":"SMITH"},{"data":"ats:Disruption Kick","floor":25,"key":"SMITH"},{"floor":32,"key":"REST"},{"data":"ats:Rapid Magazine","floor":40,"key":"SMITH"}],"circlet_count":0,"master_deck":["ats:Strike C","ats:Strike S","ats:Armor Crushing Shot","ats:Defend","ats:Defend","ats:Defend","ats:Defend","ats:Emotion Absorption","ats:Flexible Camouflage+1","ats:Poison Spread+1","ats:Consecutive Shot Auto","ats:Thorns+1","ats:Part Time Job+1","ats:Explosion Area Strengthen+1","ats:Powerful Strike","ats:Disruption Kick+1","ats:Explosion Area Strengthen+1","ats:Ignite+1","ats:True Silver Slash","ats:Flexible Camouflage+1","ats:Revitalization","ats:Curse Doll","ats:Leaping Hammer","ats:Apocalypse","ats:Neurotoxin","ats:Shadow Assault","ats:Calcification+1","ats:Flexible Camouflage+1","ats:Rapid Magazine+1","ats:Hammer On+1","ats:Shell Defense+1"],"relics":["ats:Sanity","EVO:Axolotl","FossilizedHelix","ats:Originium","Ornamental Fan","CCEMRelics:TechnogenicHelmet","ats:Omniscience","CCEMRelics:Francisca","Darkstone Periapt","Omamori","aspiration:AnachronicSnailShell","Toxic Egg 2","aspiration:RitualDagger"],"acts_visited":["Exordium","TheCity","TheBeyond"],"potions_floor_usage":[16,27,33,33,38],"damage_taken":[{"damage":0,"enemies":"Cultist","floor":1,"turns":3},{"damage":0,"enemies":"Small Slimes","floor":3,"turns":3},{"damage":14,"enemies":"Gremlin Nob","floor":7,"turns":4},{"damage":0,"enemies":"2 Louse","floor":11,"turns":2},{"damage":0,"enemies":"Blue Slaver","floor":13,"turns":2},{"damage":0,"enemies":"Looter","floor":14,"turns":2},{"damage":18,"enemies":"Slime Boss","floor":16,"turns":8},{"damage":10,"enemies":"2 Thieves","floor":18,"turns":4},{"damage":0,"enemies":"Spheric Guardian","floor":19,"turns":3},{"damage":0,"enemies":"Snecko","floor":21,"turns":4},{"damage":0,"enemies":"Centurion and Healer","floor":24,"turns":7},{"damage":38,"enemies":"Book of Stabbing","floor":27,"turns":4},{"damage":14,"enemies":"Cultist and Chosen","floor":29,"turns":5},{"damage":89,"enemies":"Champ","floor":33,"turns":16},{"damage":44,"enemies":"3 Shapes","floor":35,"turns":5},{"damage":27,"enemies":"Orb Walker","floor":36,"turns":5},{"damage":83,"enemies":"Writhing Mass","floor":38,"turns":8},{"damage":0,"enemies":"Jaw Worm Horde","floor":39,"turns":2},{"damage":137,"enemies":"Reptomancer","floor":41,"turns":11}],"seed_played":"7173083537610782399","potions_obtained":[{"floor":3,"key":"LiquidMemories"},{"floor":11,"key":"AttackPotion"},{"floor":14,"key":"SmokeBomb"},{"floor":16,"key":"LiquidBronze"},{"floor":18,"key":"PowerPotion"},{"floor":33,"key":"DistilledChaos"},{"floor":38,"key":"DistilledChaos"},{"floor":39,"key":"Weak Potion"}],"is_trial":false,"path_per_floor":["M","$","M","?","$","R","E","?","T","R","M","R","M","M","R","B",null,"M","M","?","M","?","R","M","R","T","E","?","M","$","T","R","B",null,"M","M","?","M","M","R","E"],"character_chosen":"DOCTOR_CLASS","items_purchased":["ats:Poison Spread","ats:Neurotoxin","ats:Shadow Assault"],"campfire_rested":1,"item_purchase_floors":[2,30,30],"current_hp_per_floor":[72,72,72,72,72,72,58,58,58,58,58,58,58,60,60,52,72,62,64,64,64,64,64,72,72,72,38,38,31,31,31,52,17,72,33,12,12,43,60,60,0,0],"gold":203,"neow_bonus":"ONE_RARE_RELIC","is_daily":false,"chose_seed":false,"campfire_upgraded":7,"win_rate":0.0,"timestamp":1609470423,"path_taken":["M","$","M","?","?","R","E","?","T","R","M","R","M","?","R","BOSS","M","M","?","M","?","R","M","R","T","E","?","M","$","?","R","BOSS","M","M","?","M","M","R","E"],"items_purchased_type":["Card","Card","Card"],"build_version":"2020-12-22","purchased_purges":1,"victory":false,"max_hp_per_floor":[72,72,72,72,72,72,72,72,72,72,72,72,72,72,72,72,72,72,72,72,72,72,72,72,72,72,72,72,72,72,72,72,72,72,72,72,72,72,72,72,72,72],"relic_stats":{"Darkstone Periapt":0,"counters":[19,97],"Ornamental Fan":[56],"obtain_stats":[{"Darkstone Periapt":26,"Omamori":27,"EVO:Axolotl":0,"CCEMRelics:TechnogenicHelmet":9,"ats:Originium":7,"Ornamental Fan":7,"aspiration:AnachronicSnailShell":28,"CCEMRelics:Francisca":22,"ats:Sanity":0,"aspiration:RitualDagger":34,"ats:Omniscience":17,"Toxic Egg 2":31,"FossilizedHelix":0},{"Darkstone Periapt":11,"Omamori":12,"EVO:Axolotl":0,"CCEMRelics:TechnogenicHelmet":3,"ats:Originium":3,"Ornamental Fan":3,"aspiration:AnachronicSnailShell":12,"CCEMRelics:Francisca":10,"ats:Sanity":0,"aspiration:RitualDagger":14,"ats:Omniscience":7,"Toxic Egg 2":13,"FossilizedHelix":0},{"Darkstone Periapt":42,"Omamori":46,"EVO:Axolotl":0,"CCEMRelics:TechnogenicHelmet":10,"ats:Originium":10,"Ornamental Fan":10,"aspiration:AnachronicSnailShell":46,"CCEMRelics:Francisca":35,"ats:Sanity":0,"aspiration:RitualDagger":67,"ats:Omniscience":24,"Toxic Egg 2":51,"FossilizedHelix":0}]},"card_choices":[{"not_picked":["ats:Apocalypse","ats:Leaping Hammer"],"picked":"ats:Flexible Camouflage","floor":1},{"not_picked":["ats:Shell Defense","ats:Apocalypse"],"picked":"ats:Consecutive Shot Auto","floor":3},{"not_picked":["ats:Closed Bolt Burst Fire","ats:Poison Spread"],"picked":"ats:Thorns","floor":7},{"not_picked":["ats:Red Shift","ats:Burning Ground"],"picked":"ats:Part Time Job","floor":11},{"not_picked":["ats:Leaping Hammer","ats:Flexible Camouflage"],"picked":"ats:Explosion Area Strengthen","floor":13},{"not_picked":["ats:Disruption Kick","ats:Red Shift"],"picked":"ats:Powerful Strike","floor":14},{"not_picked":["ats:True Silver Slash","ats:Wolf Pack"],"picked":"ats:Disruption Kick","floor":16},{"not_picked":["ats:Assault Order","ats:Automatic Cover"],"picked":"ats:Explosion Area Strengthen+1","floor":18},{"not_picked":["ats:Explosion Area Strengthen","ats:Assault Order+1"],"picked":"ats:Ignite+1","floor":19},{"not_picked":["ats:Childhood Dance","ats:Collapsing Strike+1"],"picked":"ats:Revitalization","floor":21},{"not_picked":["ats:Spore Proliferation","ats:Support Order"],"picked":"ats:Curse Doll","floor":24},{"not_picked":["ats:Closed Bolt Burst Fire+1","ats:Poison Spread"],"picked":"ats:Leaping Hammer","floor":27},{"not_picked":["ats:Very Hot Blade","ats:Assault Order+1"],"picked":"ats:Apocalypse","floor":29},{"not_picked":["ats:Soul Rend","ats:Fractured Body+1"],"picked":"ats:Calcification+1","floor":33},{"not_picked":["ats:Curse Doll+1","ats:Very Hot Blade+1"],"picked":"ats:Flexible Camouflage+1","floor":35},{"not_picked":["ats:Explosion Area Strengthen","ats:Shell Defense+1"],"picked":"ats:Rapid Magazine","floor":36},{"not_picked":["ats:Flexible Camouflage+1","ats:Assault Order+1"],"picked":"ats:Hammer On+1","floor":38},{"not_picked":["ats:Revitalization+1","ats:Flexible Camouflage+1"],"picked":"ats:Shell Defense+1","floor":39}],"player_experience":224474,"relics_obtained":[{"floor":7,"key":"ats:Originium"},{"floor":7,"key":"Ornamental Fan"},{"floor":9,"key":"CCEMRelics:TechnogenicHelmet"},{"floor":26,"key":"Darkstone Periapt"},{"floor":27,"key":"ats:Originium"},{"floor":27,"key":"Omamori"},{"floor":31,"key":"Toxic Egg 2"}],"event_choices":[{"damage_healed":0,"gold_gain":0,"player_choice":"Ignored","damage_taken":0,"max_hp_gain":0,"max_hp_loss":0,"event_name":"NoteForYourself","floor":4,"gold_loss":0},{"damage_healed":0,"gold_gain":0,"player_choice":"Forge","damage_taken":0,"max_hp_gain":0,"max_hp_loss":0,"event_name":"Accursed Blacksmith","floor":8,"gold_loss":0,"cards_upgraded":["ats:Thorns"]},{"damage_healed":0,"gold_gain":0,"cards_transformed":["ats:Strike G","ats:Strike V"],"player_choice":"Became Test Subject","damage_taken":0,"max_hp_gain":0,"max_hp_loss":0,"event_name":"Drug Dealer","floor":20,"gold_loss":0,"cards_obtained":["ats:True Silver Slash","ats:Flexible Camouflage"]},{"damage_healed":0,"gold_gain":0,"player_choice":"Obtained Relic","damage_taken":0,"relics_obtained":["CCEMRelics:Francisca"],"max_hp_gain":0,"max_hp_loss":0,"event_name":"Addict","floor":22,"gold_loss":85},{"damage_healed":0,"gold_gain":0,"player_choice":"Opened","damage_taken":0,"relics_obtained":["aspiration:AnachronicSnailShell"],"max_hp_gain":0,"max_hp_loss":0,"event_name":"The Mausoleum","floor":28,"gold_loss":0,"cards_obtained":["Writhe"]},{"damage_healed":0,"gold_gain":0,"player_choice":"Ignored","damage_taken":0,"max_hp_gain":0,"max_hp_loss":0,"event_name":"Tomb of Lord Red Mask","floor":37,"gold_loss":0}],"is_beta":false,"boss_relics":[{"not_picked":["jessBottle:WaterBottleRelic","Cursed Key"],"picked":"ats:Omniscience"},{"not_picked":["Snecko Eye","Coffee Dripper"],"picked":"aspiration:RitualDagger"}],"items_purged_floors":[2],"is_endless":false,"potions_floor_spawned":[3,11,14,16,18,19,33,38,39],"killed_by":"Reptomancer","ascension_level":0}}