{"host":"i8jghf4o7lwzr9fo","time":1609516008,"event":{"mods":["BaseMod","Minty Spire (QoL Compilation)"],"gold_per_floor":[109,120,135,148,148,148,177,197,250,269,269,269],"floor_reached":11,"playtime":893,"items_purged":[],"score":77,"play_id":"a8308808-f589-453f-88c7-43892b85deb0","local_time":"20210101154648","is_ascension_mode":false,"campfire_choices":[{"data":"White Noise","floor":6,"key":"SMITH"}],"circlet_count":0,"master_deck":["Strike_B","Strike_B","Strike_B","Defend_B","Defend_B","Defend_B","Defend_B","Zap","Dualcast","Go for the Eyes","Conserve Battery","Ball Lightning","White Noise+1","Redo","Hologram","BootSequence","Static Discharge"],"relics":["Cracked Core","Bag of Marbles","Pen Nib"],"acts_visited":["Exordium"],"potions_floor_usage":[7,11,11],"damage_taken":[{"damage":8,"enemies":"2 Louse","floor":1,"turns":3},{"damage":5,"enemies":"Small Slimes","floor":2,"turns":4},{"damage":2,"enemies":"Jaw Worm","floor":3,"turns":3},{"damage":8,"enemies":"3 Louse","floor":4,"turns":3},{"damage":19,"enemies":"3 Sentries","floor":7,"turns":7},{"damage":0,"enemies":"Blue Slaver","floor":8,"turns":4},{"damage":0,"enemies":"2 Fungi Beasts","floor":10,"turns":3},{"damage":28,"enemies":"Gremlin Nob","floor":11,"turns":3}],"seed_played":"6526560987670538731","potions_obtained":[{"floor":2,"key":"LiquidMemories"},{"floor":3,"key":"LiquidMemories"},{"floor":8,"key":"Explosive Potion"}],"is_trial":false,"path_per_floor":["M","M","M","M","?","R","E","M","T","M","E"],"character_chosen":"DEFECT","items_purchased":[],"campfire_rested":0,"item_purchase_floors":[],"current_hp_per_floor":[67,62,60,52,45,45,26,26,26,26,0,0],"gold":269,"neow_bonus":"THREE_CARDS","is_daily":false,"chose_seed":false,"campfire_upgraded":1,"win_rate":0.0,"timestamp":1609516008,"path_taken":["M","M","M","M","?","R","E","M","T","M","E"],"items_purchased_type":[],"build_version":"2020-12-22","purchased_purges":0,"victory":false,"max_hp_per_floor":[75,75,75,75,75,75,75,75,75,75,75,75],"card_choices":[{"not_picked":["Streamline","Redo"],"picked":"Go for the Eyes","floor":0},{"not_picked":["Stack","Streamline"],"picked":"Conserve Battery","floor":1},{"not_picked":["Go for the Eyes","Barrage"],"picked":"Ball Lightning","floor":2},{"not_picked":["Go for the Eyes","Buffer"],"picked":"White Noise","floor":3},{"not_picked":["Reinforced Body","Steam"],"picked":"Redo","floor":4},{"not_picked":["Compile Driver","Reprogram"],"picked":"Hologram","floor":7},{"not_picked":["Gash","Streamline"],"picked":"BootSequence","floor":8},{"not_picked":["Tempest","Leap"],"picked":"Static Discharge","floor":10}],"player_experience":23673,"relics_obtained":[{"floor":7,"key":"Bag of Marbles"},{"floor":9,"key":"Pen Nib"}],"event_choices":[{"cards_removed":["Strike_B"],"damage_healed":0,"gold_gain":0,"player_choice":"Card Removal","damage_taken":7,"max_hp_gain":0,"max_hp_loss":0,"event_name":"Golden Wing","floor":5,"gold_loss":0}],"is_beta":false,"boss_relics":[],"items_purged_floors":[],"is_endless":false,"potions_floor_spawned":[2,3,8],"killed_by":"Gremlin Nob","ascension_level":0}}