{"host":"9n6i2vl93jt4o42q","time":1609524650,"event":{"mods":["BaseMod","Minty Spire (QoL Compilation)","Relic Stats"],"gold_per_floor":[114,63,5,5,19,52,52,84,84,99,99,110,110,110,110,187,187,203,203,215,25,25,25,25,57,108,23,53,68,68,93,93,171,171,181,199,30,0,0,29,29,42,42,42,94,119,129,129,129,129,129],"floor_reached":50,"playtime":5118,"items_purged":["Strike_R"],"score":1121,"play_id":"3c4bb19b-cddb-43e0-94b2-53d90779283f","local_time":"20210101191050","is_ascension_mode":true,"campfire_choices":[{"data":"Armaments","floor":7.0,"key":"SMITH"},{"data":"True Grit","floor":13.0,"key":"SMITH"},{"data":"Juggernaut","floor":15.0,"key":"SMITH"},{"data":"Immolate","floor":23.0,"key":"SMITH"},{"data":"Fire Breathing","floor":32.0,"key":"SMITH"},{"floor":41.0,"key":"REST"},{"floor":44.0,"key":"RECALL"},{"floor":49.0,"key":"DIG"}],"circlet_count":0,"master_deck":["AscendersBane","Strike_R","Defend_R+1","Defend_R+1","Defend_R","Defend_R","Bash","Juggernaut+1","Armaments+1","True Grit+1","Flex","Headbutt","Anger","Rage+1","Battle Trance+1","Immolate+1","Power Through+1","True Grit+1","Warcry+1","Decay","Bloodletting+1","Fire Breathing+1","Brutality","Double Tap+1","Battle Trance+1","Offering+1","Shrug It Off+1","Shrug It Off+1"],"relics":["Burning Blood","Ice Cream","Thread and Needle","Gremlin Horn","Toxic Egg 2","Ginger","Pantograph","Busted Crown","Torii","War Paint","Anchor","PreservedInsect","Oddly Smooth Stone","Mark of Pain","DollysMirror","Red Mask","Bottled Flame","Shovel","CaptainsWheel","Eternal Feather"],"acts_visited":["Exordium","TheCity","TheBeyond"],"potions_floor_usage":[],"damage_taken":[{"damage":9.0,"enemies":"Jaw Worm","floor":1.0,"turns":4.0},{"damage":0.0,"enemies":"Cultist","floor":5.0,"turns":4.0},{"damage":28.0,"enemies":"3 Sentries","floor":6.0,"turns":9.0},{"damage":15.0,"enemies":"Lagavulin","floor":8.0,"turns":6.0},{"damage":0.0,"enemies":"Small Slimes","floor":10.0,"turns":4.0},{"damage":3.0,"enemies":"Exordium Wildlife","floor":12.0,"turns":5.0},{"damage":18.0,"enemies":"The Guardian","floor":16.0,"turns":8.0},{"damage":20.0,"enemies":"Shell Parasite","floor":18.0,"turns":4.0},{"damage":3.0,"enemies":"3 Byrds","floor":20.0,"turns":3.0},{"damage":13.0,"enemies":"Slavers","floor":25.0,"turns":4.0},{"damage":33.0,"enemies":"Gremlin Leader","floor":28.0,"turns":6.0},{"damage":0.0,"enemies":"Centurion and Healer","floor":29.0,"turns":3.0},{"damage":4.0,"enemies":"Collector","floor":33.0,"turns":6.0},{"damage":3.0,"enemies":"Orb Walker","floor":35.0,"turns":1.0},{"damage":32.0,"enemies":"3 Shapes","floor":36.0,"turns":5.0},{"damage":27.0,"enemies":"Nemesis","floor":40.0,"turns":7.0},{"damage":20.0,"enemies":"Spire Growth","floor":42.0,"turns":3.0},{"damage":9.0,"enemies":"2 Orb Walkers","floor":45.0,"turns":4.0},{"damage":10.0,"enemies":"Mind Bloom Boss Battle","floor":46.0,"turns":8.0},{"damage":8.0,"enemies":"Writhing Mass","floor":47.0,"turns":5.0},{"damage":75,"enemies":"Time Eater","floor":50,"turns":5}],"seed_played":"-8240712382525092943","potions_obtained":[{"floor":5.0,"key":"LiquidMemories"},{"floor":6.0,"key":"Ancient Potion"},{"floor":16.0,"key":"Energy Potion"},{"floor":28.0,"key":"PowerPotion"},{"floor":33.0,"key":"Weak Potion"},{"floor":36.0,"key":"AttackPotion"},{"floor":40.0,"key":"Strength Potion"},{"floor":47.0,"key":"Explosive Potion"}],"is_trial":false,"path_per_floor":["M","?","$","?","M","E","R","E","T","M","T","M","R","?","R","B",null,"M","?","M","$","?","R","?","E","T","?","E","M","?","T","R","B",null,"M","M","$","?","?","E","R","M","T","R","?","?","M","?","R","B"],"character_chosen":"IRONCLAD","items_purchased":["True Grit","True Grit+1","Warcry+1","DollysMirror"],"campfire_rested":1,"item_purchase_floors":[3,21,21,37],"current_hp_per_floor":[65,65,65,39,45,23,23,14,14,20,20,23,23,23,23,36,65,51,51,54,54,54,54,54,47,47,47,20,26,26,26,26,53,70,73,47,47,47,47,26,48,34,34,34,31,52,50,50,50,0,0],"gold":129,"neow_bonus":"ONE_RANDOM_RARE_CARD","is_daily":false,"chose_seed":false,"campfire_upgraded":5,"win_rate":0.0,"timestamp":1609524650,"path_taken":["M","?","?","?","M","E","R","E","T","?","?","M","R","?","R","BOSS","M","?","M","$","?","R","?","E","T","?","E","M","?","?","R","BOSS","M","M","$","?","?","E","R","?","T","R","?","?","?","?","R","BOSS"],"items_purchased_type":["Card","Card","Card","Relic"],"build_version":"2020-12-22","purchased_purges":1,"victory":false,"max_hp_per_floor":[75,75,75,75,75,75,75,75,75,75,75,75,75,75,75,75,75,75,75,75,75,75,75,75,75,75,75,75,75,75,75,75,75,75,75,75,75,75,75,75,75,75,75,75,75,75,75,71,71,71,71],"relic_stats":{"Busted Crown":26,"Shovel":1,"Gremlin Horn":[12,16],"Torii":21,"counters":[21,104],"Pantograph":96,"Eternal Feather":0,"PreservedInsect":50,"Ginger":[8],"War Paint":["Defend_R","Defend_R"],"obtain_stats":[{"Ice Cream":2,"Gremlin Horn":6,"Torii":25,"Oddly Smooth Stone":31,"Thread and Needle":4,"Eternal Feather":49,"PreservedInsect":28,"Ginger":9,"War Paint":26,"Burning Blood":0,"Anchor":27,"Bottled Flame":40,"CaptainsWheel":46,"Busted Crown":17,"Shovel":45,"DollysMirror":37,"Pantograph":11,"Mark of Pain":34,"Red Mask":38,"Toxic Egg 2":8},{"Ice Cream":1,"Gremlin Horn":3,"Torii":10,"Oddly Smooth Stone":12,"Thread and Needle":1,"Eternal Feather":20,"PreservedInsect":11,"Ginger":4,"War Paint":10,"Burning Blood":0,"Anchor":10,"Bottled Flame":16,"CaptainsWheel":19,"Busted Crown":7,"Shovel":18,"DollysMirror":15,"Pantograph":5,"Mark of Pain":13,"Red Mask":15,"Toxic Egg 2":4},{"Ice Cream":4,"Gremlin Horn":17,"Torii":51,"Oddly Smooth Stone":60,"Thread and Needle":4,"Eternal Feather":99,"PreservedInsect":57,"Ginger":23,"War Paint":51,"Burning Blood":0,"Anchor":51,"Bottled Flame":79,"CaptainsWheel":94,"Busted Crown":40,"Shovel":86,"DollysMirror":72,"Pantograph":27,"Mark of Pain":66,"Red Mask":72,"Toxic Egg 2":23}],"Burning Blood":120},"card_choices":[{"not_picked":["Clash","Pommel Strike"],"picked":"Armaments","floor":1.0},{"not_picked":["Clash","Wild Strike"],"picked":"Flex","floor":5.0},{"not_picked":["Entrench","Sword Boomerang"],"picked":"Headbutt","floor":6.0},{"not_picked":["Combust","Corruption"],"picked":"Anger","floor":8.0},{"not_picked":["Pummel","Sever Soul"],"picked":"Rage+1","floor":10.0},{"not_picked":["Dark Embrace","Rampage"],"picked":"Battle Trance+1","floor":12.0},{"not_picked":["Impervious+1","Reaper"],"picked":"Immolate","floor":16.0},{"not_picked":["Reckless Charge"],"picked":"SKIP","floor":18.0},{"not_picked":["Cleave"],"picked":"SKIP","floor":20.0},{"not_picked":["Thunderclap"],"picked":"SKIP","floor":25.0},{"not_picked":[],"picked":"Bloodletting+1","floor":28.0},{"not_picked":["Anger"],"picked":"SKIP","floor":29.0},{"not_picked":[],"picked":"Double Tap+1","floor":33.0},{"not_picked":["Anger"],"picked":"SKIP","floor":35.0},{"not_picked":["Bloodletting+1"],"picked":"SKIP","floor":36.0},{"not_picked":[],"picked":"Shrug It Off+1","floor":40.0},{"not_picked":["Cleave+1"],"picked":"SKIP","floor":42.0},{"not_picked":[],"picked":"Shrug It Off+1","floor":45.0},{"not_picked":["Heavy Blade"],"picked":"SKIP","floor":47.0}],"player_experience":2023919,"relics_obtained":[{"floor":6.0,"key":"Gremlin Horn"},{"floor":8.0,"key":"Toxic Egg 2"},{"floor":9.0,"key":"Ginger"},{"floor":11.0,"key":"Pantograph"},{"floor":25.0,"key":"Torii"},{"floor":26.0,"key":"War Paint"},{"floor":28.0,"key":"PreservedInsect"},{"floor":31.0,"key":"Oddly Smooth Stone"},{"floor":40.0,"key":"Bottled Flame"},{"floor":45.0,"key":"Shovel"},{"floor":46.0,"key":"CaptainsWheel"},{"floor":49.0,"key":"Eternal Feather"}],"event_choices":[{"damage_healed":0.0,"max_hp_gain":0.0,"max_hp_loss":0.0,"gold_gain":0.0,"event_name":"WeMeetAgain","player_choice":"Paid Gold","floor":2.0,"gold_loss":51.0,"damage_taken":0.0,"relics_obtained":["Ice Cream"]},{"damage_healed":0.0,"max_hp_gain":0.0,"max_hp_loss":0.0,"gold_gain":0.0,"event_name":"Scrap Ooze","player_choice":"Success","floor":4.0,"gold_loss":0.0,"damage_taken":26.0,"relics_obtained":["Thread and Needle"]},{"cards_removed":["Strike_R"],"damage_healed":0.0,"max_hp_gain":0.0,"max_hp_loss":0.0,"gold_gain":0.0,"event_name":"Purifier","player_choice":"Purged","floor":14.0,"gold_loss":0.0,"damage_taken":0.0},{"damage_healed":0.0,"max_hp_gain":0.0,"max_hp_loss":0.0,"gold_gain":0.0,"event_name":"The Library","player_choice":"Read","floor":19.0,"gold_loss":0.0,"damage_taken":0.0,"cards_obtained":["Power Through"]},{"damage_healed":0.0,"max_hp_gain":0.0,"max_hp_loss":0.0,"gold_gain":0.0,"event_name":"Forgotten Altar","player_choice":"Smashed Altar","floor":22.0,"gold_loss":0.0,"damage_taken":0.0,"cards_obtained":["Decay"]},{"damage_healed":0.0,"max_hp_gain":0.0,"max_hp_loss":0.0,"gold_gain":0.0,"event_name":"The Mausoleum","player_choice":"Ignored","floor":24.0,"gold_loss":0.0,"damage_taken":0.0},{"damage_healed":0.0,"max_hp_gain":0.0,"max_hp_loss":0.0,"gold_gain":0.0,"event_name":"Addict","player_choice":"Obtained Relic","floor":27.0,"gold_loss":85.0,"damage_taken":0.0,"relics_obtained":["Anchor"]},{"damage_healed":0.0,"max_hp_gain":0.0,"max_hp_loss":0.0,"gold_gain":0.0,"cards_transformed":["Strike_R","Strike_R"],"event_name":"Drug Dealer","player_choice":"Became Test Subject","floor":30.0,"gold_loss":0.0,"damage_taken":0.0,"cards_obtained":["Fire Breathing","Brutality"]},{"damage_healed":0.0,"max_hp_gain":0.0,"max_hp_loss":0.0,"gold_gain":0.0,"event_name":"Tomb of Lord Red Mask","player_choice":"Paid","floor":38.0,"gold_loss":30.0,"damage_taken":0.0,"relics_obtained":["Red Mask"]},{"damage_healed":0.0,"max_hp_gain":0.0,"max_hp_loss":0.0,"gold_gain":0.0,"event_name":"Match and Keep!","player_choice":"1 cards matched","floor":39.0,"gold_loss":0.0,"damage_taken":0.0,"cards_obtained":["Offering"]},{"damage_healed":0.0,"max_hp_gain":0.0,"max_hp_loss":0.0,"gold_gain":0.0,"event_name":"Mysterious Sphere","player_choice":"Fight","floor":45.0,"gold_loss":0.0,"damage_taken":0.0},{"damage_healed":0.0,"max_hp_gain":0.0,"max_hp_loss":0.0,"gold_gain":0.0,"event_name":"MindBloom","player_choice":"Fight","floor":46.0,"gold_loss":0.0,"damage_taken":0.0},{"damage_healed":0.0,"max_hp_gain":0.0,"max_hp_loss":4.0,"gold_gain":0.0,"event_name":"Winding Halls","player_choice":"Max HP","floor":48.0,"gold_loss":0.0,"damage_taken":0.0}],"is_beta":false,"boss_relics":[{"not_picked":["Runic Pyramid","Tiny House"],"picked":"Busted Crown"},{"not_picked":["Runic Cube","Cursed Key"],"picked":"Mark of Pain"}],"items_purged_floors":[21],"is_endless":false,"potions_floor_spawned":[5,6,16,28,33,36,40,47],"killed_by":"Time Eater","ascension_level":19}}