{"host":"p08oqmr389b4tgxi","time":1609491733,"event":{"mods":["Act Like it!","Arknights The Spire","BaseMod","Colored Powertips","Friendly Minions","Gensokyo","Hermit","Minty Spire (QoL Compilation)","Pale of the Ancients","Relic Stats","StSLib","The Alterego","The Marked","UnlockEverythingMod","Yakumo Yukari mod"],"gold_per_floor":[112,127,138,149,149,149,159,159,183,183,197,197,207,218,218,218,218],"floor_reached":16,"playtime":764,"items_purged":[],"score":96,"play_id":"178ce990-e20f-4bce-b77a-20d16f3e286e","local_time":"20210101170213","is_ascension_mode":false,"campfire_choices":[{"data":"ats:Support Order","floor":6,"key":"SMITH"},{"data":"ats:Emotion Absorption","floor":8,"key":"SMITH"},{"data":"ats:Calcification","floor":12,"key":"SMITH"},{"floor":15,"key":"REST"}],"circlet_count":0,"master_deck":["ats:Strike C","ats:Strike S","ats:Strike V","ats:Armor Crushing Shot+1","ats:Defend","ats:Defend","ats:Defend","ats:Emotion Absorption+1","ats:Song Of Battle","ats:Support Order+1","ats:Guardian Obelisk","ats:Hammer On","ats:Sword Rain","ats:Calcification+1","ats:Part Time Job"],"relics":["ats:Sanity","Tiny Chest"],"acts_visited":["Exordium"],"potions_floor_usage":[4,16,16],"damage_taken":[{"damage":7.0,"enemies":"Small Slimes","floor":1.0,"turns":5.0},{"damage":6.0,"enemies":"Cultist","floor":2.0,"turns":4.0},{"damage":2,"enemies":"2 Louse","floor":3,"turns":4},{"damage":16,"enemies":"Gremlin Gang","floor":4,"turns":6},{"damage":15,"enemies":"2 Fungi Beasts","floor":7,"turns":5},{"damage":18,"enemies":"Large Slime","floor":11,"turns":9},{"damage":4,"enemies":"Exordium Thugs","floor":13,"turns":4},{"damage":4,"enemies":"Looter","floor":14,"turns":3},{"damage":38,"enemies":"Hexaghost","floor":16,"turns":10}],"seed_played":"8590814783461866526","potions_obtained":[{"floor":1.0,"key":"Strength Potion"},{"floor":3,"key":"Weak Potion"},{"floor":4,"key":"Fruit Juice"},{"floor":13,"key":"FearPotion"}],"is_trial":false,"path_per_floor":["M","M","M","M","?","R","M","R","T","?","M","R","M","M","R","B"],"character_chosen":"DOCTOR_CLASS","items_purchased":[],"campfire_rested":1,"item_purchase_floors":[],"current_hp_per_floor":[58,52,50,39,39,39,26,26,26,26,11,11,8,5,26,0,0],"gold":218,"neow_bonus":"TRANSFORM_TWO_CARDS","is_daily":false,"chose_seed":false,"campfire_upgraded":3,"win_rate":0.0,"timestamp":1609491733,"path_taken":["M","M","M","M","?","R","?","R","T","?","M","R","?","M","R","BOSS"],"items_purchased_type":[],"build_version":"2020-12-22","purchased_purges":0,"victory":false,"max_hp_per_floor":[65,65,65,70,70,70,70,70,70,70,70,70,70,70,70,70,70],"relic_stats":{"counters":[9,50],"Tiny Chest":0,"obtain_stats":[{"Tiny Chest":9,"ats:Sanity":0},{"Tiny Chest":5,"ats:Sanity":0},{"Tiny Chest":24,"ats:Sanity":0}]},"card_choices":[{"not_picked":["ats:Assault Order","ats:Rapid Magazine","ats:Childhood Dance"],"picked":"SKIP","floor":1.0},{"not_picked":["ats:Assault Order","ats:LN2 Cannon"],"picked":"ats:Guardian Obelisk","floor":2.0},{"not_picked":["ats:Collapsing Strike","ats:Overload"],"picked":"ats:Hammer On","floor":3},{"not_picked":["ats:Neurotoxin","ats:Flexible Camouflage"],"picked":"ats:Sword Rain","floor":4},{"not_picked":["ats:Thermite Blade","ats:Leaping Hammer","ats:Childhood Dance"],"picked":"SKIP","floor":7},{"not_picked":["ats:Explosion Area Strengthen","ats:Shell Defense","ats:Red Shift"],"picked":"SKIP","floor":11},{"not_picked":["ats:Leaping Hammer","ats:Ignite","ats:Cat Scratch"],"picked":"SKIP","floor":13},{"not_picked":["ats:Curse Doll","ats:Neurotoxin"],"picked":"ats:Part Time Job","floor":14}],"player_experience":4768,"relics_obtained":[{"floor":9,"key":"Tiny Chest"}],"event_choices":[{"damage_healed":0,"gold_gain":0,"player_choice":"1 cards matched","damage_taken":0,"max_hp_gain":0,"max_hp_loss":0,"event_name":"Match and Keep!","floor":5,"gold_loss":0,"cards_obtained":["ats:Calcification"]},{"damage_healed":0,"gold_gain":0,"player_choice":"Forge","damage_taken":0,"max_hp_gain":0,"max_hp_loss":0,"event_name":"Accursed Blacksmith","floor":10,"gold_loss":0,"cards_upgraded":["ats:Armor Crushing Shot"]}],"is_beta":false,"boss_relics":[],"items_purged_floors":[],"is_endless":false,"potions_floor_spawned":[1,3,4,13],"killed_by":"Hexaghost","ascension_level":0}}