{"host":"wy23tj84iquxuyyu","time":1609480795,"event":{"mods":["Aspiration","BaseMod","Better Note","Colored Map","Fireblade Mod","Hermit","Marked Mod","Minty Spire (QoL Compilation)","Random Character Button","Rare Cards Sparkle","Relic Stats","Replay The Spire","Retaliation","Spicy Shops","StSLib","The Cursed","The Death Knight","The Necromancer","Trackpad"],"gold_per_floor":[115,115,130,143,143,143,143,143,167,167,185,30,73,13,13,143,143,163,179,198,66,75,93,102,129,203,224,224,224,224,149,149,149,149,278,341,366,196,211,211,211,253,253,253,253],"floor_reached":44,"playtime":11921,"items_purged":["TheCursedMod:Dregs"],"score":609,"play_id":"f420aca1-4bdc-49b8-9966-669e6a5de915","local_time":"20210101005955","is_ascension_mode":false,"campfire_choices":[{"data":"TheCursedMod:OutForBlood","floor":6,"key":"SMITH"},{"data":"Madness","floor":8,"key":"SMITH"},{"data":"TheCursedMod:Stigma","floor":10,"key":"SMITH"},{"floor":15,"key":"REST"},{"floor":24,"key":"REST"},{"floor":32,"key":"REST"},{"floor":34,"key":"REST"}],"circlet_count":0,"master_deck":["TheCursedMod:Strike_TheCursed","TheCursedMod:Strike_TheCursed","TheCursedMod:Strike_TheCursed","TheCursedMod:Strike_TheCursed+1","TheCursedMod:Defend_TheCursed","TheCursedMod:Defend_TheCursed+1","TheCursedMod:Defend_TheCursed+1","TheCursedMod:CursedWand","TheCursedMod:CleanUpWorkshop","TheCursedMod:OutForBlood+1","Madness+1","TheCursedMod:Stigma+1","TheCursedMod:Hemoplague+1","CurseOfTheBell","TheCursedMod:Torture+1","Specialist","TheCursedMod:CircleOfFlame","TheCursedMod:Torture+1","TheCursedMod:Hemoplague+1","TheCursedMod:NeowsMight","TheCursedMod:Stigma+1","TheCursedMod:Stigma","TheCursedMod:SaltUponWound"],"relics":["TheCursedMod:BlackMagic101","Golden Idol","aspiration:ChemicalBlood","Dream Catcher","Gremlin Food","Incense Burner","Pet Ghost","Iron Hammer","Replay:Arrowhead","CeramicFish","Onion Ring","Nloth\u0027s Gift","Tiny House","Art of War","Replay:Baseball"],"acts_visited":["Exordium","TheCity","TheBeyond"],"potions_floor_usage":[13,16,16,19,27,35,35,37,39,42,44,44,44],"damage_taken":[{"damage":1,"enemies":"Jaw Worm","floor":1,"turns":6},{"damage":0,"enemies":"Cultist","floor":3,"turns":4},{"damage":0,"enemies":"Small Slimes","floor":4,"turns":4},{"damage":12,"enemies":"2 Fungi Beasts","floor":11,"turns":4},{"damage":19,"enemies":"Gremlin Nob","floor":13,"turns":4},{"damage":34,"enemies":"The Guardian","floor":16,"turns":8},{"damage":2,"enemies":"Shell Parasite","floor":18,"turns":4},{"damage":16,"enemies":"Spheric Guardian","floor":19,"turns":5},{"damage":15,"enemies":"Centurion and Healer","floor":20,"turns":7},{"damage":0,"enemies":"Chosen and Byrds","floor":23,"turns":4},{"damage":12,"enemies":"Shelled Parasite and Fungi","floor":25,"turns":5},{"damage":18,"enemies":"Snake Plant","floor":27,"turns":4},{"damage":35,"enemies":"Pondfish","floor":35,"turns":6},{"damage":1,"enemies":"3 Shapes","floor":37,"turns":6},{"damage":23,"enemies":"3 Darklings","floor":39,"turns":4},{"damage":32,"enemies":"Giant Head","floor":42,"turns":6},{"damage":49,"enemies":"Reptomancer","floor":44,"turns":4}],"seed_played":"-3854387943464319629","potions_obtained":[{"floor":1,"key":"Weak Potion"},{"floor":3,"key":"Weak Potion"},{"floor":25,"key":"PowerPotion"},{"floor":35,"key":"Toxic Potion"},{"floor":35,"key":"Adrenaline Potion"},{"floor":37,"key":"DeathKnight:RimePotion"},{"floor":44,"key":"Adrenaline Potion"}],"is_trial":false,"path_per_floor":["M","?","M","M","?","R","?","R","T","R","M","$","E","$","R","B",null,"M","M","M","$","?","M","R","M","T","M","PTL","PTL","?","$","R","?","R","B",null,"M","$","M","?","?","E","R","E"],"character_chosen":"THE_CURSED","items_purchased":["Gremlin Food","TheCursedMod:Hemoplague","Specialist","CeramicFish","TheCursedMod:Stigma","Art of War"],"campfire_rested":4,"item_purchase_floors":[12,14,21,21,38,38],"current_hp_per_floor":[74,74,74,74,74,74,71,71,71,71,59,59,40,40,62,28,75,73,57,42,42,42,42,64,52,52,34,34,34,34,34,56,56,75,40,80,79,79,56,74,74,42,42,0,0],"gold":253,"neow_bonus":"ONE_RANDOM_RARE_CARD","is_daily":false,"chose_seed":false,"campfire_upgraded":3,"win_rate":0.0,"timestamp":1609480795,"path_taken":["M","?","M","?","?","R","?","R","T","R","M","$","E","?","R","BOSS","M","M","M","$","?","M","R","M","T","?","PTL","PTL","?","?","R","?","R","BOSS","M","$","M","?","?","E","R","E"],"items_purchased_type":["Relic","Card","Card","Relic","Card","Relic"],"build_version":"2020-12-22","purchased_purges":1,"victory":false,"max_hp_per_floor":[75,75,75,75,75,75,75,75,75,75,75,75,75,75,75,75,75,75,75,75,75,75,75,75,75,75,75,75,75,75,75,75,75,75,75,80,80,80,80,74,74,74,74,74,74],"relic_stats":{"Dream Catcher":4,"counters":[17,85],"Golden Idol":112,"CeramicFish":72,"Nloth\u0027s Gift":2,"Art of War":[1],"obtain_stats":[{"Gremlin Food":12,"TheCursedMod:BlackMagic101":0,"Tiny House":36,"Golden Idol":5,"CeramicFish":21,"Incense Burner":13,"Pet Ghost":17,"Replay:Arrowhead":17,"Calling Bell":17,"Dream Catcher":9,"Replay:Baseball":42,"Onion Ring":26,"Iron Hammer":17,"Nloth\u0027s Gift":33,"Art of War":38,"aspiration:ChemicalBlood":7},{"Gremlin Food":4,"TheCursedMod:BlackMagic101":0,"Tiny House":13,"Golden Idol":3,"CeramicFish":9,"Incense Burner":5,"Pet Ghost":6,"Replay:Arrowhead":6,"Calling Bell":6,"Dream Catcher":3,"Replay:Baseball":16,"Onion Ring":11,"Iron Hammer":6,"Nloth\u0027s Gift":12,"Art of War":14,"aspiration:ChemicalBlood":3},{"Gremlin Food":18,"TheCursedMod:BlackMagic101":0,"Tiny House":65,"Golden Idol":14,"CeramicFish":46,"Incense Burner":22,"Pet Ghost":30,"Replay:Arrowhead":30,"Calling Bell":30,"Dream Catcher":14,"Replay:Baseball":81,"Onion Ring":55,"Iron Hammer":30,"Nloth\u0027s Gift":59,"Art of War":71,"aspiration:ChemicalBlood":14}]},"card_choices":[{"not_picked":["TheCursedMod:TroublousMinions","TheCursedMod:SpitefulPlan","TheCursedMod:SoulCrush"],"picked":"SKIP","floor":1},{"not_picked":["TheCursedMod:SmokeScreen","TheCursedMod:CursedBoomerang"],"picked":"TheCursedMod:Stigma","floor":3},{"not_picked":["TheCursedMod:WearCloak","TheCursedMod:CircleOfFlame","TheCursedMod:CircleOfCorruption"],"picked":"SKIP","floor":4},{"not_picked":["TheCursedMod:Obscuration","TheCursedMod:CursedAmulet","TheCursedMod:TacticalStrike"],"picked":"SKIP","floor":11},{"not_picked":["TheCursedMod:CursedShiv","TheCursedMod:CircleOfBlood","TheCursedMod:SpitefulStrike"],"picked":"SKIP","floor":13},{"not_picked":["TheCursedMod:CircleOfFlame+1","TheCursedMod:CursedShiv+1","TheCursedMod:SmokeScreen"],"picked":"SKIP","floor":18},{"not_picked":["TheCursedMod:Evocation","TheCursedMod:CursedMace"],"picked":"TheCursedMod:Torture+1","floor":19},{"not_picked":["TheCursedMod:CursedShiv","TheCursedMod:Wield+1","TheCursedMod:Stretching"],"picked":"SKIP","floor":20},{"not_picked":["TheCursedMod:CursedArmor+1","TheCursedMod:SpitefulStrike+1","TheCursedMod:Obscuration"],"picked":"SKIP","floor":23},{"not_picked":["TheCursedMod:CursedStaff","TheCursedMod:SpitefulStrike"],"picked":"TheCursedMod:Torture","floor":24},{"not_picked":["TheCursedMod:AshesToAshes","TheCursedMod:CursedBoomerang"],"picked":"TheCursedMod:Hemoplague+1","floor":25},{"not_picked":["TheCursedMod:CursedBlade","TheCursedMod:CursedMace","TheCursedMod:DemonSword"],"picked":"SKIP","floor":27},{"not_picked":["TheCursedMod:AntiAging","TheCursedMod:Neurasthenia"],"picked":"TheCursedMod:NeowsMight","floor":35},{"not_picked":["TheCursedMod:PrepareRite+1","TheCursedMod:FleshFromBone+1"],"picked":"TheCursedMod:Stigma+1","floor":37},{"not_picked":["TheCursedMod:SpitefulPlan","TheCursedMod:HellsGateOpen+1","TheCursedMod:CursedBoomerang+1"],"picked":"SKIP","floor":39},{"not_picked":["TheCursedMod:CircleOfFocus+1","TheCursedMod:SoulReap+1"],"picked":"TheCursedMod:SaltUponWound","floor":42}],"player_experience":850005,"relics_obtained":[{"floor":9,"key":"Dream Catcher"},{"floor":13,"key":"Incense Burner"},{"floor":17,"key":"Pet Ghost"},{"floor":17,"key":"Iron Hammer"},{"floor":17,"key":"Replay:Arrowhead"},{"floor":26,"key":"Onion Ring"},{"floor":42,"key":"Replay:Baseball"}],"event_choices":[{"cards_removed":["TheCursedMod:OutForBlood"],"damage_healed":0,"gold_gain":0,"player_choice":"Take \u0026 Give","damage_taken":0,"max_hp_gain":0,"max_hp_loss":0,"event_name":"betterNote:BetterNote","floor":2,"gold_loss":0,"cards_obtained":["Madness"]},{"damage_healed":0,"gold_gain":0,"player_choice":"Take Wound","damage_taken":0,"relics_obtained":["Golden Idol"],"max_hp_gain":0,"max_hp_loss":0,"event_name":"Golden Idol","floor":5,"gold_loss":0,"cards_obtained":["Injury"]},{"damage_healed":0,"gold_gain":0,"player_choice":"Success","damage_taken":3,"relics_obtained":["aspiration:ChemicalBlood"],"max_hp_gain":0,"max_hp_loss":0,"event_name":"Scrap Ooze","floor":7,"gold_loss":0},{"damage_healed":0,"gold_gain":0,"cards_transformed":["TheCursedMod:Defend_TheCursed"],"player_choice":"Transformed","damage_taken":0,"max_hp_gain":0,"max_hp_loss":0,"event_name":"Transmorgrifier","floor":22,"gold_loss":0,"cards_obtained":["TheCursedMod:CircleOfFlame"]},{"cards_removed":["Doubt"],"damage_healed":0,"gold_gain":0,"player_choice":"Purged","damage_taken":0,"max_hp_gain":0,"max_hp_loss":0,"event_name":"Purifier","floor":30,"gold_loss":0},{"damage_healed":0,"gold_gain":0,"player_choice":"Traded Relic","damage_taken":0,"relics_obtained":["Nloth\u0027s Gift"],"max_hp_gain":0,"max_hp_loss":0,"event_name":"N\u0027loth","floor":33,"relics_lost":["Calling Bell"],"gold_loss":0},{"cards_removed":["Injury"],"damage_healed":0,"gold_gain":0,"player_choice":"Removed Curses","damage_taken":0,"max_hp_gain":0,"max_hp_loss":0,"event_name":"Fountain of Cleansing","floor":41,"gold_loss":0}],"is_beta":false,"boss_relics":[{"not_picked":["aspiration:SecretTechniqueScroll","trackpad:StolenKidneys"],"picked":"Calling Bell"},{"not_picked":["TheCursedMod:BlackMagicAdvanced","Sozu"],"picked":"Tiny House"}],"items_purged_floors":[31],"is_endless":false,"potions_floor_spawned":[1,3,20,25,27,37],"killed_by":"Reptomancer","ascension_level":0}}