{"host":"j1eo1fqrqta44853","time":1609463656,"event":{"mods":["Act Like it!","Bartender","BaseMod","CatGirl Mod","Custom Start","Downfall","Elementarium","Gensokyo","GungeonMod","HololiveMod","Hubris","Infinite Spire","KinomotoSakuraMod(????)","Koishi","Lobotomy","LobotomyExtend","Marisa????????","Minty Spire (QoL Compilation)","Pale of the Ancients","Rare Cards Sparkle","Reimu??????","Replay The Spire","SIMod","Shedinja","StSLib","The Alterego","The Jungle","The Marked","The Mystic","The Runesmith","The Senshi","The Vixen","TheBandit","Waifu the Spire","WarShipGirlsR/????R mod","Yakumo Yukari mod"],"gold_per_floor":[119,119,67,67,67,67,95,11,11,11,24,59,59,78,78,173,173,192,13,26,40,55,80,80,80],"floor_reached":24,"playtime":2202,"items_purged":[],"score":224,"play_id":"350b6c75-38b1-4fd2-959f-0029ba2e80b2","local_time":"20201231191416","is_ascension_mode":false,"campfire_choices":[{"floor":6,"key":"RECALL"},{"floor":15,"key":"REST"}],"circlet_count":0,"master_deck":["rmod:strick","rmod:strick","rmod:strick","rmod:defend","rmod:defend","rmod:defend","rmod:defend","rmod:basicallowance+1","rmod:maingunfire","rmod:wolves","rmod:diamondstrike","rmod:launchingtorpedo","rmod:luckystar","rmod:firesupport","rmod:intelligenceanalysis+1","rmod:steelsupply","rmod:ammunitionsupply+1","rmod:victimresponsibility+1","rmod:saltedfish+1","rmod:victimresponsibility+1","rmod:chargemoney","rmod:wife+1","rmod:fletcherpendant"],"relics":["rmod:firstchargereward","Juzu Bracelet","hubris:Towel","MealTicket","Blue Doll","Toxic Egg 2","Blood Vial","CaptainsWheel"],"acts_visited":["Exordium","TheCity"],"potions_floor_usage":[12,16,21,23],"damage_taken":[{"damage":0,"enemies":"Small Slimes","floor":1,"turns":2},{"damage":50,"enemies":"3 Sentries","floor":7,"turns":9},{"damage":11,"enemies":"Jaw Worm","floor":11,"turns":2},{"damage":8,"enemies":"Lagavulin","floor":12,"turns":5},{"damage":0,"enemies":"Cultist","floor":14,"turns":2},{"damage":20,"enemies":"Hexaghost","floor":16,"turns":5},{"damage":17,"enemies":"3 Byrds","floor":18,"turns":5},{"damage":16,"enemies":"Chosen","floor":20,"turns":5},{"damage":17,"enemies":"3 Cultists","floor":21,"turns":5},{"damage":14,"enemies":"Snake Plant","floor":22,"turns":4},{"damage":24,"enemies":"Replay:Snechameleon","floor":23,"turns":7},{"damage":19,"enemies":"Cultist and Chosen","floor":24,"turns":4}],"seed_played":"3100632131768777598","potions_obtained":[{"floor":11,"key":"SkillPotion"},{"floor":14,"key":"Reflective Coating"},{"floor":20,"key":"Fruit Juice"},{"floor":21,"key":"Energy Potion"}],"is_trial":false,"path_per_floor":["M","?","$","?","?","R","E","$","T","?","M","E","?","M","R","B",null,"M","$","M","M","M","E","M"],"character_chosen":"PRAEFECT","items_purchased":["rmod:diamondstrike","rmod:firesupport","rmod:intelligenceanalysis+1","rmod:chargemoney","Blood Vial"],"campfire_rested":1,"item_purchase_floors":[3,8,8,19,19],"current_hp_per_floor":[75,75,75,75,75,75,25,40,40,40,29,21,21,21,43,23,75,58,73,59,49,37,15,0,0],"gold":80,"neow_bonus":"RANDOM_COMMON_RELIC","is_daily":false,"chose_seed":false,"campfire_upgraded":0,"win_rate":0.0,"timestamp":1609463656,"path_taken":["M","?","?","?","?","R","E","$","T","?","M","E","?","M","R","BOSS","M","$","M","M","M","E","M"],"items_purchased_type":["Card","Card","Card","Card","Relic"],"build_version":"2020-12-22","purchased_purges":0,"victory":false,"max_hp_per_floor":[75,75,75,75,75,75,75,75,75,75,75,75,75,75,75,75,75,75,75,75,80,80,80,80,80],"card_choices":[{"not_picked":["rmod:fuelsupply","rmod:supportescort"],"picked":"rmod:wolves","floor":1},{"not_picked":["rmod:fletcherpendant","rmod:aggressivemary"],"picked":"rmod:luckystar","floor":7},{"not_picked":["rmod:supportescort","rmod:smokecover"],"picked":"rmod:steelsupply","floor":11},{"not_picked":["rmod:circuitoustactics+1","rmod:aviationdawn+1"],"picked":"rmod:ammunitionsupply+1","floor":12},{"not_picked":["rmod:garrisonisland","rmod:luckystar"],"picked":"rmod:victimresponsibility+1","floor":14},{"not_picked":["rmod:u235+1","rmod:stealaluminum"],"picked":"rmod:saltedfish+1","floor":16},{"not_picked":["rmod:rockthrower","rmod:goodfighter"],"picked":"rmod:victimresponsibility+1","floor":18},{"not_picked":["rmod:diamondstrike","rmod:ammunitionsupply+1"],"picked":"rmod:wife+1","floor":20},{"not_picked":["rmod:intelligenceanalysis","rmod:launchingtorpedo+1"],"picked":"rmod:fletcherpendant","floor":21},{"not_picked":["rmod:u235+1","rmod:luckystar","rmod:circuitoustactics+1"],"picked":"SKIP","floor":22},{"not_picked":["rmod:timeschanged","rmod:luckystar","rmod:victimresponsibility+1"],"picked":"SKIP","floor":23}],"player_experience":1035954,"relics_obtained":[{"floor":7,"key":"Blue Doll"},{"floor":12,"key":"Toxic Egg 2"},{"floor":23,"key":"CaptainsWheel"}],"event_choices":[{"damage_healed":0,"gold_gain":0,"cards_transformed":["rmod:strick"],"player_choice":"Transformed","damage_taken":0,"max_hp_gain":0,"max_hp_loss":0,"event_name":"Transmorgrifier","floor":4,"gold_loss":0,"cards_obtained":["rmod:launchingtorpedo"]},{"damage_healed":0,"gold_gain":0,"player_choice":"Upgraded","damage_taken":0,"max_hp_gain":0,"max_hp_loss":0,"event_name":"Upgrade Shrine","floor":10,"gold_loss":0,"cards_upgraded":["rmod:basicallowance"]}],"is_beta":false,"boss_relics":[{"not_picked":["Replay:Drink Me","ReplayTheSpireMod:SealedPack","Hololive_Finger"]}],"items_purged_floors":[],"is_endless":false,"potions_floor_spawned":[11,14,20,21],"killed_by":"Cultist and Chosen","ascension_level":0}}