{"host":"klzxa3457b6fcx00","time":1609488356,"event":{"mods":["AchievementEnabler","BaseMod","Downfall","Minty Spire (QoL Compilation)","Replay The Spire","StSLib"],"gold_per_floor":[115,115,134,154,9,9,43,43,43,43,43],"floor_reached":10,"playtime":275,"items_purged":[],"score":66,"play_id":"77ce9e0f-2a19-40f4-b844-171c8e86c2bb","local_time":"20210101150556","is_ascension_mode":false,"campfire_choices":[{"data":"Zap","floor":6,"key":"SMITH"}],"circlet_count":0,"master_deck":["Strike_B","Strike_B","Strike_B","Strike_B","Defend_B","Defend_B","Defend_B","Defend_B","Zap+1","Dualcast","Turbo+1","Auto Shields"],"relics":["Cracked Core","Dream Catcher","Replay:Kaleidoscope","Toxic Egg 2","Torii"],"acts_visited":["Exordium"],"potions_floor_usage":[7],"damage_taken":[{"damage":0,"enemies":"2 Louse","floor":1,"turns":2},{"damage":6,"enemies":"Cultist","floor":3,"turns":3},{"damage":10,"enemies":"Jaw Worm","floor":4,"turns":4},{"damage":34,"enemies":"Gremlin Nob","floor":7,"turns":5},{"damage":26,"enemies":"3 Sentries","floor":10,"turns":6}],"seed_played":"6571282545784392285","potions_obtained":[{"floor":3,"key":"BlessingOfTheForge"},{"floor":7,"key":"SteroidPotion"}],"is_trial":false,"path_per_floor":["M","?","M","M","$","R","E","?","T","E"],"character_chosen":"DEFECT","items_purchased":["Dream Catcher"],"campfire_rested":0,"item_purchase_floors":[5],"current_hp_per_floor":[75,75,69,59,59,59,25,25,25,0,0],"gold":43,"neow_bonus":"THREE_CARDS","is_daily":false,"chose_seed":false,"campfire_upgraded":1,"win_rate":0.0,"timestamp":1609488356,"path_taken":["M","?","M","M","$","R","E","?","T","E"],"items_purchased_type":["Relic"],"build_version":"2020-12-22","purchased_purges":0,"victory":false,"max_hp_per_floor":[75,75,75,75,75,75,75,75,75,75,75],"card_choices":[{"not_picked":["Barrage","Coolheaded"],"picked":"Auto Shields","floor":0},{"not_picked":["BasicCrystalCard","Recycle","Stack"],"picked":"SKIP","floor":1},{"not_picked":["Scrape","Fusion"],"picked":"Auto Shields","floor":3},{"not_picked":["BasicCrystalCard","Go for the Eyes","Double Energy"],"picked":"SKIP","floor":4},{"not_picked":["Redo","Coolheaded","Hologram"],"picked":"SKIP","floor":7}],"player_experience":233536,"relics_obtained":[{"floor":7,"key":"Replay:Kaleidoscope"},{"floor":8,"key":"Toxic Egg 2"},{"floor":9,"key":"Torii"}],"event_choices":[{"damage_healed":0,"gold_gain":0,"player_choice":"Relic","damage_taken":0,"max_hp_gain":0,"max_hp_loss":0,"event_name":"Wheel of Change","floor":8,"gold_loss":0}],"is_beta":false,"boss_relics":[],"items_purged_floors":[],"is_endless":false,"potions_floor_spawned":[3,7],"killed_by":"3 Sentries","ascension_level":0}}