{"host":"6pfj0wha12yu6wq3","time":1609470924,"event":{"mods":["BaseMod","Colored Map","Colored Powertips","Curses Come First","DeckTracker","Minty Spire (QoL Compilation)","RNG Fix","Relic Sorter","Relic Stats","StSLib","ojb\u0027s Better Paths Mod","ojb\u0027s Info Mod"],"gold_per_floor":[114,114,129,141,154,154,180,180,180,192,202,237,253,270,270,270,270],"floor_reached":16,"playtime":1059,"items_purged":[],"score":232,"play_id":"d3b6ac57-bb13-472d-a4b7-5ba17d74ff61","local_time":"20201231221524","is_ascension_mode":true,"campfire_choices":[{"data":"Noxious Fumes","floor":6,"key":"SMITH"},{"floor":8,"key":"REST"},{"data":"Crippling Poison","floor":15,"key":"SMITH"}],"circlet_count":0,"master_deck":["AscendersBane","Strike_G","Strike_G","Strike_G","Strike_G","Strike_G","Defend_G","Defend_G","Defend_G","Defend_G","Defend_G","Survivor","Neutralize","Noxious Fumes+1","Deadly Poison","Quick Slash","Dash","Crippling Poison+1","Dagger Spray","Dash","Crippling Poison"],"relics":["Ring of the Snake","Strawberry","Juzu Bracelet","Toy Ornithopter","PreservedInsect"],"acts_visited":["Exordium"],"potions_floor_usage":[7,11,12,14,16],"damage_taken":[{"damage":15,"enemies":"Jaw Worm","floor":1,"turns":7},{"damage":0,"enemies":"Small Slimes","floor":3,"turns":5},{"damage":6,"enemies":"Cultist","floor":4,"turns":4},{"damage":3,"enemies":"Blue Slaver","floor":5,"turns":4},{"damage":18,"enemies":"3 Sentries","floor":7,"turns":7},{"damage":10,"enemies":"Gremlin Gang","floor":10,"turns":4},{"damage":5,"enemies":"Red Slaver","floor":11,"turns":5},{"damage":17,"enemies":"Lagavulin","floor":12,"turns":8},{"damage":10,"enemies":"2 Fungi Beasts","floor":13,"turns":4},{"damage":3,"enemies":"Gremlin Gang","floor":14,"turns":4},{"damage":22,"enemies":"The Guardian","floor":16,"turns":6}],"seed_played":"-2318018398553446179","potions_obtained":[{"floor":4,"key":"BlessingOfTheForge"},{"floor":5,"key":"SpeedPotion"},{"floor":10,"key":"Swift Potion"},{"floor":12,"key":"Poison Potion"},{"floor":14,"key":"PowerPotion"}],"is_trial":false,"path_per_floor":["M","?","M","M","M","R","E","R","T","M","M","E","M","M","R","B"],"character_chosen":"THE_SILENT","items_purchased":[],"campfire_rested":1,"item_purchase_floors":[],"current_hp_per_floor":[51,51,51,45,42,42,24,45,45,35,35,23,13,15,15,0,0],"gold":270,"neow_bonus":"RANDOM_COMMON_RELIC","is_daily":false,"chose_seed":false,"campfire_upgraded":2,"win_rate":0.0,"timestamp":1609470924,"path_taken":["M","?","M","M","M","R","E","R","T","M","M","E","M","M","R","BOSS"],"items_purchased_type":[],"build_version":"2020-12-22","purchased_purges":0,"victory":false,"max_hp_per_floor":[73,73,73,73,73,73,73,73,73,73,73,73,73,73,73,73,73],"relic_stats":{"counters":[11,58],"PreservedInsect":0,"Juzu Bracelet":0,"obtain_stats":[{"Strawberry":0,"PreservedInsect":12,"Juzu Bracelet":7,"Toy Ornithopter":9,"Ring of the Snake":0},{"Strawberry":0,"PreservedInsect":8,"Juzu Bracelet":5,"Toy Ornithopter":5,"Ring of the Snake":0},{"Strawberry":0,"PreservedInsect":44,"Juzu Bracelet":27,"Toy Ornithopter":27,"Ring of the Snake":0}],"Toy Ornithopter":20,"Ring of the Snake":[22]},"card_choices":[{"not_picked":["Concentrate","Backflip"],"picked":"Noxious Fumes","floor":1},{"not_picked":["Terror","Flechettes"],"picked":"Deadly Poison","floor":3},{"not_picked":["Escape Plan","Concentrate","Backflip"],"picked":"SKIP","floor":4},{"not_picked":["Phantasmal Killer","Prepared"],"picked":"Quick Slash","floor":5},{"not_picked":["Bouncing Flask","Sucker Punch"],"picked":"Dash","floor":7},{"not_picked":["Flying Knee","Dodge and Roll"],"picked":"Crippling Poison","floor":10},{"not_picked":["Prepared","Flying Knee","Cloak And Dagger"],"picked":"SKIP","floor":11},{"not_picked":["Storm of Steel","Choke","Dagger Spray"],"picked":"SKIP","floor":12},{"not_picked":["Storm of Steel","Choke"],"picked":"Dagger Spray","floor":12},{"not_picked":["Finisher","Bane"],"picked":"Dash","floor":13},{"not_picked":["All Out Attack","Tactician"],"picked":"Crippling Poison","floor":14}],"player_experience":40851,"relics_obtained":[{"floor":7,"key":"Juzu Bracelet"},{"floor":9,"key":"Toy Ornithopter"},{"floor":12,"key":"PreservedInsect"}],"event_choices":[{"damage_healed":0,"gold_gain":0,"player_choice":"Ignored","damage_taken":0,"max_hp_gain":0,"max_hp_loss":0,"event_name":"Liars Game","floor":2,"gold_loss":0}],"is_beta":false,"boss_relics":[],"items_purged_floors":[],"is_endless":false,"potions_floor_spawned":[4,5,10,12,14],"killed_by":"The Guardian","ascension_level":20}}