{"host":"jm9833yuloeli2yd","time":1609478487,"event":{"mods":["AchievementEnabler","BaseMod","Better Altar","Better Match","Better Note","Better Sensory Stone","Better Skull","Better Third Choice","Better Vampires","BetterRewards","Colored Map","Colored Powertips","DeckTracker","Marked Mod","Minty Spire (QoL Compilation)","Permanent Neow","Quick Restart","StSLib","SuperFastMode"],"gold_per_floor":[112,128,142,142,159,159,189,217,229,188,218,230,258,288,300,385,397,421,194,194,207,227,227,227,227,227,256,256,6,6,6],"floor_reached":30,"playtime":1181,"items_purged":["Strike_G"],"score":504,"play_id":"f008cd94-77f7-4f16-95fc-9e918be8de5a","local_time":"20210101002127","is_ascension_mode":true,"campfire_choices":[{"data":"Neutralize","floor":6.0,"key":"SMITH"},{"floor":15.0,"key":"REST"},{"floor":23.0,"key":"REST"},{"floor":25.0,"key":"REST"},{"data":"Venomology","floor":28.0,"key":"SMITH"}],"circlet_count":0,"master_deck":["AscendersBane","Defend_G","Defend_G","Defend_G","Defend_G","Defend_G","Survivor","Neutralize+1","Panache","Slice","Finisher","Heel Hook","Good Instincts","Dagger Throw","Bouncing Flask","Dash","PiercingWail","Prepared","Heel Hook","Escape Plan","Tools of the Trade","Burst","Prepared+1","Burst+1","Flying Knee+1","Blade Dance","Cloak And Dagger","Tactician","Escape Plan","Venomology+1","Backflip","Calculated Gamble"],"relics":["Ring of the Snake","MawBank","Dream Catcher","Astrolabe","Blood Vial","Regal Pillow","Gremlin Horn","Happy Flower","Membership Card","Snake Skull"],"acts_visited":["Exordium","TheCity"],"potions_floor_usage":[30,30],"damage_taken":[{"damage":4.0,"enemies":"Jaw Worm","floor":1.0,"turns":6.0},{"damage":0.0,"enemies":"Small Slimes","floor":2.0,"turns":2.0},{"damage":4.0,"enemies":"2 Louse","floor":3.0,"turns":3.0},{"damage":0.0,"enemies":"Gremlin Gang","floor":5.0,"turns":7.0},{"damage":22.0,"enemies":"Lagavulin","floor":7.0,"turns":8.0},{"damage":0.0,"enemies":"2 Fungi Beasts","floor":8.0,"turns":2.0},{"damage":0.0,"enemies":"Exordium Wildlife","floor":11.0,"turns":4.0},{"damage":0.0,"enemies":"Blue Slaver","floor":13.0,"turns":2.0},{"damage":1.0,"enemies":"3 Louse","floor":14.0,"turns":4.0},{"damage":22.0,"enemies":"Hexaghost","floor":16.0,"turns":10.0},{"damage":12.0,"enemies":"Chosen","floor":18.0,"turns":4.0},{"damage":2.0,"enemies":"Shell Parasite","floor":21.0,"turns":3.0},{"damage":19.0,"enemies":"Snake Plant","floor":22.0,"turns":4.0},{"damage":21.0,"enemies":"Gremlin Leader","floor":27.0,"turns":8.0},{"damage":43,"enemies":"Book of Stabbing","floor":30,"turns":5}],"seed_played":"-4100785252944770212","potions_obtained":[{"floor":1.0,"key":"Poison Potion"},{"floor":5.0,"key":"Block Potion"},{"floor":8.0,"key":"Weak Potion"},{"floor":11.0,"key":"Swift Potion"},{"floor":14.0,"key":"EssenceOfSteel"},{"floor":21.0,"key":"BlessingOfTheForge"},{"floor":22.0,"key":"Poison Potion"}],"is_trial":false,"path_per_floor":["M","M","M","?","M","R","E","M","T","?","M","?","M","M","R","B",null,"M","$","?","M","M","R","T","R","T","E","R","$","E"],"character_chosen":"THE_SILENT","items_purchased":["Cloak And Dagger","Block Potion","Poison Potion","Membership Card","Snake Skull"],"campfire_rested":3,"item_purchase_floors":[19,19,19,29,29],"current_hp_per_floor":[40,40,36,36,36,36,14,14,14,14,14,14,14,13,32,10,52,40,40,20,20,3,22,22,56,56,37,37,37,0,0],"gold":6,"neow_bonus":"RANDOM_COLORLESS_2","is_daily":false,"chose_seed":false,"campfire_upgraded":2,"win_rate":0.0,"timestamp":1609478487,"path_taken":["M","M","M","?","M","R","E","M","T","?","M","?","?","M","R","BOSS","M","$","?","M","M","R","?","R","T","E","R","$","E"],"items_purchased_type":["Card","Potion","Potion","Relic","Relic"],"build_version":"2020-12-22","purchased_purges":1,"victory":false,"max_hp_per_floor":[66,66,66,66,66,66,66,66,66,66,66,66,66,66,66,66,66,66,66,66,66,66,66,66,66,66,66,66,66,66,66],"card_choices":[{"not_picked":["Chrysalis","Violence"],"picked":"Panache","floor":0.0},{"not_picked":["Quick Slash","PiercingWail"],"picked":"Slice","floor":1.0},{"not_picked":["Flying Knee","Poisoned Stab"],"picked":"Finisher","floor":2.0},{"not_picked":["Terror","Flechettes"],"picked":"Heel Hook","floor":3.0},{"not_picked":["Forethought","Dark Shackles"],"picked":"Good Instincts","floor":4.0},{"not_picked":["Backflip","Choke"],"picked":"Dagger Throw","floor":5.0},{"not_picked":["Prepared","Deadly Poison"],"picked":"Bouncing Flask","floor":7.0},{"not_picked":["Noxious Fumes","Expertise"],"picked":"Dash","floor":8.0},{"not_picked":["Bouncing Flask","Masterful Stab"],"picked":"PiercingWail","floor":11.0},{"not_picked":["Flechettes","All Out Attack"],"picked":"Heel Hook","floor":13.0},{"not_picked":["Quick Slash","Slice"],"picked":"Escape Plan","floor":14.0},{"not_picked":["Sucker Punch","Outmaneuver"],"picked":"Tools of the Trade","floor":15.0},{"not_picked":["Doppelganger","Envenom"],"picked":"Burst","floor":16.0},{"not_picked":["Endless Agony","Caltrops"],"picked":"Blade Dance","floor":18.0},{"not_picked":["Dagger Spray","Underhanded Strike+1"],"picked":"Tactician","floor":21.0},{"not_picked":["Slice+1","Sucker Punch+1"],"picked":"Escape Plan","floor":22.0},{"not_picked":["PiercingWail","Backstab"],"picked":"Venomology","floor":23.0},{"not_picked":["Poisoned Stab","Slice"],"picked":"Backflip","floor":25.0},{"not_picked":["Riddle With Holes","Backstab"],"picked":"Calculated Gamble","floor":27.0}],"player_experience":1229627,"relics_obtained":[{"floor":7.0,"key":"MawBank"},{"floor":9.0,"key":"Dream Catcher"},{"floor":24.0,"key":"Regal Pillow"},{"floor":26.0,"key":"Gremlin Horn"},{"floor":27.0,"key":"Happy Flower"}],"event_choices":[{"damage_healed":0.0,"max_hp_gain":0.0,"max_hp_loss":0.0,"gold_gain":1.0,"event_name":"betterStone:BetterStone","player_choice":"1","floor":4.0,"gold_loss":0.0,"damage_taken":0.0},{"damage_healed":0.0,"max_hp_gain":0.0,"max_hp_loss":0.0,"gold_gain":0.0,"event_name":"betterThird:BetterGoop","player_choice":"Left","floor":10.0,"gold_loss":53.0,"damage_taken":0.0},{"damage_healed":0.0,"max_hp_gain":0.0,"max_hp_loss":0.0,"gold_gain":0.0,"cards_transformed":["Strike_G"],"event_name":"Transmorgrifier","player_choice":"Transformed","floor":12.0,"gold_loss":0.0,"damage_taken":0.0,"cards_obtained":["Prepared"]},{"damage_healed":0.0,"max_hp_gain":40.0,"max_hp_loss":20.0,"gold_gain":0.0,"event_name":"betterAltar:BetterAltar","player_choice":" Vial ","floor":20.0,"potions_obtained":[],"relics_lost":[],"gold_loss":0.0,"damage_taken":20.0,"relics_obtained":["Blood Vial"]}],"is_beta":false,"boss_relics":[{"not_picked":["SacredBark","Black Star"],"picked":"Astrolabe"}],"items_purged_floors":[19],"is_endless":false,"potions_floor_spawned":[1,5,8,11,13,14,21,22],"killed_by":"Book of Stabbing","ascension_level":20}}