{"host":"l9d4bclu8pwa3q15","time":1609471272,"event":{"mods":["Act Like it!","BaseMod","Better Altar","Better Match","Better Note","Better Sensory Stone","Better Skull","BetterRewards","Colored Map","Colored Powertips","Downfall","Emptier Cage","Gensokyo","GifTheSpireLib","Keyboard Shortcuts","Koishi","KomeijiMod","Lobotomy","LobotomyExtend","Minty Spire (QoL Compilation)","Quick Restart","Rare Cards Sparkle","Relic Sorter","Remilia_Scarlet Moed（蕾米莉亚・斯卡雷特）3.3.5","Replay The Spire","Spicy Shops","StSLib","The Alterego","UnlockEverythingMod","Waifu the Spire","WarShipGirlsR/战舰少女R mod","Yakumo Yukari mod","Youmu（魂魄妖梦）","Yuyuko"],"gold_per_floor":[99,116,41,41,41,52,75,75,88,101,101,101,101],"floor_reached":11,"playtime":554,"items_purged":[],"score":66,"play_id":"739a4c63-f833-411e-8366-5b07ffa16084","local_time":"20210101112112","is_ascension_mode":true,"campfire_choices":[{"data":"Slimebound:Split","floor":1,"key":"SMITH"}],"circlet_count":0,"master_deck":["Slimebound:Strike_Slimebound","Slimebound:Strike_Slimebound","Slimebound:Strike_Slimebound","Slimebound:Tackle","Slimebound:Defend_Slimebound","Slimebound:Defend_Slimebound","Slimebound:Defend_Slimebound","Slimebound:Defend_Slimebound","Slimebound:Split+1","Slimebound:FormOfPuddle","Slimebound:DivideAndConquer","Parasite","Deadly Poison","Slimebound:LeadByExample","Transmutation","Slimebound:Repurpose","Slimebound:SlimeBrawl"],"relics":["LetterFromLob","Medical Kit","Replay:Rubber Ducky","m_SlimeRing"],"acts_visited":["Exordium"],"potions_floor_usage":[11],"damage_taken":[{"damage":8,"enemies":"Cultist","floor":2,"turns":3},{"damage":14,"enemies":"downfall:FleeingMerchant","floor":3,"turns":4},{"damage":11,"enemies":"2 Louse","floor":6,"turns":2},{"damage":27,"enemies":"Small Slimes","floor":9,"turns":4},{"damage":19,"enemies":"2 Fungi Beasts","floor":10,"turns":3},{"damage":72,"enemies":"Gremlin Nob","floor":11,"turns":4}],"seed_played":"4043708649132922089","potions_obtained":[{"floor":2,"key":"CalmPotion"},{"floor":6,"key":"Guardian:BlockOnCardUsePotion"},{"floor":10,"key":"Strength Potion"}],"is_trial":false,"path_per_floor":["R","M","$","T","?","M","T","?","M","M","E"],"character_chosen":"SLIMEBOUND","items_purchased":["Medical Kit"],"campfire_rested":0,"item_purchase_floors":[3],"current_hp_per_floor":[66,66,66,66,66,63,63,63,52,43,0,0,0],"gold":101,"neow_bonus":"TEN_PERCENT_HP_BONUS","is_daily":false,"chose_seed":false,"campfire_upgraded":1,"win_rate":0.0,"timestamp":1609471272,"path_taken":["R","M","$","?","?","M","T","?","M","?","E"],"items_purchased_type":["Relic"],"build_version":"2020-12-22","purchased_purges":0,"victory":false,"max_hp_per_floor":[66,66,66,66,66,66,66,66,66,66,66,66,66],"card_choices":[{"not_picked":["Slimebound:ComboTackle","Slimebound:SplitLeeching"],"picked":"Slimebound:FormOfPuddle","floor":2},{"not_picked":["Slimebound:ComboTackle","Slimebound:LeechingTouch"],"picked":"Slimebound:DivideAndConquer","floor":3},{"not_picked":["Slimebound:ItLooksTasty","Slimebound:ForwardTackle"],"picked":"Slimebound:LeadByExample","floor":6},{"not_picked":["expansioncontent:AwakenDeath","Impatience"],"picked":"Transmutation","floor":8},{"not_picked":["Slimebound:LeadByExample","Slimebound:PressTheAttack"],"picked":"Slimebound:Repurpose","floor":9},{"not_picked":["Slimebound:SlimeSpikes","Slimebound:DivideAndConquer"],"picked":"Slimebound:SlimeBrawl","floor":10}],"player_experience":99437,"relics_obtained":[{"floor":2,"key":"LetterFromLob"},{"floor":4,"key":"Replay:Rubber Ducky"}],"event_choices":[{"damage_healed":0,"gold_gain":1,"player_choice":"1","damage_taken":0,"max_hp_gain":0,"max_hp_loss":0,"event_name":"betterStone:BetterStone","floor":8,"gold_loss":0}],"is_beta":false,"boss_relics":[],"items_purged_floors":[],"is_endless":false,"potions_floor_spawned":[2,6,10],"killed_by":"Gremlin Nob","ascension_level":1}}