{"host":"sav7uxregyirlf69","time":1609474228,"event":{"mods":["AchievementEnabler","BaseMod","Colored Map","DeckTracker","Keyboard Shortcuts","Minty Spire (QoL Compilation)","READ ME - Guardian Mod","StSLib","SuperFastMode"],"gold_per_floor":[114,129,144,144,219,219,249,264,264,39,69,69,99,99,99,199,199,214,214,114,84,99,99,129,144,144,174,189,219,219,234,234,234,234],"floor_reached":33,"playtime":827,"items_purged":["A Thousand Cuts","Grand Finale"],"score":573,"play_id":"edcbb834-8fbb-4e4e-98a0-c5c2a217cdce","local_time":"20210101131028","daily_mods":["Shiny","ControlledChaos","Elite Swarm"],"is_ascension_mode":false,"campfire_choices":[{"data":"Bullet Time","floor":6,"key":"SMITH"},{"data":"Adrenaline","floor":12,"key":"SMITH"},{"data":"Night Terror","floor":15,"key":"SMITH"},{"data":"Crippling Poison","floor":23,"key":"SMITH"},{"data":"Burst","floor":32,"key":"SMITH"}],"circlet_count":0,"master_deck":["Venomology","Corpse Explosion","Malaise","Phantasmal Killer","Die Die Die","Adrenaline+1","Envenom","Doppelganger","Burst+1","Wraith Form v2","Tools of the Trade","Night Terror+1","Unload","After Image","Bullet Time+1","Storm of Steel+1","Glass Knife","Setup+1","Die Die Die","Crippling Poison+1","Backflip"],"relics":["Ring of the Snake","Frozen Eye","Prayer Wheel","PreservedInsect","War Paint","Orichalcum","Snake Skull","Snecko Eye","Nilry\u0027s Codex","Strawberry","Singing Bowl","Pen Nib","White Beast Statue"],"acts_visited":["Exordium","TheCity"],"potions_floor_usage":[7,7,8,16,16,24,25,27,27,27,31,31,33],"damage_taken":[{"damage":2,"enemies":"Cultist","floor":1,"turns":4},{"damage":5,"enemies":"Small Slimes","floor":2,"turns":3},{"damage":5,"enemies":"2 Louse","floor":3,"turns":2},{"damage":4,"enemies":"3 Sentries","floor":7,"turns":2},{"damage":7,"enemies":"Blue Slaver","floor":8,"turns":2},{"damage":0,"enemies":"Lagavulin","floor":11,"turns":3},{"damage":0,"enemies":"Gremlin Nob","floor":13,"turns":2},{"damage":37,"enemies":"Hexaghost","floor":16,"turns":8},{"damage":1,"enemies":"Chosen","floor":18,"turns":2},{"damage":0,"enemies":"3 Byrds","floor":22,"turns":2},{"damage":0,"enemies":"Gremlin Leader","floor":24,"turns":4},{"damage":7,"enemies":"Centurion and Healer","floor":25,"turns":2},{"damage":6,"enemies":"Book of Stabbing","floor":27,"turns":3},{"damage":0,"enemies":"3 Cultists","floor":28,"turns":2},{"damage":0,"enemies":"Gremlin Leader","floor":29,"turns":4},{"damage":3,"enemies":"Snake Plant","floor":31,"turns":2}],"seed_played":"-2495295926900846280","potions_obtained":[{"floor":2,"key":"Explosive Potion"},{"floor":7,"key":"Explosive Potion"},{"floor":11,"key":"SteroidPotion"},{"floor":16,"key":"PowerPotion"},{"floor":27,"key":"PowerPotion"},{"floor":31,"key":"SpeedPotion"}],"is_trial":false,"path_per_floor":["M","M","M","?","?","R","E","M","T","$","E","R","E","$","R","B",null,"M","?","$","?","M","R","E","M","T","E","M","E","?","M","R","B"],"character_chosen":"THE_SILENT","items_purchased":["War Paint"],"campfire_rested":0,"item_purchase_floors":[10],"current_hp_per_floor":[68,63,58,63,52,52,48,41,41,41,41,41,41,41,41,4,75,74,58,58,58,58,58,65,58,58,54,58,60,60,61,61,59,59],"gold":234,"neow_bonus":"","is_daily":true,"chose_seed":false,"campfire_upgraded":5,"win_rate":0.0,"timestamp":1609474228,"path_taken":["M","M","?","?","?","R","E","M","T","?","E","R","E","$","R","BOSS","M","?","$","?","M","R","E","?","T","E","M","E","?","M","R","BOSS"],"items_purchased_type":["Relic"],"build_version":"2020-12-22","purchased_purges":2,"victory":false,"max_hp_per_floor":[70,70,70,75,75,75,75,75,75,75,75,75,75,75,75,75,75,75,75,75,75,75,75,82,82,82,84,88,90,90,94,94,94,94],"card_choices":[{"not_picked":["Dagger Spray","Underhanded Strike"],"picked":"Setup","floor":1},{"not_picked":["Bouncing Flask","Accuracy","Dodge and Roll"],"picked":"SKIP","floor":2},{"not_picked":["Footwork","Flechettes","Bane"],"picked":"SKIP","floor":3},{"not_picked":["After Image","Envenom"],"picked":"Die Die Die","floor":7},{"not_picked":["Flying Knee","Sucker Punch","Underhanded Strike"],"picked":"SKIP","floor":8},{"not_picked":["Slice","Backflip","Eviscerate"],"picked":"SKIP","floor":8},{"not_picked":["Wraith Form v2","Envenom","Doppelganger"],"picked":"SKIP","floor":11},{"not_picked":["Phantasmal Killer","Venomology","Glass Knife"],"picked":"SKIP","floor":13},{"not_picked":["Slice","Bane"],"picked":"Crippling Poison","floor":18},{"not_picked":["Blade Dance","Expertise","Reflex"],"picked":"SKIP","floor":18},{"not_picked":["Deflect+1","Prepared"],"picked":"Backflip","floor":22},{"not_picked":["Deflect","Leg Sweep","Quick Slash"],"picked":"SKIP","floor":22},{"not_picked":["Corpse Explosion","Malaise","Envenom"],"picked":"SKIP","floor":24},{"not_picked":["Deflect","Quick Slash","Backflip"],"picked":"SKIP","floor":25},{"not_picked":["Deflect","Blade Dance+1","Dash+1"],"picked":"SKIP","floor":25},{"not_picked":["Phantasmal Killer","Tools of the Trade","Grand Finale"],"picked":"Singing Bowl","floor":27},{"not_picked":["Flying Knee","Blade Dance","Quick Slash"],"picked":"Singing Bowl","floor":28},{"not_picked":["Deflect","Quick Slash","Poisoned Stab"],"picked":"Singing Bowl","floor":28},{"not_picked":["Tools of the Trade","Corpse Explosion","Storm of Steel"],"picked":"Singing Bowl","floor":29},{"not_picked":["All Out Attack","Flying Knee","Footwork"],"picked":"Singing Bowl","floor":31},{"not_picked":["Deadly Poison","Prepared+1","Bane"],"picked":"Singing Bowl","floor":31}],"player_experience":1092292,"relics_obtained":[{"floor":7,"key":"Prayer Wheel"},{"floor":9,"key":"PreservedInsect"},{"floor":11,"key":"Orichalcum"},{"floor":13,"key":"Snake Skull"},{"floor":19,"key":"Nilry\u0027s Codex"},{"floor":24,"key":"Strawberry"},{"floor":26,"key":"Singing Bowl"},{"floor":27,"key":"Pen Nib"},{"floor":29,"key":"White Beast Statue"}],"event_choices":[{"damage_healed":0,"gold_gain":0,"player_choice":"Donut","damage_taken":0,"max_hp_gain":5,"max_hp_loss":0,"event_name":"Big Fish","floor":4,"gold_loss":0},{"damage_healed":0,"gold_gain":75,"player_choice":"Gather Gold","damage_taken":11,"max_hp_gain":0,"max_hp_loss":0,"event_name":"World of Goop","floor":5,"gold_loss":0},{"damage_healed":0,"gold_gain":0,"player_choice":"Obtained Book","damage_taken":16,"max_hp_gain":0,"max_hp_loss":0,"event_name":"Cursed Tome","floor":19,"gold_loss":0},{"damage_healed":0,"gold_gain":0,"player_choice":"Bought 2 Potions","damage_taken":0,"max_hp_gain":0,"max_hp_loss":0,"event_name":"The Woman in Blue","floor":21,"gold_loss":0},{"damage_healed":0,"gold_gain":0,"player_choice":"Ignored","damage_taken":0,"max_hp_gain":0,"max_hp_loss":0,"event_name":"Ghosts","floor":30,"gold_loss":0}],"is_beta":false,"boss_relics":[{"not_picked":["Velvet Choker","Coffee Dripper"],"picked":"Snecko Eye"}],"items_purged_floors":[10,20],"is_endless":false,"potions_floor_spawned":[2,7,11,16,18,27,28,31],"killed_by":"Automaton","ascension_level":0}}