{"host":"6a06qhlf17v5rcww","time":1609483869,"event":{"mods":["BaseMod","Beaked The Cultist","Better Altar","Better Match","Better Note","Better Sensory Stone","Better Skull","Better Third Choice","BetterRewards","Block Reminder","Downfall","Hermit","Infinite Spire","Minty Spire (QoL Compilation)","Rare Cards Sparkle","Replay The Spire","Shade Mod","StSLib","The Alterego","The Cursed","The Marked","The Witch"],"gold_per_floor":[119,144,165,265,294,323,323,375,375,213,245,245,271,321,321,445,445,494,494,536,536,584,584,641,641,641,91,118,224,269,269,302,302,302,455,455,504,551,612,612,684,684,761,761,808,888,888,888,493,548,548,558],"floor_reached":53,"playtime":4219,"items_purged":[],"score":665,"play_id":"1f7fe2b6-8d2b-4140-8f7b-a7fd9a9eae4b","local_time":"20210101015109","is_ascension_mode":false,"campfire_choices":[{"floor":7.0,"key":"REST"},{"data":"Shade:TouchOfTheGrave","floor":15.0,"key":"SMITH"},{"data":"beaked:AwakenedForm","floor":23.0,"key":"SMITH"},{"data":"Shade:GreaterAnimation","floor":34,"key":"SMITH"},{"floor":42,"key":"REST"},{"floor":44,"key":"REST"},{"data":"beaked:AwakenedForm","floor":51,"key":"SMITH"}],"circlet_count":0,"master_deck":["Shade:Strike_Shade","Shade:Strike_Shade","Shade:Defend_Shade","Shade:Defend_Shade","Shade:Defend_Shade","Shade:AnimateDead","Shade:CarefulCut","Shade:OpenGraves+1","Shade:CommandSoldier","Shade:CommandSoldier","Shade:PoundOfFlesh+1","Shade:ClawBack+1","Shade:OpenGraves+1","Shade:SkeletonHug+1","Shade:Bonestorm+1","Shade:GraveStillness","Shade:TouchOfTheGrave+1","Shade:ExtraLimbs+1","Shade:AblativeArmor","ReplayTheSpireMod:Trickstab+1","Shade:FingerOfDeath+1","Shade:GreaterAnimation+1","beaked:AwakenedForm+1","Shade:GoDigging","beaked:AwakenedForm+1","Shade:WallOfFlesh+1","ReplayTheSpireMod:Book of Names","Shade:PressTheAttack+1","Shade:Carnophage","Replay:Dark Deal","Guardian:AncientConstruct","Shade:FeralStrike+1","Shame","infinitespire:Oblivion+1","Jack Of All Trades+1","Shade:OminousRitual+1","Shade:FuneraryArmor","Shade:SanguineRitual+1","Shade:FuneraryArmor+1","Shade:FleshOffering+1","Shade:GraveStillness+1","Shade:OfferingToTheBeyond","ReplayTheSpireMod:Brewmster","Shade:UnbarTheGrave","Parasite"],"relics":["Shade:YorickSkull","Ice Cream","infinitespire:EvilPickle","Molten Egg 2","Chameleon Ring","Replay:Bottled Eggs","beaked:SacredDeck","HornCleat","Busted Crown","Happy Flower","Medical Kit","Replay:Bandana","ReplayTheSpireMod:SealedPack","ReplayFunnel"],"acts_visited":["Exordium","TheCity","TheBeyond"],"potions_floor_usage":[35,35,39,50,50,52,52,52,52,52,52],"damage_taken":[{"damage":0.0,"enemies":"Cultist","floor":1.0,"turns":4.0},{"damage":0.0,"enemies":"2 Louse","floor":2.0,"turns":2.0},{"damage":3.0,"enemies":"Jaw Worm","floor":3.0,"turns":3.0},{"damage":3.0,"enemies":"Looter","floor":5.0,"turns":3.0},{"damage":0.0,"enemies":"3 Louse","floor":6.0,"turns":1.0},{"damage":10.0,"enemies":"Gremlin Nob","floor":8.0,"turns":4.0},{"damage":5.0,"enemies":"Blue Slaver","floor":11.0,"turns":2.0},{"damage":0.0,"enemies":"Exordium Wildlife","floor":13.0,"turns":3.0},{"damage":4.0,"enemies":"The Guardian","floor":16.0,"turns":9.0},{"damage":15.0,"enemies":"Shell Parasite","floor":18.0,"turns":7.0},{"damage":5.0,"enemies":"2 Thieves","floor":20.0,"turns":4.0},{"damage":2.0,"enemies":"Cultist and Chosen","floor":22.0,"turns":5.0},{"damage":6.0,"enemies":"Shelled Parasite and Fungi","floor":24.0,"turns":4.0},{"damage":11,"enemies":"Snake Plant","floor":30,"turns":5},{"damage":14,"enemies":"Snecko","floor":32,"turns":5},{"damage":12,"enemies":"Champ","floor":35,"turns":8},{"damage":13,"enemies":"3 Shapes","floor":37,"turns":4},{"damage":1,"enemies":"3 Darklings","floor":38,"turns":7},{"damage":7,"enemies":"Sphere and 2 Shapes","floor":39,"turns":3},{"damage":26,"enemies":"Jaw Worm Horde","floor":41,"turns":5},{"damage":11,"enemies":"4 Shapes","floor":43,"turns":7},{"damage":1,"enemies":"Spire Growth","floor":46,"turns":5},{"damage":4,"enemies":"Writhing Mass","floor":50,"turns":6},{"damage":7,"enemies":"Time Eater","floor":52,"turns":7}],"seed_played":"7492547719798333188","potions_obtained":[{"floor":1.0,"key":"champ:CounterPotion"},{"floor":2.0,"key":"Explosive Potion"},{"floor":5.0,"key":"Explosive Potion"},{"floor":6.0,"key":"Regen Potion"},{"floor":16.0,"key":"ColorlessPotion"},{"floor":18.0,"key":"Cursed Concoction"},{"floor":22.0,"key":"Slimebound:ThreeZeroPotion"},{"floor":24.0,"key":"Adrenaline Potion"},{"floor":37,"key":"PowerPotion"},{"floor":38,"key":"SpeedPotion"},{"floor":39,"key":"FearPotion"}],"is_trial":false,"path_per_floor":["M","M","M","?","M","M","R","E","T","$","M","?","M","?","R","B",null,"M","?","M","AVR","M","R","M","PTL","PTL","$","T","?","M","?","M","?","R","B",null,"M","M","M","?","M","R","M","R","T","M","?","?","$","M","R","B",null],"character_chosen":"SHADE","items_purchased":["Shade:OpenGraves","Molten Egg 2","Shade:CommandSoldier","Shade:PoundOfFlesh+1","Shade:TouchOfTheGrave","Shade:ExtraLimbs+1","Shade:AblativeArmor","Shade:Carnophage","Happy Flower","Replay:Dark Deal","Medical Kit","Shade:OfferingToTheBeyond","ReplayTheSpireMod:Brewmster","Shade:UnbarTheGrave"],"campfire_rested":3,"item_purchase_floors":[0,0,0,0,10,10,10,27,27,27,27,49,49,49],"current_hp_per_floor":[34,34,31,31,28,28,47,37,37,37,32,32,32,32,32,55,65,50,50,45,45,43,43,37,37,37,37,37,31,20,20,6,27,27,15,65,52,51,44,35,9,28,17,36,36,35,35,35,35,31,31,24],"gold":558,"neow_bonus":"","is_daily":false,"chose_seed":false,"campfire_upgraded":4,"win_rate":0.0,"timestamp":1609483869,"path_taken":["M","?","M","?","?","M","R","E","T","$","M","?","M","?","R","BOSS","M","?","M","AVR","M","R","M","PTL","PTL","$","T","?","M","?","?","?","R","BOSS","M","M","M","?","?","R","M","R","T","M","?","?","$","M","R","BOSS"],"items_purchased_type":["Card","Relic","Card","Card","Card","Card","Card","Card","Relic","Card","Relic","Card","Card","Card"],"build_version":"2020-12-22","purchased_purges":0,"victory":true,"max_hp_per_floor":[65,65,65,65,65,65,65,65,65,65,65,65,65,65,65,65,65,65,65,65,65,65,65,65,65,65,65,65,65,65,65,65,65,65,65,65,65,65,65,65,65,65,65,65,65,65,65,65,65,65,65,65],"card_choices":[{"not_picked":["Shade:FingerOfDeath+1","Shade:Awaken"],"picked":"Shade:ClawBack+1","floor":1.0},{"not_picked":["Shade:LyeBath","Shade:SkeletonHug+1","Shade:Frenzy"],"picked":"SKIP","floor":2.0},{"not_picked":["Shade:BoneShards+1","Shade:WallOfFlesh"],"picked":"Shade:OpenGraves","floor":3.0},{"not_picked":["Shade:FreshBones","Shade:LoseControl"],"picked":"Shade:SkeletonHug+1","floor":5.0},{"not_picked":["Shade:FeralStrike+1","Shade:CoffinDance+1"],"picked":"Shade:Bonestorm+1","floor":6.0},{"not_picked":["Shade:ClawBack+1","Shade:Doomsay+1"],"picked":"Shade:GraveStillness","floor":8.0},{"not_picked":["Shade:Trample+1","Shade:ExtraLimbs+1","Shade:Bonestorm+1"],"picked":"SKIP","floor":11.0},{"not_picked":["Replay:SS_hec_4+1","PanicButton"],"picked":"ReplayTheSpireMod:Trickstab+1","floor":12.0},{"not_picked":["Shade:LyeBath","Shade:OpenGraves"],"picked":"Shade:FingerOfDeath+1","floor":13.0},{"not_picked":["Shade:Consume+1","Shade:Putrefaction"],"picked":"Shade:GreaterAnimation","floor":16.0},{"not_picked":["Shade:Frenzy+1","Shade:FuneraryArmor"],"picked":"Shade:GoDigging","floor":18.0},{"not_picked":["Shade:Frenzy","Shade:Bonestorm+1"],"picked":"Shade:WallOfFlesh+1","floor":20.0},{"not_picked":[],"picked":"Shade:PressTheAttack+1","floor":22.0},{"not_picked":["Shade:SpontaneousRitual+1"],"picked":"SKIP","floor":24.0},{"not_picked":["Shade:Frenzy+1"],"picked":"SKIP","floor":30},{"not_picked":[],"picked":"Shade:FeralStrike+1","floor":32},{"not_picked":[],"picked":"infinitespire:Oblivion","floor":36},{"not_picked":[],"picked":"Jack Of All Trades","floor":36},{"not_picked":[],"picked":"Shade:OminousRitual","floor":36},{"not_picked":["Shade:FingerOfDeath+1"],"picked":"SKIP","floor":37},{"not_picked":[],"picked":"Shade:FuneraryArmor","floor":38},{"not_picked":[],"picked":"Shade:SanguineRitual+1","floor":39},{"not_picked":[],"picked":"Shade:FuneraryArmor+1","floor":41},{"not_picked":[],"picked":"Shade:FleshOffering+1","floor":43},{"not_picked":[],"picked":"Shade:GraveStillness+1","floor":46},{"not_picked":["Shade:FingerOfDeath+1"],"picked":"SKIP","floor":50}],"player_experience":738775,"relics_obtained":[{"floor":8.0,"key":"Chameleon Ring"},{"floor":9.0,"key":"Replay:Bottled Eggs"},{"floor":28.0,"key":"Replay:Bandana"},{"floor":45,"key":"ReplayFunnel"}],"event_choices":[{"damage_healed":0.0,"max_hp_gain":0.0,"max_hp_loss":0.0,"gold_gain":100.0,"event_name":"Golden Shrine","player_choice":"Pray","floor":4.0,"gold_loss":0.0,"damage_taken":0.0},{"damage_healed":0.0,"max_hp_gain":0.0,"max_hp_loss":0.0,"gold_gain":1.0,"event_name":"betterStone:BetterStone","player_choice":"1","floor":12.0,"gold_loss":0.0,"damage_taken":0.0},{"damage_healed":0.0,"max_hp_gain":0.0,"max_hp_loss":0.0,"gold_gain":50.0,"event_name":"Golden Wing","player_choice":"Gained Gold","floor":14.0,"gold_loss":0.0,"damage_taken":0.0},{"damage_healed":0.0,"max_hp_gain":0.0,"max_hp_loss":0.0,"gold_gain":0.0,"event_name":"Duplicator","player_choice":"Copied","floor":19.0,"gold_loss":0.0,"damage_taken":0.0,"cards_obtained":["beaked:AwakenedForm"]},{"damage_healed":0,"gold_gain":106,"player_choice":"GO ","damage_taken":7,"relics_obtained":[],"max_hp_gain":0,"max_hp_loss":0,"event_name":"betterSkull:BetterSkull","floor":29,"gold_loss":0,"cards_upgraded":[]},{"cards_removed":["beaked:AwakenedForm"],"damage_healed":0,"gold_gain":0,"player_choice":"Take \u0026 Give","damage_taken":0,"max_hp_gain":0,"max_hp_loss":0,"event_name":"betterNote:BetterNote","floor":31,"gold_loss":0,"cards_obtained":["Guardian:AncientConstruct"]},{"damage_healed":21,"gold_gain":0,"player_choice":"Heal","damage_taken":0,"max_hp_gain":0,"max_hp_loss":0,"event_name":"The Library","floor":33,"gold_loss":0},{"damage_healed":0,"gold_gain":0,"player_choice":"UP ","damage_taken":11,"relics_obtained":[],"max_hp_gain":0,"max_hp_loss":0,"event_name":"betterSkull:BetterSkull","floor":40,"gold_loss":0,"cards_upgraded":["Jack Of All Trades"]},{"cards_removed":["Shade:Strike_Shade"],"damage_healed":0,"gold_gain":0,"player_choice":"Removed Attack","damage_taken":0,"max_hp_gain":0,"max_hp_loss":0,"event_name":"Falling","floor":47,"gold_loss":0},{"cards_removed":["Shade:Strike_Shade"],"damage_healed":0,"gold_gain":0,"player_choice":"Purged","damage_taken":0,"max_hp_gain":0,"max_hp_loss":0,"event_name":"Purifier","floor":48,"gold_loss":0}],"is_beta":false,"boss_relics":[{"not_picked":["Tiny House","ReplayTheSpireMod:Onyx Gauntlets"],"picked":"beaked:SacredDeck"},{"not_picked":["Pandora\u0027s Box","Ring of Chaos"],"picked":"ReplayTheSpireMod:SealedPack"}],"items_purged_floors":[],"is_endless":false,"potions_floor_spawned":[1,2,5,6,16,18,22,24,32,37,38,39,50],"ascension_level":0}}