{"host":"kzpuingyul43kz0j","time":1609512617,"event":{"mods":["2.2 Compatiblity","BaseMod","Bestiary","Better Skull","BetterRewards","Colored Map","Colored Powertips","Curses Come First","Displayed Cursed Tome","Downfall","Gold Saver","Highlight Path","Keyboard Shortcuts","Minty Spire (QoL Compilation)","Relic Stats","Remove Card Discount Mod","StSLib","Uncapped"],"gold_per_floor":[1275,372,372,32,46,46,70,83,109,127,127,153,173,20,20,119,119,138,155,170,16,32,32,45,45,71,71,71,71,71,88,88,189,189,205,220,69,83,96,96,131,144,219,219,231,231,231,81,81,81,81,81,81,110,110,110],"floor_reached":55,"playtime":2132,"items_purged":["Defend_B","Defend_B","Strike_B","Defend_B","Defend_B","Strike_B","Dualcast","Strike_B","Strike_B","Leap"],"score":760,"play_id":"6d217fa2-6418-4422-a931-761a17aeb8fd","local_time":"20210101155017","is_ascension_mode":true,"campfire_choices":[{"data":"Zap","floor":6,"key":"SMITH"},{"data":"Storm","floor":11,"key":"SMITH"},{"data":"Creative AI","floor":15,"key":"SMITH"},{"data":"White Noise","floor":23,"key":"SMITH"},{"data":"Core Surge","floor":25,"key":"SMITH"},{"data":"BootSequence","floor":27,"key":"SMITH"},{"data":"Electrodynamics","floor":30,"key":"SMITH"},{"data":"Leap","floor":32,"key":"SMITH"},{"data":"Machine Learning","floor":40,"key":"SMITH"},{"floor":47,"key":"RECALL"},{"data":"expansioncontent:CaCaw","floor":49,"key":"SMITH"},{"data":"Gash","floor":52,"key":"SMITH"}],"circlet_count":0,"master_deck":["Zap+1","Electrodynamics+1","White Noise+1","Ball Lightning+1","BootSequence+1","Leap+1","Gash+1","Storm+1","Creative AI+1","Core Surge+1","Leap+1","Machine Learning+1","Gash+1","expansioncontent:CaCaw+1"],"relics":["Cracked Core","NeowsBlessing","Oddly Smooth Stone","Unceasing Top","Strange Spoon","Boot","ClockworkSouvenir","Juzu Bracelet","Nunchaku","Vajra","Tiny Chest","Coffee Dripper","Toy Ornithopter","MealTicket","Nilry\u0027s Codex","Nuclear Battery","Orichalcum","Blood Vial","Cables","Lee\u0027s Waffle","Whetstone"],"acts_visited":["Exordium","TheCity","TheBeyond","TheEnding"],"potions_floor_usage":[18,19,31,33,33,42,45,50],"damage_taken":[{"damage":0,"enemies":"Small Slimes","floor":1,"turns":1},{"damage":0,"enemies":"Jaw Worm","floor":5,"turns":1},{"damage":0,"enemies":"2 Louse","floor":8,"turns":1},{"damage":0,"enemies":"Exordium Wildlife","floor":10,"turns":2},{"damage":16,"enemies":"Lagavulin","floor":12,"turns":4},{"damage":0,"enemies":"Blue Slaver","floor":13,"turns":2},{"damage":15,"enemies":"Slime Boss","floor":16,"turns":5},{"damage":5,"enemies":"2 Thieves","floor":18,"turns":2},{"damage":0,"enemies":"Spheric Guardian","floor":19,"turns":1},{"damage":4,"enemies":"Snecko","floor":20,"turns":4},{"damage":0,"enemies":"Centurion and Healer","floor":22,"turns":5},{"damage":8,"enemies":"Snake Plant","floor":24,"turns":3},{"damage":18,"enemies":"Shelled Parasite and Fungi","floor":31,"turns":3},{"damage":0,"enemies":"Collector","floor":33,"turns":6},{"damage":0,"enemies":"3 Darklings","floor":35,"turns":2},{"damage":0,"enemies":"3 Shapes","floor":36,"turns":2},{"damage":9,"enemies":"Spire Growth","floor":38,"turns":3},{"damage":5,"enemies":"4 Shapes","floor":39,"turns":2},{"damage":0,"enemies":"Reptomancer","floor":41,"turns":3},{"damage":17,"enemies":"Jaw Worm Horde","floor":42,"turns":3},{"damage":0,"enemies":"Spire Growth","floor":45,"turns":2},{"damage":13,"enemies":"Time Eater","floor":50,"turns":10},{"damage":60,"enemies":"Shield and Spear","floor":54,"turns":4},{"damage":24,"enemies":"The Heart","floor":55,"turns":2}],"seed_played":"-8766241980626276582","potions_obtained":[{"floor":5,"key":"ColorlessPotion"},{"floor":8,"key":"EssenceOfSteel"},{"floor":12,"key":"Regen Potion"},{"floor":16,"key":"AttackPotion"},{"floor":19,"key":"FocusPotion"},{"floor":22,"key":"Energy Potion"},{"floor":33,"key":"DistilledChaos"},{"floor":39,"key":"AttackPotion"},{"floor":45,"key":"Dexterity Potion"}],"is_trial":false,"path_per_floor":["M","$","?","$","M","R","T","M","T","M","R","E","M","$","R","B",null,"M","M","M","$","M","R","M","R","T","R","?","?","R","M","R","B",null,"M","M","$","M","M","R","E","M","T","?","M","T","R","$","R","B",null,"R","$","E","B"],"character_chosen":"DEFECT","items_purchased":["Oddly Smooth Stone","Unceasing Top","Strange Spoon","Electrodynamics","White Noise","Ball Lightning","BootSequence","Boot","ClockworkSouvenir","Leap","Tiny Chest","Toy Ornithopter","Orichalcum","Lee\u0027s Waffle"],"campfire_rested":0,"item_purchase_floors":[2,2,2,2,2,2,2,4,4,4,14,21,37,48],"current_hp_per_floor":[75,75,75,75,75,75,75,75,75,75,75,59,59,59,59,44,75,70,70,66,66,66,66,58,58,58,58,75,59,59,46,46,56,75,75,75,75,66,61,61,61,51,51,51,58,58,58,82,82,69,82,82,82,22,0,0],"gold":110,"neow_bonus":"THREE_ENEMY_KILL","is_daily":false,"chose_seed":false,"campfire_upgraded":11,"win_rate":0.0,"timestamp":1609512617,"path_taken":["M","$","?","$","M","R","?","M","T","M","R","E","M","$","R","BOSS","M","M","M","$","M","R","M","R","T","R","?","?","R","M","R","BOSS","M","M","$","M","M","R","E","M","T","?","M","?","R","$","R","BOSS","R","$","E","BOSS"],"items_purchased_type":["Relic","Relic","Relic","Card","Card","Card","Card","Relic","Relic","Card","Relic","Relic","Relic","Relic"],"build_version":"2020-12-22","purchased_purges":10,"victory":false,"max_hp_per_floor":[75,75,75,75,75,75,75,75,75,75,75,75,75,75,75,75,75,75,75,75,75,75,75,75,75,75,75,75,75,75,75,75,75,75,75,75,75,75,75,75,75,75,75,75,75,75,75,82,82,82,82,82,82,82,82,82],"relic_stats":{"Lee\u0027s Waffle":9,"counters":[24,73],"Juzu Bracelet":0,"Whetstone":["Ball Lightning","Gash"],"Orichalcum":[24],"Boot":[27],"Cables":[15,13,0,0,2],"Blood Vial":6,"Strange Spoon":[32],"Nunchaku":[11],"Tiny Chest":1,"MealTicket":15,"obtain_stats":[{"Lee\u0027s Waffle":48,"NeowsBlessing":0,"Nilry\u0027s Codex":29,"Oddly Smooth Stone":2,"Vajra":12,"Juzu Bracelet":7,"Whetstone":54,"Orichalcum":37,"Boot":4,"ClockworkSouvenir":4,"Nuclear Battery":34,"Cables":46,"Blood Vial":41,"Strange Spoon":2,"Nunchaku":9,"Tiny Chest":14,"MealTicket":26,"Coffee Dripper":17,"Cracked Core":0,"Unceasing Top":2,"Toy Ornithopter":21},{"Lee\u0027s Waffle":21,"NeowsBlessing":0,"Nilry\u0027s Codex":12,"Oddly Smooth Stone":1,"Vajra":5,"Juzu Bracelet":2,"Whetstone":23,"Orichalcum":16,"Boot":1,"ClockworkSouvenir":1,"Nuclear Battery":14,"Cables":21,"Blood Vial":19,"Strange Spoon":1,"Nunchaku":3,"Tiny Chest":6,"MealTicket":12,"Coffee Dripper":7,"Cracked Core":0,"Unceasing Top":1,"Toy Ornithopter":10},{"Lee\u0027s Waffle":57,"NeowsBlessing":0,"Nilry\u0027s Codex":31,"Oddly Smooth Stone":1,"Vajra":9,"Juzu Bracelet":2,"Whetstone":71,"Orichalcum":44,"Boot":1,"ClockworkSouvenir":1,"Nuclear Battery":40,"Cables":57,"Blood Vial":52,"Strange Spoon":1,"Nunchaku":3,"Tiny Chest":11,"MealTicket":31,"Coffee Dripper":16,"Cracked Core":0,"Unceasing Top":1,"Toy Ornithopter":23}],"Unceasing Top":[60],"Toy Ornithopter":25},"card_choices":[{"not_picked":["Beam Cell","Aggregate"],"picked":"Leap","floor":1},{"not_picked":["Coolheaded","Turbo"],"picked":"Gash","floor":5},{"not_picked":["Fusion","Turbo","Streamline"],"picked":"SKIP","floor":8},{"not_picked":["Redo","Beam Cell"],"picked":"Storm","floor":10},{"not_picked":["Chill","Scrape"],"picked":"Creative AI","floor":12},{"not_picked":["Aggregate","Rip and Tear","Hologram"],"picked":"SKIP","floor":13},{"not_picked":["Hyperbeam","Creative AI"],"picked":"Core Surge","floor":16},{"not_picked":["Cold Snap","Compile Driver","Leap"],"picked":"SKIP","floor":18},{"not_picked":["Rebound","Steam"],"picked":"Leap+1","floor":19},{"not_picked":["Sweeping Beam","Steam","Turbo"],"picked":"SKIP","floor":20},{"not_picked":["Barrage","Hologram+1","Chill+1"],"picked":"SKIP","floor":22},{"not_picked":["Ball Lightning","Coolheaded","Undo"],"picked":"SKIP","floor":24},{"not_picked":["Doom and Gloom","Compile Driver","Fusion+1"],"picked":"SKIP","floor":31},{"not_picked":["Electrodynamics","Seek"],"picked":"Machine Learning","floor":33},{"not_picked":["Stack+1","Skim","Steam"],"picked":"SKIP","floor":35},{"not_picked":["Sweeping Beam","Streamline"],"picked":"Gash","floor":36},{"not_picked":["Coolheaded+1","Sweeping Beam","Steam+1"],"picked":"SKIP","floor":38},{"not_picked":["Go for the Eyes","Doom and Gloom","Lockon"],"picked":"SKIP","floor":39},{"not_picked":["Fusion","Coolheaded","Rainbow"],"picked":"SKIP","floor":41},{"not_picked":["Blizzard","Beam Cell","Force Field+1"],"picked":"SKIP","floor":42},{"not_picked":["expansioncontent:Collect","Sadistic Nature"],"picked":"expansioncontent:CaCaw","floor":44},{"not_picked":["Turbo","Go for the Eyes+1","Hello World"],"picked":"SKIP","floor":45},{"not_picked":["Compile Driver","Steam Power","Ball Lightning+1"],"picked":"SKIP","floor":54}],"player_experience":83259,"relics_obtained":[{"floor":7,"key":"Juzu Bracelet"},{"floor":9,"key":"Nunchaku"},{"floor":12,"key":"Vajra"},{"floor":26,"key":"MealTicket"},{"floor":41,"key":"Blood Vial"},{"floor":46,"key":"Cables"},{"floor":54,"key":"Whetstone"}],"event_choices":[{"damage_healed":0,"gold_gain":0,"player_choice":"Leave","damage_taken":0,"max_hp_gain":0,"max_hp_loss":0,"event_name":"The Cleric","floor":3,"gold_loss":0},{"damage_healed":25,"gold_gain":0,"player_choice":"Heal","damage_taken":0,"max_hp_gain":0,"max_hp_loss":0,"event_name":"The Library","floor":28,"gold_loss":0},{"damage_healed":0,"gold_gain":0,"player_choice":"Obtained Book","damage_taken":16,"max_hp_gain":0,"max_hp_loss":0,"event_name":"Cursed Tome","floor":29,"gold_loss":0},{"damage_healed":0,"gold_gain":0,"player_choice":"Memory 1","damage_taken":0,"max_hp_gain":0,"max_hp_loss":0,"event_name":"SensoryStone","floor":44,"gold_loss":0}],"is_beta":false,"boss_relics":[{"not_picked":["Runic Pyramid","Tiny House"],"picked":"Coffee Dripper"},{"not_picked":["Astrolabe","Empty Cage"],"picked":"Nuclear Battery"}],"items_purged_floors":[2,2,2,2,4,14,14,21,21,37],"is_endless":false,"potions_floor_spawned":[5,8,12,16,19,22,33,39,45],"killed_by":"The Heart","ascension_level":1}}