{"host":"j1eo1fqrqta44853","time":1609490807,"event":{"mods":["Act Like it!","Bartender","BaseMod","CatGirl Mod","Custom Start","Downfall","Elementarium","Gensokyo","GungeonMod","HololiveMod","Hubris","Infinite Spire","KinomotoSakuraMod(????)","Koishi","Lobotomy","LobotomyExtend","Marisa????????","Minty Spire (QoL Compilation)","Pale of the Ancients","Rare Cards Sparkle","Reimu??????","Replay The Spire","SIMod","Shedinja","StSLib","The Alterego","The Jungle","The Marked","The Mystic","The Runesmith","The Senshi","The Vixen","TheBandit","Waifu the Spire","WarShipGirlsR/????R mod","Yakumo Yukari mod"],"gold_per_floor":[362,159,214,214,225,225,241,241,241,2,17,44,58,87,87,185,185,175,191,291,310,322,322,322],"floor_reached":23,"playtime":2648,"items_purged":["Replay:Hysterical Blindness"],"score":218,"play_id":"7aafe3a4-f6a0-48b3-9f69-7e43954b775f","local_time":"20210101024647","is_ascension_mode":false,"campfire_choices":[{"data":"alterego_mod:Nekomimi","floor":6,"key":"SMITH"},{"data":"alterego_mod:BustOut","floor":8,"key":"SMITH"},{"floor":15,"key":"RECALL"}],"circlet_count":0,"master_deck":["alterego_mod:Strike","alterego_mod:Strike","alterego_mod:Strike","alterego_mod:Strike","alterego_mod:Defend","alterego_mod:Defend","alterego_mod:Defend","alterego_mod:Defend","alterego_mod:Impale","alterego_mod:BigMeatyClaws","alterego_mod:BrynhildrsRune","alterego_mod:MagicResistance","alterego_mod:Swimsuit","alterego_mod:Jiggle","alterego_mod:BustOut+1","alterego_mod:Nekomimi+1","alterego_mod:MagicResistance","alterego_mod:Birthday","alterego_mod:Bounce","alterego_mod:Mirror","alterego_mod:RidiculouslyBig","alterego_mod:TrickOrTreatment","alterego_mod:DiscoLights","alterego_mod:Exercise","alterego_mod:GoddessCore","alterego_mod:DiscoLights+1"],"relics":["alterego_mod:MasochisticConstitution","DemoMod:WhiteGuonStone","Vajra","theSenshi:SuperSailorFukuRelic","Blood Vial"],"acts_visited":["Exordium","TheCity"],"potions_floor_usage":[5,7,14,14,16,18,21,22,23,23],"damage_taken":[{"damage":18,"enemies":"Cultist","floor":1,"turns":6},{"damage":0,"enemies":"Small Slimes","floor":5,"turns":7},{"damage":5,"enemies":"Jaw Worm","floor":7,"turns":7},{"damage":4,"enemies":"Exordium Wildlife","floor":11,"turns":9},{"damage":2,"enemies":"3 Louse","floor":13,"turns":5},{"damage":0,"enemies":"Lagavulin","floor":14,"turns":8},{"damage":35,"enemies":"The Guardian","floor":16,"turns":10},{"damage":14,"enemies":"2 Thieves","floor":18,"turns":5},{"damage":25,"enemies":"3 Byrds","floor":19,"turns":6},{"damage":20,"enemies":"Snake Plant","floor":21,"turns":8},{"damage":41,"enemies":"Cultist and Chosen","floor":22,"turns":14},{"damage":47,"enemies":"Gremlin Leader","floor":23,"turns":6}],"seed_played":"871566622425743044","potions_obtained":[{"floor":1,"key":"AttackPotion"},{"floor":3,"key":"sneckomod:MuddlingPotion"},{"floor":7,"key":"Reflective Coating"},{"floor":11,"key":"Dexterity Potion"},{"floor":14,"key":"ColorlessPotion"},{"floor":19,"key":"Energy Potion"},{"floor":21,"key":"DemoMod:LeadSkinPotion"},{"floor":22,"key":"sneckomod:MuddlingPotion"}],"is_trial":false,"path_per_floor":["M","$","?","?","M","R","M","R","T","$","M","T","M","E","R","B",null,"M","M","?","M","M","E"],"character_chosen":"The_Alterego","items_purchased":["alterego_mod:Swimsuit","alterego_mod:Jiggle","theSenshi:SuperSailorFukuRelic"],"campfire_rested":0,"item_purchase_floors":[2,2,10],"current_hp_per_floor":[53,53,25,25,50,50,53,53,53,53,73,73,74,74,74,42,75,76,54,54,49,30,0,0],"gold":322,"neow_bonus":"TWO_FIFTY_GOLD","is_daily":false,"chose_seed":false,"campfire_upgraded":2,"win_rate":0.0,"timestamp":1609490807,"path_taken":["M","$","?","?","M","R","M","R","T","$","M","?","?","E","R","BOSS","M","M","?","M","?","E"],"items_purchased_type":["Card","Card","Relic"],"build_version":"2020-12-22","purchased_purges":1,"victory":false,"max_hp_per_floor":[71,71,71,71,71,71,72,72,72,72,73,73,74,74,74,75,75,76,77,77,78,79,79,79],"card_choices":[{"not_picked":["alterego_mod:BiFurious","alterego_mod:BeGentle"],"picked":"alterego_mod:MagicResistance","floor":1},{"not_picked":["alterego_mod:Jiggle","alterego_mod:Undulate"],"picked":"alterego_mod:BustOut","floor":3},{"not_picked":["alterego_mod:Exercise","alterego_mod:HighServant"],"picked":"alterego_mod:Nekomimi","floor":3},{"not_picked":["alterego_mod:BoobPocket","alterego_mod:Maid"],"picked":"alterego_mod:MagicResistance","floor":5},{"not_picked":["alterego_mod:Undulate","alterego_mod:Belle"],"picked":"alterego_mod:Birthday","floor":7},{"not_picked":["alterego_mod:Cycle","alterego_mod:Complex"],"picked":"alterego_mod:Bounce","floor":11},{"not_picked":["alterego_mod:BreastValley","alterego_mod:Punishment"],"picked":"alterego_mod:Mirror","floor":13},{"not_picked":["alterego_mod:Lingerie","alterego_mod:Alter"],"picked":"alterego_mod:RidiculouslyBig","floor":14},{"not_picked":["alterego_mod:GIGAMILK","alterego_mod:Antipathy"],"picked":"alterego_mod:TrickOrTreatment","floor":16},{"not_picked":["alterego_mod:BeGentle+1","alterego_mod:SuperDuperMasochism"],"picked":"alterego_mod:DiscoLights","floor":18},{"not_picked":["alterego_mod:Bloomers","alterego_mod:Swimsuit+1"],"picked":"alterego_mod:Exercise","floor":19},{"not_picked":["alterego_mod:Collar","alterego_mod:TrashNCrash"],"picked":"alterego_mod:GoddessCore","floor":21},{"not_picked":["alterego_mod:BoobPocket","alterego_mod:SakuraFive"],"picked":"alterego_mod:DiscoLights+1","floor":22}],"player_experience":1062226,"relics_obtained":[{"floor":3,"key":"DemoMod:WhiteGuonStone"},{"floor":9,"key":"Vajra"},{"floor":14,"key":"Blood Vial"}],"event_choices":[{"damage_healed":0,"gold_gain":100,"player_choice":"Pray","damage_taken":0,"max_hp_gain":0,"max_hp_loss":0,"event_name":"Golden Shrine","floor":20,"gold_loss":0}],"is_beta":false,"boss_relics":[{"not_picked":["hubris:VirtuousBlindfold","Coffee Dripper","Sozu"]}],"items_purged_floors":[2],"is_endless":false,"potions_floor_spawned":[1,7,11,14,19,21,22],"killed_by":"Gremlin Leader","ascension_level":0}}