{"host":"axuns55dzq466eei","time":1609471275,"event":{"mods":["BaseMod","Colored Map","Keyboard Shortcuts","Minty Spire (QoL Compilation)","StSLib","SuperFastMode"],"gold_per_floor":[111,131,43,43,57,92,92,92,92],"floor_reached":8,"playtime":185,"items_purged":[],"score":112,"play_id":"08997863-df37-4ab5-9072-fa59302587d0","local_time":"20210101122115","is_ascension_mode":true,"campfire_choices":[{"floor":7,"key":"REST"}],"circlet_count":0,"master_deck":["AscendersBane","Strike_G","Strike_G","Strike_G","Strike_G","Strike_G","Defend_G","Defend_G","Defend_G","Defend_G","Survivor","Neutralize","Well Laid Plans","Infinite Blades","Crippling Poison","Blade Dance"],"relics":["Ring of the Snake","Matryoshka"],"acts_visited":[],"potions_floor_usage":[6,6],"damage_taken":[{"damage":4.0,"enemies":"2 Louse","floor":1.0,"turns":4.0},{"damage":1.0,"enemies":"Small Slimes","floor":2.0,"turns":4.0},{"damage":3.0,"enemies":"Cultist","floor":5.0,"turns":4.0},{"damage":36,"enemies":"Gremlin Nob","floor":6,"turns":6},{"damage":35,"enemies":"Lagavulin","floor":8,"turns":7}],"seed_played":"942640824186745544","potions_obtained":[{"floor":1.0,"key":"ColorlessPotion"},{"floor":5.0,"key":"Block Potion"}],"is_trial":false,"path_per_floor":["M","M","$","?","M","E","R","E"],"character_chosen":"THE_SILENT","items_purchased":["Crippling Poison"],"campfire_rested":1,"item_purchase_floors":[3],"current_hp_per_floor":[55,54,54,54,51,15,34,0,0],"gold":92,"neow_bonus":"REMOVE_CARD","is_daily":false,"chose_seed":false,"campfire_upgraded":0,"win_rate":0.0,"timestamp":1609471275,"path_taken":["M","M","$","?","M","E","R","E"],"items_purchased_type":["Card"],"build_version":"2020-12-22","purchased_purges":0,"victory":false,"max_hp_per_floor":[66,66,66,66,66,66,66,66,66],"card_choices":[{"not_picked":["Riddle With Holes","Deadly Poison"],"picked":"Well Laid Plans","floor":1.0},{"not_picked":["Leg Sweep","Flechettes"],"picked":"Infinite Blades","floor":2.0},{"not_picked":["Choke","Flying Knee"],"picked":"Blade Dance","floor":5.0},{"not_picked":["PiercingWail","Slice","Underhanded Strike"],"picked":"SKIP","floor":6}],"player_experience":1039641,"relics_obtained":[{"floor":6,"key":"Matryoshka"}],"event_choices":[{"damage_healed":0.0,"max_hp_gain":0.0,"max_hp_loss":0.0,"gold_gain":0.0,"event_name":"Golden Idol","player_choice":"Ignored","floor":4.0,"gold_loss":0.0,"damage_taken":0.0}],"is_beta":false,"boss_relics":[],"items_purged_floors":[],"is_endless":false,"potions_floor_spawned":[1,5],"killed_by":"Lagavulin","ascension_level":20}}