{"host":"vq5i29tex7kibjh3","time":1609527385,"event":{"mods":["A Magickal Journey","AchievementEnabler","Act Like it!","Arknights The Spire","BaseMod","Better Altar","Better Match","Better Note","Better Sensory Stone","Better Skull","Better Third Choice","ChefMod","Conspire","Downfall","Gensokyo","Halation","Hermit","Hubris","Ironclad Rager","LagranYue(???·?)","Mari Mod (Legacy)","Mari\u0027s V1 Patch","Marisa????????","Minty Spire (QoL Compilation)","Pale of the Ancients","Permanent Neow","Relic Stats","Remilia??????","Replay The Spire","Robot Space Explorer","Spicy Shops","StSLib","The Bladedancer","The Blue Laboratory","The Caster","The Cursed","The Factory","The Gatherer","The Hierophant","The Marked","TheHero","TheLocksmith","Yuri Mod"],"gold_per_floor":[112,127,141,155,155,186,186,57,57,68,85,109,109,274,274,370,370,388,388,399,399,418,418,452,452,452,452,452,452,465,465,480,495,495,495,495],"floor_reached":35,"playtime":1738,"items_purged":[],"score":331,"play_id":"0eceba6c-140b-4cf0-a533-7be54e079d90","local_time":"20210101105625","is_ascension_mode":false,"campfire_choices":[{"floor":7,"key":"REST"},{"data":"Perfected Strike","floor":15,"key":"SMITH"},{"data":"Gensokyo:FourOfAKind","floor":23,"key":"SMITH"},{"data":"Gensokyo:FourOfAKind","floor":25,"key":"SMITH"},{"data":"Perfected Strike","floor":34,"key":"SMITH"}],"circlet_count":0,"master_deck":["Strike_R","Strike_R","Strike_R","Strike_R","Strike_R","Defend_R","Defend_R","Pommel Strike","Pommel Strike","Perfected Strike+1","Flex","Perfected Strike","Perfected Strike","Clash","Gensokyo:FourOfAKind+1","Gensokyo:FourOfAKind+1","Gensokyo:FourOfAKind","Gensokyo:FourOfAKind","Twin Strike","Twin Strike","Perfected Strike+1"],"relics":["Burning Blood","LagranYue:RandomDrawCardRelic","Ring of Panic","ReplayTheSpireMod:Ring of Addiction","Chameleon Ring","SacredBark","hubris:TenFootPole","King of Hearts","hubris:BundleOfHerbs","LagranYue:WskJewelryRelic","Empty Cage","LagranYue:MagicReflectiveArmorRelic","Replay:Bottled Steam","Counterbalance"],"acts_visited":["Gensokyo:Gensokyo","Gensokyo:Gensokyoer"],"potions_floor_usage":[10,11,16,16,16,22,30,33],"damage_taken":[{"damage":8,"enemies":"Gensokyo:2_Kodama","floor":1,"turns":6},{"damage":0,"enemies":"Gensokyo:Python","floor":2,"turns":2},{"damage":4,"enemies":"Gensokyo:3_Fairies","floor":3,"turns":3},{"damage":0,"enemies":"Gensokyo:LivingMonolith","floor":4,"turns":2},{"damage":60,"enemies":"Gensokyo:Cirno","floor":6,"turns":9},{"damage":16,"enemies":"Gensokyo:Gryphon_and_Rabbit","floor":10,"turns":4},{"damage":0,"enemies":"Gensokyo:VengefulSpirit","floor":11,"turns":2},{"damage":14,"enemies":"Gensokyo:Kitsune","floor":14,"turns":4},{"damage":23,"enemies":"Gensokyo:Yukari","floor":16,"turns":7},{"damage":0,"enemies":"Gensokyo:Chomper","floor":18,"turns":2},{"damage":0,"enemies":"Gensokyo:CosmicMonolith","floor":20,"turns":1},{"damage":0,"enemies":"Gensokyo:Slime_Group","floor":22,"turns":3},{"damage":8,"enemies":"Gensokyo:Reisen","floor":24,"turns":2},{"damage":0,"enemies":"Gensokyo:3_Gloops","floor":30,"turns":3},{"damage":9,"enemies":"Gensokyo:Mirror_and_Dog","floor":32,"turns":3},{"damage":16,"enemies":"Gensokyo:Slime_Group","floor":33,"turns":3},{"damage":54,"enemies":"Gensokyo:Eternal_Rivals","floor":35,"turns":2}],"seed_played":"6459759075974350381","potions_obtained":[{"floor":4,"key":"LiquidBronze"},{"floor":5,"key":"Adrenaline Potion"},{"floor":5,"key":"Languid Potion"},{"floor":10,"key":"AttackPotion"},{"floor":11,"key":"blueLaboratory:PyrophylliteBrew"},{"floor":14,"key":"blueLaboratory:IronCompound"},{"floor":18,"key":"Weak Potion"},{"floor":20,"key":"Guardian:BlockOnCardUsePotion"},{"floor":24,"key":"Adrenaline Potion"},{"floor":31,"key":"blueLaboratory:RecallPotion"},{"floor":31,"key":"blueLaboratory:CorrosionFlask"},{"floor":33,"key":"SkillPotion"}],"is_trial":false,"path_per_floor":["M","M","M","M","?","E","R","COS","T","M","M","?","?","M","R","B",null,"M","?","M","?","M","R","E","R","T","PTL","PTL","?","M","R","M","M","R","B"],"character_chosen":"IRONCLAD","items_purchased":[],"campfire_rested":1,"item_purchase_floors":[],"current_hp_per_floor":[70,76,78,84,84,30,58,58,58,48,54,43,52,59,59,45,101,101,71,69,69,69,69,67,67,67,67,67,60,60,60,57,47,47,0,0],"gold":495,"neow_bonus":"TWENTY_PERCENT_HP_BONUS","is_daily":false,"chose_seed":false,"campfire_upgraded":4,"win_rate":0.0,"timestamp":1609527385,"path_taken":["M","M","M","M","?","E","R","COS","T","M","M","?","?","M","R","BOSS","M","?","M","?","M","R","E","R","T","PTL","PTL","?","M","R","M","M","R","BOSS"],"items_purchased_type":[],"build_version":"2020-12-22","purchased_purges":0,"victory":false,"max_hp_per_floor":[96,96,96,96,96,96,96,96,94,94,94,94,103,103,101,101,101,101,71,69,69,69,69,69,69,67,67,67,60,60,60,60,60,60,60,60],"relic_stats":{"counters":[17,58],"obtain_stats":[{"LagranYue:RandomDrawCardRelic":0,"ReplayTheSpireMod:Ring of Addiction":5,"SacredBark":5,"Counterbalance":29,"King of Hearts":9,"Empty Cage":17,"LagranYue:MagicReflectiveArmorRelic":24,"Burning Blood":0,"LagranYue:WskJewelryRelic":16,"Chameleon Ring":5,"hubris:BundleOfHerbs":12,"hubris:TenFootPole":6,"Bag of Marbles":14,"Ring of Panic":5,"Replay:Bottled Steam":26},{"LagranYue:RandomDrawCardRelic":0,"ReplayTheSpireMod:Ring of Addiction":4,"SacredBark":4,"Counterbalance":13,"King of Hearts":5,"Empty Cage":9,"LagranYue:MagicReflectiveArmorRelic":13,"Burning Blood":0,"LagranYue:WskJewelryRelic":9,"Chameleon Ring":4,"hubris:BundleOfHerbs":7,"hubris:TenFootPole":5,"Bag of Marbles":8,"Ring of Panic":4,"Replay:Bottled Steam":13},{"LagranYue:RandomDrawCardRelic":0,"ReplayTheSpireMod:Ring of Addiction":13,"SacredBark":13,"Counterbalance":47,"King of Hearts":22,"Empty Cage":39,"LagranYue:MagicReflectiveArmorRelic":47,"Burning Blood":0,"LagranYue:WskJewelryRelic":33,"Chameleon Ring":13,"hubris:BundleOfHerbs":28,"hubris:TenFootPole":22,"Bag of Marbles":29,"Ring of Panic":13,"Replay:Bottled Steam":47}],"Burning Blood":72},"card_choices":[{"not_picked":["Anger","hubris:ReadiedAction"],"picked":"Pommel Strike","floor":1},{"not_picked":["Anger","Armaments"],"picked":"Pommel Strike","floor":2},{"not_picked":["Wild Strike","Heavy Blade"],"picked":"Perfected Strike","floor":3},{"not_picked":["Searing Blow","Cleave"],"picked":"Flex","floor":4},{"not_picked":["hubris:CleavingFinish","Bludgeon"],"picked":"Perfected Strike","floor":6},{"not_picked":["Sentinel","Flex"],"picked":"Perfected Strike","floor":10},{"not_picked":["Defy Death","Dual Wield","Wild Strike"],"picked":"SKIP","floor":11},{"not_picked":["Havoc","Clothesline","Reckless Charge"],"picked":"SKIP","floor":14},{"not_picked":["Sever Soul","Warcry"],"picked":"Clash","floor":18},{"not_picked":["Feel No Pain+1","Havoc+1","conspire:ExplosiveBarrier+1"],"picked":"SKIP","floor":20},{"not_picked":["Whirlwind","Cleave","Sword Boomerang"],"picked":"SKIP","floor":22},{"not_picked":["Warcry","Sentinel+1","Wild Strike"],"picked":"SKIP","floor":24},{"not_picked":["Replay:Undeath\u0027s Touch+1","Massacre"],"picked":"Twin Strike","floor":30},{"not_picked":["Defy Death","Flex+1"],"picked":"Twin Strike","floor":32},{"not_picked":["Searing Blow","Shrug It Off"],"picked":"Perfected Strike","floor":33}],"player_experience":225392,"relics_obtained":[{"floor":5,"key":"Ring of Panic"},{"floor":5,"key":"ReplayTheSpireMod:Ring of Addiction"},{"floor":5,"key":"Chameleon Ring"},{"floor":5,"key":"SacredBark"},{"floor":6,"key":"hubris:TenFootPole"},{"floor":9,"key":"King of Hearts"},{"floor":12,"key":"hubris:BundleOfHerbs"},{"floor":24,"key":"LagranYue:MagicReflectiveArmorRelic"},{"floor":26,"key":"Replay:Bottled Steam"}],"event_choices":[],"is_beta":false,"boss_relics":[{"not_picked":["hubris:RunicObelisk","halation:PlatinumPhoenix"],"picked":"Empty Cage"}],"items_purged_floors":[],"is_endless":false,"potions_floor_spawned":[4,10,11,14,18,20,24,33],"killed_by":"Gensokyo:Eternal_Rivals","ascension_level":0}}