{"host":"SteinPartDos","time":1609540241,"event":{"mods":["BaseMod","Colored Map","Minty Spire (QoL Compilation)","StSLib"],"gold_per_floor":[119,137,87,87,104,133,133,133,185,214,214,314,342,374,386,501,513,535,559,589,621,633,670,682,725,737,335,335,348,362,389,389,487,487,501,519,272,323,127,127,157,157,157,174,174,208,223,234,234,234,234,234,3,37,37],"floor_reached":56,"playtime":1683,"items_purged":["Strike_R","Strike_R","Strike_R","Parasite"],"score":1488,"play_id":"96c99dc7-3a71-40fd-aa36-1603f09ab340","local_time":"20210101173041","is_ascension_mode":true,"campfire_choices":[{"data":"Whirlwind","floor":7.0,"key":"SMITH"},{"data":"Uppercut","floor":11.0,"key":"SMITH"},{"data":"Demon Form","floor":15.0,"key":"SMITH"},{"data":"Feed","floor":24.0,"key":"SMITH"},{"data":"Panacea","floor":28.0,"key":"SMITH"},{"floor":32.0,"key":"REST"},{"floor":40.0,"key":"RECALL"},{"data":"Disarm","floor":42.0,"key":"SMITH"},{"data":"Disarm","floor":45,"key":"SMITH"},{"data":"Impervious","floor":49,"key":"SMITH"},{"data":"Metallicize","floor":52,"key":"SMITH"}],"circlet_count":0,"master_deck":["Strike_R","Defend_R","Defend_R","Defend_R","Defend_R","Bash","Whirlwind+1","Uppercut+1","Battle Trance","Pommel Strike","Demon Form+1","Feed+1","Inflame","Thunderclap","Magnetism","Panacea+1","Metallicize+1","Flame Barrier","Heavy Blade","Fiend Fire","Sword Boomerang+1","Disarm+1","Disarm+1","Pummel+1","Heavy Blade+1","Impervious+1","Armaments+1","Metallicize"],"relics":["Velvet Choker","Potion Belt","Juzu Bracelet","Pen Nib","Kunai","MawBank","Runic Dome","Shuriken","Mango","Bottled Flame","Orichalcum","Runic Pyramid","Bag of Marbles","Thread and Needle","Mummified Hand","MealTicket","Lantern"],"acts_visited":["Exordium","TheCity","TheBeyond","TheEnding"],"potions_floor_usage":[47,55,55,55,55,55,55,55,55,55],"damage_taken":[{"damage":1.0,"enemies":"Cultist","floor":1.0,"turns":3.0},{"damage":0.0,"enemies":"2 Louse","floor":2.0,"turns":1.0},{"damage":0.0,"enemies":"Small Slimes","floor":5.0,"turns":2.0},{"damage":10.0,"enemies":"Gremlin Nob","floor":6.0,"turns":3.0},{"damage":11.0,"enemies":"Lagavulin","floor":10.0,"turns":5.0},{"damage":0.0,"enemies":"Gremlin Nob","floor":13.0,"turns":2.0},{"damage":0.0,"enemies":"Gremlin Gang","floor":14.0,"turns":1.0},{"damage":13.0,"enemies":"Hexaghost","floor":16.0,"turns":4.0},{"damage":3.0,"enemies":"Shell Parasite","floor":18.0,"turns":3.0},{"damage":8.0,"enemies":"Spheric Guardian","floor":19.0,"turns":4.0},{"damage":18.0,"enemies":"Snecko","floor":20.0,"turns":5.0},{"damage":0.0,"enemies":"3 Cultists","floor":21.0,"turns":2.0},{"damage":0.0,"enemies":"Slavers","floor":23.0,"turns":1.0},{"damage":12.0,"enemies":"Book of Stabbing","floor":25.0,"turns":3.0},{"damage":10.0,"enemies":"Chosen and Byrds","floor":29.0,"turns":3.0},{"damage":0.0,"enemies":"Snake Plant","floor":30.0,"turns":1.0},{"damage":31.0,"enemies":"Slavers","floor":31.0,"turns":8.0},{"damage":51.0,"enemies":"Automaton","floor":33.0,"turns":7.0},{"damage":0.0,"enemies":"3 Shapes","floor":35.0,"turns":1.0},{"damage":0.0,"enemies":"3 Darklings","floor":36.0,"turns":1.0},{"damage":24.0,"enemies":"2 Orb Walkers","floor":38.0,"turns":2.0},{"damage":0.0,"enemies":"Nemesis","floor":41.0,"turns":3.0},{"damage":0,"enemies":"Writhing Mass","floor":44,"turns":5},{"damage":13,"enemies":"Giant Head","floor":46,"turns":7},{"damage":6,"enemies":"Sphere and 2 Shapes","floor":47,"turns":3},{"damage":0,"enemies":"Transient","floor":48,"turns":5},{"damage":41,"enemies":"Awakened One","floor":50,"turns":9},{"damage":1,"enemies":"Shield and Spear","floor":54,"turns":4},{"damage":107,"enemies":"The Heart","floor":55,"turns":8}],"seed_played":"670735241912508004","potions_obtained":[{"floor":8.0,"key":"Explosive Potion"},{"floor":8.0,"key":"AttackPotion"},{"floor":8.0,"key":"Explosive Potion"},{"floor":10.0,"key":"FearPotion"},{"floor":13.0,"key":"FearPotion"},{"floor":14.0,"key":"SkillPotion"},{"floor":19.0,"key":"SteroidPotion"},{"floor":20.0,"key":"Fruit Juice"},{"floor":29.0,"key":"EntropicBrew"},{"floor":30.0,"key":"Ancient Potion"},{"floor":35.0,"key":"Dexterity Potion"},{"floor":41.0,"key":"SkillPotion"},{"floor":46,"key":"EntropicBrew"}],"is_trial":false,"path_per_floor":["M","M","?","?","M","E","R","?","T","E","R","?","E","M","R","B",null,"M","M","M","M","?","E","R","E","T","$","R","M","M","E","R","B",null,"M","M","$","?","$","R","E","R","T","M","R","E","M","M","R","B",null,"R","$","E","B",null],"character_chosen":"IRONCLAD","items_purchased":["Magnetism","Panacea","Metallicize","Bag of Marbles","Disarm","Metallicize"],"campfire_rested":1,"item_purchase_floors":[27,27,27,37,39,53],"current_hp_per_floor":[79,79,79,76,76,66,66,66,66,55,55,55,55,55,55,42,80,80,75,60,65,65,65,65,67,67,67,67,61,61,34,68,17,116,116,116,116,96,96,96,96,96,96,100,100,91,85,85,85,48,132,132,129,132,25],"gold":37,"neow_bonus":"BOSS_RELIC","is_daily":false,"chose_seed":false,"campfire_upgraded":9,"win_rate":0.0,"timestamp":1609540241,"path_taken":["M","M","?","?","M","E","R","?","T","E","R","?","E","M","R","BOSS","M","M","M","M","?","E","R","E","T","$","R","M","M","E","R","BOSS","M","M","$","?","$","R","E","R","T","M","R","E","M","M","R","BOSS","R","$","E","BOSS"],"items_purchased_type":["Card","Card","Card","Relic","Card","Card"],"build_version":"2020-12-18","purchased_purges":4,"victory":true,"max_hp_per_floor":[80,80,80,80,80,80,80,80,80,80,80,80,80,80,80,80,80,83,86,89,94,94,94,94,108,108,108,108,112,112,116,116,116,116,116,116,116,120,120,120,120,120,120,124,124,128,128,128,128,132,132,132,129,133,133],"card_choices":[{"not_picked":["Pommel Strike","Thunderclap"],"picked":"Whirlwind","floor":1.0},{"not_picked":["Clothesline","Heavy Blade"],"picked":"Uppercut","floor":2.0},{"not_picked":["Perfected Strike","Feel No Pain"],"picked":"Battle Trance","floor":5.0},{"not_picked":["Warcry","Body Slam","Dark Embrace"],"picked":"SKIP","floor":6.0},{"not_picked":["Cleave","Fire Breathing"],"picked":"Pommel Strike","floor":10.0},{"not_picked":["Perfected Strike","Dark Embrace","Entrench"],"picked":"SKIP","floor":13.0},{"not_picked":["Body Slam","Fire Breathing"],"picked":"Demon Form","floor":14.0},{"not_picked":["Fiend Fire","Reaper"],"picked":"Feed","floor":16.0},{"not_picked":["True Grit","Uppercut","Cleave"],"picked":"SKIP","floor":18.0},{"not_picked":["Blood for Blood","Sever Soul+1","Flex+1"],"picked":"SKIP","floor":19.0},{"not_picked":["True Grit","Iron Wave+1","Armaments"],"picked":"SKIP","floor":20.0},{"not_picked":["Armaments+1","True Grit"],"picked":"Inflame","floor":21.0},{"not_picked":["Fiend Fire","Searing Blow"],"picked":"Thunderclap","floor":23.0},{"not_picked":["Clash","Warcry","Combust"],"picked":"SKIP","floor":25.0},{"not_picked":["Twin Strike","Warcry"],"picked":"Flame Barrier","floor":29.0},{"not_picked":["Clothesline","Feel No Pain"],"picked":"Heavy Blade","floor":30.0},{"not_picked":["Cleave","Clash+1","Demon Form"],"picked":"SKIP","floor":31.0},{"not_picked":["Feed","Brutality"],"picked":"Fiend Fire","floor":33.0},{"not_picked":["Rampage","Bloodletting+1","Combust+1"],"picked":"SKIP","floor":35.0},{"not_picked":["Warcry","Iron Wave+1"],"picked":"Sword Boomerang+1","floor":36.0},{"not_picked":["Perfected Strike+1","Burning Pact+1"],"picked":"Disarm","floor":38.0},{"not_picked":["Intimidate","Warcry+1"],"picked":"Pummel+1","floor":41.0},{"not_picked":["Anger+1","Bloodletting"],"picked":"Heavy Blade+1","floor":44},{"not_picked":["Perfected Strike","Blood for Blood","Twin Strike"],"picked":"SKIP","floor":46},{"not_picked":["Pommel Strike","Body Slam+1"],"picked":"Impervious","floor":47},{"not_picked":["Dark Embrace+1","Flex"],"picked":"Armaments+1","floor":48},{"not_picked":["Whirlwind","Brutality","Flex+1"],"picked":"SKIP","floor":54}],"player_experience":8245,"relics_obtained":[{"floor":6.0,"key":"Juzu Bracelet"},{"floor":9.0,"key":"Pen Nib"},{"floor":10.0,"key":"Kunai"},{"floor":13.0,"key":"MawBank"},{"floor":23.0,"key":"Shuriken"},{"floor":25.0,"key":"Mango"},{"floor":26.0,"key":"Bottled Flame"},{"floor":31.0,"key":"Orichalcum"},{"floor":38.0,"key":"Thread and Needle"},{"floor":41.0,"key":"Mummified Hand"},{"floor":46,"key":"MealTicket"},{"floor":54,"key":"Lantern"}],"event_choices":[{"cards_removed":["Strike_R"],"damage_healed":0.0,"max_hp_gain":0.0,"max_hp_loss":0.0,"gold_gain":0.0,"event_name":"The Cleric","player_choice":"Card Removal","floor":3.0,"gold_loss":50.0,"damage_taken":0.0},{"damage_healed":0.0,"max_hp_gain":0.0,"max_hp_loss":0.0,"gold_gain":0.0,"event_name":"Scrap Ooze","player_choice":"Success","floor":4.0,"gold_loss":0.0,"damage_taken":3.0,"relics_obtained":["Potion Belt"]},{"damage_healed":0.0,"max_hp_gain":0.0,"max_hp_loss":0.0,"gold_gain":0.0,"event_name":"Lab","player_choice":"Got Potions","floor":8.0,"gold_loss":0.0,"damage_taken":0.0},{"damage_healed":0.0,"max_hp_gain":0.0,"max_hp_loss":0.0,"gold_gain":100.0,"event_name":"Golden Shrine","player_choice":"Pray","floor":12.0,"gold_loss":0.0,"damage_taken":0.0},{"damage_healed":0.0,"max_hp_gain":0.0,"max_hp_loss":0.0,"gold_gain":0.0,"event_name":"Match and Keep!","player_choice":"0 cards matched","floor":22.0,"gold_loss":0.0,"damage_taken":0.0,"cards_obtained":[]},{"damage_healed":0.0,"max_hp_gain":0.0,"max_hp_loss":0.0,"gold_gain":0.0,"event_name":"Mysterious Sphere","player_choice":"Fight","floor":38.0,"gold_loss":0.0,"damage_taken":0.0}],"is_beta":true,"boss_relics":[{"not_picked":["Sozu","SacredBark"],"picked":"Runic Dome"},{"not_picked":["Calling Bell","Philosopher\u0027s Stone"],"picked":"Runic Pyramid"}],"items_purged_floors":[27,37,39,53],"is_endless":false,"potions_floor_spawned":[10,13,14,16,19,20,29,30,35,41,44,46],"ascension_level":1}}