{"host":"fxrgx7wt2cpkbhka","time":1609500369,"event":{"mods":["AchievementEnabler","BaseMod","Colored Powertips","Minty Spire (QoL Compilation)","Permanent Neow","Slay-I","StSLib","Waifu the Spire"],"gold_per_floor":[118,45,45,65,82,82,102,131,155,155,190,190,34,47,47,151,151,164,178,178,278,290,290,31,42,66,66,82,94,94,109,109,109,109],"floor_reached":33,"playtime":1230,"items_purged":[],"score":373,"play_id":"0ebbc0d8-2d5c-4be9-930b-91f96cf77a20","local_time":"20210101032609","is_ascension_mode":true,"campfire_choices":[{"data":"Footwork","floor":6,"key":"SMITH"},{"data":"Dodge and Roll","floor":10,"key":"SMITH"},{"data":"Neutralize","floor":12,"key":"SMITH"},{"data":"Dash","floor":15,"key":"SMITH"},{"data":"Malaise","floor":23,"key":"SMITH"},{"data":"Poisoned Stab","floor":27,"key":"SMITH"},{"floor":30,"key":"REST"},{"data":"Corpse Explosion","floor":32,"key":"SMITH"}],"circlet_count":0,"master_deck":["Strike_G","Strike_G","Strike_G","Strike_G","Defend_G","Defend_G","Defend_G","Defend_G","Defend_G","Survivor","Neutralize+1","Corpse Explosion+1","Dodge and Roll+1","Footwork+1","Dagger Throw","Deadly Poison","Poisoned Stab+1","Dash+1","Malaise+1","Blur+1","Cloak And Dagger+1","Necronomicurse","Bane+1","Poisoned Stab+1","Finisher+1"],"relics":["Ring of the Serpent","Odd Mushroom","Blood Vial","Bronze Scales","Kunai","Lee\u0027s Waffle","Necronomicon","Molten Egg 2","Oddly Smooth Stone"],"acts_visited":["Exordium","TheCity"],"potions_floor_usage":[25,33,33],"damage_taken":[{"damage":5,"enemies":"Jaw Worm","floor":1,"turns":5},{"damage":0,"enemies":"Cultist","floor":4,"turns":5},{"damage":3,"enemies":"Small Slimes","floor":5,"turns":2},{"damage":2,"enemies":"The Mushroom Lair","floor":7,"turns":2},{"damage":8,"enemies":"Lagavulin","floor":8,"turns":8},{"damage":22,"enemies":"Gremlin Nob","floor":11,"turns":5},{"damage":0,"enemies":"Looter","floor":14,"turns":4},{"damage":18,"enemies":"Hexaghost","floor":16,"turns":10},{"damage":4,"enemies":"Shell Parasite","floor":18,"turns":8},{"damage":18,"enemies":"2 Thieves","floor":19,"turns":3},{"damage":12,"enemies":"Cultist and Chosen","floor":22,"turns":5},{"damage":0,"enemies":"Snake Plant","floor":25,"turns":4},{"damage":0,"enemies":"Centurion and Healer","floor":28,"turns":6},{"damage":3,"enemies":"Cultist and Chosen","floor":29,"turns":7},{"damage":4,"enemies":"Chosen and Byrds","floor":31,"turns":7},{"damage":58,"enemies":"Automaton","floor":33,"turns":12}],"seed_played":"6647845800259328307","potions_obtained":[{"floor":1,"key":"BlessingOfTheForge"},{"floor":4,"key":"Poison Potion"},{"floor":7,"key":"DistilledChaos"},{"floor":29,"key":"ColorlessPotion"}],"is_trial":false,"path_per_floor":["M","$","?","M","M","R","?","E","T","R","E","R","$","M","R","B",null,"M","M","?","?","M","R","$","M","T","R","M","M","R","M","R","B"],"character_chosen":"THE_SILENT","items_purchased":["Footwork","Lee\u0027s Waffle","Molten Egg 2"],"campfire_rested":1,"item_purchase_floors":[2,13,24],"current_hp_per_floor":[58,58,58,58,55,55,53,45,45,45,25,25,77,77,77,59,73,71,55,39,39,29,29,29,31,31,31,33,32,55,53,53,0,0],"gold":109,"neow_bonus":"ONE_RANDOM_RARE_CARD","is_daily":false,"chose_seed":false,"campfire_upgraded":7,"win_rate":0.0,"timestamp":1609500369,"path_taken":["M","$","?","?","M","R","?","E","T","R","E","R","$","M","R","BOSS","M","M","?","?","M","R","$","M","T","R","?","M","R","M","R","BOSS"],"items_purchased_type":["Card","Relic","Relic"],"build_version":"2020-12-22","purchased_purges":0,"victory":false,"max_hp_per_floor":[70,70,70,70,70,70,70,70,70,70,70,70,77,77,77,77,77,77,77,77,77,77,77,77,77,77,77,77,77,77,77,77,77,77],"card_choices":[{"not_picked":["Flying Knee","Expertise"],"picked":"Dodge and Roll","floor":1},{"not_picked":["Concentrate","Infinite Blades"],"picked":"Dagger Throw","floor":4},{"not_picked":["Choke","Deflect"],"picked":"Deadly Poison","floor":5},{"not_picked":["Calculated Gamble","Reflex"],"picked":"Poisoned Stab","floor":7},{"not_picked":["Venomology","Cloak And Dagger","Underhanded Strike"],"picked":"SKIP","floor":8},{"not_picked":["Slice","Distraction","Acrobatics"],"picked":"SKIP","floor":11},{"not_picked":["Bane","Backflip"],"picked":"Dash","floor":14},{"not_picked":["Storm of Steel","Glass Knife"],"picked":"Malaise","floor":16},{"not_picked":["Accuracy+1","Backflip"],"picked":"Blur+1","floor":18},{"not_picked":["Backflip","Concentrate"],"picked":"Cloak And Dagger+1","floor":19},{"not_picked":["Setup","Accuracy","Quick Slash"],"picked":"SKIP","floor":22},{"not_picked":["Slice+1","Riddle With Holes+1","Deadly Poison"],"picked":"SKIP","floor":25},{"not_picked":["Prepared","Terror"],"picked":"Bane+1","floor":28},{"not_picked":["PiercingWail","Bane+1"],"picked":"Poisoned Stab+1","floor":29},{"not_picked":["Flechettes+1","Distraction+1"],"picked":"Finisher+1","floor":31}],"player_experience":691430,"relics_obtained":[{"floor":7,"key":"Odd Mushroom"},{"floor":8,"key":"Blood Vial"},{"floor":9,"key":"Bronze Scales"},{"floor":11,"key":"Kunai"},{"floor":20,"key":"Necronomicon"},{"floor":26,"key":"Oddly Smooth Stone"}],"event_choices":[{"cards_removed":["Strike_G"],"damage_healed":0,"gold_gain":0,"player_choice":"Offered Basic","damage_taken":0,"max_hp_gain":0,"max_hp_loss":0,"event_name":"Bonfire Elementals","floor":3,"gold_loss":0},{"damage_healed":0,"gold_gain":0,"player_choice":"Fought Mushrooms","damage_taken":0,"max_hp_gain":0,"max_hp_loss":0,"event_name":"Mushrooms","floor":7,"gold_loss":0},{"damage_healed":0,"gold_gain":0,"player_choice":"Obtained Book","damage_taken":16,"max_hp_gain":0,"max_hp_loss":0,"event_name":"Cursed Tome","floor":20,"gold_loss":0},{"damage_healed":0,"gold_gain":100,"player_choice":"Pray","damage_taken":0,"max_hp_gain":0,"max_hp_loss":0,"event_name":"Golden Shrine","floor":21,"gold_loss":0}],"is_beta":false,"boss_relics":[{"not_picked":["Ectoplasm","Runic Pyramid"],"picked":"Ring of the Serpent"}],"items_purged_floors":[],"is_endless":false,"potions_floor_spawned":[1,4,7,8,16,18,22,29,31],"killed_by":"Automaton","ascension_level":9}}