{"host":"zpo0s982nnba8fjk","time":1609524327,"event":{"mods":["Act Like it!","BaseMod","Downfall","GifTheSpireLib","Hermit","Hubris","Infinite Spire","Jorbs\u0027s Wanderer Trilogy","Minty Spire (QoL Compilation)","Replay The Spire","StSLib","The Animator"],"gold_per_floor":[99,114,114,114,114,147,172,202,127,162,177,196,196,38,55,152,152,152,166,177,177,177,190,190,215,215,47,58,72,72,86,99,195,195,195,213,226,237,292,292,346,361,361,390,458,458,478,478,498,498],"floor_reached":51,"playtime":7464,"items_purged":["Regret","Guardian:Strike_Guardian"],"score":794,"play_id":"27fea42c-9dc1-4224-b525-d87c93c32ad8","local_time":"20210101190527","is_ascension_mode":false,"campfire_choices":[{"floor":9.0,"key":"REST"},{"data":"Guardian:BaubleBeam","floor":18.0,"key":"SMITH"},{"data":"Guardian:DecasProtection","floor":30,"key":"SMITH"},{"data":"Guardian:Strike_Guardian","floor":35,"key":"PURGE"},{"floor":43,"key":"RECALL"}],"circlet_count":0,"master_deck":["Guardian:Strike_Guardian+1","Guardian:Strike_Guardian","Guardian:Defend_Guardian","Guardian:Defend_Guardian+1","Guardian:Defend_Guardian","Guardian:Defend_Guardian","Guardian:CurlUp","Guardian:TwinSlam","Guardian:Reroute+1","infinitespire:Fortify","Guardian:BronzeArmor","Guardian:ChargeCore","Guardian:Incinerate","Guardian:ConstructionForm","Guardian:BronzeOrb","Guardian:DecasProtection+1","Guardian:BaubleBeam+1","AbeCurse","Guardian:Repulse","Guardian:PrismaticBarrier","Guardian:SpikerProtocol","Guardian:CrystalBeam+1","Guardian:Emergency+1","Guardian:CrystalBeam+1","Guardian:DonusPower+1","Guardian:Reroute+1","Guardian:BaubleBeam+1","Guardian:DonusPower+1","infinitespire:DeathsTouch"],"relics":["Guardian:ModeShifter","Guardian:PickAxe","CaptainsWheel","infinitespire:Satchel","HornCleat","downfall:HeartBlessingGreen","Centennial Puzzle","Abe\u0027s Treasure","ReplayTheSpireMod:Ninjato","hubris:BottledRain","infinitespire:Lucky Rock","hubris:EvacipatedBox","Coffee Dripper","Boot","Omamori","Toxic Egg 2","infinitespire:BottledMercury"],"acts_visited":["Exordium","TheCity","TheBeyond"],"potions_floor_usage":[],"damage_taken":[{"damage":4.0,"enemies":"Cultist","floor":2.0,"turns":5.0},{"damage":14.0,"enemies":"Lagavulin","floor":6.0,"turns":8.0},{"damage":26.0,"enemies":"Gremlin Nob","floor":8.0,"turns":6.0},{"damage":14.0,"enemies":"Replay:BlueRogue","floor":10.0,"turns":4.0},{"damage":3.0,"enemies":"Jaw Worm","floor":11.0,"turns":4.0},{"damage":0.0,"enemies":"Small Slimes","floor":12.0,"turns":3.0},{"damage":5.0,"enemies":"downfall:FleeingMerchant","floor":14.0,"turns":4.0},{"damage":0.0,"enemies":"3 Louse","floor":15.0,"turns":2.0},{"damage":4.0,"enemies":"downfall:Watcher","floor":16.0,"turns":10.0},{"damage":0.0,"enemies":"Chosen","floor":19.0,"turns":5.0},{"damage":0,"enemies":"Centurion and Healer","floor":20,"turns":6},{"damage":0,"enemies":"Snake Plant","floor":23,"turns":5},{"damage":9,"enemies":"Nightmare","floor":25,"turns":7},{"damage":0,"enemies":"downfall:FleeingMerchant","floor":27,"turns":4},{"damage":0,"enemies":"Snecko","floor":28,"turns":4},{"damage":0,"enemies":"Sentry and Sphere","floor":29,"turns":6},{"damage":8,"enemies":"Shelled Parasite and Fungi","floor":31,"turns":4},{"damage":0,"enemies":"Centurion and Healer","floor":32,"turns":6},{"damage":0,"enemies":"downfall:Defect","floor":33,"turns":10},{"damage":0,"enemies":"3 Shapes","floor":36,"turns":3},{"damage":0,"enemies":"Orb Walker","floor":37,"turns":3},{"damage":6,"enemies":"Jaw Worm Horde","floor":38,"turns":3},{"damage":3,"enemies":"Spire Growth","floor":42,"turns":4},{"damage":0,"enemies":"Giant Head","floor":44,"turns":12},{"damage":0,"enemies":"Maw","floor":47,"turns":5},{"damage":1,"enemies":"3 Darklings","floor":49,"turns":3},{"damage":2,"enemies":"downfall:Ironclad","floor":50,"turns":10}],"seed_played":"134705874756134570","potions_obtained":[{"floor":2.0,"key":"Guardian:BlockOnCardUsePotion"},{"floor":8.0,"key":"FearPotion"},{"floor":11.0,"key":"sneckomod:MuddlingPotion"},{"floor":25,"key":"Regen Potion"},{"floor":28,"key":"Block Potion"},{"floor":36,"key":"EntropicBrew"},{"floor":39,"key":"FairyPotion"}],"is_trial":false,"path_per_floor":["R","M","?","?","?","E","T","E","R","E","M","M","?","$","M","B",null,"R","M","M","?","?","M","T","NM","$","$","M","M","R","M","M","B",null,"R","M","M","M","?","?","T","M","R","E","T","?","M","AVR","M","B",null],"character_chosen":"GUARDIAN","items_purchased":["Guardian:BronzeOrb","infinitespire:Lucky Rock","hubris:EvacipatedBox","Guardian:Gem_Cyan"],"campfire_rested":1,"item_purchase_floors":[14,26,26,27],"current_hp_per_floor":[80,76,76,76,55,41,41,15,39,25,22,22,22,17,17,13,80,80,80,80,80,80,80,80,71,42,42,42,42,42,34,34,34,80,80,80,80,74,54,54,54,51,51,51,51,51,51,51,50,48],"gold":498,"neow_bonus":"RANDOM_COMMON_RELIC","is_daily":false,"chose_seed":false,"campfire_upgraded":2,"win_rate":0.0,"timestamp":1609524327,"path_taken":["R","M","?","?","?","E","T","E","R","E","M","M","?","$","M","BOSS","R","M","M","?","?","?","T","NM","?","$","?","M","R","M","M","BOSS","R","M","M","M","?","?","T","?","R","E","?","?","M","AVR","M","BOSS"],"items_purchased_type":["Card","Relic","Relic","Card"],"build_version":"2020-12-22","purchased_purges":2,"victory":true,"max_hp_per_floor":[80,80,80,80,80,80,80,80,80,80,80,80,80,80,80,80,80,80,80,80,80,80,80,80,80,80,80,80,80,80,80,80,80,80,80,80,80,80,80,80,80,80,80,80,80,80,80,80,80,80],"card_choices":[{"not_picked":["Guardian:WalkerClaw","Guardian:RollAttack"],"picked":"Guardian:Reroute","floor":2.0},{"not_picked":["infinitespire:Execution","infinitespire:Oblivion"],"picked":"infinitespire:Fortify","floor":5.0},{"not_picked":["Guardian:Harden","Guardian:Reroute"],"picked":"Guardian:Gem_Red","floor":6.0},{"not_picked":["Guardian:VentSteam","Guardian:Suspension"],"picked":"Guardian:BronzeArmor","floor":8.0},{"not_picked":["Guardian:Gem_Lightblue","Guardian:BronzeOrb"],"picked":"Guardian:Gem_Purple","floor":10.0},{"not_picked":["Guardian:SentryBeam","Guardian:MultiBeam"],"picked":"Guardian:ChargeCore","floor":11.0},{"not_picked":["Guardian:TemporalShield","Guardian:PiercingHide"],"picked":"Guardian:Incinerate","floor":12.0},{"not_picked":["Guardian:Recover","Guardian:PrismaticBarrier"],"picked":"Guardian:ConstructionForm","floor":14.0},{"not_picked":["Guardian:SentryBeam","Guardian:TemporalShield"],"picked":"Guardian:DecasProtection","floor":15.0},{"not_picked":["Guardian:FierceBash","Guardian:FastForward"],"picked":"Guardian:BaubleBeam","floor":16.0},{"not_picked":["Guardian:TemporalShield","Guardian:ShieldCharger"],"picked":"Guardian:Repulse","floor":19.0},{"not_picked":["Guardian:TemporalShield","Guardian:Gem_Lightblue"],"picked":"Guardian:PrismaticBarrier","floor":20},{"not_picked":["Guardian:PolyBeam","Guardian:Recover","Guardian:Repulse"],"picked":"SKIP","floor":23},{"not_picked":["Guardian:RefractedBeam+1","Guardian:ShieldSpikes"],"picked":"Guardian:SpikerProtocol","floor":25},{"not_picked":["Guardian:Preprogram","Guardian:ShieldCharger"],"picked":"Guardian:CrystalBeam+1","floor":27},{"not_picked":["Guardian:Planning","Guardian:Harden","Guardian:PrismaticBeam"],"picked":"SKIP","floor":28},{"not_picked":["Guardian:RollAttack","Guardian:ChargeCore"],"picked":"Guardian:Emergency+1","floor":29},{"not_picked":["Guardian:ShieldCharger+1","Guardian:HyperBeam_Guardian"],"picked":"Guardian:CrystalBeam+1","floor":31},{"not_picked":["Guardian:ChargeCore+1","Guardian:PrimingBeam","Guardian:TemporalShield"],"picked":"SKIP","floor":32},{"not_picked":["Guardian:Gem_Lightblue","Guardian:Incinerate+1"],"picked":"Guardian:DonusPower+1","floor":36},{"not_picked":["Guardian:Gem_Lightblue","Guardian:Suspension"],"picked":"Guardian:Gem_Blue","floor":37},{"not_picked":["Guardian:PrismaticBeam+1","Guardian:Planning+1"],"picked":"Guardian:Gem_Lightblue","floor":38},{"not_picked":["Guardian:Recover","Guardian:Harden+1"],"picked":"Guardian:Reroute+1","floor":39},{"not_picked":["Guardian:MultiBeam+1","Guardian:PrimingBeam","Guardian:Incinerate+1"],"picked":"SKIP","floor":42},{"not_picked":["Guardian:Reroute+1","Guardian:Orbwalk","Guardian:Gem_Fragmented"],"picked":"SKIP","floor":44},{"not_picked":["Guardian:PrimingBeam+1","Guardian:Gem_Lightblue"],"picked":"Guardian:DonusPower+1","floor":47},{"not_picked":["Guardian:Reroute","Guardian:Gem_Cyan","Guardian:Emergency+1"],"picked":"SKIP","floor":49}],"player_experience":288981,"relics_obtained":[{"floor":6.0,"key":"CaptainsWheel"},{"floor":7.0,"key":"infinitespire:Satchel"},{"floor":8.0,"key":"HornCleat"},{"floor":10.0,"key":"Centennial Puzzle"},{"floor":24,"key":"ReplayTheSpireMod:Ninjato"},{"floor":25,"key":"hubris:BottledRain"},{"floor":39,"key":"Boot"},{"floor":44,"key":"Omamori"},{"floor":45,"key":"Toxic Egg 2"}],"event_choices":[{"damage_healed":0,"gold_gain":0,"player_choice":"Copied","damage_taken":0,"max_hp_gain":0,"max_hp_loss":0,"event_name":"Duplicator","floor":40,"gold_loss":0,"cards_obtained":["Guardian:BaubleBeam"]}],"is_beta":false,"boss_relics":[{"not_picked":["Guardian:ModeShifterPlus","SlaversCollar"],"picked":"Abe\u0027s Treasure"},{"not_picked":["Runic Pyramid","Velvet Choker","Replay:Bronze Core"],"picked":"Coffee Dripper"}],"items_purged_floors":[14,27],"is_endless":false,"potions_floor_spawned":[2,8,11,25,28,29,31,36,38,42,47],"ascension_level":0}}