{"host":"k6u7q08ihsmpx7o5","time":1609545249,"event":{"mods":["BaseMod","Bestiary","Minty Spire (QoL Compilation)","StSLib"],"gold_per_floor":[116,116,136,155,170,170,200,200,254,288,288,340,320,333,333,416,416,436,447,456,466,487,487,487,487],"floor_reached":24,"playtime":1095,"items_purged":[],"score":416,"play_id":"e7408144-eefb-4bc5-87a3-5998a653b820","local_time":"20210102005409","is_ascension_mode":true,"campfire_choices":[{"data":"Hemokinesis","floor":6.0,"key":"SMITH"},{"data":"Armaments","floor":8.0,"key":"SMITH"},{"data":"Reaper","floor":11.0,"key":"SMITH"},{"data":"Fire Breathing","floor":15,"key":"SMITH"}],"circlet_count":0,"master_deck":["AscendersBane","Strike_R","Strike_R","Strike_R","Strike_R","Strike_R","Defend_R","Defend_R","Defend_R","Defend_R","Bash","Armaments+1","Shrug It Off","Clothesline","Hemokinesis+1","Fire Breathing+1","Reaper+1","Bludgeon","J.A.X.+1","Flame Barrier"],"relics":["Velvet Choker","Self Forming Clay","Toy Ornithopter","Dream Catcher","CeramicFish","Philosopher\u0027s Stone"],"acts_visited":["Exordium","TheCity"],"potions_floor_usage":[14,19,24,24],"damage_taken":[{"damage":0.0,"enemies":"Cultist","floor":1.0,"turns":3.0},{"damage":2.0,"enemies":"Jaw Worm","floor":3.0,"turns":4.0},{"damage":11.0,"enemies":"Small Slimes","floor":4.0,"turns":4.0},{"damage":15.0,"enemies":"Gremlin Gang","floor":5.0,"turns":10.0},{"damage":24.0,"enemies":"Lagavulin","floor":7.0,"turns":7.0},{"damage":4.0,"enemies":"3 Sentries","floor":10.0,"turns":6.0},{"damage":5,"enemies":"Exordium Thugs","floor":14,"turns":4},{"damage":20,"enemies":"Slime Boss","floor":16,"turns":8},{"damage":12,"enemies":"2 Thieves","floor":18,"turns":4},{"damage":16,"enemies":"Chosen","floor":19,"turns":4},{"damage":22,"enemies":"Centurion and Healer","floor":21,"turns":6},{"damage":29,"enemies":"3 Cultists","floor":22,"turns":5},{"damage":45,"enemies":"Gremlin Leader","floor":24,"turns":4}],"seed_played":"-4899761448620003105","potions_obtained":[{"floor":3.0,"key":"Ancient Potion"},{"floor":7.0,"key":"Block Potion"},{"floor":10.0,"key":"Strength Potion"},{"floor":14,"key":"GamblersBrew"},{"floor":22,"key":"Weak Potion"}],"is_trial":false,"path_per_floor":["M","?","M","M","M","R","E","R","T","E","R","T","?","M","R","B",null,"M","M","?","M","M","?","E"],"character_chosen":"IRONCLAD","items_purchased":[],"campfire_rested":0,"item_purchase_floors":[],"current_hp_per_floor":[68,68,66,55,40,40,16,16,16,17,17,17,17,31,31,17,61,54,48,48,33,18,18,0,0],"gold":487,"neow_bonus":"BOSS_RELIC","is_daily":false,"chose_seed":false,"campfire_upgraded":4,"win_rate":0.0,"timestamp":1609545249,"path_taken":["M","?","?","M","?","R","E","R","T","E","R","?","?","?","R","BOSS","M","M","?","M","M","?","E"],"items_purchased_type":[],"build_version":"2020-12-22","purchased_purges":0,"victory":false,"max_hp_per_floor":[75,75,75,75,75,75,75,75,75,75,75,75,75,75,75,75,75,75,75,75,75,75,75,75,75],"card_choices":[{"not_picked":["Anger","Flex"],"picked":"Armaments","floor":1.0},{"not_picked":["Shrug It Off","Anger"],"picked":"Clothesline","floor":3.0},{"not_picked":["Clash","Seeing Red","Bloodletting"],"picked":"SKIP","floor":4.0},{"not_picked":["Clash","Flame Barrier"],"picked":"Hemokinesis","floor":5.0},{"not_picked":["Feel No Pain","Clash"],"picked":"Fire Breathing","floor":7.0},{"not_picked":["Reckless Charge","Dual Wield"],"picked":"Reaper","floor":10.0},{"not_picked":["Thunderclap","Hemokinesis","Armaments"],"picked":"SKIP","floor":14},{"not_picked":["Limit Break","Offering"],"picked":"Bludgeon","floor":16},{"not_picked":["True Grit","Headbutt","Perfected Strike"],"picked":"SKIP","floor":18},{"not_picked":["Armaments","True Grit","Cleave"],"picked":"SKIP","floor":19},{"not_picked":["Anger","Thunderclap","Iron Wave"],"picked":"SKIP","floor":21},{"not_picked":["Havoc","Dark Embrace+1"],"picked":"Flame Barrier","floor":22}],"player_experience":1907573,"relics_obtained":[{"floor":7.0,"key":"Self Forming Clay"},{"floor":9.0,"key":"Toy Ornithopter"},{"floor":10.0,"key":"Dream Catcher"},{"floor":12.0,"key":"CeramicFish"}],"event_choices":[{"damage_healed":0.0,"max_hp_gain":0.0,"max_hp_loss":0.0,"gold_gain":0.0,"event_name":"Match and Keep!","player_choice":"1 cards matched","floor":2.0,"gold_loss":0.0,"damage_taken":0.0,"cards_obtained":["Shrug It Off"]},{"damage_healed":0.0,"max_hp_gain":0.0,"max_hp_loss":0.0,"gold_gain":0.0,"event_name":"Match and Keep!","player_choice":"1 cards matched","floor":2.0,"gold_loss":0.0,"damage_taken":0.0,"cards_obtained":["Shrug It Off"]},{"damage_healed":0.0,"max_hp_gain":0.0,"max_hp_loss":0.0,"gold_gain":0.0,"event_name":"The Woman in Blue","player_choice":"Bought 1 Potion","floor":13.0,"gold_loss":0.0,"damage_taken":0.0},{"damage_healed":0,"gold_gain":0,"player_choice":"Obtain J.A.X.","damage_taken":0,"max_hp_gain":0,"max_hp_loss":0,"event_name":"Drug Dealer","floor":20,"gold_loss":0,"cards_obtained":["J.A.X."]},{"damage_healed":0,"gold_gain":0,"player_choice":"Forge","damage_taken":0,"max_hp_gain":0,"max_hp_loss":0,"event_name":"Accursed Blacksmith","floor":23,"gold_loss":0,"cards_upgraded":["J.A.X."]}],"is_beta":false,"boss_relics":[{"not_picked":["Runic Cube","Busted Crown"],"picked":"Philosopher\u0027s Stone"}],"items_purged_floors":[],"is_endless":false,"potions_floor_spawned":[3,7,10,14,16,18,22],"killed_by":"Gremlin Leader","ascension_level":20}}