{"host":"deadgod","time":1609494824,"event":{"mods":["2.2 Compatiblity","ATMod(ªü½@Mod)","Act Like it!","Aspiration","BaseMod","Bestiary","CapriCore","ChefMod","Colored Map","Colored Powertips","GungeonMod","HololiveMod","Minty Spire (QoL Compilation)","Permanent Neow","Relic Filter","Relic Sorter","StSLib","Synergy Search","The Dragon Tamer","The Marked","The Runesmith","UnlockEverythingMod","Waifu the Spire","¡i?ª«¥dµP¡jREMEMod"],"gold_per_floor":[118,128,128,142,142,142,158,158,158,184,195,195,195,208,208,313,313,326,341,341,361,7,7,20,47,47,47,76,76,1,1,1,104,104,124,136,153,153,153,167,179,192,192,192,41,57,57,73,73,73,73,73,24,57,57],"floor_reached":56,"playtime":6894,"items_purged":["Pain"],"score":1266,"play_id":"a9eec988-c295-4af2-9575-d90b692b57c2","local_time":"20210101175344","is_ascension_mode":false,"campfire_choices":[{"data":"theMarked:SoldierOfQuellstein","floor":6.0,"key":"SMITH"},{"data":"theMarked:Panic","floor":8.0,"key":"SMITH"},{"data":"theMarked:Polarize","floor":13.0,"key":"SMITH"},{"data":"theMarked:TwofoldDefense","floor":15.0,"key":"SMITH"},{"data":"theMarked:EnhanceMovement","floor":23.0,"key":"SMITH"},{"data":"theMarked:Improvise","floor":27.0,"key":"SMITH"},{"data":"theMarked:ComboAttacks","floor":29.0,"key":"SMITH"},{"data":"theMarked:ReduceFriction","floor":32.0,"key":"SMITH"},{"data":"theMarked:Reabsorb","floor":44,"key":"SMITH"},{"data":"theMarked:Parry","floor":47,"key":"SMITH"},{"floor":49,"key":"RECALL"},{"data":"theMarked:TakeOffHeels","floor":52,"key":"SMITH"}],"circlet_count":0,"master_deck":["theMarked:Strike","theMarked:Strike","theMarked:Strike","theMarked:Defend","theMarked:Defend","theMarked:Defend","theMarked:Defend","theMarked:SoldierOfQuellstein+1","theMarked:ComboAttacks+1","theMarked:GodGivenPower","theMarked:TwofoldDefense+1","theMarked:Panic+1","theMarked:ElectricStrings","theMarked:Polarize+1","theMarked:Abjuration","theMarked:RepellingDischarge","theMarked:Overcharge+1","theMarked:ReduceFriction+1","theMarked:EnhanceMovement+1","theMarked:Improvise+1","theMarked:Reabsorb+1","theMarked:SelfDefenseTraining+1","theMarked:TakeOffHeels+1","theMarked:RepellingDischarge+1","theMarked:Static+1","theMarked:TwofoldDefense","theMarked:Convert+1","theMarked:StartUp+1","theMarked:Parry+1","theMarked:Overthink+1"],"relics":["theMarked:ArtifactOfAir","AT_ATBox","REME_ComplimentaryCards","aspiration:DSix","DemoMod:Bottle","Runesmith:AutoHammer","REME_HandOfSuture","aspiration:SecretTechniqueScroll","WarpedTongs","Sundial","aspiration:SeaSaltIceCream","aspiration:Nostalgia","DTMod:PactStone","AT_BladeRuinedKing","Bag of Marbles","Hololive_Finger","OrangePellets","DemoMod:Antibody"],"acts_visited":["Exordium","TheCity","TheBeyond","TheEnding"],"potions_floor_usage":[55,55,55,55],"damage_taken":[{"damage":1.0,"enemies":"Jaw Worm","floor":1.0,"turns":4.0},{"damage":0.0,"enemies":"Small Slimes","floor":2.0,"turns":3.0},{"damage":0.0,"enemies":"Cultist","floor":4.0,"turns":3.0},{"damage":5.0,"enemies":"Lots of Slimes","floor":7.0,"turns":6.0},{"damage":17.0,"enemies":"Lagavulin","floor":10.0,"turns":5.0},{"damage":5.0,"enemies":"Exordium Thugs","floor":11.0,"turns":3.0},{"damage":0.0,"enemies":"Blue Slaver","floor":14.0,"turns":1.0},{"damage":55.0,"enemies":"Hexaghost","floor":16.0,"turns":11.0},{"damage":14.0,"enemies":"2 Thieves","floor":18.0,"turns":4.0},{"damage":16.0,"enemies":"Shell Parasite","floor":19.0,"turns":8.0},{"damage":10.0,"enemies":"Sentry and Sphere","floor":21.0,"turns":4.0},{"damage":6.0,"enemies":"Snecko","floor":24.0,"turns":3.0},{"damage":0.0,"enemies":"Gremlin Leader","floor":25.0,"turns":6.0},{"damage":0.0,"enemies":"REME_1_Revenger","floor":28.0,"turns":2.0},{"damage":0.0,"enemies":"Champ","floor":33.0,"turns":6.0},{"damage":0.0,"enemies":"3 Darklings","floor":35.0,"turns":2.0},{"damage":0.0,"enemies":"Orb Walker","floor":36.0,"turns":1.0},{"damage":0.0,"enemies":"3 Darklings","floor":37.0,"turns":4.0},{"damage":0.0,"enemies":"Jaw Worm Horde","floor":40.0,"turns":6.0},{"damage":0.0,"enemies":"Transient","floor":41.0,"turns":5.0},{"damage":0,"enemies":"Sphere and 2 Shapes","floor":42,"turns":4},{"damage":0,"enemies":"Spire Growth","floor":46,"turns":3},{"damage":0,"enemies":"Jaw Worm Horde","floor":48,"turns":4},{"damage":35,"enemies":"Donu and Deca","floor":50,"turns":6},{"damage":1,"enemies":"Shield and Spear","floor":54,"turns":5},{"damage":28,"enemies":"The Heart","floor":55,"turns":6}],"seed_played":"-3045702791719218653","potions_obtained":[{"floor":1.0,"key":"LiquidBronze"},{"floor":7.0,"key":"LiquidBronze"},{"floor":14.0,"key":"Regen Potion"},{"floor":19.0,"key":"DistilledChaos"},{"floor":28.0,"key":"Block Potion"},{"floor":54,"key":"LiquidBronze"}],"is_trial":false,"path_per_floor":["M","M","?","M","?","R","M","R","T","E","M","T","R","M","R","B",null,"M","M","?","M","$","R","M","E","T","R","E","R","?","$","R","B",null,"M","M","M","?","?","M","M","M","T","R","$","M","R","M","R","B",null,"R","$","E","B",null],"character_chosen":"THE_DEFAULT","items_purchased":["theMarked:EnhanceMovement","Sundial","OrangePellets","Dexterity Potion"],"campfire_rested":0,"item_purchase_floors":[22,22,45,53],"current_hp_per_floor":[69,69,69,69,69,69,65,65,65,66,61,61,61,61,61,6,70,56,40,40,36,36,36,30,36,36,36,39,39,39,39,39,39,70,70,70,70,70,70,70,70,70,70,70,70,70,70,70,70,36,70,70,70,69,44],"gold":57,"neow_bonus":"DSIX","is_daily":false,"chose_seed":false,"campfire_upgraded":11,"win_rate":0.0,"timestamp":1609494824,"path_taken":["M","M","?","M","?","R","?","R","T","E","?","?","R","M","R","BOSS","M","?","?","?","$","R","M","E","T","R","E","R","?","?","R","BOSS","M","?","M","?","?","M","?","M","T","R","?","?","R","M","R","BOSS","R","$","E","BOSS"],"items_purchased_type":["Card","Relic","Relic","Potion"],"build_version":"2020-11-17","purchased_purges":1,"victory":true,"max_hp_per_floor":[70,70,70,70,70,70,70,70,70,70,70,70,70,70,70,70,70,70,70,70,70,70,70,70,70,70,70,70,70,70,70,70,70,70,70,70,70,70,70,70,70,70,70,70,70,70,70,70,70,70,70,70,70,70,70],"card_choices":[{"not_picked":["theMarked:ContemptForTheProud","theMarked:RepellingDischarge"],"picked":"theMarked:ComboAttacks","floor":1.0},{"not_picked":["theMarked:Improvise","theMarked:WastefulDefense"],"picked":"theMarked:GodGivenPower","floor":2.0},{"not_picked":["theMarked:WastefulAttack","theMarked:Parkour"],"picked":"theMarked:TwofoldDefense","floor":4.0},{"not_picked":["theMarked:Static","theMarked:Generate"],"picked":"theMarked:Panic","floor":7.0},{"not_picked":["theMarked:ComboAttacks","theMarked:WardOff"],"picked":"theMarked:ElectricStrings","floor":10.0},{"not_picked":["theMarked:ElectricStrings","theMarked:ParalyzingBlade"],"picked":"theMarked:Polarize","floor":11.0},{"not_picked":["theMarked:HeritageOfTheMarked","theMarked:HeightenedSenses","theMarked:ShockingTouch"],"picked":"SKIP","floor":14.0},{"not_picked":["theMarked:UnarmedFury","theMarked:TurnInvisible"],"picked":"theMarked:Abjuration","floor":16.0},{"not_picked":["theMarked:Static","theMarked:ElectricStrings"],"picked":"theMarked:RepellingDischarge","floor":18.0},{"not_picked":["theMarked:Parkour+1","theMarked:ChainLightning"],"picked":"theMarked:Overcharge+1","floor":19.0},{"not_picked":["theMarked:BanishingWave+1","theMarked:MysticalArsenal"],"picked":"theMarked:ReduceFriction","floor":21.0},{"not_picked":["theMarked:PowerFlow","theMarked:KeepCalmAndFightOn"],"picked":"theMarked:Improvise","floor":24.0},{"not_picked":["theMarked:Static","theMarked:Aftermath"],"picked":"theMarked:Reabsorb","floor":25.0},{"not_picked":["theMarked:WardOff","theMarked:Reabsorb+1"],"picked":"theMarked:SelfDefenseTraining+1","floor":28.0},{"not_picked":["theMarked:DispelDoubt","theMarked:SuspiciousRaven"],"picked":"theMarked:TakeOffHeels","floor":33.0},{"not_picked":["theMarked:ResourceFulStrike","theMarked:Aftermath","theMarked:RogueSparks"],"picked":"SKIP","floor":35.0},{"not_picked":["theMarked:Aftermath+1","theMarked:Parry"],"picked":"theMarked:RepellingDischarge+1","floor":36.0},{"not_picked":["theMarked:ChainLightning+1","theMarked:ShockingTouch"],"picked":"theMarked:Static+1","floor":37.0},{"not_picked":["theMarked:Parry","theMarked:Aftermath"],"picked":"theMarked:TwofoldDefense","floor":40.0},{"not_picked":["theMarked:BanishingStrike","theMarked:ShockingTouch"],"picked":"theMarked:Convert+1","floor":41},{"not_picked":["theMarked:ElementalBlade","theMarked:WastefulDefense"],"picked":"theMarked:StartUp+1","floor":42},{"not_picked":["theMarked:BanishingStrike","theMarked:ShockingTouch"],"picked":"theMarked:Parry","floor":46},{"not_picked":["theMarked:EmpowerWeapon","theMarked:Reabsorb","theMarked:CreepingChasm"],"picked":"SKIP","floor":48},{"not_picked":["theMarked:EternalStudent","theMarked:ChainLightning"],"picked":"theMarked:Overthink+1","floor":54}],"player_experience":37698,"relics_obtained":[{"floor":10.0,"key":"Runesmith:AutoHammer"},{"floor":12.0,"key":"REME_HandOfSuture"},{"floor":25.0,"key":"aspiration:SeaSaltIceCream"},{"floor":26.0,"key":"AT_BladeRuinedKing"},{"floor":28.0,"key":"Bag of Marbles"},{"floor":54,"key":"DemoMod:Antibody"}],"event_choices":[{"damage_healed":0.0,"max_hp_gain":0.0,"max_hp_loss":0.0,"gold_gain":0.0,"event_name":"Big Fish","player_choice":"Box","floor":3.0,"gold_loss":0.0,"damage_taken":0.0,"relics_obtained":["DemoMod:Bottle"],"cards_obtained":["Regret"]},{"cards_removed":["Regret"],"damage_healed":0.0,"max_hp_gain":0.0,"max_hp_loss":0.0,"gold_gain":0.0,"event_name":"Fountain of Cleansing","player_choice":"Removed Curses","floor":5.0,"gold_loss":0.0,"damage_taken":0.0},{"damage_healed":0.0,"max_hp_gain":0.0,"max_hp_loss":0.0,"gold_gain":0.0,"event_name":"Accursed Blacksmith","player_choice":"Rummage","floor":20.0,"gold_loss":0.0,"damage_taken":0.0,"relics_obtained":["WarpedTongs"],"cards_obtained":["Pain"]},{"cards_removed":["theMarked:Strike"],"damage_healed":0.0,"max_hp_gain":0.0,"max_hp_loss":0.0,"gold_gain":0.0,"event_name":"Beggar","player_choice":"Gave Gold","floor":30.0,"gold_loss":75.0,"damage_taken":0.0},{"cards_removed":["theMarked:Strike"],"damage_healed":0.0,"max_hp_gain":0.0,"max_hp_loss":0.0,"gold_gain":0.0,"event_name":"Falling","player_choice":"Removed Attack","floor":38.0,"gold_loss":0.0,"damage_taken":0.0},{"damage_healed":0.0,"max_hp_gain":0.0,"max_hp_loss":0.0,"gold_gain":0.0,"event_name":"NoteForYourself","player_choice":"Ignored","floor":39.0,"gold_loss":0.0,"damage_taken":0.0}],"is_beta":true,"boss_relics":[{"not_picked":["Runesmith:UraniumAnvil","aspiration:FutureDiary"],"picked":"aspiration:SecretTechniqueScroll"},{"not_picked":["Velvet Choker","theMarked:SpiritSword"],"picked":"Hololive_Finger"}],"items_purged_floors":[22],"is_endless":false,"potions_floor_spawned":[1,7,14,19,28,40,41,42,54],"ascension_level":0}}