{"host":"d1za9dvx43o9v494","time":1609514748,"event":{"mods":["2.2 Compatiblity","BaseMod","Better-Laid Plans","Colored Map","Downfall","Emptier Cage","Marked Mod","Minty Spire (QoL Compilation)","Permanent Neow","Robot Space Explorer","StSLib","The Caster","The Dragon Tamer","The Marked"],"gold_per_floor":[99,118,118,268,624,624,624,624,637,665,680,699,699,729,747,747,747],"floor_reached":16,"playtime":1441,"items_purged":[],"score":135,"play_id":"86683ec6-6fe7-4e3c-b473-a6354679d320","local_time":"20210101182548","is_ascension_mode":false,"campfire_choices":[{"data":"caster:Susanoo","floor":1,"key":"SMITH"},{"data":"caster:Charge","floor":13,"key":"SMITH"}],"circlet_count":0,"master_deck":["caster:Meteor","caster:DivertFocus","caster:strike","caster:strike","caster:strike","caster:defend","caster:defend","caster:defend","caster:defend","caster:defend","caster:Susanoo+1","caster:LightningBolt","Slimebound:Icky","caster:Heavy+1","caster:Charge+1","caster:MagicBarrier","caster:LordOfVermillion"],"relics":["caster:MagicBook","downfall:ShatteredFragment","Old Coin","HornCleat","Pen Nib","Blue Candle"],"acts_visited":["Exordium"],"potions_floor_usage":[16,16],"damage_taken":[{"damage":2,"enemies":"2 Louse","floor":2,"turns":3},{"damage":4,"enemies":"Gremlin Nob","floor":5,"turns":4},{"damage":0,"enemies":"Jaw Worm","floor":9,"turns":3},{"damage":0,"enemies":"Gremlin Nob","floor":10,"turns":4},{"damage":0,"enemies":"Small Slimes","floor":11,"turns":2},{"damage":10,"enemies":"Exordium Wildlife","floor":12,"turns":4},{"damage":12,"enemies":"3 Sentries","floor":14,"turns":6},{"damage":14,"enemies":"Gremlin Gang","floor":15,"turns":3},{"damage":10,"enemies":"downfall:Watcher","floor":16,"turns":6}],"seed_played":"-3733712644550985286","potions_obtained":[{"floor":9,"key":"LiquidMemories"},{"floor":10,"key":"Strength Potion"},{"floor":15,"key":"PowerPotion"}],"is_trial":false,"path_per_floor":["R","M","?","?","?","?","T","?","M","E","M","M","R","E","M","B"],"character_chosen":"THE_CASTER","items_purchased":[],"campfire_rested":0,"item_purchase_floors":[],"current_hp_per_floor":[64,62,50,50,46,46,46,46,46,46,46,36,36,24,10,0,0],"gold":747,"neow_bonus":"ONE_RANDOM_RARE_CARD","is_daily":false,"chose_seed":false,"campfire_upgraded":2,"win_rate":0.0,"timestamp":1609514748,"path_taken":["R","M","?","?","?","?","T","?","M","E","M","?","R","E","M","BOSS"],"items_purchased_type":[],"build_version":"2020-12-22","purchased_purges":0,"victory":false,"max_hp_per_floor":[64,64,64,64,64,64,64,64,64,64,64,64,64,64,64,64,64],"card_choices":[{"not_picked":["caster:Enfeeble","caster:FrigidBeam"],"picked":"caster:LightningBolt","floor":2},{"not_picked":["caster:GlacialShield","caster:Sandstorm","caster:Enfeeble"],"picked":"SKIP","floor":9},{"not_picked":["caster:Charge","caster:Sultry","caster:FlashSpeed"],"picked":"SKIP","floor":10},{"not_picked":["caster:LAZER","caster:GlacialShield"],"picked":"caster:Charge","floor":11},{"not_picked":["caster:DiablosFlame","caster:Charge","caster:BurnItDown"],"picked":"SKIP","floor":12},{"not_picked":["caster:Fireball","caster:Enfeeble"],"picked":"caster:MagicBarrier","floor":14},{"not_picked":["caster:FireWall","caster:Conflagrate"],"picked":"caster:LordOfVermillion","floor":15}],"player_experience":611282,"relics_obtained":[{"floor":5,"key":"Old Coin"},{"floor":7,"key":"HornCleat"},{"floor":10,"key":"Pen Nib"},{"floor":14,"key":"Blue Candle"}],"event_choices":[],"is_beta":false,"boss_relics":[],"items_purged_floors":[],"is_endless":false,"potions_floor_spawned":[9,10,15],"killed_by":"downfall:Watcher","ascension_level":0}}