{"host":"2gugywxuw0nvjb3h","time":1609542830,"event":{"mods":["AchievementEnabler","BaseMod","Better Altar","Better Match","Better Note","Better Sensory Stone","Better Skull","Better Third Choice","BetterRewards","Colored Map","Colored Powertips","Curses Come First","Evolution","Filter the Spire","GifTheSpireLib","Key Reminder","Marisa????????","Minty Spire (QoL Compilation)","Rare Cards Sparkle","Relic Sorter","Spicy Shops","StSLib"],"gold_per_floor":[119,148,183,35,70,70,97,145,145,145,145,145,220,235,235,345,345,380,380,84,84,84,127,127,142,188,218,262,274,288,320,320,432,432,465,481,406,62,62,62,88,88,111,111,111,138,186,217,217,217],"floor_reached":51,"playtime":4924,"items_purged":[],"score":772,"play_id":"989d035d-2a1d-4f2e-8453-f852ad55a288","local_time":"20210101161350","is_ascension_mode":false,"campfire_choices":[{"data":"DC","floor":6,"key":"SMITH"},{"data":"MysteriousBeam","floor":11,"key":"SMITH"},{"data":"SatelliteIllusion","floor":15,"key":"SMITH"},{"data":"MillisecondPulsars","floor":24,"key":"SMITH"},{"floor":32,"key":"REST"},{"data":"PulseMagic","floor":40,"key":"SMITH"},{"data":"CollectingQuirk","floor":45,"key":"SMITH"},{"data":"MysteriousBeam","floor":49,"key":"SMITH"}],"circlet_count":0,"master_deck":["Strike_MRS","Strike_MRS","Strike_MRS","Strike_MRS","Defend_MRS","Defend_MRS","Defend_MRS","Defend_MRS","MasterSpark","UpSweep","StarBarrage","WitchOfGreed","PulseMagic+1","SporeBomb","LuminesStrike","MysteriousBeam+1","PowerUp","DC+1","Acceleration","SprinkleStarSeal","RefractionSpark","NonDirectionalLaser","SatelliteIllusion+1","CollectingQuirk+1","6A","MillisecondPulsars+1","MilkyWay","EnergyRecoil","6A","AsteroidBelt","DeepEcoloBomb","MaximisePower","FairyDestructionRay","FairyDestructionRay","IllusionStar+1","MysteriousBeam+1","PowerUp","Good Instincts","Flash of Steel","6A","Wraith","LuminesStrike+1","MysteriousBeam+1","OortCloud+1"],"relics":["MiniHakkero","EVO:Axolotl","Lantern","Eternal Feather","Anchor","Unceasing Top","Orrery","Ginger","MagicBroom","Sozu","Orichalcum","The Courier","Du-Vu Doll","Boot","Blue Candle","SlaversCollar","Bag of Marbles","Kunai","Pen Nib","Nunchaku","Centennial Puzzle"],"acts_visited":["Exordium","TheCity","TheBeyond"],"potions_floor_usage":[8,8,23,33,33],"damage_taken":[{"damage":0,"enemies":"Jaw Worm","floor":1,"turns":3},{"damage":0,"enemies":"Small Slimes","floor":2,"turns":4},{"damage":6,"enemies":"Cultist","floor":3,"turns":3},{"damage":0,"enemies":"Exordium Wildlife","floor":5,"turns":3},{"damage":0,"enemies":"3 Louse","floor":7,"turns":2},{"damage":14,"enemies":"Lagavulin","floor":8,"turns":4},{"damage":0,"enemies":"Looter","floor":14,"turns":2},{"damage":36,"enemies":"The Guardian","floor":16,"turns":8},{"damage":7,"enemies":"2 Thieves","floor":18,"turns":3},{"damage":30,"enemies":"Slavers","floor":23,"turns":4},{"damage":0,"enemies":"Spheric Guardian","floor":25,"turns":3},{"damage":0,"enemies":"Cultist and Chosen","floor":27,"turns":4},{"damage":18,"enemies":"Book of Stabbing","floor":28,"turns":4},{"damage":2,"enemies":"Centurion and Healer","floor":29,"turns":2},{"damage":17,"enemies":"Snake Plant","floor":30,"turns":3},{"damage":5,"enemies":"Chosen and Byrds","floor":31,"turns":4},{"damage":52,"enemies":"Automaton","floor":33,"turns":8},{"damage":22,"enemies":"3 Shapes","floor":35,"turns":4},{"damage":0,"enemies":"Orb Walker","floor":36,"turns":2},{"damage":32,"enemies":"Nemesis","floor":41,"turns":4},{"damage":19,"enemies":"3 Darklings","floor":46,"turns":4},{"damage":1,"enemies":"Giant Head","floor":47,"turns":5},{"damage":8,"enemies":"Sphere and 2 Shapes","floor":48,"turns":2},{"damage":22,"enemies":"Awakened One","floor":50,"turns":7}],"seed_played":"1577457273056291421","potions_obtained":[{"floor":2,"key":"BlessingOfTheForge"},{"floor":3,"key":"Ancient Potion"},{"floor":5,"key":"Fire Potion"},{"floor":7,"key":"Block Potion"},{"floor":7,"key":"StarNLove"},{"floor":8,"key":"Regen Potion"},{"floor":8,"key":"Explosive Potion"}],"is_trial":false,"path_per_floor":["M","M","M","$","M","R","M","E","T","?","R","$","?","M","R","B",null,"M","?","$","?","?","E","R","M","T","M","E","M","M","M","R","B",null,"M","M","?","$","?","R","E","?","T","?","R","M","E","M","R","B",null],"character_chosen":"MARISA","items_purchased":["Lantern","Eternal Feather","Anchor","StarBarrage","Orrery","MillisecondPulsars","Orichalcum","PowerUp","Bag of Marbles","Kunai"],"campfire_rested":1,"item_purchase_floors":[0,0,0,0,4,20,20,38,38,38],"current_hp_per_floor":[75,75,69,69,69,75,75,61,61,61,73,73,66,66,75,39,75,68,68,68,68,68,50,65,65,65,65,47,45,28,23,63,11,75,53,53,53,53,53,75,43,43,43,85,85,66,65,57,81,59],"gold":217,"neow_bonus":"","is_daily":false,"chose_seed":false,"campfire_upgraded":7,"win_rate":0.0,"timestamp":1609542830,"path_taken":["M","M","M","$","M","R","M","E","T","?","R","$","?","?","R","BOSS","M","?","$","?","?","E","R","M","T","M","E","M","M","M","R","BOSS","M","M","?","$","?","R","E","?","T","?","R","M","E","M","R","BOSS"],"items_purchased_type":["Relic","Relic","Relic","Card","Relic","Card","Relic","Card","Relic","Relic"],"build_version":"2020-12-22","purchased_purges":0,"victory":true,"max_hp_per_floor":[75,75,75,75,75,75,75,75,75,75,75,75,75,75,75,75,75,75,75,75,75,75,75,75,75,75,75,75,75,75,75,75,75,75,75,75,75,75,75,75,75,75,75,85,85,85,85,85,85,85],"card_choices":[{"not_picked":["StarlightTyphoon","MysteriousBeam"],"picked":"WitchOfGreed","floor":1},{"not_picked":["SporeBomb","WitchOfGreed"],"picked":"PulseMagic","floor":2},{"not_picked":["6A","DoubleSpark"],"picked":"SporeBomb","floor":3},{"not_picked":["ShootingEcho","GrandCross"],"picked":"LuminesStrike","floor":4},{"not_picked":["SporeBomb","MachineGunSpark"],"picked":"MysteriousBeam","floor":4},{"not_picked":["SuperNova","Acceleration"],"picked":"PowerUp","floor":4},{"not_picked":["OrrerysSun","MillisecondPulsars"],"picked":"DC","floor":4},{"not_picked":["MaximisePower","6A"],"picked":"Acceleration","floor":4},{"not_picked":["PowerUp","ShootTheMoon"],"picked":"SprinkleStarSeal","floor":5},{"not_picked":["MysteriousBeam","Acceleration"],"picked":"RefractionSpark","floor":7},{"not_picked":["AsteroidBelt","DarkSpark"],"picked":"NonDirectionalLaser","floor":8},{"not_picked":["GrandCross","IllusionStar"],"picked":"SatelliteIllusion","floor":14},{"not_picked":["BinaryStars","CasketOfStar"],"picked":"CollectingQuirk","floor":16},{"not_picked":["DarkSpark","DC"],"picked":"6A","floor":18},{"not_picked":["DarkSpark+1","DragonMeteor+1"],"picked":"EnergyRecoil","floor":23},{"not_picked":["OneTimeOff","SprinkleStarSeal"],"picked":"6A","floor":25},{"not_picked":["StarBarrage","UnstableBomb"],"picked":"AsteroidBelt","floor":27},{"not_picked":["WitchLeyline","ShootingEcho+1"],"picked":"DeepEcoloBomb","floor":28},{"not_picked":["IllusionStar+1","GravityBeat+1"],"picked":"MaximisePower","floor":29},{"not_picked":["IllusionStar","DoubleSpark"],"picked":"FairyDestructionRay","floor":30},{"not_picked":["Occultation+1","WitchLeyline+1"],"picked":"FairyDestructionRay","floor":31},{"not_picked":["CasketOfStar","AbsoluteMagnitude"],"picked":"FinalSpark","floor":33},{"not_picked":["UnstableBomb+1","Acceleration"],"picked":"IllusionStar+1","floor":35},{"not_picked":["AsteroidBelt","PropBag"],"picked":"MysteriousBeam+1","floor":36},{"not_picked":["Purity","Magnetism"],"picked":"Good Instincts","floor":39},{"not_picked":["Mind Blast","Impatience"],"picked":"Flash of Steel","floor":39},{"not_picked":["GalacticHalo+1","FinalSpark"],"picked":"6A","floor":41},{"not_picked":["EnergyFlow","IllusionStar+1"],"picked":"LuminesStrike+1","floor":46},{"not_picked":["MagicAbsorber","ManaConvection+1"],"picked":"MysteriousBeam","floor":47},{"not_picked":["6A+1","ShootingEcho"],"picked":"OortCloud+1","floor":48}],"player_experience":157688,"relics_obtained":[{"floor":8,"key":"Ginger"},{"floor":9,"key":"MagicBroom"},{"floor":23,"key":"Du-Vu Doll"},{"floor":26,"key":"Boot"},{"floor":28,"key":"Blue Candle"},{"floor":41,"key":"Pen Nib"},{"floor":43,"key":"Nunchaku"},{"floor":47,"key":"Centennial Puzzle"}],"event_choices":[{"damage_healed":0,"gold_gain":0,"player_choice":"Leave","damage_taken":0,"max_hp_gain":0,"max_hp_loss":0,"event_name":"The Cleric","floor":10,"gold_loss":0},{"damage_healed":0,"gold_gain":75,"player_choice":"Touch","damage_taken":7,"max_hp_gain":0,"max_hp_loss":0,"event_name":"FaceTrader","floor":13,"gold_loss":0},{"cards_removed":["Strike_MRS"],"damage_healed":0,"gold_gain":0,"player_choice":"Give","damage_taken":0,"max_hp_gain":0,"max_hp_loss":0,"event_name":"betterNote:BetterNote","floor":19,"gold_loss":0,"cards_obtained":["Strike_P"]},{"damage_healed":0,"gold_gain":0,"player_choice":"Opened","damage_taken":0,"relics_obtained":["The Courier"],"max_hp_gain":0,"max_hp_loss":0,"event_name":"The Mausoleum","floor":21,"gold_loss":0},{"damage_healed":0,"gold_gain":0,"player_choice":"Read","damage_taken":0,"max_hp_gain":0,"max_hp_loss":0,"event_name":"The Library","floor":22,"gold_loss":0,"cards_obtained":["MilkyWay"]},{"damage_healed":0,"gold_gain":0,"player_choice":"3","damage_taken":0,"max_hp_gain":0,"max_hp_loss":0,"event_name":"betterMatch:BetterMatch","floor":37,"gold_loss":0,"cards_obtained":[]},{"damage_healed":0,"gold_gain":3,"player_choice":"1","damage_taken":0,"max_hp_gain":0,"max_hp_loss":0,"event_name":"betterStone:BetterStone","floor":39,"gold_loss":0},{"damage_healed":0,"gold_gain":0,"player_choice":"Ignored","damage_taken":0,"max_hp_gain":0,"max_hp_loss":0,"event_name":"OrinTheCat","floor":42,"gold_loss":0},{"cards_removed":["FinalSpark"],"damage_healed":32,"gold_gain":0,"player_choice":"Offered Rare","damage_taken":0,"max_hp_gain":10,"max_hp_loss":0,"event_name":"Bonfire Elementals","floor":44,"gold_loss":0}],"is_beta":false,"boss_relics":[{"not_picked":["Ectoplasm","Empty Cage"],"picked":"Sozu"},{"not_picked":["ExperimentalFamiliar","Snecko Eye"],"picked":"SlaversCollar"}],"items_purged_floors":[],"is_endless":false,"potions_floor_spawned":[7,8,16,18,28,30,31,35,47,48],"ascension_level":0}}