{"host":"pyvkqaq4yb2dtxwu","time":1609476677,"event":{"mods":["AchievementEnabler","BaseMod","Colored Map","Colored Powertips","DeckTracker","Minty Spire (QoL Compilation)"],"gold_per_floor":[117,131,148,98,98,98,131,131,131,146,158,170,170,183,183,183,183],"floor_reached":16,"playtime":1350,"items_purged":[],"score":104,"play_id":"f5d7fdd0-cccd-4d36-889c-f97ab556c4e0","local_time":"20201231205117","is_ascension_mode":false,"campfire_choices":[{"data":"Turbo","floor":6.0,"key":"SMITH"},{"data":"Loop","floor":8.0,"key":"SMITH"},{"floor":15,"key":"REST"}],"circlet_count":0,"master_deck":["Strike_B","Strike_B","Strike_B","Strike_B","Defend_B","Defend_B","Defend_B","Defend_B","Zap","Dualcast","Chill+1","Hologram","Compile Driver","Turbo+1","Loop+1","Compile Driver","Sunder","Streamline","Rebound"],"relics":["Cracked Core","Calipers","Shuriken"],"acts_visited":["Exordium"],"potions_floor_usage":[],"damage_taken":[{"damage":3.0,"enemies":"Small Slimes","floor":1.0,"turns":3.0},{"damage":6.0,"enemies":"2 Louse","floor":2.0,"turns":3.0},{"damage":3.0,"enemies":"Jaw Worm","floor":3.0,"turns":4.0},{"damage":39.0,"enemies":"Gremlin Nob","floor":7.0,"turns":5.0},{"damage":5.0,"enemies":"Looter","floor":10.0,"turns":3.0},{"damage":8.0,"enemies":"Large Slime","floor":11.0,"turns":8.0},{"damage":9,"enemies":"Blue Slaver","floor":12,"turns":3},{"damage":4,"enemies":"2 Fungi Beasts","floor":14,"turns":3},{"damage":40,"enemies":"The Guardian","floor":16,"turns":9}],"seed_played":"6263288606273972538","potions_obtained":[{"floor":1.0,"key":"BlessingOfTheForge"},{"floor":3.0,"key":"EssenceOfDarkness"},{"floor":11,"key":"Explosive Potion"}],"is_trial":false,"path_per_floor":["M","M","M","$","?","R","E","R","T","M","M","M","?","M","R","B"],"character_chosen":"DEFECT","items_purchased":["Turbo"],"campfire_rested":1,"item_purchase_floors":[4],"current_hp_per_floor":[79,73,70,70,75,75,36,36,36,31,23,14,14,10,36,0,0],"gold":183,"neow_bonus":"TEN_PERCENT_HP_BONUS","is_daily":false,"chose_seed":false,"campfire_upgraded":2,"win_rate":0.0,"timestamp":1609476677,"path_taken":["M","M","M","$","?","R","E","R","T","M","M","M","?","M","R","BOSS"],"items_purchased_type":["Card"],"build_version":"2020-12-22","purchased_purges":0,"victory":false,"max_hp_per_floor":[82,82,82,82,87,87,87,87,87,87,87,87,87,87,87,87,87],"card_choices":[{"not_picked":["Self Repair","Cold Snap"],"picked":"Chill","floor":1.0},{"not_picked":["Skim","Stack"],"picked":"Hologram","floor":2.0},{"not_picked":["Hologram","Rebound"],"picked":"Compile Driver","floor":3.0},{"not_picked":["Barrage","Darkness"],"picked":"Loop","floor":7.0},{"not_picked":["Lockon","Go for the Eyes"],"picked":"Compile Driver","floor":10.0},{"not_picked":["Rebound","Compile Driver"],"picked":"Sunder","floor":11},{"not_picked":["Force Field","Go for the Eyes"],"picked":"Streamline","floor":12},{"not_picked":["All For One","Fusion"],"picked":"Rebound","floor":14}],"player_experience":91632,"relics_obtained":[{"floor":7.0,"key":"Calipers"},{"floor":9.0,"key":"Shuriken"}],"event_choices":[{"damage_healed":0.0,"max_hp_gain":5.0,"max_hp_loss":0.0,"gold_gain":0.0,"event_name":"Big Fish","player_choice":"Donut","floor":5.0,"gold_loss":0.0,"damage_taken":0.0},{"damage_healed":0,"gold_gain":0,"player_choice":"Grow","damage_taken":0,"max_hp_gain":0,"max_hp_loss":0,"event_name":"Living Wall","floor":13,"gold_loss":0,"cards_upgraded":["Chill"]}],"is_beta":false,"boss_relics":[],"items_purged_floors":[],"is_endless":false,"potions_floor_spawned":[1,3,11,14],"killed_by":"The Guardian","ascension_level":0}}