{"host":"fm9e0lfunjlbhzxv","time":1609466463,"event":{"mods":["2.2 Compatiblity","Astrologer","BaseMod","Better Match","Better Skull","Better Third Choice","Colored Map","Colored Powertips","Downfall","Key Reminder","Minty Spire (QoL Compilation)","Permanent Neow","Rare Cards Sparkle","Relic Stats","Remilia??????","StSLib","The Administrix","The Bug Knight","The Cursed","The Disciple","The Mystic","The Servant 0.9.4","The Vixen","slay the spire mod where everything is the same but ironclad has a cowboy hat"],"gold_per_floor":[113,125,80,80,90,90,117,117,142,142,152,164,193,293,293,391,391,405,50,66,86,36,36,62,62,88,98,113,128,142,142,142,244,244,256,271,271,271,291,291,321,321,321,321,348,366,379,218,218,218,218,218,41,67,67],"floor_reached":56,"playtime":5596,"items_purged":["Normality","TheCursedMod:CircleOfAbyss","hexamod:Haunted","TheCursedMod:TroublousMinions"],"score":1259,"play_id":"6c0b2bd7-c6f4-4357-bf6b-c8a7bd57567e","local_time":"20201231180103","is_ascension_mode":false,"campfire_choices":[{"data":"TheCursedMod:AbyssShockwave","floor":6,"key":"SMITH"},{"data":"TheCursedMod:SmokeScreen","floor":8,"key":"SMITH"},{"data":"TheCursedMod:SmokeScreen","floor":10,"key":"SMITH"},{"data":"TheCursedMod:AntiAging","floor":15,"key":"SMITH"},{"data":"TheCursedMod:CollectTribute","floor":23,"key":"SMITH"},{"data":"TheCursedMod:SpitefulPlan","floor":25,"key":"SMITH"},{"data":"TheCursedMod:SpreadPlague","floor":32,"key":"SMITH"},{"floor":40,"key":"RECALL"},{"data":"TheCursedMod:HellfireBreathing","floor":42,"key":"SMITH"},{"data":"TheCursedMod:LuckyCharm","floor":44,"key":"SMITH"},{"data":"TheCursedMod:CleanUpWorkshop","floor":49,"key":"SMITH"},{"data":"TheCursedMod:Grudge","floor":52,"key":"SMITH"}],"circlet_count":0,"master_deck":["TheCursedMod:CursedWand+1","TheCursedMod:CleanUpWorkshop+1","TheCursedMod:Dregs","Panache","TheCursedMod:AbyssShockwave+1","TheCursedMod:SmokeScreen+1","Regret","TheCursedMod:SmokeScreen+1","TheCursedMod:SurpriseAttack","TheCursedMod:CursedStaff","TheCursedMod:AntiAging+1","TheCursedMod:WearCloak","TheCursedMod:CollectTribute+1","TheCursedMod:CursedSpellbook","TheCursedMod:WearCloak","TheCursedMod:CircleOfBlood","TheCursedMod:TroublousMinions","TheCursedMod:CursedMace","TheCursedMod:SpreadPlague+1","TheCursedMod:AntiAging+1","TheCursedMod:SpitefulPlan+1","TheCursedMod:LuckyCharm+1","TheCursedMod:RapidMovement+1","TheCursedMod:Grudge+1","Decay","TheCursedMod:VoidForm","TheCursedMod:VitalStrike+1","TheCursedMod:Grudge+1","TheCursedMod:HellfireBreathing+1","Pain","TheCursedMod:Mangle+1","TheCursedMod:FleshFromBone+1","TheCursedMod:Hemoplague","TheCursedMod:DoubleShield","TheCursedMod:BlessingInDisguise"],"relics":["TheCursedMod:BlackMagic101","betterThird:SlimedRelic","TheCursedMod:Tack","Smiling Mask","Whetstone","Shovel","Pandora\u0027s Box","DollysMirror","Strawberry","Bag of Preparation","Lantern","Cursed Key","Sundial","PreservedInsect","Anchor"],"acts_visited":["Exordium","TheCity","TheBeyond","TheEnding"],"potions_floor_usage":[21,21,41,41,54,55,55],"damage_taken":[{"damage":2,"enemies":"Small Slimes","floor":1,"turns":5},{"damage":1,"enemies":"Cultist","floor":2,"turns":4},{"damage":4,"enemies":"2 Louse","floor":5,"turns":3},{"damage":5,"enemies":"HollowMod:MossKnight","floor":7,"turns":14},{"damage":8,"enemies":"Blue Slaver","floor":11,"turns":4},{"damage":5,"enemies":"Red Slaver","floor":12,"turns":4},{"damage":10,"enemies":"3 Sentries","floor":13,"turns":9},{"damage":5,"enemies":"The Guardian","floor":16,"turns":14},{"damage":17,"enemies":"Shell Parasite","floor":18,"turns":5},{"damage":26,"enemies":"Chosen","floor":20,"turns":10},{"damage":6,"enemies":"Snake Plant","floor":21,"turns":3},{"damage":6,"enemies":"Book of Stabbing","floor":24,"turns":6},{"damage":9,"enemies":"3 Cultists","floor":27,"turns":4},{"damage":0,"enemies":"Centurion and Healer","floor":28,"turns":4},{"damage":0,"enemies":"Shelled Parasite and Fungi","floor":29,"turns":4},{"damage":0,"enemies":"Chosen and Byrds","floor":30,"turns":7},{"damage":0,"enemies":"Collector","floor":33,"turns":9},{"damage":8,"enemies":"3 Shapes","floor":35,"turns":5},{"damage":1,"enemies":"Orb Walker","floor":36,"turns":4},{"damage":0,"enemies":"Sphere and 2 Shapes","floor":39,"turns":4},{"damage":12,"enemies":"Reptomancer","floor":41,"turns":3},{"damage":23,"enemies":"4 Shapes","floor":46,"turns":4},{"damage":7,"enemies":"Spire Growth","floor":47,"turns":5},{"damage":37,"enemies":"Time Eater","floor":50,"turns":10},{"damage":15,"enemies":"Shield and Spear","floor":54,"turns":6},{"damage":84,"enemies":"The Heart","floor":55,"turns":9}],"seed_played":"2482270189298210801","potions_obtained":[{"floor":5,"key":"champ:CounterPotion"},{"floor":7,"key":"SkillPotion"},{"floor":11,"key":"TheCursedMod:DregsPotion"},{"floor":13,"key":"Weak Potion"},{"floor":16,"key":"SkillPotion"},{"floor":24,"key":"Energy Potion"},{"floor":28,"key":"SteroidPotion"},{"floor":29,"key":"BlessingOfTheForge"},{"floor":35,"key":"GamblersBrew"},{"floor":54,"key":"AttackPotion"}],"is_trial":false,"path_per_floor":["M","M","?","?","M","R","E","R","T","R","M","M","E","?","R","B",null,"M","$","M","M","$","R","E","R","T","M","M","M","M","?","R","B",null,"M","M","?","?","M","R","E","R","T","R","T","M","M","$","R","B",null,"R","$","E","B",null],"character_chosen":"THE_CURSED","items_purchased":["DollysMirror","Strawberry","TheCursedMod:Hemoplague","TheCursedMod:DoubleShield","TheCursedMod:BlessingInDisguise","Fire Potion"],"campfire_rested":0,"item_purchase_floors":[19,19,48,48,53,53],"current_hp_per_floor":[73,72,61,61,57,57,52,52,52,52,44,39,31,31,31,29,80,66,73,57,59,59,59,59,59,59,62,70,78,88,88,88,94,138,136,143,142,142,148,148,139,139,139,139,139,122,125,125,125,94,169,169,169,160,88],"gold":67,"neow_bonus":"RANDOM_COLORLESS_2","is_daily":false,"chose_seed":false,"campfire_upgraded":11,"win_rate":0.0,"timestamp":1609466463,"path_taken":["M","M","?","?","M","R","E","R","T","R","M","M","E","?","R","BOSS","M","$","M","M","$","R","E","R","T","M","M","M","M","?","R","BOSS","M","M","?","?","M","R","E","R","T","R","?","M","M","$","R","BOSS","R","$","E","BOSS"],"items_purchased_type":["Relic","Relic","Card","Card","Card","Potion"],"build_version":"2020-12-22","purchased_purges":4,"victory":true,"max_hp_per_floor":[75,75,75,75,75,75,75,75,75,75,75,75,77,77,77,80,80,83,90,96,102,102,102,108,108,108,114,120,126,132,132,132,138,138,144,150,142,142,148,148,151,151,151,151,151,157,163,163,163,169,169,169,169,175,181],"relic_stats":{"Shovel":0,"counters":[26,158],"Sundial":[6],"Pandora\u0027s Box":["TheCursedMod:CircleOfAbyss","TheCursedMod:CursedSpellbook","TheCursedMod:WearCloak","TheCursedMod:CircleOfBlood","TheCursedMod:TroublousMinions","TheCursedMod:TroublousMinions","TheCursedMod:CursedMace","TheCursedMod:SpreadPlague"],"PreservedInsect":68,"Bag of Preparation":[31],"Whetstone":["TheCursedMod:CursedWand","TheCursedMod:Strike_TheCursed"],"Smiling Mask":250,"Cursed Key":2,"obtain_stats":[{"TheCursedMod:BlackMagic101":0,"Lantern":26,"TheCursedMod:Tack":4,"PreservedInsect":45,"Bag of Preparation":24,"Whetstone":9,"Smiling Mask":7,"Cursed Key":34,"keyreminder:keyreminder":13,"Anchor":54,"Shovel":13,"DollysMirror":19,"Sundial":41,"betterThird:SlimedRelic":3,"Strawberry":19,"Pandora\u0027s Box":17},{"TheCursedMod:BlackMagic101":0,"Lantern":12,"TheCursedMod:Tack":2,"PreservedInsect":21,"Bag of Preparation":12,"Whetstone":4,"Smiling Mask":4,"Cursed Key":17,"keyreminder:keyreminder":7,"Anchor":25,"Shovel":7,"DollysMirror":9,"Sundial":21,"betterThird:SlimedRelic":2,"Strawberry":9,"Pandora\u0027s Box":8},{"TheCursedMod:BlackMagic101":0,"Lantern":81,"TheCursedMod:Tack":9,"PreservedInsect":125,"Bag of Preparation":81,"Whetstone":26,"Smiling Mask":26,"Cursed Key":109,"keyreminder:keyreminder":43,"Anchor":149,"Shovel":43,"DollysMirror":62,"Sundial":125,"betterThird:SlimedRelic":9,"Strawberry":62,"Pandora\u0027s Box":57}]},"card_choices":[{"not_picked":["Thinking Ahead","Secret Technique"],"picked":"Panache","floor":0},{"not_picked":["TheCursedMod:SaltUponWound","TheCursedMod:EmpowerCircles"],"picked":"TheCursedMod:AbyssShockwave","floor":1},{"not_picked":["TheCursedMod:CircleOfFlame","TheCursedMod:HellsGateOpen"],"picked":"TheCursedMod:SmokeScreen","floor":2},{"not_picked":["TheCursedMod:CursedAmulet","TheCursedMod:VitalStrike"],"picked":"TheCursedMod:SmokeScreen","floor":5},{"not_picked":["TheCursedMod:SoulCrush","TheCursedMod:RapidMovement"],"picked":"TheCursedMod:SurpriseAttack","floor":7},{"not_picked":["TheCursedMod:HellsGateOpen","TheCursedMod:CursedMace"],"picked":"TheCursedMod:CursedStaff","floor":11},{"not_picked":["TheCursedMod:DoubleShield","TheCursedMod:SmokeScreen"],"picked":"TheCursedMod:AntiAging","floor":12},{"not_picked":["TheCursedMod:RapidMovement","TheCursedMod:CircleOfFlame"],"picked":"TheCursedMod:WearCloak","floor":13},{"not_picked":["TheCursedMod:ShockAndAwe","TheCursedMod:CursedRelics"],"picked":"TheCursedMod:CollectTribute","floor":16},{"not_picked":["TheCursedMod:SmokeScreen","TheCursedMod:CursedMace","TheCursedMod:SurpriseAttack"],"picked":"SKIP","floor":18},{"not_picked":["TheCursedMod:ManaCirculation","TheCursedMod:SoulCrush"],"picked":"TheCursedMod:SpitefulPlan","floor":20},{"not_picked":["TheCursedMod:WearCloak+1","TheCursedMod:RavingStaff","TheCursedMod:TroublousMinions"],"picked":"SKIP","floor":21},{"not_picked":["TheCursedMod:SurpriseAttack","TheCursedMod:CircleOfAmplification"],"picked":"TheCursedMod:LuckyCharm","floor":24},{"not_picked":["TheCursedMod:RavingStaff","TheCursedMod:CursedAmulet"],"picked":"TheCursedMod:RapidMovement+1","floor":27},{"not_picked":["TheCursedMod:CircleOfFlame","TheCursedMod:CursedShiv+1","TheCursedMod:CursedAmulet"],"picked":"SKIP","floor":28},{"not_picked":["TheCursedMod:RavingStaff","TheCursedMod:CursedMace+1"],"picked":"TheCursedMod:Grudge","floor":29},{"not_picked":["TheCursedMod:RavingStaff+1","TheCursedMod:CursedAmulet","TheCursedMod:AshesToAshes"],"picked":"SKIP","floor":30},{"not_picked":["TheCursedMod:StunningStrike","TheCursedMod:CursedRelics"],"picked":"TheCursedMod:VoidForm","floor":33},{"not_picked":["TheCursedMod:Obscuration","TheCursedMod:CursedShiv"],"picked":"TheCursedMod:VitalStrike+1","floor":35},{"not_picked":["TheCursedMod:AbyssShockwave","TheCursedMod:Stigma"],"picked":"TheCursedMod:Grudge+1","floor":36},{"not_picked":["TheCursedMod:SpitefulStrike","TheCursedMod:CircleOfFlame+1"],"picked":"TheCursedMod:HellfireBreathing","floor":39},{"not_picked":["TheCursedMod:SmokeScreen+1","TheCursedMod:HellsGateOpen","TheCursedMod:CircleOfFlame+1"],"picked":"SKIP","floor":41},{"not_picked":["TheCursedMod:CursedArmor","TheCursedMod:PrepareRite"],"picked":"TheCursedMod:Mangle+1","floor":46},{"not_picked":["TheCursedMod:CursedAmulet","TheCursedMod:BloodBarrier+1"],"picked":"TheCursedMod:FleshFromBone+1","floor":47},{"not_picked":["TheCursedMod:Stretching+1","TheCursedMod:Stigma","TheCursedMod:Grudge"],"picked":"SKIP","floor":54}],"player_experience":707338,"relics_obtained":[{"floor":7,"key":"Smiling Mask"},{"floor":9,"key":"Whetstone"},{"floor":13,"key":"Shovel"},{"floor":24,"key":"Bag of Preparation"},{"floor":26,"key":"Lantern"},{"floor":41,"key":"Sundial"},{"floor":45,"key":"PreservedInsect"},{"floor":54,"key":"Anchor"}],"event_choices":[{"damage_healed":0,"gold_gain":0,"player_choice":"Slimed","damage_taken":11,"max_hp_gain":0,"max_hp_loss":0,"event_name":"betterThird:BetterGoop","floor":3,"gold_loss":45},{"damage_healed":0,"gold_gain":0,"player_choice":"Box","damage_taken":0,"relics_obtained":["TheCursedMod:Tack"],"max_hp_gain":0,"max_hp_loss":0,"event_name":"Big Fish","floor":4,"gold_loss":0,"cards_obtained":["Regret"]},{"damage_healed":0,"gold_gain":100,"player_choice":"Pray","damage_taken":0,"max_hp_gain":0,"max_hp_loss":0,"event_name":"Golden Shrine","floor":14,"gold_loss":0},{"damage_healed":0,"gold_gain":0,"player_choice":"Cursed","damage_taken":0,"max_hp_gain":0,"max_hp_loss":0,"event_name":"Wheel of Change","floor":31,"gold_loss":0,"cards_obtained":["Decay"]},{"damage_healed":0,"gold_gain":0,"player_choice":"Max HP","damage_taken":0,"max_hp_gain":0,"max_hp_loss":8,"event_name":"Winding Halls","floor":37,"gold_loss":0},{"damage_healed":0,"gold_gain":0,"player_choice":"Ignored","damage_taken":0,"max_hp_gain":0,"max_hp_loss":0,"event_name":"Tomb of Lord Red Mask","floor":38,"gold_loss":0}],"is_beta":false,"boss_relics":[{"not_picked":["Tiny House","Velvet Choker"],"picked":"Pandora\u0027s Box"},{"not_picked":["Empty Cage","Astrolabe"],"picked":"Cursed Key"}],"items_purged_floors":[19,22,48,53],"is_endless":false,"potions_floor_spawned":[5,7,11,13,16,20,24,28,29,35,39,54],"ascension_level":0}}