{"host":"t179ovrkr5k1gnfh","time":1609504085,"event":{"mods":["AchievementEnabler","BaseMod","Colored Map","Downfall","Minty Spire (QoL Compilation)","StSLib"],"gold_per_floor":[210,64,64,64,83,108,121,121,170,185,185,198,99,128,128,230,230,242,255,268,281,60,60,79,99,99,113,23,23,49,61,61,165,165,178,178,178,78,128,128,148,148,173,173,185,60,60,91,91,91,91,91,19,45,45,45,45],"floor_reached":55,"playtime":4038,"items_purged":["Slimebound:Defend_Slimebound","Slimebound:Defend_Slimebound","Slimebound:Strike_Slimebound"],"score":983,"play_id":"f34b8ec4-20cd-4f82-94f8-fddbc66946e6","local_time":"20210101132805","is_ascension_mode":true,"campfire_choices":[{"data":"Slimebound:Dissolve","floor":11,"key":"PURGE"},{"data":"Slimebound:GrowthPunch","floor":15,"key":"SMITH"},{"data":"Slimebound:LivingWall","floor":23,"key":"PURGE"},{"data":"Slimebound:SplitLeeching","floor":29,"key":"SMITH"},{"data":"Slimebound:MinionMaster","floor":32,"key":"PURGE"},{"data":"Slimebound:CheckThePlaybook","floor":40,"key":"PURGE"},{"data":"Slimebound:LeechLife","floor":42,"key":"PURGE"},{"data":"Slimebound:LeadByExample","floor":44,"key":"SMITH"},{"floor":49,"key":"RECALL"},{"data":"Slimebound:MegaLick","floor":52,"key":"SMITH"}],"circlet_count":0,"master_deck":["Slimebound:Strike_Slimebound","Slimebound:Tackle","Slimebound:Defend_Slimebound","Slimebound:Defend_Slimebound","Slimebound:Split","Slimebound:CorrosiveSpit+1","Slimebound:SplitBruiser+1","Slimebound:GrowthPunch+1","Slimebound:OneTwoCombo","Slimebound:SplitAcid","Slimebound:LeadByExample+1","Slimebound:Gluttony+1","Slimebound:LeechEnergy+1","Slimebound:SplitLeeching+1","Slimebound:Repurpose","Slimebound:SamplingLick+1","Slimebound:Darklings","Slimebound:Schlurp+1","Slimebound:MegaLick+1"],"relics":["Slimebound:AbsorbEndCombatUpgraded","Lee\u0027s Waffle","Slimebound:ScrapOozeRelic","HornCleat","Torii","Coffee Dripper","Juzu Bracelet","Lantern","Mercury Hourglass","Ice Cream","Centennial Puzzle","Nunchaku","Strawberry"],"acts_visited":["Exordium","TheCity","TheBeyond","TheEnding"],"potions_floor_usage":[6,10,12,16,21,21,25,33,41,54,54,55,55],"damage_taken":[{"damage":6,"enemies":"2 Louse","floor":1,"turns":2},{"damage":9,"enemies":"Cultist","floor":5,"turns":3},{"damage":20,"enemies":"Gremlin Nob","floor":6,"turns":3},{"damage":16,"enemies":"Small Slimes","floor":7,"turns":3},{"damage":8,"enemies":"Gremlin Gang","floor":10,"turns":3},{"damage":12,"enemies":"Blue Slaver","floor":12,"turns":3},{"damage":16,"enemies":"Lagavulin","floor":14,"turns":5},{"damage":51,"enemies":"Slime Boss","floor":16,"turns":9},{"damage":8,"enemies":"Chosen","floor":18,"turns":3},{"damage":8,"enemies":"Spheric Guardian","floor":19,"turns":3},{"damage":12,"enemies":"Cultist and Chosen","floor":20,"turns":4},{"damage":22,"enemies":"Centurion and Healer","floor":21,"turns":5},{"damage":12,"enemies":"3 Cultists","floor":24,"turns":3},{"damage":27,"enemies":"Snecko","floor":25,"turns":5},{"damage":13,"enemies":"Cultist and Chosen","floor":27,"turns":4},{"damage":33,"enemies":"Gremlin Leader","floor":30,"turns":4},{"damage":36,"enemies":"Snake Plant","floor":31,"turns":2},{"damage":18,"enemies":"Champ","floor":33,"turns":6},{"damage":13,"enemies":"Orb Walker","floor":35,"turns":2},{"damage":16,"enemies":"Mind Bloom Boss Battle","floor":39,"turns":3},{"damage":29,"enemies":"3 Darklings","floor":41,"turns":2},{"damage":16,"enemies":"Sphere and 2 Shapes","floor":45,"turns":1},{"damage":24,"enemies":"Giant Head","floor":48,"turns":5},{"damage":76,"enemies":"Time Eater","floor":50,"turns":7},{"damage":50,"enemies":"Shield and Spear","floor":54,"turns":3},{"damage":107,"enemies":"The Heart","floor":55,"turns":5}],"seed_played":"-6097109624076221140","potions_obtained":[{"floor":1,"key":"champ:CounterPotion"},{"floor":7,"key":"Swift Potion"},{"floor":10,"key":"Block Potion"},{"floor":14,"key":"Regen Potion"},{"floor":16,"key":"hexamod:EctoCoolerPotion"},{"floor":18,"key":"SpeedPotion"},{"floor":21,"key":"ColorlessPotion"},{"floor":30,"key":"DuplicationPotion"},{"floor":31,"key":"Block Potion"},{"floor":39,"key":"Regen Potion"},{"floor":45,"key":"SmokeBomb"},{"floor":47,"key":"Weak Potion"},{"floor":47,"key":"LiquidMemories"},{"floor":47,"key":"Slimebound:SlimyTonguePotion"},{"floor":48,"key":"Slimebound:SlimedPotion"},{"floor":54,"key":"DuplicationPotion"}],"is_trial":false,"path_per_floor":["M","$","?","$","M","E","M","?","T","M","R","M","?","E","R","B",null,"M","M","M","M","$","R","M","M","T","M","?","R","E","M","R","B",null,"M","?","?","$","?","R","M","R","T","R","M","$","?","E","R","B",null,"R","$","E","B"],"character_chosen":"SLIMEBOUND","items_purchased":["Lee\u0027s Waffle","Juzu Bracelet","Regen Potion"],"campfire_rested":0,"item_purchase_floors":[2,22,53],"current_hp_per_floor":[54,67,67,67,67,53,45,45,45,49,49,47,47,51,51,37,60,67,67,67,66,66,66,67,46,46,55,55,55,44,28,28,46,62,63,63,63,63,67,67,67,67,67,67,67,67,67,67,67,31,58,58,58,67,0,0,0],"gold":45,"neow_bonus":"HUNDRED_GOLD","is_daily":false,"chose_seed":false,"campfire_upgraded":4,"win_rate":0.0,"timestamp":1609504085,"path_taken":["M","$","?","?","M","E","M","?","T","M","R","M","?","E","R","BOSS","M","M","?","?","$","R","M","M","T","M","?","R","E","M","R","BOSS","M","?","?","$","?","R","M","R","T","R","M","?","?","E","R","BOSS","R","$","E","BOSS"],"items_purchased_type":["Relic","Relic","Potion"],"build_version":"2020-12-22","purchased_purges":3,"victory":false,"max_hp_per_floor":[60,67,67,67,67,67,67,67,67,67,67,67,67,67,67,67,67,67,67,67,67,67,67,67,67,67,67,67,67,67,67,67,67,67,67,67,67,67,67,67,67,67,67,67,67,67,67,67,67,67,67,67,67,74,74,74,74],"card_choices":[{"not_picked":["Slimebound:GoopTackle","Slimebound:FormOfPuddle"],"picked":"Slimebound:SplitBruiser","floor":1},{"not_picked":["Slimebound:LeechEnergy","Slimebound:Schlurp"],"picked":"Slimebound:Dissolve","floor":5},{"not_picked":["Slimebound:FirmFortitude","Slimebound:PressTheAttack","Slimebound:LeechLife"],"picked":"SKIP","floor":6},{"not_picked":["Slimebound:GoopSpray","Slimebound:SamplingLick","Slimebound:ComboTackle"],"picked":"SKIP","floor":7},{"not_picked":["Slimebound:GoopSpray","Slimebound:SplitBruiser"],"picked":"Slimebound:GrowthPunch","floor":10},{"not_picked":["Slimebound:Schlurp","Slimebound:LeechingTouch"],"picked":"Slimebound:LivingWall","floor":12},{"not_picked":["Slimebound:Gluttony","Slimebound:DisruptingSlam","Slimebound:Schlurp"],"picked":"SKIP","floor":14},{"not_picked":["Slimebound:DouseInSlime","Slimebound:TagTeam"],"picked":"Slimebound:OneTwoCombo","floor":16},{"not_picked":["Slimebound:PressTheAttack","Slimebound:ComboTackle"],"picked":"Slimebound:SplitAcid","floor":18},{"not_picked":["Slimebound:GoopSpray+1","Slimebound:LeechingTouch"],"picked":"Slimebound:LeadByExample","floor":19},{"not_picked":["Slimebound:ViciousTackle","Slimebound:Nibble","Slimebound:SamplingLick"],"picked":"SKIP","floor":20},{"not_picked":["Slimebound:SplitAcid","Slimebound:SamplingLick+1","Slimebound:ComboTackle"],"picked":"SKIP","floor":21},{"not_picked":["Slimebound:ViciousTackle","Slimebound:GrowthPunch"],"picked":"Slimebound:Gluttony+1","floor":24},{"not_picked":["Slimebound:DuplicatedForm","Slimebound:FinishingTackle"],"picked":"Slimebound:LeechEnergy+1","floor":25},{"not_picked":["Slimebound:RollThrough","Slimebound:GrowthPunch"],"picked":"Slimebound:SplitLeeching","floor":27},{"not_picked":["Slimebound:Gluttony","Slimebound:Grow"],"picked":"Slimebound:MinionMaster","floor":30},{"not_picked":["Slimebound:BestDefense","Slimebound:SlimeSpikes"],"picked":"Slimebound:Repurpose","floor":31},{"not_picked":["Slimebound:Recycling","Slimebound:WasteNot"],"picked":"Slimebound:LeechLife","floor":33},{"not_picked":["Slimebound:SplitLeeching","Slimebound:Schlurp"],"picked":"Slimebound:SamplingLick+1","floor":35},{"not_picked":["Slimebound:RejuvenatingLick","Slimebound:SplitAcid+1"],"picked":"Slimebound:CheckThePlaybook","floor":39},{"not_picked":["Slimebound:RollThrough+1","Slimebound:BestDefense+1"],"picked":"Slimebound:Schlurp+1","floor":41},{"not_picked":["Slimebound:Prepare+1","Slimebound:Schlurp+1"],"picked":"Slimebound:MegaLick","floor":45},{"not_picked":["Slimebound:ComboTackle","Slimebound:RollThrough+1","Slimebound:ViciousTackle+1"],"picked":"SKIP","floor":48},{"not_picked":["Slimebound:SplitAcid+1","Slimebound:LeechEnergy","Slimebound:ItLooksTasty"],"picked":"SKIP","floor":54}],"player_experience":185764,"relics_obtained":[{"floor":6,"key":"Omamori"},{"floor":14,"key":"Torii"},{"floor":26,"key":"Lantern"},{"floor":30,"key":"Mercury Hourglass"},{"floor":39,"key":"Ice Cream"},{"floor":43,"key":"Centennial Puzzle"},{"floor":48,"key":"Nunchaku"},{"floor":54,"key":"Strawberry"}],"event_choices":[{"damage_healed":0,"gold_gain":0,"player_choice":"Upgraded","damage_taken":0,"max_hp_gain":0,"max_hp_loss":0,"event_name":"Upgrade Shrine","floor":3,"gold_loss":0,"cards_upgraded":["Slimebound:CorrosiveSpit"]},{"damage_healed":0,"gold_gain":0,"player_choice":"Paid Gold","damage_taken":0,"relics_obtained":["HornCleat"],"max_hp_gain":0,"max_hp_loss":0,"event_name":"WeMeetAgain","floor":13,"gold_loss":99},{"cards_removed":["Slimebound:Strike_Slimebound"],"damage_healed":0,"gold_gain":0,"player_choice":"Upgrade and Remove","damage_taken":0,"max_hp_gain":0,"max_hp_loss":0,"event_name":"Designer","floor":28,"gold_loss":90,"cards_upgraded":["Slimebound:SplitBruiser"]},{"damage_healed":0,"gold_gain":0,"player_choice":"Memory 1","damage_taken":0,"max_hp_gain":0,"max_hp_loss":0,"event_name":"SensoryStone","floor":37,"gold_loss":0},{"damage_healed":0,"gold_gain":0,"player_choice":"Fight","damage_taken":0,"max_hp_gain":0,"max_hp_loss":0,"event_name":"MindBloom","floor":39,"gold_loss":0},{"damage_healed":0,"gold_gain":0,"player_choice":"Got Potions","damage_taken":0,"max_hp_gain":0,"max_hp_loss":0,"event_name":"Lab","floor":47,"gold_loss":0}],"is_beta":false,"boss_relics":[{"not_picked":["Snecko Eye","SacredBark"],"picked":"Coffee Dripper"},{"not_picked":["Velvet Choker","Calling Bell"],"picked":"Slimebound:AbsorbEndCombatUpgraded"}],"items_purged_floors":[22,38,46],"is_endless":false,"potions_floor_spawned":[1,7,10,14,16,18,21,30,31,39,45,48,54],"killed_by":"The Heart","ascension_level":8}}