{"host":"yiit85oc4oi3nqs8","time":1609510130,"event":{"mods":["AchievementEnabler","BaseMod","Better Third Choice","Block Reminder","DeckTracker","Highlight Path","Keyboard Shortcuts","Minty Spire (QoL Compilation)","MonsterHotkey","Quick Restart","Random Character Button","Relic Stats","StSLib"],"gold_per_floor":[119,119,135,135,135,146,166,166,194,194,212,212,239,239,262,288,305,339,264,264,264,264,264,294,305,305,305,305,305,383,383,394,394,409,409,435,447,459,459,479,479,479,492,527,527,527,527,377,248,34,34,34,34,57,57,57,57,82,82,82,160,160,171,217,217,233,246,258,258,258,258,258,258,258,258,258,285,310,310,325,345,345,364,364,364,396,396,396,396,396,396,396,113,17,48,48],"floor_reached":97,"playtime":3895,"items_purged":["Strike_R","Strike_R","Strike_R"],"score":2458,"play_id":"af5c0bd0-253a-4fd4-ba13-2cfc0b23714b","local_time":"20210101230850","is_ascension_mode":true,"campfire_choices":[{"data":"Rampage","floor":8,"key":"SMITH"},{"data":"True Grit","floor":10,"key":"SMITH"},{"data":"Bash","floor":12,"key":"SMITH"},{"data":"Combust","floor":14,"key":"SMITH"},{"data":"Shrug It Off","floor":21,"key":"SMITH"},{"data":"Headbutt","floor":23,"key":"SMITH"},{"floor":27,"key":"REST"},{"floor":28,"key":"RECALL"},{"floor":29,"key":"REST"},{"floor":41,"key":"REST"},{"data":"Fire Breathing","floor":42,"key":"SMITH"},{"data":"Corruption","floor":51,"key":"SMITH"},{"data":"Metallicize","floor":52,"key":"SMITH"},{"data":"Feel No Pain","floor":55,"key":"SMITH"},{"floor":57,"key":"REST"},{"data":"Dark Embrace","floor":59,"key":"SMITH"},{"data":"Defend_R","floor":60,"key":"SMITH"},{"data":"Defend_R","floor":69,"key":"SMITH"},{"data":"Defend_R","floor":70,"key":"SMITH"},{"data":"Defend_R","floor":73,"key":"SMITH"},{"floor":74,"key":"REST"},{"data":"Metallicize","floor":79,"key":"SMITH"},{"data":"Rupture","floor":84,"key":"SMITH"},{"data":"Searing Blow","floor":85,"key":"SMITH"},{"data":"Searing Blow+1","floor":87,"key":"SMITH"},{"data":"Searing Blow+2","floor":88,"key":"SMITH"},{"data":"Searing Blow+3","floor":89,"key":"SMITH"},{"data":"Searing Blow+4","floor":92,"key":"SMITH"}],"circlet_count":0,"master_deck":["AscendersBane","Strike_R+1","Defend_R+1","Defend_R+1","Defend_R+1","Defend_R+1","Bash+1","Rampage+1","Headbutt+1","Combust+1","True Grit+1","Shrug It Off+1","Headbutt+1","Sever Soul+1","Fire Breathing+1","Corruption+1","Feel No Pain+1","Metallicize+1","Dark Embrace+1","Blood for Blood+1","Metallicize+1","Rupture+1","Searing Blow+5","Metallicize","Feel No Pain","Fire Breathing","Demon Form"],"relics":["Burning Blood","NeowsBlessing","Red Skull","Oddly Smooth Stone","Akabeko","Orichalcum","Lantern","Tiny Chest","Black Star","Incense Burner","Toy Ornithopter","Centennial Puzzle","Anchor","Bottled Tornado","Sundial","The Courier","Mummified Hand","Strawberry","Art of War","Bottled Lightning","Snecko Eye","Pocketwatch","Boot","Whetstone","Gremlin Horn","Du-Vu Doll","Bag of Marbles","Thread and Needle","Pen Nib","War Paint","Self Forming Clay","Charon\u0027s Ashes","Unceasing Top"],"acts_visited":["Exordium","TheCity","TheBeyond","TheEnding"],"potions_floor_usage":[30,37,44,63,64,90,96],"damage_taken":[{"damage":0,"enemies":"Jaw Worm","floor":1,"turns":1},{"damage":0,"enemies":"2 Louse","floor":3,"turns":1},{"damage":0,"enemies":"Cultist","floor":6,"turns":1},{"damage":18,"enemies":"3 Louse","floor":7,"turns":4},{"damage":27,"enemies":"3 Sentries","floor":9,"turns":6},{"damage":12,"enemies":"Red Slaver","floor":11,"turns":4},{"damage":8,"enemies":"Gremlin Nob","floor":13,"turns":3},{"damage":3,"enemies":"2 Fungi Beasts","floor":17,"turns":3},{"damage":6,"enemies":"3 Sentries","floor":18,"turns":4},{"damage":8,"enemies":"Lagavulin","floor":24,"turns":4},{"damage":8,"enemies":"Large Slime","floor":25,"turns":3},{"damage":49,"enemies":"Hexaghost","floor":30,"turns":8},{"damage":20,"enemies":"Shell Parasite","floor":32,"turns":7},{"damage":13,"enemies":"2 Thieves","floor":34,"turns":4},{"damage":8,"enemies":"Centurion and Healer","floor":37,"turns":5},{"damage":13,"enemies":"Snecko","floor":38,"turns":3},{"damage":24,"enemies":"Sentry and Sphere","floor":40,"turns":4},{"damage":6,"enemies":"Cultist and Chosen","floor":43,"turns":7},{"damage":14,"enemies":"Gremlin Leader","floor":44,"turns":7},{"damage":10,"enemies":"Slavers","floor":58,"turns":4},{"damage":48,"enemies":"Automaton","floor":61,"turns":9},{"damage":4,"enemies":"3 Darklings","floor":63,"turns":4},{"damage":1,"enemies":"2 Orb Walkers","floor":64,"turns":4},{"damage":1,"enemies":"Orb Walker","floor":66,"turns":2},{"damage":3,"enemies":"Maw","floor":67,"turns":7},{"damage":9,"enemies":"4 Shapes","floor":68,"turns":3},{"damage":17,"enemies":"Mind Bloom Boss Battle","floor":78,"turns":4},{"damage":4,"enemies":"Transient","floor":80,"turns":5},{"damage":0,"enemies":"Sphere and 2 Shapes","floor":81,"turns":4},{"damage":2,"enemies":"Spire Growth","floor":83,"turns":3},{"damage":19,"enemies":"Giant Head","floor":86,"turns":6},{"damage":9,"enemies":"Time Eater","floor":90,"turns":7},{"damage":3,"enemies":"Shield and Spear","floor":95,"turns":5},{"damage":26,"enemies":"The Heart","floor":96,"turns":6}],"seed_played":"4039743585630452772","potions_obtained":[{"floor":3,"key":"PowerPotion"},{"floor":6,"key":"BlessingOfTheForge"},{"floor":25,"key":"DuplicationPotion"},{"floor":30,"key":"EssenceOfSteel"},{"floor":44,"key":"Weak Potion"},{"floor":61,"key":"Explosive Potion"},{"floor":64,"key":"Regen Potion"},{"floor":66,"key":"Strength Potion"},{"floor":68,"key":"BloodPotion"},{"floor":95,"key":"LiquidBronze"}],"is_trial":false,"path_per_floor":["M","?","M","?","?","M","M","R","E","R","M","R","E","R","T","T","M","E","$","E","R","?","R","E","M","?","R","R","R","B",null,"M","?","M","T","?","M","M","?","M","R","R","M","E","T","T","T","$","$","?","R","R","?","T","R","?","R","E","R","R","B",null,"M","?","?","M","M","M","R","R","T","?","R","R","T","T","T","?","R","M","M","?","M","R","R","E","R","R","R","B",null,"R","$","$","E","B",null],"character_chosen":"IRONCLAD","items_purchased":["Feel No Pain","Metallicize","Mummified Hand","Self Forming Clay","Metallicize","Feel No Pain","Fire Breathing"],"campfire_rested":5,"item_purchase_floors":[48,49,50,93,93,94,94],"current_hp_per_floor":[74,74,75,64,69,75,63,63,42,42,36,36,34,34,34,34,37,37,37,37,37,33,33,31,29,29,53,53,77,34,69,55,55,48,48,48,51,44,44,26,50,50,50,47,47,47,47,47,47,47,47,47,47,54,54,54,80,76,76,76,34,74,81,87,87,87,87,84,84,84,84,84,84,87,87,87,87,76,76,78,84,84,87,87,87,74,74,74,74,81,86,86,86,86,87,67],"gold":48,"neow_bonus":"THREE_ENEMY_KILL","is_daily":false,"chose_seed":false,"campfire_upgraded":22,"win_rate":0.0,"timestamp":1609510130,"path_taken":["M","?","M","?","?","M","M","R","E","R","M","R","E","R","T","T","M","E","$","E","R","?","R","E","?","?","R","R","R","BOSS","M","?","?","?","?","?","M","?","M","R","R","M","E","T","T","T","?","$","?","R","R","?","?","R","?","R","E","R","R","BOSS","M","?","?","M","M","M","R","R","?","?","R","R","T","T","T","?","R","?","?","?","M","R","R","E","R","R","R","BOSS","R","$","$","E","BOSS"],"items_purchased_type":["Card","Card","Relic","Relic","Card","Card","Card"],"build_version":"2020-12-22","purchased_purges":3,"victory":true,"max_hp_per_floor":[75,75,75,75,80,80,80,80,80,80,80,80,80,80,80,80,80,80,80,80,80,80,80,80,80,80,80,80,80,80,80,80,80,80,80,80,80,80,80,80,80,80,80,80,80,80,80,80,80,80,80,80,80,87,87,87,87,87,87,87,87,87,87,87,87,87,87,87,87,87,87,87,87,87,87,87,87,87,87,87,87,87,87,87,87,87,87,87,87,87,87,87,87,87,87,87],"relic_stats":{"Gremlin Horn":[3,3],"counters":[34,152],"Self Forming Clay":[51],"Pen Nib":[5],"Charon\u0027s Ashes":[39],"Whetstone":["Strike_R"],"Orichalcum":[210],"War Paint":[],"Boot":[4],"Burning Blood":184,"Centennial Puzzle":[41],"Sundial":[32],"Mummified Hand":[184],"Snecko Eye":[110,137,144,126],"Tiny Chest":3,"Black Star":4,"Art of War":[3],"obtain_stats":[{"Lantern":18,"Gremlin Horn":75,"Incense Burner":35,"Whetstone":72,"Bottled Tornado":45,"Boot":71,"Burning Blood":0,"Centennial Puzzle":44,"Sundial":46,"Mummified Hand":50,"Strawberry":54,"Tiny Chest":24,"Red Skull":4,"NeowsBlessing":0,"Self Forming Clay":93,"Oddly Smooth Stone":9,"Thread and Needle":78,"The Courier":47,"Pen Nib":86,"Charon\u0027s Ashes":95,"Orichalcum":15,"War Paint":86,"Akabeko":13,"Du-Vu Doll":76,"Anchor":44,"Snecko Eye":62,"Black Star":31,"Art of War":58,"Bag of Marbles":77,"Bottled Lightning":58,"Toy Ornithopter":36,"Unceasing Top":95,"Pocketwatch":64},{"Lantern":9,"Gremlin Horn":26,"Incense Burner":14,"Whetstone":26,"Bottled Tornado":19,"Boot":26,"Burning Blood":0,"Centennial Puzzle":19,"Sundial":19,"Mummified Hand":19,"Strawberry":19,"Tiny Chest":10,"Red Skull":2,"NeowsBlessing":0,"Self Forming Clay":32,"Oddly Smooth Stone":5,"Thread and Needle":27,"The Courier":19,"Pen Nib":31,"Charon\u0027s Ashes":33,"Orichalcum":7,"War Paint":31,"Akabeko":7,"Du-Vu Doll":26,"Anchor":19,"Snecko Eye":21,"Black Star":12,"Art of War":20,"Bag of Marbles":26,"Bottled Lightning":20,"Toy Ornithopter":14,"Unceasing Top":33,"Pocketwatch":23},{"Lantern":27,"Gremlin Horn":112,"Incense Burner":53,"Whetstone":112,"Bottled Tornado":79,"Boot":112,"Burning Blood":0,"Centennial Puzzle":79,"Sundial":79,"Mummified Hand":79,"Strawberry":79,"Tiny Chest":31,"Red Skull":2,"NeowsBlessing":0,"Self Forming Clay":141,"Oddly Smooth Stone":13,"Thread and Needle":116,"The Courier":79,"Pen Nib":134,"Charon\u0027s Ashes":146,"Orichalcum":20,"War Paint":134,"Akabeko":20,"Du-Vu Doll":112,"Anchor":79,"Snecko Eye":92,"Black Star":42,"Art of War":83,"Bag of Marbles":112,"Bottled Lightning":83,"Toy Ornithopter":53,"Unceasing Top":146,"Pocketwatch":100}],"Toy Ornithopter":25,"Unceasing Top":[0],"Pocketwatch":[22]},"card_choices":[{"not_picked":["Flex","Shrug It Off"],"picked":"Rampage","floor":1},{"not_picked":["Inflame","Evolve"],"picked":"Headbutt","floor":3},{"not_picked":["Headbutt","Body Slam"],"picked":"Combust","floor":6},{"not_picked":["Bloodletting","Dropkick"],"picked":"True Grit","floor":7},{"not_picked":["Burning Pact","Thunderclap","Fiend Fire"],"picked":"SKIP","floor":9},{"not_picked":["Warcry","Pommel Strike","Thunderclap"],"picked":"SKIP","floor":11},{"not_picked":["Spot Weakness","Body Slam","Flex"],"picked":"SKIP","floor":13},{"not_picked":["Brutality","True Grit"],"picked":"Shrug It Off","floor":17},{"not_picked":["Warcry","Thunderclap","Anger"],"picked":"SKIP","floor":18},{"not_picked":["Wild Strike","Havoc","Heavy Blade"],"picked":"SKIP","floor":24},{"not_picked":["Dark Embrace","Disarm","Pommel Strike"],"picked":"SKIP","floor":25},{"not_picked":["Twin Strike","Havoc+1","Seeing Red"],"picked":"SKIP","floor":32},{"not_picked":["Wild Strike","Whirlwind","Battle Trance"],"picked":"SKIP","floor":34},{"not_picked":["Pummel","Anger","Heavy Blade"],"picked":"SKIP","floor":37},{"not_picked":["Heavy Blade","Seeing Red"],"picked":"Sever Soul+1","floor":38},{"not_picked":["Feel No Pain","Blood for Blood"],"picked":"Fire Breathing","floor":40},{"not_picked":["Rage","Headbutt+1","Clash"],"picked":"SKIP","floor":43},{"not_picked":["Wild Strike","Metallicize"],"picked":"Corruption","floor":44},{"not_picked":["Havoc","Thunderclap+1","Sever Soul"],"picked":"SKIP","floor":58},{"not_picked":["Reckless Charge","Heavy Blade+1","Disarm"],"picked":"SKIP","floor":63},{"not_picked":["Anger","Whirlwind","Seeing Red"],"picked":"SKIP","floor":66},{"not_picked":["Flex","Second Wind","Iron Wave"],"picked":"SKIP","floor":67},{"not_picked":["True Grit","Demon Form"],"picked":"Blood for Blood+1","floor":68},{"not_picked":["Thunderclap+1","Carnage+1"],"picked":"Metallicize","floor":78},{"not_picked":["True Grit","Evolve"],"picked":"Rupture","floor":80},{"not_picked":["Anger","Twin Strike","Warcry"],"picked":"SKIP","floor":81},{"not_picked":["Cleave","Twin Strike+1"],"picked":"Searing Blow","floor":83},{"not_picked":["Immolate","Thunderclap","Uppercut"],"picked":"SKIP","floor":86},{"not_picked":["Thunderclap","Searing Blow"],"picked":"Demon Form","floor":95}],"player_experience":416479,"relics_obtained":[{"floor":9,"key":"Oddly Smooth Stone"},{"floor":13,"key":"Akabeko"},{"floor":15,"key":"Orichalcum"},{"floor":18,"key":"Lantern"},{"floor":24,"key":"Tiny Chest"},{"floor":35,"key":"Incense Burner"},{"floor":36,"key":"Toy Ornithopter"},{"floor":44,"key":"Centennial Puzzle"},{"floor":44,"key":"Anchor"},{"floor":45,"key":"Bottled Tornado"},{"floor":46,"key":"Sundial"},{"floor":47,"key":"The Courier"},{"floor":54,"key":"Strawberry"},{"floor":58,"key":"Art of War"},{"floor":58,"key":"Bottled Lightning"},{"floor":64,"key":"Pocketwatch"},{"floor":71,"key":"Boot"},{"floor":72,"key":"Whetstone"},{"floor":75,"key":"Gremlin Horn"},{"floor":76,"key":"Du-Vu Doll"},{"floor":77,"key":"Bag of Marbles"},{"floor":78,"key":"Thread and Needle"},{"floor":86,"key":"Pen Nib"},{"floor":86,"key":"War Paint"},{"floor":95,"key":"Charon\u0027s Ashes"},{"floor":95,"key":"Unceasing Top"}],"event_choices":[{"cards_removed":["Strike_R"],"damage_healed":0,"gold_gain":0,"player_choice":"Forget","damage_taken":0,"max_hp_gain":0,"max_hp_loss":0,"event_name":"Living Wall","floor":2,"gold_loss":0},{"damage_healed":0,"gold_gain":0,"player_choice":"Relic ","damage_taken":11,"max_hp_gain":0,"max_hp_loss":0,"event_name":"betterThird:BetterScrap","floor":4,"gold_loss":0,"cards_obtained":["Setup"]},{"damage_healed":0,"gold_gain":0,"player_choice":"Donut","damage_taken":0,"max_hp_gain":5,"max_hp_loss":0,"event_name":"Big Fish","floor":5,"gold_loss":0},{"damage_healed":0,"gold_gain":0,"player_choice":"Bought 0 Potions","damage_taken":0,"max_hp_gain":0,"max_hp_loss":0,"event_name":"The Woman in Blue","floor":22,"gold_loss":0},{"damage_healed":0,"gold_gain":0,"player_choice":"Copied","damage_taken":0,"max_hp_gain":0,"max_hp_loss":0,"event_name":"Duplicator","floor":33,"gold_loss":0,"cards_obtained":["Headbutt"]},{"damage_healed":0,"gold_gain":0,"player_choice":"Ignored","damage_taken":0,"max_hp_gain":0,"max_hp_loss":0,"event_name":"Vampires","floor":53,"gold_loss":0},{"damage_healed":0,"gold_gain":0,"player_choice":"Read","damage_taken":0,"max_hp_gain":0,"max_hp_loss":0,"event_name":"The Library","floor":56,"gold_loss":0,"cards_obtained":["Dark Embrace"]},{"damage_healed":0,"gold_gain":0,"player_choice":"Fight","damage_taken":0,"max_hp_gain":0,"max_hp_loss":0,"event_name":"Mysterious Sphere","floor":64,"gold_loss":0},{"damage_healed":0,"gold_gain":0,"player_choice":"Memory 1","damage_taken":0,"max_hp_gain":0,"max_hp_loss":0,"event_name":"SensoryStone","floor":65,"gold_loss":0},{"damage_healed":0,"gold_gain":0,"player_choice":"Fight","damage_taken":0,"max_hp_gain":0,"max_hp_loss":0,"event_name":"MindBloom","floor":78,"gold_loss":0}],"is_beta":false,"boss_relics":[{"not_picked":["Cursed Key","Calling Bell"],"picked":"Black Star"},{"not_picked":["Runic Pyramid","Mark of Pain"],"picked":"Snecko Eye"}],"items_purged_floors":[19,48,49],"is_endless":false,"potions_floor_spawned":[3,6,9,13,25,30,34,44,61,64,66,68,83,86,95],"ascension_level":16}}