{"host":"u7lm8z2rvb4dg2oo","time":1609483282,"event":{"mods":["AchievementEnabler","BaseMod","Colored Map","Colored Powertips","Curses Come First","Googly Eyes","Highlight Path","Minty Spire (QoL Compilation)","Quick Restart","StSLib"],"gold_per_floor":[114,114,62,62,62,62,86,105,105,121,121,121],"floor_reached":11,"playtime":303,"items_purged":[],"score":79,"play_id":"686b8c4b-9fd3-44f7-8a2c-17563233947f","local_time":"20210101014122","is_ascension_mode":true,"campfire_choices":[{"data":"Eruption","floor":6,"key":"SMITH"}],"circlet_count":0,"master_deck":["Strike_P+1","Strike_P","Strike_P","Strike_P","Defend_P","Defend_P+1","Defend_P+1","Defend_P+1","Eruption+1","Vigilance","Dramatic Entrance","Protect","Injury","Prostrate","Judgement"],"relics":["PureWater","Golden Idol","War Paint"],"acts_visited":["Exordium"],"potions_floor_usage":[8,11],"damage_taken":[{"damage":3,"enemies":"2 Louse","floor":1,"turns":2},{"damage":0,"enemies":"Small Slimes","floor":7,"turns":3},{"damage":0,"enemies":"Jaw Worm","floor":8,"turns":1},{"damage":12,"enemies":"Red Slaver","floor":10,"turns":2},{"damage":45,"enemies":"Lagavulin","floor":11,"turns":8}],"seed_played":"4721580321923678802","potions_obtained":[{"floor":1,"key":"DistilledChaos"},{"floor":8,"key":"PowerPotion"},{"floor":10,"key":"SpeedPotion"}],"is_trial":false,"path_per_floor":["M","?","$","?","?","R","M","M","T","M","E"],"character_chosen":"WATCHER","items_purchased":["Protect"],"campfire_rested":0,"item_purchase_floors":[3],"current_hp_per_floor":[69,55,55,55,55,55,55,55,55,43,0,0],"gold":121,"neow_bonus":"RANDOM_COLORLESS","is_daily":false,"chose_seed":false,"campfire_upgraded":1,"win_rate":0.0,"timestamp":1609483282,"path_taken":["M","?","$","?","?","R","M","M","T","M","E"],"items_purchased_type":["Card"],"build_version":"2020-12-22","purchased_purges":0,"victory":false,"max_hp_per_floor":[72,72,72,72,72,72,72,72,72,72,72,72],"card_choices":[{"not_picked":["Blind","Purity"],"picked":"Dramatic Entrance","floor":0},{"not_picked":["Nirvana","JustLucky","BowlingBash"],"picked":"SKIP","floor":1},{"not_picked":["EmptyMind","Sanctity"],"picked":"Prostrate","floor":7},{"not_picked":["CutThroughFate","ReachHeaven"],"picked":"Judgement","floor":8},{"not_picked":["JustLucky","Sanctity","Evaluate"],"picked":"SKIP","floor":10}],"player_experience":1023881,"relics_obtained":[{"floor":9,"key":"War Paint"}],"event_choices":[{"damage_healed":0,"gold_gain":0,"player_choice":"Entered Light","damage_taken":14,"max_hp_gain":0,"max_hp_loss":0,"event_name":"Shining Light","floor":2,"gold_loss":0,"cards_upgraded":["Defend_P","Strike_P"]},{"damage_healed":0,"gold_gain":0,"player_choice":"Ignored","damage_taken":0,"max_hp_gain":0,"max_hp_loss":0,"event_name":"Liars Game","floor":4,"gold_loss":0},{"damage_healed":0,"gold_gain":0,"player_choice":"Take Wound","damage_taken":0,"relics_obtained":["Golden Idol"],"max_hp_gain":0,"max_hp_loss":0,"event_name":"Golden Idol","floor":5,"gold_loss":0,"cards_obtained":["Injury"]}],"is_beta":false,"boss_relics":[],"items_purged_floors":[],"is_endless":false,"potions_floor_spawned":[1,8,10],"killed_by":"Lagavulin","ascension_level":5}}