{"host":"yvb207ks1sg3cxef","time":1609502726,"event":{"mods":["2.2 Compatiblity","BaseMod","Bestiary","Colored Powertips","Minty Spire (QoL Compilation)","Permanent Neow","Quick Restart","Relic Stats","StSLib"],"gold_per_floor":[131,188,238,253,309,309,353,381,452,452,452,377,377,26,26,26,26],"floor_reached":16,"playtime":564,"items_purged":["Strike_G"],"score":198,"play_id":"d58c1953-d545-4168-ae16-e24aab9118f0","local_time":"20210101173526","is_ascension_mode":true,"campfire_choices":[{"data":"HandOfGreed","floor":6,"key":"SMITH"},{"data":"Tactician","floor":13,"key":"SMITH"},{"data":"Footwork","floor":15,"key":"SMITH"}],"circlet_count":0,"master_deck":["AscendersBane","Strike_G","Strike_G","Strike_G","Defend_G","Defend_G","Defend_G","Defend_G","Defend_G","Survivor","Neutralize","HandOfGreed+1","Dagger Throw","Deadly Poison","Tactician+1","Burst","Dagger Throw","Footwork+1","Blur"],"relics":["Ring of the Snake","PreservedInsect"],"acts_visited":["Exordium"],"potions_floor_usage":[7,8,10,16],"damage_taken":[{"damage":4,"enemies":"Jaw Worm","floor":1,"turns":4},{"damage":0,"enemies":"2 Louse","floor":2,"turns":3},{"damage":8,"enemies":"Small Slimes","floor":3,"turns":3},{"damage":6,"enemies":"Looter","floor":4,"turns":5},{"damage":3,"enemies":"Exordium Thugs","floor":5,"turns":4},{"damage":15,"enemies":"Red Slaver","floor":7,"turns":4},{"damage":21,"enemies":"Lagavulin","floor":8,"turns":6},{"damage":0,"enemies":"Blue Slaver","floor":10,"turns":2},{"damage":22,"enemies":"Slime Boss","floor":16,"turns":3}],"seed_played":"4701808718424849525","potions_obtained":[{"floor":1,"key":"EssenceOfSteel"},{"floor":2,"key":"PowerPotion"},{"floor":5,"key":"LiquidBronze"},{"floor":8,"key":"SmokeBomb"}],"is_trial":false,"path_per_floor":["M","M","M","M","M","R","M","E","T","M","?","?","R","$","R","B"],"character_chosen":"THE_SILENT","items_purchased":["Footwork","CultistPotion","Blur"],"campfire_rested":0,"item_purchase_floors":[14,14,14],"current_hp_per_floor":[55,55,47,41,38,38,23,2,2,2,22,22,22,22,22,0,0],"gold":26,"neow_bonus":"RANDOM_COLORLESS_2","is_daily":false,"chose_seed":false,"campfire_upgraded":3,"win_rate":0.0,"timestamp":1609502726,"path_taken":["M","M","M","M","M","R","M","E","T","M","?","?","R","$","R","BOSS"],"items_purchased_type":["Card","Potion","Card"],"build_version":"2020-12-22","purchased_purges":1,"victory":false,"max_hp_per_floor":[60,60,60,60,60,60,60,60,60,60,60,60,60,60,60,60,60],"relic_stats":{"counters":[9,34],"PreservedInsect":0,"obtain_stats":[{"PreservedInsect":8,"Ring of the Snake":0},{"PreservedInsect":7,"Ring of the Snake":0},{"PreservedInsect":29,"Ring of the Snake":0}],"Ring of the Snake":[18]},"card_choices":[{"not_picked":["Secret Weapon","Thinking Ahead"],"picked":"HandOfGreed","floor":0},{"not_picked":["Caltrops","Finisher"],"picked":"Dagger Throw","floor":1},{"not_picked":["Endless Agony","Infinite Blades"],"picked":"Deadly Poison","floor":2},{"not_picked":["Flying Knee","Riddle With Holes","Poisoned Stab"],"picked":"SKIP","floor":3},{"not_picked":["Bouncing Flask","Dagger Throw"],"picked":"Tactician","floor":4},{"not_picked":["Bane","All Out Attack","Flying Knee"],"picked":"SKIP","floor":5},{"not_picked":["Choke","Deflect"],"picked":"Burst","floor":7},{"not_picked":["All Out Attack","Acrobatics"],"picked":"Dagger Throw","floor":8}],"player_experience":262956,"relics_obtained":[{"floor":8,"key":"PreservedInsect"}],"event_choices":[{"damage_healed":20,"gold_gain":0,"player_choice":"Banana","damage_taken":0,"max_hp_gain":0,"max_hp_loss":0,"event_name":"Big Fish","floor":11,"gold_loss":0},{"cards_removed":["Strike_G"],"damage_healed":0,"gold_gain":0,"player_choice":"Card Removal","damage_taken":0,"max_hp_gain":0,"max_hp_loss":0,"event_name":"The Cleric","floor":12,"gold_loss":75}],"is_beta":false,"boss_relics":[],"items_purged_floors":[14],"is_endless":false,"potions_floor_spawned":[1,2,5,8,10],"killed_by":"Slime Boss","ascension_level":18}}