{"host":"xcuflocadasoaqda","time":1609541147,"event":{"mods":["BaseMod","Bestiary","Filter the Spire","Minty Spire (QoL Compilation)","Relic Stats"],"gold_per_floor":[111,36,52,127,140,140,154,188,188,188,206,206,206,216,216,290,290,306,306,67,96,113,113,113,113,137,150,150,182,193,222,222,293,343,362,687,909,547,560,589,589,617,663,663,663,674,704,718,718,718,718,718,718,220,245,245],"floor_reached":57,"playtime":4035,"items_purged":["Dualcast","Chill+1"],"score":3231,"play_id":"7cb92682-9454-4124-9d50-1d7ece7e8a0e","local_time":"20210101164547","is_ascension_mode":true,"campfire_choices":[{"data":"Streamline","floor":6.0,"key":"SMITH"},{"data":"Hologram","floor":10.0,"key":"SMITH"},{"floor":13.0,"key":"REST"},{"data":"Skim","floor":15.0,"key":"SMITH"},{"data":"Recycle","floor":23.0,"key":"SMITH"},{"data":"Turbo","floor":25.0,"key":"SMITH"},{"data":"Rainbow","floor":32.0,"key":"PURGE"},{"data":"Multi-Cast","floor":41.0,"key":"PURGE"},{"floor":45,"key":"RECALL"},{"floor":49,"key":"REST"},{"floor":53,"key":"REST"}],"circlet_count":0,"master_deck":["AscendersBane","Recycle+1","Skim+1","Hologram+1","Streamline+1","Genetic Algorithm","Turbo+1","Echo Form","Reinforced Body"],"relics":["Pandora\u0027s Box","Singing Bowl","Mango","Runic Dome","Medical Kit","Red Mask","MutagenicStrength","Lantern","Peace Pipe","Girya","Boot","Tiny House","Old Coin","InkBottle","Ancient Tea Set","DataDisk","HornCleat","ClockworkSouvenir","Mercury Hourglass","Happy Flower"],"acts_visited":["Exordium","TheCity","TheBeyond","TheEnding"],"potions_floor_usage":[51,56,56],"damage_taken":[{"damage":0.0,"enemies":"Small Slimes","floor":1.0,"turns":3.0},{"damage":0.0,"enemies":"2 Louse","floor":3.0,"turns":3.0},{"damage":7.0,"enemies":"Jaw Worm","floor":5.0,"turns":3.0},{"damage":22.0,"enemies":"Exordium Thugs","floor":7.0,"turns":4.0},{"damage":18.0,"enemies":"Lagavulin","floor":8.0,"turns":5.0},{"damage":11.0,"enemies":"Exordium Wildlife","floor":11.0,"turns":5.0},{"damage":4.0,"enemies":"Looter","floor":14.0,"turns":3.0},{"damage":25.0,"enemies":"Slime Boss","floor":16.0,"turns":8.0},{"damage":4.0,"enemies":"Spheric Guardian","floor":18.0,"turns":3.0},{"damage":0.0,"enemies":"Masked Bandits","floor":21.0,"turns":3.0},{"damage":0.0,"enemies":"2 Thieves","floor":22.0,"turns":2.0},{"damage":0.0,"enemies":"3 Cultists","floor":27.0,"turns":2.0},{"damage":0.0,"enemies":"Book of Stabbing","floor":29.0,"turns":2.0},{"damage":0.0,"enemies":"Centurion and Healer","floor":30.0,"turns":3.0},{"damage":0.0,"enemies":"Slavers","floor":31.0,"turns":4.0},{"damage":22.0,"enemies":"Champ","floor":33.0,"turns":4.0},{"damage":1.0,"enemies":"Orb Walker","floor":35.0,"turns":3.0},{"damage":0.0,"enemies":"Mind Bloom Boss Battle","floor":36.0,"turns":3.0},{"damage":30.0,"enemies":"3 Shapes","floor":39.0,"turns":6.0},{"damage":25.0,"enemies":"Nemesis","floor":40.0,"turns":4.0},{"damage":0,"enemies":"Reptomancer","floor":42,"turns":2},{"damage":0,"enemies":"Spire Growth","floor":46,"turns":1},{"damage":0,"enemies":"Giant Head","floor":47,"turns":2},{"damage":0,"enemies":"Sphere and 2 Shapes","floor":48,"turns":1},{"damage":0,"enemies":"Awakened One","floor":50,"turns":2},{"damage":97,"enemies":"Time Eater","floor":51,"turns":17},{"damage":0,"enemies":"Shield and Spear","floor":55,"turns":2},{"damage":89,"enemies":"The Heart","floor":56,"turns":7}],"seed_played":"8605545528863637350","potions_obtained":[{"floor":1.0,"key":"Swift Potion"},{"floor":7.0,"key":"SpeedPotion"},{"floor":11.0,"key":"Block Potion"},{"floor":18.0,"key":"Dexterity Potion"},{"floor":33.0,"key":"Ancient Potion"}],"is_trial":false,"path_per_floor":["M","?","M","?","M","R","M","E","T","R","M","?","R","M","R","B",null,"M","?","$","?","M","R","?","R","T","M","T","E","M","E","R","B",null,"M","?","?","$","M","E","R","E","T","?","R","M","E","M","R","B","B",null,"R","$","E","B",null],"character_chosen":"DEFECT","items_purchased":["Medical Kit","InkBottle","ClockworkSouvenir","Dexterity Potion","Mercury Hourglass"],"campfire_rested":3,"item_purchase_floors":[20,38,54,54,54],"current_hp_per_floor":[64,64,64,53,46,46,24,8,22,22,13,6,32,30,30,5,70,68,40,40,42,44,44,44,44,44,46,46,46,48,50,50,30,97,98,100,100,100,72,49,49,51,51,53,53,55,57,59,99,99,2,102,135,135,137,48],"gold":245,"neow_bonus":"BOSS_RELIC","is_daily":false,"chose_seed":false,"campfire_upgraded":5,"win_rate":0.0,"timestamp":1609541147,"path_taken":["M","?","M","?","M","R","M","E","T","R","M","?","R","M","R","BOSS","M","?","$","?","M","R","?","R","T","?","?","E","M","E","R","BOSS","M","?","?","$","M","E","R","E","T","?","R","M","E","M","R","BOSS","BOSS","R","$","E","BOSS"],"items_purchased_type":["Relic","Relic","Relic","Potion","Relic"],"build_version":"2020-12-22","purchased_purges":2,"victory":true,"max_hp_per_floor":[71,71,71,71,71,71,71,73,87,87,89,89,89,91,91,91,91,93,98,98,100,102,102,102,102,102,104,104,104,106,108,108,110,117,119,121,121,121,123,125,125,127,127,129,129,131,133,135,135,135,135,135,135,135,137,137],"relic_stats":{"Peace Pipe":4,"Singing Bowl":42,"Happy Flower":[2],"counters":[28,107],"Pandora\u0027s Box":["Recycle","Skim","Heatsinks","Rainbow","Multi-Cast","Hologram","Streamline","Chill"],"Medical Kit":[159],"Boot":[120],"obtain_stats":[{"Girya":29,"Lantern":26,"Tiny House":34,"Singing Bowl":8,"Happy Flower":55,"Mango":9,"Medical Kit":20,"Boot":31,"Ancient Tea Set":40,"Old Coin":36,"ClockworkSouvenir":54,"Mercury Hourglass":54,"Peace Pipe":28,"Runic Dome":17,"DataDisk":42,"HornCleat":47,"MutagenicStrength":24,"Pandora\u0027s Box":0,"Red Mask":21,"Cracked Core":0,"InkBottle":38},{"Girya":13,"Lantern":11,"Tiny House":16,"Singing Bowl":5,"Happy Flower":27,"Mango":5,"Medical Kit":9,"Boot":15,"Ancient Tea Set":20,"Old Coin":18,"ClockworkSouvenir":26,"Mercury Hourglass":26,"Peace Pipe":12,"Runic Dome":8,"DataDisk":21,"HornCleat":23,"MutagenicStrength":11,"Pandora\u0027s Box":0,"Red Mask":10,"Cracked Core":0,"InkBottle":18},{"Girya":46,"Lantern":42,"Tiny House":57,"Singing Bowl":18,"Happy Flower":100,"Mango":18,"Medical Kit":37,"Boot":53,"Ancient Tea Set":73,"Old Coin":63,"ClockworkSouvenir":98,"Mercury Hourglass":98,"Peace Pipe":44,"Runic Dome":34,"DataDisk":75,"HornCleat":78,"MutagenicStrength":42,"Pandora\u0027s Box":0,"Red Mask":40,"Cracked Core":0,"InkBottle":63}],"InkBottle":[43],"Mercury Hourglass":[33]},"card_choices":[{"not_picked":["White Noise","Sweeping Beam","Barrage"],"picked":"SKIP","floor":1.0},{"not_picked":["Scrape","Conserve Battery"],"picked":"Genetic Algorithm","floor":3.0},{"not_picked":["Rip and Tear","Go for the Eyes","Hologram"],"picked":"SKIP","floor":5.0},{"not_picked":["Aggregate","Lockon"],"picked":"Turbo","floor":7.0},{"not_picked":["Storm","Capacitor","Gash"],"picked":"Singing Bowl","floor":8.0},{"not_picked":["Beam Cell","Hello World","Heatsinks"],"picked":"Singing Bowl","floor":11.0},{"not_picked":["Steam","Biased Cognition","Streamline"],"picked":"Singing Bowl","floor":14.0},{"not_picked":["Meteor Strike","Multi-Cast"],"picked":"Echo Form","floor":16.0},{"not_picked":["Fusion","FTL","Rebound"],"picked":"Singing Bowl","floor":18.0},{"not_picked":["Rebound","Self Repair","Hologram"],"picked":"Singing Bowl","floor":21.0},{"not_picked":["Aggregate+1","Go for the Eyes","Sunder"],"picked":"Singing Bowl","floor":22.0},{"not_picked":["Rebound","Echo Form","Lockon"],"picked":"Singing Bowl","floor":27.0},{"not_picked":["Stack","Beam Cell"],"picked":"Reinforced Body","floor":29.0},{"not_picked":["Beam Cell","Conserve Battery","Coolheaded"],"picked":"Singing Bowl","floor":30.0},{"not_picked":["Glacier","Sunder","Compile Driver+1"],"picked":"Singing Bowl","floor":31.0},{"not_picked":["Echo Form","Buffer","Meteor Strike"],"picked":"Singing Bowl","floor":33.0},{"not_picked":["Steam","Barrage","Ball Lightning"],"picked":"Singing Bowl","floor":34.0},{"not_picked":["Go for the Eyes+1","Beam Cell","Compile Driver+1"],"picked":"Singing Bowl","floor":35.0},{"not_picked":["Rebound","FTL","Beam Cell"],"picked":"Singing Bowl","floor":36.0},{"not_picked":["Ball Lightning","Hologram","Seek"],"picked":"Singing Bowl","floor":39.0},{"not_picked":["Gash","Skim","Steam+1"],"picked":"Singing Bowl","floor":40.0},{"not_picked":["Capacitor+1","Amplify","FTL"],"picked":"Singing Bowl","floor":42},{"not_picked":["Dramatic Entrance","Madness","Good Instincts"],"picked":"Singing Bowl","floor":44},{"not_picked":["Cold Snap","Reinforced Body","Ball Lightning"],"picked":"Singing Bowl","floor":46},{"not_picked":["Lockon","Redo+1","Beam Cell"],"picked":"Singing Bowl","floor":47},{"not_picked":["Heatsinks","Sunder","Go for the Eyes"],"picked":"Singing Bowl","floor":48},{"not_picked":["Blizzard","Darkness","Redo"],"picked":"Singing Bowl","floor":55}],"player_experience":1832701,"relics_obtained":[{"floor":8.0,"key":"Singing Bowl"},{"floor":9.0,"key":"Mango"},{"floor":21.0,"key":"Red Mask"},{"floor":26.0,"key":"Lantern"},{"floor":28.0,"key":"Peace Pipe"},{"floor":29.0,"key":"Girya"},{"floor":31.0,"key":"Boot"},{"floor":36.0,"key":"Old Coin"},{"floor":40.0,"key":"Ancient Tea Set"},{"floor":42,"key":"DataDisk"},{"floor":47,"key":"HornCleat"},{"floor":55,"key":"Happy Flower"}],"event_choices":[{"cards_removed":["Heatsinks"],"damage_healed":0.0,"max_hp_gain":0.0,"max_hp_loss":0.0,"gold_gain":0.0,"event_name":"The Cleric","player_choice":"Card Removal","floor":2.0,"gold_loss":75.0,"damage_taken":0.0},{"damage_healed":0.0,"max_hp_gain":0.0,"max_hp_loss":0.0,"gold_gain":75.0,"event_name":"World of Goop","player_choice":"Gather Gold","floor":4.0,"gold_loss":0.0,"damage_taken":11.0},{"cards_removed":["Zap"],"damage_healed":0.0,"max_hp_gain":0.0,"max_hp_loss":0.0,"gold_gain":0.0,"event_name":"Golden Wing","player_choice":"Card Removal","floor":12.0,"gold_loss":0.0,"damage_taken":7.0},{"damage_healed":0.0,"max_hp_gain":5.0,"max_hp_loss":0.0,"gold_gain":0.0,"event_name":"Forgotten Altar","player_choice":"Shed Blood","floor":19.0,"gold_loss":0.0,"damage_taken":33.0},{"damage_healed":0.0,"max_hp_gain":0.0,"max_hp_loss":0.0,"gold_gain":0.0,"event_name":"Masked Bandits","player_choice":"Fought Bandits","floor":21.0,"gold_loss":0.0,"damage_taken":0.0},{"damage_healed":0.0,"max_hp_gain":0.0,"max_hp_loss":0.0,"gold_gain":0.0,"event_name":"Drug Dealer","player_choice":"Inject Mutagens","floor":24.0,"gold_loss":0.0,"damage_taken":0.0,"relics_obtained":["MutagenicStrength"]},{"damage_healed":0.0,"max_hp_gain":0.0,"max_hp_loss":0.0,"gold_gain":0.0,"event_name":"MindBloom","player_choice":"Fight","floor":36.0,"gold_loss":0.0,"damage_taken":0.0},{"damage_healed":0.0,"max_hp_gain":0.0,"max_hp_loss":0.0,"gold_gain":222.0,"event_name":"Tomb of Lord Red Mask","player_choice":"Wore Mask","floor":37.0,"gold_loss":0.0,"damage_taken":0.0},{"damage_healed":0,"gold_gain":0,"player_choice":"Memory 1","damage_taken":0,"max_hp_gain":0,"max_hp_loss":0,"event_name":"SensoryStone","floor":44,"gold_loss":0}],"is_beta":false,"boss_relics":[{"not_picked":["Ectoplasm","Coffee Dripper"],"picked":"Runic Dome"},{"not_picked":["Calling Bell","SlaversCollar"],"picked":"Tiny House"}],"items_purged_floors":[20,38],"is_endless":false,"potions_floor_spawned":[1,7,11,18,22,27,29,33,36,39,47,48,55],"ascension_level":20}}