{"host":"15dd7v8o90xso62x","time":1609531636,"event":{"mods":["BaseMod","Minty Spire (QoL Compilation)","Quick Restart","StSLib","SuperFastMode"],"gold_per_floor":[114,114,134,134,154,188,58,87,87,87,98,61,74,93,93,167,167,177,19,32,32,46,79,79,89,89,106,120,131,131,156,156,233,233,244,244,255,265,173,173,186,44,44,60,60,60,92,109,109,109,109],"floor_reached":52,"playtime":3093,"items_purged":["Strike_R","Strike_R","Strike_R"],"score":2101,"play_id":"27ad2365-74aa-4110-b829-68a12abe2c8d","local_time":"20210102050715","is_ascension_mode":true,"campfire_choices":[{"data":"Seeing Red","floor":15.0,"key":"SMITH"},{"data":"Dark Embrace","floor":24.0,"key":"SMITH"},{"data":"Havoc","floor":30.0,"key":"SMITH"},{"floor":32.0,"key":"REST"},{"data":"Offering","floor":40.0,"key":"SMITH"},{"floor":46.0,"key":"REST"},{"floor":49,"key":"REST"}],"circlet_count":0,"master_deck":["AscendersBane","Defend_R","Defend_R+1","Defend_R","Defend_R","Bash","Shrug It Off","Dual Wield+1","Cleave","Second Wind+1","Power Through","Rage","Seeing Red+1","Offering+1","Dark Embrace+1","Thunderclap","Flame Barrier","Havoc+1","Burning Pact","Second Wind","Shockwave","Impervious","Seeing Red","Body Slam","Evolve"],"relics":["Black Blood","Red Skull","Mercury Hourglass","Akabeko","Bag of Marbles","Membership Card","Dead Branch","Shuriken","InkBottle","War Paint","SacredBark","Incense Burner","Potion Belt","Blood Vial"],"acts_visited":["Exordium","TheCity","TheBeyond"],"potions_floor_usage":[50,51,51,51],"damage_taken":[{"damage":13.0,"enemies":"Small Slimes","floor":1.0,"turns":5.0},{"damage":6.0,"enemies":"Cultist","floor":3.0,"turns":4.0},{"damage":7.0,"enemies":"Jaw Worm","floor":5.0,"turns":3.0},{"damage":23.0,"enemies":"3 Sentries","floor":6.0,"turns":5.0},{"damage":37.0,"enemies":"Gremlin Nob","floor":8.0,"turns":4.0},{"damage":0.0,"enemies":"Looter","floor":11.0,"turns":2.0},{"damage":0.0,"enemies":"Lots of Slimes","floor":13.0,"turns":2.0},{"damage":0.0,"enemies":"Gremlin Gang","floor":14.0,"turns":1.0},{"damage":0.0,"enemies":"Slime Boss","floor":16.0,"turns":5.0},{"damage":0.0,"enemies":"Chosen","floor":18.0,"turns":2.0},{"damage":46.0,"enemies":"Spheric Guardian","floor":20.0,"turns":8.0},{"damage":18.0,"enemies":"Centurion and Healer","floor":22.0,"turns":5.0},{"damage":12.0,"enemies":"Gremlin Leader","floor":23.0,"turns":1.0},{"damage":19.0,"enemies":"Cultist and Chosen","floor":25.0,"turns":4.0},{"damage":16.0,"enemies":"Shelled Parasite and Fungi","floor":27.0,"turns":8.0},{"damage":6.0,"enemies":"Sentry and Sphere","floor":28.0,"turns":3.0},{"damage":6.0,"enemies":"Cultist and Chosen","floor":29.0,"turns":3.0},{"damage":14.0,"enemies":"Book of Stabbing","floor":31.0,"turns":4.0},{"damage":38.0,"enemies":"Automaton","floor":33.0,"turns":8.0},{"damage":15.0,"enemies":"3 Shapes","floor":35.0,"turns":5.0},{"damage":21.0,"enemies":"Orb Walker","floor":37.0,"turns":5.0},{"damage":25.0,"enemies":"Maw","floor":38.0,"turns":7.0},{"damage":40.0,"enemies":"Transient","floor":41.0,"turns":6.0},{"damage":1.0,"enemies":"Sphere and 2 Shapes","floor":44.0,"turns":6.0},{"damage":38.0,"enemies":"Giant Head","floor":47.0,"turns":6.0},{"damage":3,"enemies":"Writhing Mass","floor":48,"turns":6},{"damage":15,"enemies":"Time Eater","floor":50,"turns":8},{"damage":31,"enemies":"Donu and Deca","floor":51,"turns":9}],"seed_played":"-1798453655211666405","potions_obtained":[{"floor":3.0,"key":"Dexterity Potion"},{"floor":5.0,"key":"Block Potion"},{"floor":11.0,"key":"AttackPotion"},{"floor":13.0,"key":"DistilledChaos"},{"floor":16.0,"key":"AttackPotion"},{"floor":23.0,"key":"Energy Potion"},{"floor":25.0,"key":"Weak Potion"},{"floor":27.0,"key":"Energy Potion"},{"floor":31.0,"key":"FearPotion"},{"floor":33.0,"key":"BloodPotion"},{"floor":35.0,"key":"ElixirPotion"},{"floor":38.0,"key":"Weak Potion"},{"floor":45.0,"key":"Strength Potion"},{"floor":45.0,"key":"GamblersBrew"},{"floor":47.0,"key":"EssenceOfSteel"},{"floor":48,"key":"Energy Potion"}],"is_trial":false,"path_per_floor":["M","?","M","?","M","E","$","E","T","?","M","$","M","M","R","B",null,"M","$","M","?","M","E","R","M","T","M","M","M","R","E","R","B",null,"M","?","M","M","$","R","M","$","T","M","?","R","E","M","R","B","B",null],"character_chosen":"IRONCLAD","items_purchased":["BloodPotion","Rage","Membership Card","Shockwave","Impervious"],"campfire_rested":3,"item_purchase_floors":[7,12,19,39,42],"current_hp_per_floor":[61,61,61,43,42,25,25,7,7,12,18,18,24,30,30,36,60,68,68,34,34,28,28,28,21,21,17,23,29,29,27,47,21,56,65,65,56,43,43,43,15,15,15,26,26,46,20,31,51,50,33],"gold":109,"neow_bonus":"TRANSFORM_TWO_CARDS","is_daily":false,"chose_seed":false,"campfire_upgraded":4,"win_rate":0.0,"timestamp":1609531635,"path_taken":["M","?","?","?","M","E","$","E","T","?","?","?","M","M","R","BOSS","M","$","?","?","?","E","R","M","T","M","M","M","R","E","R","BOSS","M","?","M","M","$","R","?","$","T","M","?","R","E","M","R","BOSS","BOSS"],"items_purchased_type":["Potion","Card","Relic","Card","Card"],"build_version":"2020-12-22","purchased_purges":3,"victory":true,"max_hp_per_floor":[68,68,68,68,68,68,68,68,68,68,68,68,68,68,68,68,68,68,68,68,68,68,68,68,68,68,68,68,68,68,68,68,68,68,68,68,68,68,68,68,68,68,68,68,68,68,68,68,68,68,68],"card_choices":[{"not_picked":["Armaments","Sword Boomerang"],"picked":"Cleave","floor":1.0},{"not_picked":["Twin Strike","Perfected Strike"],"picked":"Headbutt","floor":3.0},{"not_picked":["Pommel Strike","Armaments"],"picked":"Dropkick","floor":5.0},{"not_picked":["Sentinel","Perfected Strike"],"picked":"Second Wind","floor":6.0},{"not_picked":["Exhume","Pummel"],"picked":"Power Through","floor":8.0},{"not_picked":["Headbutt","Flex","Power Through"],"picked":"SKIP","floor":11.0},{"not_picked":["Heavy Blade","Clash","Reckless Charge"],"picked":"SKIP","floor":13.0},{"not_picked":["Armaments","Body Slam"],"picked":"Seeing Red","floor":14.0},{"not_picked":["Impervious","Bludgeon"],"picked":"Offering","floor":16.0},{"not_picked":["Rage","Evolve"],"picked":"Dark Embrace","floor":18.0},{"not_picked":["Shrug It Off","Inflame"],"picked":"Thunderclap","floor":20.0},{"not_picked":["Perfected Strike","Cleave","Inflame"],"picked":"SKIP","floor":22.0},{"not_picked":["Headbutt","Flex"],"picked":"Flame Barrier","floor":23.0},{"not_picked":["Cleave","Headbutt","Infernal Blade"],"picked":"SKIP","floor":25.0},{"not_picked":["Shrug It Off","Pummel"],"picked":"Havoc","floor":27.0},{"not_picked":["Immolate","Blood for Blood"],"picked":"Burning Pact","floor":28.0},{"not_picked":["Sever Soul","Sword Boomerang"],"picked":"Second Wind","floor":29.0},{"not_picked":["Anger","True Grit+1","Second Wind"],"picked":"SKIP","floor":31.0},{"not_picked":["Infernal Blade+1","Sword Boomerang","Thunderclap+1"],"picked":"SKIP","floor":35.0},{"not_picked":["Inflame","Dual Wield+1","Twin Strike"],"picked":"SKIP","floor":37.0},{"not_picked":["Ghostly Armor","Perfected Strike+1","Rage+1"],"picked":"SKIP","floor":38.0},{"not_picked":["Iron Wave","Warcry","Anger"],"picked":"SKIP","floor":41.0},{"not_picked":["Power Through","Thunderclap+1"],"picked":"Seeing Red","floor":44.0},{"not_picked":["Clothesline","Searing Blow"],"picked":"Body Slam","floor":47.0},{"not_picked":["Blood for Blood","Clash"],"picked":"Evolve","floor":48}],"player_experience":985444,"relics_obtained":[{"floor":6.0,"key":"Mercury Hourglass"},{"floor":8.0,"key":"Akabeko"},{"floor":9.0,"key":"Bag of Marbles"},{"floor":21.0,"key":"Dead Branch"},{"floor":23.0,"key":"Shuriken"},{"floor":26.0,"key":"InkBottle"},{"floor":31.0,"key":"War Paint"},{"floor":43.0,"key":"Potion Belt"},{"floor":47.0,"key":"Blood Vial"}],"event_choices":[{"damage_healed":0.0,"max_hp_gain":0.0,"max_hp_loss":0.0,"gold_gain":0.0,"event_name":"Upgrade Shrine","player_choice":"Upgraded","floor":2.0,"gold_loss":0.0,"damage_taken":0.0,"cards_upgraded":["Dual Wield"]},{"damage_healed":0.0,"max_hp_gain":0.0,"max_hp_loss":0.0,"gold_gain":0.0,"event_name":"Scrap Ooze","player_choice":"Success","floor":4.0,"gold_loss":0.0,"damage_taken":18.0,"relics_obtained":["Red Skull"]},{"cards_removed":["Headbutt"],"damage_healed":5.0,"max_hp_gain":0.0,"max_hp_loss":0.0,"gold_gain":0.0,"event_name":"Bonfire Elementals","player_choice":"Offered Common","floor":10.0,"gold_loss":0.0,"damage_taken":0.0},{"cards_removed":["Headbutt"],"damage_healed":5.0,"max_hp_gain":0.0,"max_hp_loss":0.0,"gold_gain":0.0,"event_name":"Bonfire Elementals","player_choice":"Offered Special","floor":10.0,"gold_loss":0.0,"damage_taken":0.0},{"damage_healed":0.0,"max_hp_gain":0.0,"max_hp_loss":0.0,"gold_gain":0.0,"event_name":"Wheel of Change","player_choice":"Relic","floor":21.0,"gold_loss":0.0,"damage_taken":0.0},{"cards_removed":["Dropkick"],"damage_healed":0.0,"max_hp_gain":0.0,"max_hp_loss":0.0,"gold_gain":0.0,"event_name":"WeMeetAgain","player_choice":"Gave Card","floor":36.0,"gold_loss":0.0,"damage_taken":0.0,"relics_obtained":["Incense Burner"]},{"damage_healed":0.0,"max_hp_gain":0.0,"max_hp_loss":0.0,"gold_gain":0.0,"event_name":"Lab","player_choice":"Got Potions","floor":45.0,"gold_loss":0.0,"damage_taken":0.0}],"is_beta":false,"boss_relics":[{"not_picked":["Black Star","Cursed Key"],"picked":"Black Blood"},{"not_picked":["Sozu","Snecko Eye"],"picked":"SacredBark"}],"items_purged_floors":[7,39,42],"is_endless":false,"potions_floor_spawned":[3,5,11,13,16,23,25,27,31,33,35,38,47,48],"ascension_level":20}}