{"host":"309cd6jyiw3t7f6r","time":1609468196,"event":{"mods":["ATMod(阿瑾Mod)","Act Like it!","Arknights The Spire","BaseMod","CapriCore","Downfall","Gensokyo","HololiveMod","KinomotoSakuraMod(木之本?)","Koishi","KomeijiMod","Lobotomy","Marisa（霧雨　魔理沙）","Minty Spire (QoL Compilation)","MostiFishMod","Prisma Mod","READ ME - Guardian Mod","Remilia（蕾米莉?）","RumiaBox-露米?的神秘盒子","StSLib","The Administrix","The Animator","The Cursed","The Immortal","WarShipGirlsR/??少女R mod","Yakumo Yukari mod","Youmu（魂魄妖?）","【角色mod】十八桐人"],"gold_per_floor":[112,112,131,150,161,161,161,18,18,33,33,53,53,65,65,168,168,183,199,199,209,209,242,242,242,265,278,312,312,327,327,327,430,430,430,430,430,444,457,457,493,530,530,530,644,705,655,655,655,780],"floor_reached":51,"playtime":3540,"items_purged":["MokouMod:Strike","MokouMod:Strike"],"score":933,"play_id":"6ef31a33-0f0b-4bd7-b6d3-669f45b071b7","local_time":"20210101102956","is_ascension_mode":false,"campfire_choices":[{"floor":6,"key":"REST"},{"data":"AT_FamilyPortrait","floor":11,"key":"SMITH"},{"floor":13,"key":"REST"},{"data":"MokouMod:Afterburner","floor":15,"key":"SMITH"},{"data":"Gensokyo:ManorOfTheDishes","floor":29,"key":"SMITH"},{"data":"MokouMod:Extinguish","floor":32,"key":"SMITH"},{"data":"MokouMod:Wildfire","floor":49,"key":"SMITH"}],"circlet_count":0,"master_deck":["MokouMod:Defend","MokouMod:DanceofFlames","HappyTeddy","MokouMod:ExplosiveFlame","BlueStar","MeltingLove","Scorched","Gensokyo:ManorOfTheDishes+1","MokouMod:ImperishableFlame+1","MokouMod:HouraiForge","MokouMod:IgnitionBlast+1","MokouMod:RadiantBlade","Porccubus","NakedNest","SnowQueen","MokouMod:Wildfire+1","Gensokyo:RPG"],"relics":["MokouMod:PhoenixFeather","DaveBox","AT_ATBox","OrangePellets","CogitoBucket","SynthV:TestCard","Mango","Gensokyo:NagashiBinaDoll","BirthdayGift-Icosahedron","Pear","LuminousBracelet","SoulBox","FleshIdol","ats:Originium","Regal Pillow","Question Card","DiscerningMonocle","AtMidnight","SkinProphecy","Gensokyo:EmptyGrave","AT_MibuBalloonWealth","Sling","HoshigumaDish","AT_SpeedBoots","AT_ChloranthyRing","Potion Belt","Membership Card"],"acts_visited":["Gensokyo:Gensokyo","Gensokyo:Gensokyoer","Gensokyo:Gensokyoest"],"potions_floor_usage":[33,39,50,50],"damage_taken":[{"damage":0,"enemies":"Gensokyo:Python","floor":1,"turns":2},{"damage":5,"enemies":"Gensokyo:3_Fairies","floor":3,"turns":3},{"damage":1,"enemies":"Gensokyo:Gryphon","floor":4,"turns":2},{"damage":28,"enemies":"Gensokyo:3_Kodama","floor":5,"turns":4},{"damage":0,"enemies":"Gensokyo:Kitsune","floor":10,"turns":2},{"damage":6,"enemies":"Gensokyo:LivingMonolith","floor":12,"turns":1},{"damage":0,"enemies":"Gensokyo:2_Rabbits","floor":14,"turns":2},{"damage":6,"enemies":"Gensokyo:Reimu","floor":16,"turns":3},{"damage":0,"enemies":"Gensokyo:2_Gloops","floor":18,"turns":3},{"damage":0,"enemies":"Gensokyo:3_Dogs","floor":19,"turns":2},{"damage":5,"enemies":"Gensokyo:Slime_Group","floor":21,"turns":2},{"damage":38,"enemies":"Gensokyo:Tenshi","floor":23,"turns":2},{"damage":2,"enemies":"Gensokyo:Wraith","floor":27,"turns":3},{"damage":3,"enemies":"Gensokyo:Koishi","floor":28,"turns":3},{"damage":0,"enemies":"Gensokyo:Swordslinger","floor":30,"turns":2},{"damage":74,"enemies":"Gensokyo:Kaguya","floor":33,"turns":4},{"damage":6,"enemies":"Gensokyo:AncientGuardian","floor":35,"turns":3},{"damage":0,"enemies":"Gensokyo:3_Bats","floor":38,"turns":2},{"damage":32,"enemies":"Gensokyo:AtlasGolem","floor":39,"turns":4},{"damage":58,"enemies":"Gensokyo:Rafflesia","floor":41,"turns":4},{"damage":2,"enemies":"Gensokyo:SeedOfUnknown","floor":42,"turns":3},{"damage":0,"enemies":"Gensokyo:4_Bats","floor":45,"turns":1},{"damage":16,"enemies":"Gensokyo:Dusk_and_Dawn","floor":46,"turns":2},{"damage":3,"enemies":"Gensokyo:Yuyuko","floor":50,"turns":4}],"seed_played":"2490730435369979129","potions_obtained":[{"floor":3,"key":"LiquidBronze"},{"floor":5,"key":"Strength Potion"},{"floor":10,"key":"FearPotion"},{"floor":39,"key":"Ancient Potion"},{"floor":42,"key":"ColorlessPotion"},{"floor":46,"key":"ExcitationPotion"}],"is_trial":false,"path_per_floor":["M","?","M","M","M","R","?","COS","T","M","R","M","R","M","R","B",null,"M","M","?","M","$","E","?","$","T","M","E","R","M","?","R","B",null,"M","?","?","M","M","$","M","M","T","?","M","M","$","?","R","B",null],"character_chosen":"MKU","items_purchased":["ColorlessPotion","MokouMod:RadiantBlade","MokouMod:Refresh","AT_MibuBalloonWealth","Sling","HoshigumaDish","AT_ChloranthyRing","Potion Belt","Membership Card","MokouMod:Wildfire"],"campfire_rested":2,"item_purchase_floors":[40,40,40,40,40,40,47,47,47,47],"current_hp_per_floor":[75,68,63,63,36,62,62,62,72,74,74,84,114,114,114,109,114,114,114,119,119,119,89,89,89,89,96,101,101,108,108,108,50,108,108,108,100,102,90,104,77,108,108,108,110,97,97,97,97,98],"gold":780,"neow_bonus":"","is_daily":false,"chose_seed":false,"campfire_upgraded":5,"win_rate":0.0,"timestamp":1609468196,"path_taken":["M","?","?","M","M","R","?","COS","T","?","R","M","R","M","R","BOSS","M","?","?","?","$","E","?","?","T","M","E","R","M","?","R","BOSS","M","?","?","M","?","?","M","M","T","?","?","M","$","?","R","BOSS"],"items_purchased_type":["Potion","Card","Card","Relic","Relic","Relic","Relic","Relic","Relic","Card"],"build_version":"2020-12-22","purchased_purges":2,"victory":true,"max_hp_per_floor":[75,89,89,89,89,89,89,89,99,99,99,114,114,114,114,114,114,114,114,119,119,119,119,108,108,108,108,108,108,108,108,108,108,108,108,108,100,102,104,104,106,108,108,108,110,112,112,112,112,114],"card_choices":[{"not_picked":["Murderer","PunishingBird"],"picked":"QueenBee","floor":1},{"not_picked":["MokouMod:BurningDraft","MokouMod:Stoke"],"picked":"MokouMod:DanceofFlames","floor":1},{"not_picked":["Bloodbath","MHz","UniverseFragment"],"picked":"Singing Bowl","floor":3},{"not_picked":["Scorched","VoidDream"],"picked":"Funeral","floor":3},{"not_picked":["MokouMod:EternalBurstReactor","MokouMod:FlickeringFlame","MokouMod:ScorchingColumn","MokouMod:HeatTransfer"],"picked":"MokouMod:Extinguish","floor":3},{"not_picked":["OSAHOGD","Freischutz"],"picked":"DespairKnight","floor":4},{"not_picked":["MokouMod:SubterraneanCore","MokouMod:UncontrollableSolarReaction","MokouMod:IgneousBlow","MokouMod:Combust","MokouMod:FujiyamaVolcano"],"picked":"SKIP","floor":4},{"not_picked":["MokouMod:SubterraneanCore","MokouMod:UncontrollableSolarReaction","MokouMod:IgneousBlow","MokouMod:Combust","MokouMod:FujiyamaVolcano"],"picked":"SKIP","floor":4},{"not_picked":["UniverseFragment","CherryBlossoms"],"picked":"HappyTeddy","floor":5},{"not_picked":["MokouMod:AdaptivePyromancy","MokouMod:BurningDraft","MokouMod:EnchantingBambooForest","MokouMod:FlickeringFlame","MokouMod:Singe"],"picked":"SKIP","floor":5},{"not_picked":["MokouMod:AdaptivePyromancy","MokouMod:BurningDraft","MokouMod:EnchantingBambooForest","MokouMod:FlickeringFlame","MokouMod:Singe"],"picked":"SKIP","floor":5},{"not_picked":["MokouMod:ScorchingColumn","MokouMod:HeatFactory","MokouMod:Firecracker","MokouMod:ShiftIgnition"],"picked":"MokouMod:Afterburner","floor":10},{"not_picked":["DreamingCurrent","BlackSwan"],"picked":"LongBird","floor":12},{"not_picked":["MokouMod:Overheat","MokouMod:Cataclysm","MokouMod:FlareStarter","MokouMod:ResoluteFlare","MokouMod:BurningDraft"],"picked":"SKIP","floor":12},{"not_picked":["MokouMod:Overheat","MokouMod:Cataclysm","MokouMod:FlareStarter","MokouMod:ResoluteFlare","MokouMod:BurningDraft"],"picked":"SKIP","floor":12},{"not_picked":["VoidDream","Bloodbath"],"picked":"Laetitia","floor":14},{"not_picked":["MokouMod:ScorchingColumn","MokouMod:FlamingFireTalons","MokouMod:InfernalWave","MokouMod:Combust","MokouMod:Singe"],"picked":"SKIP","floor":14},{"not_picked":["BeautyBeast","Variant"],"picked":"Woodsman","floor":16},{"not_picked":["MokouMod:EnchantingBambooForest","MokouMod:Geothermal","MokouMod:SpontaneousHumanCombustion","MokouMod:Rebirth"],"picked":"MokouMod:ExplosiveFlame","floor":16},{"not_picked":["SpiderBud","ShyLook"],"picked":"BlueStar","floor":18},{"not_picked":["MokouMod:RoaringFlare","MokouMod:Meltdown","MokouMod:Refresh","MokouMod:IndiscriminateIgnition","MokouMod:GuidingSmoke"],"picked":"SKIP","floor":18},{"not_picked":["MokouMod:RoaringFlare","MokouMod:Meltdown","MokouMod:Refresh","MokouMod:IndiscriminateIgnition","MokouMod:GuidingSmoke"],"picked":"SKIP","floor":18},{"not_picked":["MokouMod:Fireball","MokouMod:Burn","MokouMod:Ember+1","MokouMod:FlickeringFlame"],"picked":"MokouMod:InfernalWave+1","floor":19},{"not_picked":["Murderer","LittlePrince","UniverseFragment"],"picked":"Singing Bowl","floor":19},{"not_picked":["QueenOfHatred","PunishingBird"],"picked":"MeltingLove","floor":19},{"not_picked":["ShyLook","BigBadWolf","WallGazer"],"picked":"Singing Bowl","floor":21},{"not_picked":["CherryBlossoms","Freischutz"],"picked":"Scorched","floor":21},{"not_picked":["MokouMod:Firecracker+1","MokouMod:ImperishableFlame","MokouMod:FlickeringFlame","MokouMod:Stoke"],"picked":"MokouMod:HeatFactory+1","floor":21},{"not_picked":["Freischutz","BlackSwan"],"picked":"LaLuna","floor":23},{"not_picked":["MokouMod:PhoenixFeathers+1","MokouMod:InfernalWave","MokouMod:ScorchingColumn+1","MokouMod:SubterraneanCore"],"picked":"MokouMod:Afterburner","floor":23},{"not_picked":["Gensokyo:SlitMouthedWoman","Gensokyo:LochNessMonster","Gensokyo:TurboGranny","Gensokyo:Kunekune"],"picked":"Gensokyo:ManorOfTheDishes","floor":24},{"not_picked":["Rudolta","MeatLantern","Freischutz"],"picked":"Singing Bowl","floor":27},{"not_picked":["MokouMod:Overheat","MokouMod:IllusoryBattlefield","MokouMod:FlareStarter","MokouMod:CrimsonFlare","MokouMod:SpontaneousHumanCombustion"],"picked":"SKIP","floor":27},{"not_picked":["MokouMod:Overheat","MokouMod:IllusoryBattlefield","MokouMod:FlareStarter","MokouMod:CrimsonFlare","MokouMod:SpontaneousHumanCombustion"],"picked":"SKIP","floor":27},{"not_picked":["WhitesApple","BeautyBeast"],"picked":"BodiesMountain","floor":28},{"not_picked":["MokouMod:DanceofFlames","MokouMod:Overheat+1","MokouMod:ShiftIgnition","MokouMod:RoaringFlare","MokouMod:IllusoryBattlefield+1"],"picked":"SKIP","floor":28},{"not_picked":["Murderer","ShyLook"],"picked":"Porccubus","floor":30},{"not_picked":["MokouMod:RadiantBlade","MokouMod:Burn","MokouMod:ScorchedEarth+1","MokouMod:Cataclysm","MokouMod:IndiscriminateIgnition"],"picked":"MokouMod:ImperishableFlame+1","floor":30},{"not_picked":["BlackArmy","HeroicMonk","GreedKing"],"picked":"Singing Bowl","floor":33},{"not_picked":["FairyFestival","OldLady"],"picked":"SilentOrchestra","floor":33},{"not_picked":["MokouMod:EnchantingBambooForest","MokouMod:Rebirth","MokouMod:Rekindle","MokouMod:ProfanedFlare","MokouMod:RadiantBlade"],"picked":"MokouMod:HouraiForge","floor":33},{"not_picked":["LittleHelper","Wellcheers","GalaxyChild"],"picked":"Singing Bowl","floor":35},{"not_picked":["LittlePrince","PlagueDoctor"],"picked":"NothingThere","floor":35},{"not_picked":["MokouMod:Trailblazer+1","MokouMod:AdaptivePyromancy+1","MokouMod:IcarusDive+1","MokouMod:RadiantBlade","MokouMod:HeatCyclone","MokouMod:UncontrollableSolarReaction"],"picked":"SKIP","floor":35},{"not_picked":["MokouMod:Trailblazer+1","MokouMod:AdaptivePyromancy+1","MokouMod:IcarusDive+1","MokouMod:RadiantBlade","MokouMod:HeatCyclone","MokouMod:UncontrollableSolarReaction"],"picked":"SKIP","floor":35},{"not_picked":["LongBird","OSAHOGD","SpiderBud"],"picked":"Singing Bowl","floor":38},{"not_picked":["MokouMod:AdaptivePyromancy+1","MokouMod:FusionFlare","MokouMod:IcarusDive+1","MokouMod:Stoke","MokouMod:GuidingSmoke","MokouMod:Burn"],"picked":"SKIP","floor":38},{"not_picked":["MokouMod:RadiantBlade","MokouMod:FujiyamaVolcano+1","MokouMod:SearingShot","MokouMod:IndiscriminateIgnition+1","MokouMod:Refresh+1"],"picked":"MokouMod:IgnitionBlast+1","floor":39},{"not_picked":["BeautyBeast","VoidDream","CrumblingArmor"],"picked":"Singing Bowl","floor":39},{"not_picked":["Yin","Alriune","BlackArmy"],"picked":"Singing Bowl","floor":41},{"not_picked":["MHz","DespairKnight"],"picked":"BigBird","floor":41},{"not_picked":["MokouMod:IndiscriminateIgnition","MokouMod:Scorch","MokouMod:TemporalFireSeal","MokouMod:AdaptivePyromancy","MokouMod:ControlledCombustion","MokouMod:FlamingFireTalons+1"],"picked":"SKIP","floor":41},{"not_picked":["PunishingBird","DreamingCurrent","BigBadWolf"],"picked":"Singing Bowl","floor":42},{"not_picked":["SnowQueen","LongBird"],"picked":"Porccubus","floor":42},{"not_picked":["MokouMod:Meltdown","MokouMod:TemporalFireSeal","MokouMod:Combust+1","MokouMod:ResoluteFlare","MokouMod:Sear","MokouMod:BlazingComet+1"],"picked":"SKIP","floor":42},{"not_picked":["UniverseFragment","BeautyBeast","NakedNest"],"picked":"Singing Bowl","floor":45},{"not_picked":["QueenOfHatred","SilentOrchestra"],"picked":"NakedNest","floor":45},{"not_picked":["MokouMod:Singe+1","MokouMod:Stoke+1","MokouMod:ThermalPressure","MokouMod:IgneousBlow+1","MokouMod:Overheat","MokouMod:Trailblazer"],"picked":"SKIP","floor":45},{"not_picked":["MokouMod:Singe+1","MokouMod:Stoke+1","MokouMod:ThermalPressure","MokouMod:IgneousBlow+1","MokouMod:Overheat","MokouMod:Trailblazer"],"picked":"SKIP","floor":45},{"not_picked":["Funeral","GalaxyChild","VoidDream"],"picked":"Singing Bowl","floor":46},{"not_picked":["WhitesApple","Woodsman"],"picked":"SnowQueen","floor":46},{"not_picked":["MokouMod:Scorch+1","MokouMod:UncontrollableSolarReaction","MokouMod:Ember+1","MokouMod:SearingShot+1","MokouMod:EternalBurstReactor","MokouMod:Meltdown+1"],"picked":"SKIP","floor":46}],"player_experience":359588,"relics_obtained":[{"floor":1,"key":"SynthV:TestCard"},{"floor":9,"key":"Pear"},{"floor":23,"key":"ats:Originium"},{"floor":23,"key":"Regal Pillow"},{"floor":26,"key":"AT_RedTearstoneRing"},{"floor":28,"key":"ats:Originium"},{"floor":28,"key":"Question Card"},{"floor":35,"key":"AtMidnight"},{"floor":43,"key":"AT_SpeedBoots"}],"event_choices":[],"is_beta":false,"boss_relics":[{"not_picked":["RhineCircuit","AddBug"],"picked":"SoulBox"},{"not_picked":["OneHitWonderSystem","xbg"],"picked":"DiscerningMonocle"}],"items_purged_floors":[40,47],"is_endless":false,"potions_floor_spawned":[3,5,10,14,18,39,41,42,46],"ascension_level":0}}