{"host":"t5h83eruwt5lxl3o","time":1609479625,"event":{"mods":["AchievementEnabler","Act Like it!","BaseMod","CapriCore","Colored Map","DeckTracker","Hermit","Highlight Path","Koishi","Marisa£¨Ùöéë¡¡Øª×âÞÞ£©","Minty Spire (QoL Compilation)","Permanent Neow","Quick Restart","StSLib","SuperFastMode","The Cursed","The Immortal","everything is the same but u backflip on backflip"],"gold_per_floor":[10,30,30,43,63,88,88,88,136,211,222,4,4,4,4,81,81,94,94,109,122,122,154,154,185,232,15,15,44,58,104,104,178,178,198,223,223,241,241,270,270,298,324,343,357,369,402,420,420,420,420,420,135,170,170],"floor_reached":56,"playtime":1835,"items_purged":["Strike_G","Strike_G"],"score":2198,"play_id":"e9cc3881-cbde-4a46-b4e8-ad92664b465b","local_time":"20210101144025","is_ascension_mode":true,"campfire_choices":[{"data":"1","floor":7.0,"key":"LIFT"},{"data":"2","floor":13.0,"key":"LIFT"},{"data":"3","floor":15.0,"key":"LIFT"},{"data":"Glass Knife","floor":24.0,"key":"SMITH"},{"data":"Skewer","floor":32.0,"key":"SMITH"},{"data":"Caltrops","floor":41.0,"key":"SMITH"},{"floor":49.0,"key":"RECALL"},{"data":"Backstab","floor":52.0,"key":"SMITH"}],"circlet_count":0,"master_deck":["AscendersBane","Strike_G","Strike_G","Defend_G+1","Defend_G","Defend_G","Defend_G","Defend_G+1","Survivor","Neutralize+1","Skewer+1","Masterful Stab","Caltrops+1","Backstab+1","Glass Knife+1","Distraction+1","Adrenaline+1","CurseOfTheBell","Cloak And Dagger+1","Blade Dance+1","Expertise+1","Adrenaline+1","PiercingWail+1","Dagger Spray","Prepared+1","Backstab+1","Cloak And Dagger+1","Adrenaline+1","Backflip+1","Riddle With Holes","Acrobatics+1","Terror+1","Choke"],"relics":["Ring of the Serpent","Girya","Toxic Egg 2","Pen Nib","TheAbacus","Calling Bell","Bag of Marbles","HornCleat","Lizard Tail","Tiny Chest","MutagenicStrength","MealTicket","Ninja Scroll","Vajra","Letter Opener","Centennial Puzzle","Prayer Wheel","Paper Crane","Omamori","Pantograph","Kunai","War Paint","StrikeDummy","Art of War","Bronze Scales"],"acts_visited":["Exordium","TheCity","TheBeyond","TheEnding"],"potions_floor_usage":[55,55],"damage_taken":[{"damage":5.0,"enemies":"Jaw Worm","floor":1.0,"turns":7.0},{"damage":0.0,"enemies":"2 Louse","floor":2.0,"turns":2.0},{"damage":0.0,"enemies":"Small Slimes","floor":4.0,"turns":3.0},{"damage":5.0,"enemies":"3 Louse","floor":5.0,"turns":4.0},{"damage":27.0,"enemies":"Lagavulin","floor":6.0,"turns":6.0},{"damage":0.0,"enemies":"Looter","floor":11.0,"turns":2.0},{"damage":15.0,"enemies":"Slime Boss","floor":16.0,"turns":8.0},{"damage":0.0,"enemies":"Spheric Guardian","floor":18.0,"turns":3.0},{"damage":0.0,"enemies":"Chosen","floor":20.0,"turns":1.0},{"damage":0.0,"enemies":"Snecko","floor":21.0,"turns":2.0},{"damage":1.0,"enemies":"Slavers","floor":23.0,"turns":2.0},{"damage":0.0,"enemies":"Gremlin Leader","floor":25.0,"turns":1.0},{"damage":0.0,"enemies":"Book of Stabbing","floor":29.0,"turns":1.0},{"damage":0.0,"enemies":"3 Cultists","floor":30.0,"turns":1.0},{"damage":16.0,"enemies":"Champ","floor":33.0,"turns":4.0},{"damage":0.0,"enemies":"3 Shapes","floor":35.0,"turns":1.0},{"damage":0.0,"enemies":"Mind Bloom Boss Battle","floor":36.0,"turns":2.0},{"damage":0.0,"enemies":"Orb Walker","floor":38.0,"turns":1.0},{"damage":2.0,"enemies":"Giant Head","floor":40.0,"turns":3.0},{"damage":0.0,"enemies":"Reptomancer","floor":42.0,"turns":1.0},{"damage":0.0,"enemies":"Maw","floor":44.0,"turns":2.0},{"damage":7.0,"enemies":"4 Shapes","floor":45.0,"turns":1.0},{"damage":0.0,"enemies":"3 Darklings","floor":46.0,"turns":1.0},{"damage":0.0,"enemies":"Nemesis","floor":47.0,"turns":1.0},{"damage":0.0,"enemies":"Spire Growth","floor":48.0,"turns":1.0},{"damage":22.0,"enemies":"Awakened One","floor":50.0,"turns":6.0},{"damage":24,"enemies":"Shield and Spear","floor":54,"turns":4},{"damage":38,"enemies":"The Heart","floor":55,"turns":6}],"seed_played":"602467296858081719","potions_obtained":[{"floor":1.0,"key":"SpeedPotion"},{"floor":2.0,"key":"PowerPotion"},{"floor":11.0,"key":"Dexterity Potion"},{"floor":18.0,"key":"ColorlessPotion"},{"floor":38.0,"key":"EssenceOfSteel"},{"floor":45.0,"key":"FearPotion"}],"is_trial":false,"path_per_floor":["M","M","?","M","M","E","R","?","T","?","M","$","R","?","R","B",null,"M","?","M","M","?","E","R","E","T","$","?","E","M","T","R","B",null,"M","?","T","M","T","E","R","E","T","M","M","M","E","M","R","B",null,"R","$","E","B",null],"character_chosen":"THE_SILENT","items_purchased":["TheAbacus","Vajra","Dagger Spray","Prepared+1","Choke","Art of War"],"campfire_rested":0,"item_purchase_floors":[12,27,27,27,53,53],"current_hp_per_floor":[58,58,58,58,53,26,26,31,31,20,20,20,20,20,20,5,58,58,58,58,58,58,57,57,57,57,72,72,72,72,72,72,56,70,70,70,70,70,70,68,68,68,68,68,61,61,61,61,61,53,70,70,75,51,37],"gold":170,"neow_bonus":"ONE_RARE_RELIC","is_daily":false,"chose_seed":false,"campfire_upgraded":4,"win_rate":0.0,"timestamp":1609479625,"path_taken":["M","M","?","M","M","E","R","?","T","?","M","$","R","?","R","BOSS","M","?","M","?","?","E","R","E","T","$","?","E","M","?","R","BOSS","M","?","?","M","?","E","R","E","T","M","M","M","E","M","R","BOSS","R","$","E","BOSS"],"items_purchased_type":["Relic","Relic","Card","Card","Card","Relic"],"build_version":"2020-12-22","purchased_purges":2,"victory":true,"max_hp_per_floor":[70,70,70,70,70,70,70,75,75,75,75,75,75,75,75,75,75,75,75,75,75,75,75,75,75,75,75,75,75,75,75,75,75,75,75,75,75,75,75,75,75,75,75,75,75,75,75,75,75,75,75,75,75,75,75],"card_choices":[{"not_picked":["Footwork","Tactician"],"picked":"Masterful Stab","floor":1.0},{"not_picked":["Outmaneuver","Blade Dance"],"picked":"Skewer","floor":2.0},{"not_picked":["Eviscerate","Catalyst"],"picked":"Caltrops","floor":4.0},{"not_picked":["Dodge and Roll","Caltrops"],"picked":"Backstab","floor":5.0},{"not_picked":["Deadly Poison+1","Blur+1"],"picked":"Glass Knife","floor":6.0},{"not_picked":["Underhanded Strike","Flying Knee"],"picked":"Distraction+1","floor":11.0},{"not_picked":["Phantasmal Killer+1","Bullet Time+1"],"picked":"Adrenaline+1","floor":16.0},{"not_picked":["Terror+1","Poisoned Stab"],"picked":"Cloak And Dagger+1","floor":18.0},{"not_picked":["Finisher","Deflect+1"],"picked":"Blade Dance+1","floor":20.0},{"not_picked":["Catalyst+1","Tactician+1"],"picked":"Expertise+1","floor":21.0},{"not_picked":["Bouncing Flask+1","Dagger Throw+1"],"picked":"Adrenaline+1","floor":23.0},{"not_picked":["Eviscerate","Sucker Punch"],"picked":"PiercingWail+1","floor":25.0},{"not_picked":["Unload","Reflex+1"],"picked":"Backstab+1","floor":29.0},{"not_picked":["Slice","Endless Agony"],"picked":"Cloak And Dagger+1","floor":30.0},{"not_picked":["Wraith Form v2","Malaise+1"],"picked":"Adrenaline+1","floor":33.0},{"not_picked":["Sucker Punch+1","Poisoned Stab","Predator+1"],"picked":"SKIP","floor":35.0},{"not_picked":["Outmaneuver+1","Slice+1"],"picked":"Backflip+1","floor":36.0},{"not_picked":["Deflect+1","Bouncing Flask+1"],"picked":"Riddle With Holes","floor":38.0},{"not_picked":["Noxious Fumes","Deadly Poison+1","Tools of the Trade"],"picked":"SKIP","floor":38.0},{"not_picked":["Concentrate+1","Distraction+1"],"picked":"Acrobatics+1","floor":40.0},{"not_picked":["Storm of Steel+1","Crippling Poison+1","Slice"],"picked":"SKIP","floor":42.0},{"not_picked":["Flying Knee","Bane","Sucker Punch+1"],"picked":"SKIP","floor":44.0},{"not_picked":["Outmaneuver+1","Bane+1","Masterful Stab"],"picked":"SKIP","floor":44.0},{"not_picked":["Flying Knee","Backstab"],"picked":"Terror+1","floor":45.0},{"not_picked":["Catalyst+1","Reflex+1","Skewer"],"picked":"SKIP","floor":45.0},{"not_picked":["Underhanded Strike","Poisoned Stab","Backflip+1"],"picked":"SKIP","floor":46.0},{"not_picked":["Bouncing Flask+1","Sucker Punch","Setup+1"],"picked":"SKIP","floor":46.0},{"not_picked":["Slice","Bouncing Flask+1","Well Laid Plans"],"picked":"SKIP","floor":47.0},{"not_picked":["Flying Knee","Deflect+1","Dash"],"picked":"SKIP","floor":48.0},{"not_picked":["Night Terror+1","Acrobatics+1","Poisoned Stab"],"picked":"SKIP","floor":48.0},{"not_picked":["Underhanded Strike+1","Well Laid Plans","Dagger Spray"],"picked":"SKIP","floor":54}],"player_experience":637233,"relics_obtained":[{"floor":6.0,"key":"Toxic Egg 2"},{"floor":9.0,"key":"Pen Nib"},{"floor":17.0,"key":"Bag of Marbles"},{"floor":17.0,"key":"HornCleat"},{"floor":17.0,"key":"Lizard Tail"},{"floor":23.0,"key":"MealTicket"},{"floor":25.0,"key":"Ninja Scroll"},{"floor":29.0,"key":"Letter Opener"},{"floor":31.0,"key":"Centennial Puzzle"},{"floor":36.0,"key":"Prayer Wheel"},{"floor":37.0,"key":"Paper Crane"},{"floor":39.0,"key":"Omamori"},{"floor":40.0,"key":"Pantograph"},{"floor":42.0,"key":"Kunai"},{"floor":43.0,"key":"War Paint"},{"floor":47.0,"key":"StrikeDummy"},{"floor":54,"key":"Bronze Scales"}],"event_choices":[{"damage_healed":0.0,"max_hp_gain":0.0,"max_hp_loss":0.0,"gold_gain":0.0,"cards_transformed":["Strike_G"],"event_name":"Living Wall","player_choice":"Change","floor":3.0,"gold_loss":0.0,"damage_taken":0.0,"cards_obtained":["Masterful Stab"]},{"damage_healed":0.0,"max_hp_gain":5.0,"max_hp_loss":0.0,"gold_gain":0.0,"event_name":"Big Fish","player_choice":"Donut","floor":8.0,"gold_loss":0.0,"damage_taken":0.0},{"damage_healed":0.0,"max_hp_gain":0.0,"max_hp_loss":0.0,"gold_gain":75.0,"event_name":"World of Goop","player_choice":"Gather Gold","floor":10.0,"gold_loss":0.0,"damage_taken":11.0},{"damage_healed":0.0,"max_hp_gain":0.0,"max_hp_loss":0.0,"gold_gain":0.0,"event_name":"Shining Light","player_choice":"Ignored","floor":14.0,"gold_loss":0.0,"damage_taken":0.0},{"cards_removed":["Masterful Stab"],"damage_healed":0.0,"max_hp_gain":0.0,"max_hp_loss":0.0,"gold_gain":0.0,"event_name":"WeMeetAgain","player_choice":"Gave Card","floor":19.0,"gold_loss":0.0,"damage_taken":0.0,"relics_obtained":["Tiny Chest"]},{"damage_healed":0.0,"max_hp_gain":0.0,"max_hp_loss":0.0,"gold_gain":0.0,"event_name":"Drug Dealer","player_choice":"Inject Mutagens","floor":22.0,"gold_loss":0.0,"damage_taken":0.0,"relics_obtained":["MutagenicStrength"]},{"damage_healed":0.0,"max_hp_gain":0.0,"max_hp_loss":0.0,"gold_gain":0.0,"event_name":"Accursed Blacksmith","player_choice":"Forge","floor":28.0,"gold_loss":0.0,"damage_taken":0.0,"cards_upgraded":["Neutralize"]},{"damage_healed":0.0,"max_hp_gain":0.0,"max_hp_loss":0.0,"gold_gain":0.0,"event_name":"MindBloom","player_choice":"Fight","floor":36.0,"gold_loss":0.0,"damage_taken":0.0}],"is_beta":false,"boss_relics":[{"not_picked":["Snecko Eye","Philosopher\u0027s Stone"],"picked":"Calling Bell"},{"not_picked":["HoveringKite","Tiny House"],"picked":"Ring of the Serpent"}],"items_purged_floors":[12,53],"is_endless":false,"potions_floor_spawned":[1,2,11,18,20,38,45,46,47,48],"ascension_level":13}}