{"host":"my77oq6kb6j47rwl","time":1609519662,"event":{"mods":["BaseMod","Emptier Cage","Ironclad Rager","Minty Spire (QoL Compilation)","Quick Restart","Rare Cards Sparkle","StSLib"],"gold_per_floor":[115,125,75,95,107,107,125,143,143,143,143,157,157,157],"floor_reached":13,"playtime":2144,"items_purged":[],"score":122,"play_id":"84fab731-5a45-4422-b505-58f7a54491d2","local_time":"20210101114742","is_ascension_mode":true,"campfire_choices":[{"data":"Rebound","floor":6,"key":"SMITH"},{"data":"White Noise","floor":11,"key":"SMITH"}],"circlet_count":0,"master_deck":["AscendersBane","Strike_B","Strike_B+1","Strike_B","Defend_B","Defend_B","Defend_B+1","Defend_B","Zap","Dualcast","Ball Lightning","Rebound+1","White Noise+1","Cold Snap"],"relics":["Inserter","Lantern"],"acts_visited":["Exordium"],"potions_floor_usage":[],"damage_taken":[{"damage":8,"enemies":"2 Louse","floor":1,"turns":2},{"damage":5,"enemies":"Small Slimes","floor":2,"turns":3},{"damage":7,"enemies":"Jaw Worm","floor":4,"turns":3},{"damage":20,"enemies":"Large Slime","floor":5,"turns":5},{"damage":11,"enemies":"2 Fungi Beasts","floor":7,"turns":3},{"damage":12,"enemies":"Looter","floor":8,"turns":4},{"damage":16,"enemies":"Lots of Slimes","floor":12,"turns":5},{"damage":14,"enemies":"3 Sentries","floor":13,"turns":2}],"seed_played":"-4119387936628326144","potions_obtained":[{"floor":2,"key":"FairyPotion"},{"floor":7,"key":"Energy Potion"}],"is_trial":false,"path_per_floor":["M","M","?","M","M","R","M","M","T","?","R","M","E"],"character_chosen":"DEFECT","items_purchased":[],"campfire_rested":0,"item_purchase_floors":[],"current_hp_per_floor":[60,55,55,48,28,28,17,5,5,22,22,6,0,0],"gold":157,"neow_bonus":"BOSS_RELIC","is_daily":false,"chose_seed":false,"campfire_upgraded":2,"win_rate":0.0,"timestamp":1609519662,"path_taken":["M","M","?","M","M","R","M","M","T","?","R","M","E"],"items_purchased_type":[],"build_version":"2020-12-22","purchased_purges":0,"victory":false,"max_hp_per_floor":[75,75,75,75,75,75,75,75,75,75,75,75,75,75],"card_choices":[{"not_picked":["Steam","Barrage"],"picked":"Ball Lightning","floor":1},{"not_picked":["Heatsinks","Recycle"],"picked":"Rebound","floor":2},{"not_picked":["Barrage","Go for the Eyes"],"picked":"White Noise","floor":4},{"not_picked":["Go for the Eyes","Force Field","Reprogram"],"picked":"SKIP","floor":5},{"not_picked":["Coolheaded","Beam Cell","Stack"],"picked":"SKIP","floor":7},{"not_picked":["Scrape","Streamline","Compile Driver"],"picked":"SKIP","floor":8},{"not_picked":["Redo","FTL"],"picked":"Cold Snap","floor":12}],"player_experience":986091,"relics_obtained":[{"floor":9,"key":"Lantern"}],"event_choices":[{"cards_removed":["Strike_B"],"damage_healed":0,"gold_gain":0,"player_choice":"Card Removal","damage_taken":0,"max_hp_gain":0,"max_hp_loss":0,"event_name":"The Cleric","floor":3,"gold_loss":50},{"damage_healed":0,"gold_gain":0,"player_choice":"Entered Light","damage_taken":15,"max_hp_gain":0,"max_hp_loss":0,"event_name":"Shining Light","floor":10,"gold_loss":0,"cards_upgraded":["Defend_B","Strike_B"]}],"is_beta":false,"boss_relics":[],"items_purged_floors":[],"is_endless":false,"potions_floor_spawned":[2,7,8],"killed_by":"3 Sentries","ascension_level":11}}