{"host":"newqdrzxfhh2im9e","time":1609527295,"event":{"mods":["AchievementEnabler","BaseMod","BetterRewards","Block Reminder","Colored Map","Jorbs\u0027s Wanderer Trilogy","Minty Spire (QoL Compilation)","Rare Cards Sparkle","Shop Mod","StSLib"],"gold_per_floor":[109,125,25,25,43,76,136,150,150,200,250,358,358,385,385,488,538,555,520,46,60,110,110,110],"floor_reached":23,"playtime":552,"items_purged":[],"score":249,"play_id":"78ca6092-fa84-496f-a262-f1a019293e18","local_time":"20210101105455","is_ascension_mode":true,"campfire_choices":[{"floor":13,"key":"REST"},{"data":"Scrape","floor":15,"key":"SMITH"}],"circlet_count":0,"master_deck":["Strike_B","Strike_B","Strike_B","Strike_B","Defend_B","Defend_B","Defend_B","Defend_B","Zap","Dualcast","Hyperbeam+1","Sunder","Self Repair","Conserve Battery+1","Ball Lightning","FTL","Stack","Reinforced Body","Chaos+1","Scrape+1","Buffer","Streamline","Static Discharge+1","Heatsinks","Gash"],"relics":["Cracked Core","SsserpentHead","Lantern","Regal Pillow","Smiling Mask","Tiny House","Shuriken","Omamori","Sling","Bag of Preparation"],"acts_visited":["Exordium","TheCity"],"potions_floor_usage":[14,14,14,21],"damage_taken":[{"damage":2,"enemies":"Jaw Worm","floor":1,"turns":3},{"damage":0,"enemies":"Cultist","floor":2,"turns":2},{"damage":0,"enemies":"Small Slimes","floor":5,"turns":3},{"damage":40,"enemies":"Lagavulin","floor":6,"turns":5},{"damage":6,"enemies":"3 Louse","floor":7,"turns":2},{"damage":1,"enemies":"Looter","floor":8,"turns":3},{"damage":10,"enemies":"3 Sentries","floor":14,"turns":2},{"damage":32,"enemies":"The Guardian","floor":16,"turns":11},{"damage":38,"enemies":"3 Byrds","floor":18,"turns":4},{"damage":0,"enemies":"Spheric Guardian","floor":21,"turns":3},{"damage":46,"enemies":"Slavers","floor":23,"turns":3}],"seed_played":"104758769882862104","potions_obtained":[{"floor":1,"key":"Strength Potion"},{"floor":2,"key":"Dexterity Potion"},{"floor":6,"key":"FocusPotion"},{"floor":17,"key":"Block Potion"}],"is_trial":false,"path_per_floor":["M","M","$","?","M","E","M","M","T","?","?","?","R","E","R","B",null,"M","?","$","M","?","E"],"character_chosen":"DEFECT","items_purchased":["Conserve Battery","Ball Lightning","Omamori","Sling","Bag of Preparation","Heatsinks"],"campfire_rested":1,"item_purchase_floors":[3,3,20,20,20,20],"current_hp_per_floor":[73,73,73,73,75,42,36,42,42,47,31,31,70,67,67,42,76,38,38,38,45,45,0,0],"gold":110,"neow_bonus":"ONE_RANDOM_RARE_CARD","is_daily":false,"chose_seed":false,"campfire_upgraded":1,"win_rate":0.0,"timestamp":1609527295,"path_taken":["M","M","$","?","M","E","?","M","T","?","?","?","R","E","R","BOSS","M","?","$","M","?","E"],"items_purchased_type":["Card","Card","Relic","Relic","Relic","Card"],"build_version":"2020-12-22","purchased_purges":0,"victory":false,"max_hp_per_floor":[75,75,75,75,75,75,75,75,75,80,80,80,80,80,80,80,85,85,85,85,85,85,85,85],"card_choices":[{"not_picked":["Loop","Leap"],"picked":"Sunder","floor":1},{"not_picked":["Loop","Rip and Tear"],"picked":"Self Repair","floor":2},{"not_picked":["Skim","Aggregate"],"picked":"FTL","floor":5},{"not_picked":["Compile Driver","Hologram"],"picked":"Stack","floor":6},{"not_picked":["Gash","Barrage"],"picked":"Reinforced Body","floor":7},{"not_picked":["Redo","Double Energy"],"picked":"Chaos","floor":8},{"not_picked":["Turbo","Redo"],"picked":"Scrape","floor":14},{"not_picked":["Machine Learning","Core Surge"],"picked":"Buffer","floor":16},{"not_picked":["Rebound","Fusion"],"picked":"Streamline","floor":17},{"not_picked":["Coolheaded","Ball Lightning"],"picked":"Static Discharge+1","floor":18},{"not_picked":["Streamline","Redo"],"picked":"Gash","floor":21}],"player_experience":668317,"relics_obtained":[{"floor":6,"key":"Lantern"},{"floor":9,"key":"Regal Pillow"},{"floor":14,"key":"Smiling Mask"}],"event_choices":[{"damage_healed":0,"gold_gain":0,"player_choice":"Trade","damage_taken":0,"relics_obtained":["SsserpentHead"],"max_hp_gain":0,"max_hp_loss":0,"event_name":"FaceTrader","floor":4,"gold_loss":0},{"damage_healed":0,"gold_gain":0,"player_choice":"Donut","damage_taken":0,"max_hp_gain":5,"max_hp_loss":0,"event_name":"Big Fish","floor":10,"gold_loss":0},{"damage_healed":0,"gold_gain":0,"player_choice":"Entered Light","damage_taken":16,"max_hp_gain":0,"max_hp_loss":0,"event_name":"Shining Light","floor":11,"gold_loss":0,"cards_upgraded":["Hyperbeam","Chaos"]},{"damage_healed":0,"gold_gain":58,"player_choice":"Gained Gold","damage_taken":0,"max_hp_gain":0,"max_hp_loss":0,"event_name":"Golden Wing","floor":12,"gold_loss":0},{"damage_healed":0,"gold_gain":0,"player_choice":"Obtained Relic","damage_taken":0,"relics_obtained":["Shuriken"],"max_hp_gain":0,"max_hp_loss":0,"event_name":"Addict","floor":19,"gold_loss":85},{"damage_healed":0,"gold_gain":0,"player_choice":"Ignored","damage_taken":0,"max_hp_gain":0,"max_hp_loss":0,"event_name":"Cursed Tome","floor":22,"gold_loss":0}],"is_beta":false,"boss_relics":[{"not_picked":["Empty Cage","FrozenCore"],"picked":"Tiny House"}],"items_purged_floors":[],"is_endless":false,"potions_floor_spawned":[1,2,6,8],"killed_by":"Slavers","ascension_level":5}}