{"host":"l017gercouzhorma","time":1609470123,"event":{"mods":["AchievementEnabler","Aspiration","BaseMod","Challenge The Spire","Conspire","Downfall","Halation","Hermit","Hubris","Infinite Spire","Jorbs\u0027s Wanderer Trilogy","Mad Scientist","Marisa????????","Mimic Mod","Minty Spire (QoL Compilation)","Random Character Button","Rare Cards Sparkle","Relic Stats","Replay The Spire","Shade Mod","StSLib","The Cursed","The Disciple","The Hierophant","The Jungle","The Runesmith","The Servant 0.9.4"],"gold_per_floor":[109,128,128,78,2,30,42,42,74,94,121,136,136,136],"floor_reached":13,"playtime":878,"items_purged":[],"score":144,"play_id":"44646bbe-53ba-4165-8465-e97c49723066","local_time":"20201231200203","is_ascension_mode":true,"campfire_choices":[{"data":"Metallicize","floor":8,"key":"SMITH"}],"circlet_count":0,"master_deck":["Strike_R","Strike_R","Strike_R","Strike_R","Defend_R","Defend_R","Defend_R","Defend_R","Bash","Run Through","Metallicize+1","ReplayTheSpireMod:Strike From Hell","Shockwave","True Grit","Dark Embrace","Sentinel"],"relics":["Burning Blood","NeowsBlessing","Letter Opener","Ornamental Fan","aspiration:HiddenCompartment","hubris:TenFootPole"],"acts_visited":["Exordium"],"potions_floor_usage":[7,11],"damage_taken":[{"damage":0,"enemies":"Cultist","floor":1,"turns":1},{"damage":0,"enemies":"2 Louse","floor":2,"turns":1},{"damage":0,"enemies":"Lagavulin","floor":6,"turns":1},{"damage":13,"enemies":"Jaw Worm","floor":7,"turns":3},{"damage":13,"enemies":"2 Fungi Beasts","floor":9,"turns":6},{"damage":7,"enemies":"2 Fungi Beasts","floor":10,"turns":4},{"damage":32,"enemies":"3 Sentries","floor":11,"turns":9},{"damage":33,"enemies":"3 Louse","floor":12,"turns":6},{"damage":11,"enemies":"Lagavulin","floor":13,"turns":3}],"seed_played":"-2709489251688907689","potions_obtained":[{"floor":6,"key":"sneckomod:MuddlingPotion"},{"floor":10,"key":"Adrenaline Potion"},{"floor":11,"key":"Milkshake"}],"is_trial":false,"path_per_floor":["M","M","T","?","$","E","M","R","MIM","M","E","M","E"],"character_chosen":"IRONCLAD","items_purchased":["Metallicize"],"campfire_rested":0,"item_purchase_floors":[5],"current_hp_per_floor":[80,80,80,80,80,80,73,73,66,65,39,12,1,1],"gold":136,"neow_bonus":"THREE_ENEMY_KILL","is_daily":false,"chose_seed":false,"campfire_upgraded":1,"win_rate":0.0,"timestamp":1609470123,"path_taken":["M","?","?","?","?","E","M","R","MIM","M","E","M","E"],"items_purchased_type":["Card"],"build_version":"2020-12-22","purchased_purges":0,"victory":false,"max_hp_per_floor":[80,80,80,80,80,80,80,80,80,80,80,80,80,80],"relic_stats":{"counters":[9,34],"Ornamental Fan":[4],"Letter Opener":[5],"obtain_stats":[{"NeowsBlessing":0,"Ornamental Fan":6,"hubris:TenFootPole":11,"Letter Opener":3,"aspiration:HiddenCompartment":9,"Burning Blood":0},{"NeowsBlessing":0,"Ornamental Fan":3,"hubris:TenFootPole":7,"Letter Opener":2,"aspiration:HiddenCompartment":5,"Burning Blood":0},{"NeowsBlessing":0,"Ornamental Fan":3,"hubris:TenFootPole":25,"Letter Opener":2,"aspiration:HiddenCompartment":12,"Burning Blood":0}],"Burning Blood":30},"card_choices":[{"not_picked":["hubris:SharpeningStone","Perfected Strike"],"picked":"Run Through","floor":1},{"not_picked":["Sever Soul","Thunderclap","Anger"],"picked":"SKIP","floor":2},{"not_picked":["Reckless Charge","Cleave"],"picked":"ReplayTheSpireMod:Strike From Hell","floor":6},{"not_picked":["Headbutt","Heavy Blade"],"picked":"Shockwave","floor":7},{"not_picked":["Battle Trance","Seeing Red"],"picked":"True Grit","floor":9},{"not_picked":["Carnage","Headbutt"],"picked":"Dark Embrace","floor":10},{"not_picked":["Demon Form","Perfected Strike"],"picked":"Sentinel","floor":11},{"not_picked":["Heavy Blade","Sword Boomerang","Warcry"],"picked":"SKIP","floor":12}],"player_experience":827654,"relics_obtained":[{"floor":3,"key":"Letter Opener"},{"floor":6,"key":"Ornamental Fan"},{"floor":9,"key":"aspiration:HiddenCompartment"},{"floor":11,"key":"hubris:TenFootPole"}],"event_choices":[{"cards_removed":["Strike_R"],"damage_healed":0,"gold_gain":0,"player_choice":"Card Removal","damage_taken":0,"max_hp_gain":0,"max_hp_loss":0,"event_name":"The Cleric","floor":4,"gold_loss":50}],"is_beta":false,"boss_relics":[],"items_purged_floors":[],"is_endless":false,"potions_floor_spawned":[6,10,11],"killed_by":"Lagavulin","ascension_level":4}}