{"host":"qxeepl7ydvsgmfdb","time":1609507466,"event":{"mods":["AchievementEnabler","BaseMod","Colored Powertips","Minty Spire (QoL Compilation)","Quick Restart","slay the spire mod where everything is the same but ironclad has a cowboy hat"],"gold_per_floor":[215,266,216,231,231,231,245,245,245,259,271,121,136,147,147,251,251,261,561,561,577,577,577,577,597,597,597,597],"floor_reached":27,"playtime":806,"items_purged":[],"score":332,"play_id":"d4f4c5bc-9e35-4dcc-821e-38c565a7a787","local_time":"20210101082426","is_ascension_mode":true,"campfire_choices":[{"data":"Dagger Throw","floor":6,"key":"SMITH"},{"floor":15,"key":"REST"},{"floor":23,"key":"REST"}],"circlet_count":0,"master_deck":["Strike_G","Strike_G","Strike_G","Strike_G","Defend_G","Defend_G","Defend_G","Defend_G","Defend_G","Survivor","Neutralize","Poisoned Stab+1","Dagger Throw+1","Blade Dance","Dagger Spray","Blade Dance","Sucker Punch","Corpse Explosion","Cloak And Dagger","Writhe"],"relics":["Ring of the Snake","Orichalcum","FaceOfCleric","Tiny Chest","Pen Nib","SacredBark","Old Coin","Peace Pipe","Gambling Chip","Oddly Smooth Stone"],"acts_visited":["Exordium","TheCity"],"potions_floor_usage":[16,21,25,27],"damage_taken":[{"damage":1,"enemies":"Cultist","floor":1,"turns":5},{"damage":4,"enemies":"Small Slimes","floor":4,"turns":4},{"damage":0,"enemies":"2 Louse","floor":7,"turns":2},{"damage":9,"enemies":"Red Slaver","floor":10,"turns":3},{"damage":0,"enemies":"2 Fungi Beasts","floor":11,"turns":2},{"damage":13,"enemies":"Large Slime","floor":13,"turns":4},{"damage":5,"enemies":"Blue Slaver","floor":14,"turns":2},{"damage":0,"enemies":"Slime Boss","floor":16,"turns":7},{"damage":10,"enemies":"3 Byrds","floor":18,"turns":4},{"damage":13,"enemies":"Shell Parasite","floor":21,"turns":3},{"damage":25,"enemies":"Centurion and Healer","floor":25,"turns":4},{"damage":38,"enemies":"Snake Plant","floor":27,"turns":7}],"seed_played":"7498599490637514570","potions_obtained":[{"floor":7,"key":"LiquidMemories"},{"floor":10,"key":"Dexterity Potion"},{"floor":14,"key":"BlessingOfTheForge"},{"floor":16,"key":"PowerPotion"},{"floor":18,"key":"Fire Potion"}],"is_trial":false,"path_per_floor":["M","T","?","M","?","R","M","?","T","M","M","$","M","M","R","B",null,"M","T","?","M","T","R","?","M","T","M"],"character_chosen":"THE_SILENT","items_purchased":["Pen Nib"],"campfire_rested":2,"item_purchase_floors":[12],"current_hp_per_floor":[62,62,62,58,58,58,58,58,58,50,51,51,39,35,57,58,71,62,62,62,50,50,73,59,35,35,0,0],"gold":597,"neow_bonus":"HUNDRED_GOLD","is_daily":false,"chose_seed":false,"campfire_upgraded":1,"win_rate":0.0,"timestamp":1609507466,"path_taken":["M","?","?","M","?","R","M","?","T","M","M","$","M","?","R","BOSS","M","?","?","M","?","R","?","?","T","?"],"items_purchased_type":["Relic"],"build_version":"2020-12-22","purchased_purges":0,"victory":false,"max_hp_per_floor":[70,70,70,70,70,70,70,70,70,71,72,72,73,74,74,75,75,76,76,76,77,77,77,82,83,83,83,83],"card_choices":[{"not_picked":["Blur","Flechettes"],"picked":"Poisoned Stab","floor":1},{"not_picked":["Dash","Underhanded Strike"],"picked":"Dagger Throw","floor":4},{"not_picked":["Concentrate","Underhanded Strike"],"picked":"Blade Dance","floor":7},{"not_picked":["Bouncing Flask","Cloak And Dagger"],"picked":"Dagger Spray","floor":10},{"not_picked":["Choke","Dodge and Roll","Flying Knee"],"picked":"SKIP","floor":11},{"not_picked":["Acrobatics","Underhanded Strike"],"picked":"Blade Dance","floor":13},{"not_picked":["Heel Hook","Bullet Time"],"picked":"Sucker Punch","floor":14},{"not_picked":["Storm of Steel","Tools of the Trade"],"picked":"Corpse Explosion","floor":16},{"not_picked":["Underhanded Strike+1","PiercingWail"],"picked":"Cloak And Dagger","floor":18},{"not_picked":["Crippling Poison+1","Underhanded Strike+1","Prepared"],"picked":"SKIP","floor":21},{"not_picked":["Outmaneuver","Leg Sweep","Bane+1"],"picked":"SKIP","floor":25}],"player_experience":347682,"relics_obtained":[{"floor":2,"key":"Orichalcum"},{"floor":9,"key":"Tiny Chest"},{"floor":19,"key":"Old Coin"},{"floor":22,"key":"Gambling Chip"},{"floor":26,"key":"Oddly Smooth Stone"}],"event_choices":[{"cards_removed":["Strike_G"],"damage_healed":0,"gold_gain":0,"player_choice":"Card Removal","damage_taken":0,"max_hp_gain":0,"max_hp_loss":0,"event_name":"The Cleric","floor":3,"gold_loss":50},{"damage_healed":0,"gold_gain":0,"player_choice":"Grow","damage_taken":0,"max_hp_gain":0,"max_hp_loss":0,"event_name":"Living Wall","floor":5,"gold_loss":0,"cards_upgraded":["Poisoned Stab"]},{"damage_healed":0,"gold_gain":0,"player_choice":"Trade","damage_taken":0,"relics_obtained":["FaceOfCleric"],"max_hp_gain":0,"max_hp_loss":0,"event_name":"FaceTrader","floor":8,"gold_loss":0},{"damage_healed":0,"gold_gain":0,"player_choice":"Opened","damage_taken":0,"relics_obtained":["Peace Pipe"],"max_hp_gain":0,"max_hp_loss":0,"event_name":"The Mausoleum","floor":20,"gold_loss":0,"cards_obtained":["Writhe"]},{"damage_healed":0,"gold_gain":0,"player_choice":"Shed Blood","damage_taken":19,"max_hp_gain":5,"max_hp_loss":0,"event_name":"Forgotten Altar","floor":24,"gold_loss":0}],"is_beta":false,"boss_relics":[{"not_picked":["Snecko Eye","Runic Pyramid"],"picked":"SacredBark"}],"items_purged_floors":[],"is_endless":false,"potions_floor_spawned":[7,10,14,16,18],"killed_by":"Snake Plant","ascension_level":6}}