{"host":"jlioisuqr94vbevf","time":1609537246,"event":{"mods":["BaseMod","Minty Spire (QoL Compilation)"],"gold_per_floor":[110,126,126,145,158,178,99,99,124,124,154,154,168,188,188,289,289,305,404,423,423,423,423,435,360,360,360,210,237,16,44,44,145,145,158,158,158,87,100,126,126,144,144,194,206,226,226,226,226,226,226],"floor_reached":50,"playtime":3797,"items_purged":[],"score":739,"play_id":"b13b1486-8c07-4145-8647-54af038adef3","local_time":"20210101224046","is_ascension_mode":true,"campfire_choices":[{"data":"Terror","floor":8.0,"key":"SMITH"},{"data":"Venomology","floor":10.0,"key":"SMITH"},{"data":"Cloak And Dagger","floor":12.0,"key":"SMITH"},{"data":"Blade Dance","floor":15.0,"key":"SMITH"},{"floor":23.0,"key":"REST"},{"floor":32.0,"key":"REST"},{"floor":41,"key":"REST"},{"floor":47,"key":"REST"},{"data":"Accuracy","floor":49,"key":"SMITH"}],"circlet_count":0,"master_deck":["Survivor","Neutralize","Deflect","Acrobatics","Cloak And Dagger+1","Neutralize","PiercingWail","Quick Slash","Footwork","Finisher","Terror+1","Blade Dance","Venomology+1","After Image","Blade Dance+1","Backflip","Dagger Spray","Burst","Accuracy+1","Cloak And Dagger","Dodge and Roll","Cloak And Dagger","Leg Sweep","Envenom","Crippling Poison","Masterful Stab","Tactician","Night Terror","Acrobatics","Calculated Gamble","Expertise","Well Laid Plans","Outmaneuver","Crippling Poison","Accuracy+1","Dodge and Roll","Leg Sweep","Blur","Dodge and Roll+1","Footwork+1","Choke+1","Slice+1","Backstab+1","Outmaneuver+1","Blade Dance+1","Blade Dance"],"relics":["Ring of the Snake","Prayer Wheel","Orichalcum","Art of War","WristBlade","Nilry\u0027s Codex","Bottled Tornado","Vajra","Anchor","Toy Ornithopter","Mercury Hourglass","Pandora\u0027s Box","Strawberry","PreservedInsect","Turnip"],"acts_visited":["Exordium","TheCity","TheBeyond"],"potions_floor_usage":[39,39,40,40,40,40,45,46,50,50,50,50],"damage_taken":[{"damage":3.0,"enemies":"Jaw Worm","floor":1.0,"turns":5.0},{"damage":4.0,"enemies":"Cultist","floor":2.0,"turns":5.0},{"damage":3.0,"enemies":"Small Slimes","floor":4.0,"turns":5.0},{"damage":3.0,"enemies":"Blue Slaver","floor":5.0,"turns":4.0},{"damage":0.0,"enemies":"2 Fungi Beasts","floor":6.0,"turns":4.0},{"damage":6.0,"enemies":"Lagavulin","floor":11.0,"turns":5.0},{"damage":0.0,"enemies":"Large Slime","floor":13.0,"turns":3.0},{"damage":1.0,"enemies":"3 Louse","floor":14.0,"turns":3.0},{"damage":8.0,"enemies":"Hexaghost","floor":16.0,"turns":5.0},{"damage":0.0,"enemies":"Shell Parasite","floor":18.0,"turns":3.0},{"damage":0.0,"enemies":"2 Thieves","floor":20.0,"turns":3.0},{"damage":0.0,"enemies":"Chosen and Byrds","floor":24.0,"turns":4.0},{"damage":13.0,"enemies":"Book of Stabbing","floor":29.0,"turns":4.0},{"damage":3.0,"enemies":"Gremlin Leader","floor":31.0,"turns":3.0},{"damage":16.0,"enemies":"Collector","floor":33.0,"turns":8.0},{"damage":0,"enemies":"Orb Walker","floor":35,"turns":2},{"damage":31,"enemies":"3 Shapes","floor":39,"turns":6},{"damage":33,"enemies":"Giant Head","floor":40,"turns":7},{"damage":3,"enemies":"3 Darklings","floor":42,"turns":3},{"damage":10,"enemies":"Mind Bloom Boss Battle","floor":44,"turns":7},{"damage":9,"enemies":"Maw","floor":45,"turns":7},{"damage":7,"enemies":"Writhing Mass","floor":46,"turns":5},{"damage":82,"enemies":"Time Eater","floor":50,"turns":6}],"seed_played":"1999101365719018311","potions_obtained":[{"floor":4.0,"key":"DistilledChaos"},{"floor":5.0,"key":"LiquidBronze"},{"floor":11.0,"key":"EssenceOfSteel"},{"floor":14.0,"key":"PowerPotion"},{"floor":16.0,"key":"SneckoOil"},{"floor":31.0,"key":"Swift Potion"},{"floor":33.0,"key":"CultistPotion"},{"floor":35,"key":"Energy Potion"},{"floor":39,"key":"SteroidPotion"},{"floor":45,"key":"Swift Potion"},{"floor":46,"key":"Fire Potion"}],"is_trial":false,"path_per_floor":["M","M","?","M","M","M","$","R","T","R","E","R","M","M","R","B",null,"M","?","M","?","?","R","M","?","T","?","$","E","$","E","R","B",null,"M","?","?","$","M","E","R","M","T","?","M","M","R","?","R","B"],"character_chosen":"THE_SILENT","items_purchased":["Venomology","Vajra","Leg Sweep","Toy Ornithopter","Blur"],"campfire_rested":4,"item_purchase_floors":[7,28,30,30,38],"current_hp_per_floor":[60,56,56,53,50,50,50,50,50,50,44,44,44,43,43,35,56,56,56,56,40,29,49,49,49,49,49,49,36,36,38,57,49,61,61,61,61,61,40,34,55,52,52,42,38,36,57,57,57,0,0],"gold":226,"neow_bonus":"ONE_RARE_RELIC","is_daily":false,"chose_seed":false,"campfire_upgraded":5,"win_rate":0.0,"timestamp":1609537246,"path_taken":["M","M","?","M","M","M","$","R","T","R","E","R","?","M","R","BOSS","M","?","M","?","?","R","M","?","T","?","$","E","$","E","R","BOSS","M","?","?","$","M","E","R","?","T","?","M","M","R","?","R","BOSS"],"items_purchased_type":["Card","Relic","Card","Relic","Card"],"build_version":"2020-12-22","purchased_purges":0,"victory":false,"max_hp_per_floor":[63,63,63,63,63,63,63,63,63,63,63,63,63,63,63,63,63,63,63,63,63,68,68,68,65,65,65,65,65,65,65,65,65,65,65,65,65,65,65,72,72,72,72,72,72,72,72,72,72,72,72],"card_choices":[{"not_picked":["Finisher","Concentrate"],"picked":"Deflect","floor":1.0},{"not_picked":["Bane","Noxious Fumes"],"picked":"Acrobatics","floor":1.0},{"not_picked":["Deflect","PiercingWail"],"picked":"Cloak And Dagger","floor":2.0},{"not_picked":["Poisoned Stab","Setup","Calculated Gamble"],"picked":"SKIP","floor":2.0},{"not_picked":["Catalyst","Deadly Poison"],"picked":"PiercingWail","floor":4.0},{"not_picked":["Setup","Deadly Poison"],"picked":"Quick Slash","floor":4.0},{"not_picked":["Quick Slash","Deflect"],"picked":"Footwork","floor":5.0},{"not_picked":["Concentrate","Masterful Stab"],"picked":"Finisher","floor":5.0},{"not_picked":["All Out Attack","Deadly Poison"],"picked":"Terror","floor":6.0},{"not_picked":["Prepared","Bane"],"picked":"Blade Dance","floor":6.0},{"not_picked":["Sucker Punch","Prepared"],"picked":"After Image","floor":11.0},{"not_picked":["Concentrate","Setup"],"picked":"Blade Dance","floor":13.0},{"not_picked":["Deflect","Quick Slash"],"picked":"Backflip","floor":13.0},{"not_picked":["Deadly Poison","Calculated Gamble"],"picked":"Dagger Spray","floor":14.0},{"not_picked":["Masterful Stab","Concentrate","Acrobatics"],"picked":"SKIP","floor":14.0},{"not_picked":["Glass Knife","Die Die Die"],"picked":"Burst","floor":16.0},{"not_picked":["Noxious Fumes","Catalyst+1"],"picked":"Accuracy","floor":18.0},{"not_picked":["Bane+1","Underhanded Strike","Poisoned Stab"],"picked":"SKIP","floor":18.0},{"not_picked":["Bane","Infinite Blades"],"picked":"Cloak And Dagger","floor":20.0},{"not_picked":["Concentrate","Well Laid Plans","Expertise"],"picked":"SKIP","floor":20.0},{"not_picked":["Cloak And Dagger","Slice"],"picked":"Dodge and Roll","floor":24.0},{"not_picked":["Eviscerate","Skewer","Dagger Throw+1"],"picked":"SKIP","floor":24.0},{"not_picked":["Prepared","Calculated Gamble"],"picked":"Cloak And Dagger","floor":29.0},{"not_picked":["Reflex","Wraith Form v2","Masterful Stab"],"picked":"SKIP","floor":31.0},{"not_picked":["Die Die Die","Malaise"],"picked":"Envenom","floor":33.0},{"not_picked":["Dagger Spray","Backstab"],"picked":"Accuracy+1","floor":35},{"not_picked":["Acrobatics","Slice+1"],"picked":"Dodge and Roll","floor":35},{"not_picked":["Sucker Punch+1","Predator+1"],"picked":"Dodge and Roll+1","floor":39},{"not_picked":["Crippling Poison+1","Acrobatics"],"picked":"Footwork+1","floor":39},{"not_picked":["PiercingWail","Bane+1"],"picked":"Choke+1","floor":40},{"not_picked":["Heel Hook","Expertise+1"],"picked":"Slice+1","floor":42},{"not_picked":["Predator","Acrobatics+1"],"picked":"Backstab+1","floor":42},{"not_picked":["Slice","Catalyst+1"],"picked":"Outmaneuver+1","floor":44},{"not_picked":["Burst","Flechettes"],"picked":"Blade Dance+1","floor":45},{"not_picked":["Calculated Gamble","Blade Dance","Deadly Poison+1"],"picked":"SKIP","floor":45},{"not_picked":["Eviscerate+1","Heel Hook+1"],"picked":"Blade Dance","floor":46},{"not_picked":["Cloak And Dagger","Riddle With Holes+1","PiercingWail"],"picked":"SKIP","floor":46}],"player_experience":353058,"relics_obtained":[{"floor":9.0,"key":"Orichalcum"},{"floor":11.0,"key":"Art of War"},{"floor":21.0,"key":"Nilry\u0027s Codex"},{"floor":26.0,"key":"Bottled Tornado"},{"floor":29.0,"key":"Anchor"},{"floor":31.0,"key":"Mercury Hourglass"},{"floor":40,"key":"Strawberry"},{"floor":43,"key":"PreservedInsect"},{"floor":44,"key":"Turnip"}],"event_choices":[{"damage_healed":0.0,"max_hp_gain":0.0,"max_hp_loss":0.0,"gold_gain":0.0,"event_name":"Match and Keep!","player_choice":"3 cards matched","floor":3.0,"gold_loss":0.0,"damage_taken":0.0,"cards_obtained":["Parasite","Masterful Stab","Neutralize"]},{"damage_healed":0.0,"max_hp_gain":0.0,"max_hp_loss":0.0,"gold_gain":99.0,"event_name":"Nest","player_choice":"Stole From Cult","floor":19.0,"gold_loss":0.0,"damage_taken":0.0},{"damage_healed":0.0,"max_hp_gain":0.0,"max_hp_loss":0.0,"gold_gain":0.0,"event_name":"Cursed Tome","player_choice":"Obtained Book","floor":21.0,"gold_loss":0.0,"damage_taken":16.0},{"damage_healed":0.0,"max_hp_gain":5.0,"max_hp_loss":0.0,"gold_gain":0.0,"event_name":"Forgotten Altar","player_choice":"Shed Blood","floor":22.0,"gold_loss":0.0,"damage_taken":16.0},{"cards_removed":["Parasite"],"damage_healed":0.0,"max_hp_gain":0.0,"max_hp_loss":0.0,"gold_gain":0.0,"event_name":"Beggar","player_choice":"Gave Gold","floor":25.0,"gold_loss":75.0,"damage_taken":0.0},{"damage_healed":0.0,"max_hp_gain":0.0,"max_hp_loss":0.0,"gold_gain":0.0,"event_name":"Vampires","player_choice":"Ignored","floor":27.0,"gold_loss":0.0,"damage_taken":0.0},{"damage_healed":0,"gold_gain":0,"player_choice":"Ignored","damage_taken":0,"max_hp_gain":0,"max_hp_loss":0,"event_name":"Tomb of Lord Red Mask","floor":36,"gold_loss":0},{"damage_healed":0,"gold_gain":0,"player_choice":"Copied","damage_taken":0,"max_hp_gain":0,"max_hp_loss":0,"event_name":"Duplicator","floor":37,"gold_loss":0,"cards_obtained":["Leg Sweep"]},{"damage_healed":0,"gold_gain":0,"player_choice":"Fight","damage_taken":0,"max_hp_gain":0,"max_hp_loss":0,"event_name":"MindBloom","floor":44,"gold_loss":0},{"cards_removed":["Masterful Stab"],"damage_healed":0,"gold_gain":0,"player_choice":"Removed Attack","damage_taken":0,"max_hp_gain":0,"max_hp_loss":0,"event_name":"Falling","floor":48,"gold_loss":0}],"is_beta":false,"boss_relics":[{"not_picked":["SacredBark","Ring of the Serpent"],"picked":"WristBlade"},{"not_picked":["Empty Cage","Black Star"],"picked":"Pandora\u0027s Box"}],"items_purged_floors":[],"is_endless":false,"potions_floor_spawned":[4,5,11,14,16,31,33,35,39,45,46],"killed_by":"Time Eater","ascension_level":7}}