{"host":"sxnl403xm2xmiyj1","time":1609471925,"event":{"mods":["AchievementEnabler","BaseMod","Colored Map","Keyboard Shortcuts","Minty Spire (QoL Compilation)","Quick Restart","StSLib","SuperFastMode"],"gold_per_floor":[111,123,10,85,96,96,115,141,192,192,267,293,311,341,341,446,446,463,85,105,121,136,136,148,148,219,219,219,219,318,332,332,437,437,456,456,60,77,97,97,124,135,159,184,184,74,74,74,100,100,100],"floor_reached":52,"playtime":1123,"items_purged":["Strike_G","Strike_G","Strike_G"],"score":1126,"play_id":"095ce9e4-3028-4c42-bc6c-c1e5304b080a","local_time":"20210101123205","is_ascension_mode":true,"campfire_choices":[{"data":"Noxious Fumes","floor":6.0,"key":"SMITH"},{"data":"Cloak And Dagger","floor":10.0,"key":"SMITH"},{"data":"Bane","floor":15.0,"key":"SMITH"},{"data":"Blade Dance","floor":23.0,"key":"SMITH"},{"data":"Tools of the Trade","floor":25.0,"key":"SMITH"},{"data":"Prepared","floor":27.0,"key":"SMITH"},{"data":"PiercingWail","floor":29.0,"key":"SMITH"},{"data":"Terror","floor":32.0,"key":"SMITH"},{"data":"After Image","floor":40.0,"key":"SMITH"},{"data":"Cloak And Dagger","floor":45,"key":"SMITH"},{"data":"Acrobatics","floor":48,"key":"SMITH"},{"data":"Poisoned Stab","floor":50,"key":"SMITH"}],"circlet_count":0,"master_deck":["Strike_G","Strike_G","Defend_G+1","Defend_G","Defend_G","Defend_G","Defend_G","Survivor","Neutralize+1","Cloak And Dagger+1","Escape Plan","Noxious Fumes+1","Acrobatics+1","PiercingWail+1","Poisoned Stab+1","Bane+1","Tools of the Trade+1","Deflect","Die Die Die","Blade Dance+1","Prepared+1","Backstab","Terror+1","After Image+1","Backflip+1","Cloak And Dagger+1","Underhanded Strike","Bane+1","Leg Sweep+1","Accuracy+1","PiercingWail+1","PiercingWail+1","Cloak And Dagger+1"],"relics":["Ring of the Snake","Eternal Feather","PreservedInsect","Art of War","Toy Ornithopter","WristBlade","Juzu Bracelet","Ninja Scroll","Runic Dome","Vajra","Bottled Lightning","Pocketwatch","War Paint","Akabeko"],"acts_visited":["Exordium","TheCity","TheBeyond"],"potions_floor_usage":[44,51,51],"damage_taken":[{"damage":12.0,"enemies":"Small Slimes","floor":1.0,"turns":5.0},{"damage":2.0,"enemies":"Cultist","floor":2.0,"turns":4.0},{"damage":0.0,"enemies":"Jaw Worm","floor":5.0,"turns":4.0},{"damage":4.0,"enemies":"Looter","floor":7.0,"turns":4.0},{"damage":6.0,"enemies":"Lagavulin","floor":8.0,"turns":7.0},{"damage":8.0,"enemies":"3 Sentries","floor":12.0,"turns":6.0},{"damage":5.0,"enemies":"3 Louse","floor":13.0,"turns":3.0},{"damage":25.0,"enemies":"Hexaghost","floor":16.0,"turns":10.0},{"damage":24.0,"enemies":"3 Byrds","floor":18.0,"turns":5.0},{"damage":8.0,"enemies":"Spheric Guardian","floor":20.0,"turns":6.0},{"damage":27.0,"enemies":"Shelled Parasite and Fungi","floor":21.0,"turns":5.0},{"damage":13.0,"enemies":"Snecko","floor":22.0,"turns":5.0},{"damage":29.0,"enemies":"Snake Plant","floor":24.0,"turns":5.0},{"damage":0.0,"enemies":"Cultist and Chosen","floor":31.0,"turns":4.0},{"damage":42.0,"enemies":"Automaton","floor":33.0,"turns":9.0},{"damage":5.0,"enemies":"Orb Walker","floor":35.0,"turns":2.0},{"damage":0.0,"enemies":"3 Darklings","floor":38.0,"turns":4.0},{"damage":10.0,"enemies":"4 Shapes","floor":39.0,"turns":6.0},{"damage":17.0,"enemies":"Reptomancer","floor":41.0,"turns":5.0},{"damage":20,"enemies":"Transient","floor":42,"turns":5},{"damage":0,"enemies":"Nemesis","floor":44,"turns":1},{"damage":6,"enemies":"Reptomancer","floor":49,"turns":5},{"damage":9,"enemies":"Donu and Deca","floor":51,"turns":7}],"seed_played":"7705500036231100735","potions_obtained":[{"floor":5.0,"key":"PowerPotion"},{"floor":7.0,"key":"LiquidMemories"},{"floor":12.0,"key":"GamblersBrew"},{"floor":13.0,"key":"GamblersBrew"},{"floor":18.0,"key":"FairyPotion"},{"floor":21.0,"key":"Strength Potion"},{"floor":24.0,"key":"Weak Potion"},{"floor":31.0,"key":"DistilledChaos"},{"floor":41.0,"key":"GhostInAJar"},{"floor":42,"key":"ColorlessPotion"},{"floor":44,"key":"Strength Potion"},{"floor":49,"key":"EssenceOfSteel"}],"is_trial":false,"path_per_floor":["M","M","$","?","M","R","M","E","T","R","?","E","M","?","R","B",null,"M","$","M","M","M","R","M","R","T","R","?","R","?","M","R","B",null,"M","?","$","M","M","R","E","M","T","E","R","?","$","R","E","R","B",null],"character_chosen":"THE_SILENT","items_purchased":["Noxious Fumes","Juzu Bracelet","Deflect","Die Die Die","Vajra","Cloak And Dagger","Underhanded Strike","SteroidPotion"],"campfire_rested":0,"item_purchase_floors":[3,19,19,19,37,37,37,37],"current_hp_per_floor":[51,49,49,38,38,38,34,28,28,37,30,22,17,17,26,6,54,30,30,22,5,21,33,4,16,16,28,28,40,40,40,52,20,58,53,53,53,53,43,58,41,21,21,26,44,44,44,62,56,70,61],"gold":100,"neow_bonus":"UPGRADE_CARD","is_daily":false,"chose_seed":false,"campfire_upgraded":12,"win_rate":0.0,"timestamp":1609471925,"path_taken":["M","M","$","?","M","R","M","E","T","R","?","E","?","?","R","BOSS","M","$","M","M","M","R","M","R","T","R","?","R","?","M","R","BOSS","M","?","$","M","M","R","E","M","T","E","R","?","$","R","E","R","BOSS"],"items_purchased_type":["Card","Relic","Card","Card","Relic","Card","Card","Potion"],"build_version":"2020-12-22","purchased_purges":3,"victory":true,"max_hp_per_floor":[70,70,70,70,70,70,70,70,70,70,70,70,70,70,70,70,70,70,70,70,70,70,70,70,70,70,70,70,70,70,70,70,70,70,70,70,70,70,70,70,70,70,70,70,70,70,70,70,70,70,70],"card_choices":[{"not_picked":["Outmaneuver","Bane"],"picked":"Cloak And Dagger","floor":1.0},{"not_picked":["Slice","Heel Hook"],"picked":"Escape Plan","floor":2.0},{"not_picked":["Prepared","Dash"],"picked":"Acrobatics","floor":5.0},{"not_picked":["Backflip","Venomology"],"picked":"PiercingWail","floor":7.0},{"not_picked":["Heel Hook","Distraction","Expertise"],"picked":"SKIP","floor":8.0},{"not_picked":["Riddle With Holes","Endless Agony"],"picked":"Poisoned Stab","floor":12.0},{"not_picked":["Concentrate","Blade Dance"],"picked":"Bane","floor":13.0},{"not_picked":["Night Terror","Die Die Die"],"picked":"Tools of the Trade","floor":16.0},{"not_picked":["Skewer","Deadly Poison","Dagger Spray"],"picked":"SKIP","floor":18.0},{"not_picked":["Prepared","Deflect"],"picked":"Blade Dance","floor":20.0},{"not_picked":["Quick Slash","Skewer+1","All Out Attack+1"],"picked":"SKIP","floor":21.0},{"not_picked":["All Out Attack","Dodge and Roll"],"picked":"Prepared","floor":22.0},{"not_picked":["Poisoned Stab","Slice"],"picked":"Backstab","floor":24.0},{"not_picked":["Cloak And Dagger","Quick Slash"],"picked":"Terror","floor":31.0},{"not_picked":["Corpse Explosion","Grand Finale"],"picked":"After Image","floor":33.0},{"not_picked":["Terror","Deflect+1"],"picked":"Backflip+1","floor":35.0},{"not_picked":["Outmaneuver","Poisoned Stab+1"],"picked":"Bane+1","floor":38.0},{"not_picked":["Poisoned Stab+1","Distraction+1"],"picked":"Leg Sweep","floor":39.0},{"not_picked":["Riddle With Holes+1","Dagger Spray"],"picked":"Accuracy+1","floor":41.0},{"not_picked":["Poisoned Stab","Dodge and Roll"],"picked":"PiercingWail+1","floor":42},{"not_picked":["Dagger Spray","Deflect+1"],"picked":"PiercingWail+1","floor":44},{"not_picked":["Concentrate","All Out Attack+1"],"picked":"Cloak And Dagger+1","floor":49}],"player_experience":142352,"relics_obtained":[{"floor":8.0,"key":"Eternal Feather"},{"floor":9.0,"key":"PreservedInsect"},{"floor":12.0,"key":"Art of War"},{"floor":26.0,"key":"Ninja Scroll"},{"floor":41.0,"key":"Bottled Lightning"},{"floor":44,"key":"Pocketwatch"},{"floor":49,"key":"Akabeko"}],"event_choices":[{"damage_healed":0.0,"max_hp_gain":0.0,"max_hp_loss":0.0,"gold_gain":75.0,"event_name":"World of Goop","player_choice":"Gather Gold","floor":4.0,"gold_loss":0.0,"damage_taken":11.0},{"damage_healed":0.0,"max_hp_gain":0.0,"max_hp_loss":0.0,"gold_gain":75.0,"event_name":"FaceTrader","player_choice":"Touch","floor":11.0,"gold_loss":0.0,"damage_taken":7.0},{"damage_healed":0.0,"max_hp_gain":0.0,"max_hp_loss":0.0,"gold_gain":30.0,"event_name":"Dead Adventurer","player_choice":"Searched \u00273\u0027 times","floor":14.0,"gold_loss":0.0,"damage_taken":0.0,"relics_obtained":["Toy Ornithopter"]},{"damage_healed":0.0,"max_hp_gain":0.0,"max_hp_loss":0.0,"gold_gain":0.0,"event_name":"Vampires","player_choice":"Ignored","floor":28.0,"gold_loss":0.0,"damage_taken":0.0},{"damage_healed":0.0,"max_hp_gain":0.0,"max_hp_loss":0.0,"gold_gain":99.0,"event_name":"Nest","player_choice":"Stole From Cult","floor":30.0,"gold_loss":0.0,"damage_taken":0.0},{"damage_healed":0.0,"max_hp_gain":0.0,"max_hp_loss":0.0,"gold_gain":0.0,"event_name":"Tomb of Lord Red Mask","player_choice":"Ignored","floor":36.0,"gold_loss":0.0,"damage_taken":0.0},{"damage_healed":0,"gold_gain":0,"player_choice":"Paid Gold","damage_taken":0,"relics_obtained":["War Paint"],"max_hp_gain":0,"max_hp_loss":0,"event_name":"WeMeetAgain","floor":46,"gold_loss":110}],"is_beta":false,"boss_relics":[{"not_picked":["Astrolabe","Coffee Dripper"],"picked":"WristBlade"},{"not_picked":["SacredBark","Tiny House"],"picked":"Runic Dome"}],"items_purged_floors":[3,19,37],"is_endless":false,"potions_floor_spawned":[5,7,12,13,18,21,24,31,41,42,44,49],"ascension_level":9}}