{"host":"tq7pufgtqftqw8yr","time":1609487511,"event":{"mods":["BaseMod","Downfall","Minty Spire (QoL Compilation)","StSLib"],"gold_per_floor":[99,115,22,38,49,49,49,65,65,92,103,114,133,133,152,247,247,97,116,34,44,44,54,80,80,90,90,106,118,118,118],"floor_reached":30,"playtime":3182,"items_purged":["sneckomod:Unknown"],"score":280,"play_id":"b80bccaf-60b1-4464-b11b-78474587c688","local_time":"20210101155151","is_ascension_mode":false,"campfire_choices":[{"floor":1.0,"key":"RECALL"},{"data":"sneckomod:QuickMove","floor":9.0,"key":"SMITH"},{"data":"sneckomod:UnknownRarePower","floor":18.0,"key":"SMITH"},{"floor":25.0,"key":"REST"},{"floor":27.0,"key":"REST"}],"circlet_count":0,"master_deck":["sneckomod:Strike","sneckomod:Strike","sneckomod:Strike","sneckomod:Defend+1","sneckomod:Defend","sneckomod:Defend","sneckomod:TailWhip","sneckomod:SnekBite","sneckomod:UnknownBlock","sneckomod:QuickMove+1","sneckomod:IronFang","sneckomod:UnknownUncommonPower","sneckomod:Unknown2Cost","sneckomod:UnknownClassGREEN","sneckomod:Unknown0Cost","sneckomod:SnakeSap","sneckomod:SoulRoll","sneckomod:DiceCrush","sneckomod:UnknownWeak","sneckomod:UnknownStrike","Regret","sneckomod:UnknownRarePower+1","sneckomod:SerpentMind","CurseOfTheBell","sneckomod:PureSnecko","sneckomod:SlitherStrike","sneckomod:UnknownUncommonSkill+1","sneckomod:DiceBlock+1","sneckomod:MorePower","sneckomod:SoulRoll","sneckomod:UnknownClassPURPLE+1","sneckomod:Unknown0Cost","sneckomod:ImprovisedGuard+1","sneckomod:UnknownBlock+1","sneckomod:DiceBoulder","sneckomod:UnknownRarePower+1","sneckomod:IronFang"],"relics":["sneckomod:SneckoSoul","Art of War","Calling Bell","Boot","Question Card","Du-Vu Doll","downfall:HeartBlessingRed","downfall:HeartBlessingBlue","Dream Catcher"],"acts_visited":["Exordium","TheCity"],"potions_floor_usage":[],"damage_taken":[{"damage":0.0,"enemies":"Small Slimes","floor":2.0,"turns":3.0},{"damage":0.0,"enemies":"downfall:FleeingMerchant","floor":3.0,"turns":4.0},{"damage":0.0,"enemies":"Cultist","floor":4.0,"turns":4.0},{"damage":0.0,"enemies":"2 Louse","floor":5.0,"turns":4.0},{"damage":11.0,"enemies":"2 Fungi Beasts","floor":8.0,"turns":4.0},{"damage":9.0,"enemies":"Lots of Slimes","floor":10.0,"turns":5.0},{"damage":2.0,"enemies":"Exordium Thugs","floor":11.0,"turns":4.0},{"damage":0.0,"enemies":"2 Fungi Beasts","floor":12.0,"turns":4.0},{"damage":0.0,"enemies":"3 Louse","floor":13.0,"turns":4.0},{"damage":6.0,"enemies":"2 Fungi Beasts","floor":15.0,"turns":4.0},{"damage":48.0,"enemies":"downfall:Ironclad","floor":16.0,"turns":9.0},{"damage":31.0,"enemies":"3 Byrds","floor":19.0,"turns":5.0},{"damage":1.0,"enemies":"downfall:FleeingMerchant","floor":20.0,"turns":4.0},{"damage":7.0,"enemies":"Chosen","floor":21.0,"turns":3.0},{"damage":36.0,"enemies":"3 Cultists","floor":23.0,"turns":7.0},{"damage":47.0,"enemies":"Chosen and Byrds","floor":26.0,"turns":8.0},{"damage":2.0,"enemies":"Snecko","floor":28.0,"turns":5.0},{"damage":31.0,"enemies":"Snake Plant","floor":29.0,"turns":7.0},{"damage":31,"enemies":"Shelled Parasite and Fungi","floor":30,"turns":7}],"seed_played":"1076986296231720236","potions_obtained":[{"floor":5.0,"key":"Regen Potion"},{"floor":10.0,"key":"SkillPotion"},{"floor":11.0,"key":"Regen Potion"},{"floor":12.0,"key":"FearPotion"},{"floor":16.0,"key":"DuplicationPotion"},{"floor":21.0,"key":"sneckomod:DiceRollPotion"},{"floor":26.0,"key":"SmokeBomb"},{"floor":28.0,"key":"BlessingOfTheForge"}],"is_trial":false,"path_per_floor":["R","M","$","M","M","?","T","M","R","M","M","M","M","?","M","B",null,"R","M","$","M","?","M","T","R","M","R","M","M","M"],"character_chosen":"THE_SNECKO","items_purchased":["sneckomod:UnknownUncommonPower"],"campfire_rested":2,"item_purchase_floors":[3],"current_hp_per_floor":[91,91,92,93,94,95,95,93,93,84,86,96,97,97,92,44,98,108,77,77,70,70,36,36,69,23,56,54,24,0,0],"gold":118,"neow_bonus":"THREE_CARDS","is_daily":false,"chose_seed":false,"campfire_upgraded":2,"win_rate":0.0,"timestamp":1609487511,"path_taken":["R","M","$","M","M","?","T","M","R","M","?","M","M","?","M","BOSS","R","M","$","M","?","?","T","R","M","R","M","M","M"],"items_purchased_type":["Card"],"build_version":"2020-12-22","purchased_purges":1,"victory":false,"max_hp_per_floor":[91,91,92,93,94,95,95,95,95,95,95,96,97,97,98,98,98,108,108,109,109,109,111,111,111,112,112,112,113,113,113],"card_choices":[{"not_picked":["sneckomod:UnknownClassSLIMEBOUND","sneckomod:RainOfDice"],"picked":"sneckomod:UnknownBlock","floor":0.0},{"not_picked":["sneckomod:UnknownCommonAttack","sneckomod:UnknownBlock"],"picked":"sneckomod:QuickMove","floor":2.0},{"not_picked":["sneckomod:CheapStock","sneckomod:QuickBite"],"picked":"sneckomod:IronFang","floor":3.0},{"not_picked":["sneckomod:UnknownStrike","sneckomod:Unknown1Cost"],"picked":"sneckomod:Unknown2Cost","floor":4.0},{"not_picked":["sneckomod:UnknownClassHEXA_GHOST_PURPLE","sneckomod:RainOfDice"],"picked":"sneckomod:UnknownClassGREEN","floor":5.0},{"not_picked":["sneckomod:ImprovisedAttack","sneckomod:RainOfDice"],"picked":"sneckomod:SnakeSap","floor":8.0},{"not_picked":["sneckomod:IronFang","sneckomod:CheapStock"],"picked":"sneckomod:SoulRoll","floor":10.0},{"not_picked":["sneckomod:UnknownClassSLIMEBOUND","sneckomod:UnknownClassGREEN"],"picked":"sneckomod:DiceCrush","floor":10.0},{"not_picked":["sneckomod:RainOfDice","sneckomod:UnknownClassSLIMEBOUND","sneckomod:SoulRoll"],"picked":"SKIP","floor":11.0},{"not_picked":["sneckomod:UnknownVulnerable","sneckomod:IronFang"],"picked":"sneckomod:UnknownWeak","floor":12.0},{"not_picked":["sneckomod:Unknown1Cost","sneckomod:WideSting"],"picked":"sneckomod:UnknownStrike","floor":13.0},{"not_picked":["sneckomod:SoulRoll","sneckomod:SnakeSap"],"picked":"sneckomod:UnknownRarePower","floor":15.0},{"not_picked":["sneckomod:SoulExchange","sneckomod:DangerNoodle"],"picked":"sneckomod:SerpentMind","floor":16.0},{"not_picked":["sneckomod:MasterEye+1","sneckomod:SoulDraw","sneckomod:SoulRoll"],"picked":"sneckomod:PureSnecko","floor":19.0},{"not_picked":["sneckomod:UnknownCommonAttack+1","sneckomod:SoulExchange","sneckomod:UnknownWeak"],"picked":"sneckomod:SlitherStrike","floor":19.0},{"not_picked":["sneckomod:PureSnecko","sneckomod:IronFang","sneckomod:SoulDraw"],"picked":"sneckomod:UnknownUncommonSkill+1","floor":20.0},{"not_picked":["sneckomod:UnknownStrike","sneckomod:SlitherStrike","sneckomod:ImprovisedGuard+1"],"picked":"sneckomod:DiceBlock+1","floor":21.0},{"not_picked":["sneckomod:Unknown+1","sneckomod:UnknownClassHEXA_GHOST_PURPLE+1","sneckomod:UnknownCommonAttack+1"],"picked":"sneckomod:UnknownClassPURPLE+1","floor":23.0},{"not_picked":["sneckomod:UnknownVulnerable","sneckomod:UnknownClassGREEN","sneckomod:UnknownCommonSkill"],"picked":"sneckomod:Unknown0Cost","floor":23.0},{"not_picked":["sneckomod:SoulRoll+1","sneckomod:SoulDraw","sneckomod:DiceBlock"],"picked":"sneckomod:ImprovisedGuard+1","floor":25.0},{"not_picked":["sneckomod:UnknownClassGUARDIAN+1","sneckomod:UnknownX+1","sneckomod:UnknownClassPURPLE+1"],"picked":"sneckomod:UnknownBlock+1","floor":26.0},{"not_picked":["sneckomod:UnknownVulnerable","sneckomod:Unknown1Cost","sneckomod:DefensiveFlair","sneckomod:UnknownStrike"],"picked":"SKIP","floor":26.0},{"not_picked":["sneckomod:UnknownCommonAttack","sneckomod:SnakeSap","sneckomod:IronFang"],"picked":"sneckomod:DiceBoulder","floor":28.0},{"not_picked":["sneckomod:UnknownEthereal+1","sneckomod:UnknownStrength+1","sneckomod:UnknownClassGUARDIAN+1"],"picked":"sneckomod:UnknownRarePower+1","floor":29.0},{"not_picked":["sneckomod:RainOfDice","sneckomod:Unknown1Cost","sneckomod:UnknownVulnerable+1"],"picked":"sneckomod:IronFang","floor":29.0}],"player_experience":793076,"relics_obtained":[{"floor":17.0,"key":"Boot"},{"floor":17.0,"key":"Question Card"},{"floor":17.0,"key":"Du-Vu Doll"},{"floor":24.0,"key":"Dream Catcher"}],"event_choices":[{"damage_healed":0.0,"max_hp_gain":0.0,"max_hp_loss":0.0,"gold_gain":0.0,"cards_transformed":["sneckomod:Unknown"],"event_name":"Transmorgrifier","player_choice":"Transformed","floor":6.0,"gold_loss":0.0,"damage_taken":0.0,"cards_obtained":["sneckomod:Unknown0Cost"]},{"damage_healed":0.0,"max_hp_gain":0.0,"max_hp_loss":0.0,"gold_gain":0.0,"event_name":"Big Fish","player_choice":"Box","floor":14.0,"gold_loss":0.0,"damage_taken":0.0,"relics_obtained":["Art of War"],"cards_obtained":["Regret"]}],"is_beta":false,"boss_relics":[{"not_picked":["Busted Crown","Runic Pyramid"],"picked":"Calling Bell"}],"items_purged_floors":[20],"is_endless":false,"potions_floor_spawned":[5,10,11,12,16,21,26,28],"killed_by":"Shelled Parasite and Fungi","ascension_level":0}}