{"host":"gzsdmyo07u314vug","time":1609486948,"event":{"mods":["2.2 Compatiblity","BaseMod","Downfall","GifTheSpireLib","Minty Spire (QoL Compilation)","Quick Restart","Rare Cards Sparkle","Relic Stats","Replay The Spire","Shop Mod","StSLib","The Bug Knight","The Construct","The Elementalist","The Servant 0.9.4","Unceasing Turn Reminder","everything is the same but u backflip on backflip","slay the spire mod where everything is the same but ironclad has a cowboy hat","vexMod"],"gold_per_floor":[109,52,2,14,27,62,62,76,123,123,133,133,133,147,147,246,246,262,282,282,292,139,139,150,150,202,202,202,131,131,64,64,167,167,186,186,206,24,36,36,50,50,76,76,100,100,113,113,113,113],"floor_reached":51,"playtime":2413,"items_purged":["Strike_B","vexMod:UltimateCard"],"score":1446,"play_id":"57454a59-0c38-43e6-9c8c-95521fabc9cf","local_time":"20210101044228","is_ascension_mode":true,"campfire_choices":[{"data":"Electrodynamics","floor":7,"key":"SMITH"},{"floor":10,"key":"REST"},{"floor":15,"key":"DIG"},{"data":"Buffer","floor":23,"key":"SMITH"},{"data":"Storm","floor":25,"key":"SMITH"},{"data":"Tempest","floor":28,"key":"SMITH"},{"data":"Storm","floor":30,"key":"SMITH"},{"data":"Capacitor","floor":32,"key":"SMITH"},{"data":"Creative AI","floor":40,"key":"SMITH"},{"floor":42,"key":"REST"},{"data":"Heatsinks","floor":44,"key":"SMITH"},{"data":"Thunder Strike","floor":46,"key":"SMITH"},{"data":"FIFO Queue","floor":49,"key":"SMITH"}],"circlet_count":0,"master_deck":["AscendersBane","Strike_B","Strike_B","Defend_B","Defend_B","Defend_B","Defend_B","Zap+1","Dualcast","Loop+1","ReplayTheSpireMod:Calculation Training+1","Reinforced Body+1","FIFO Queue+1","Electrodynamics+1","Leap","Go for the Eyes","Storm+1","Buffer+1","Crystallizer","Tempest+1","Panic Button+1","Capacitor+1","Storm+1","Self Repair","Creative AI+1","Conserve Battery+1","Storm","Heatsinks+1","Thunder Strike+1"],"relics":["Cracked Core","InkBottle","Replay:Rubber Ducky","Pen Nib","Sozu","Replay:Baseball","vexMod:BigBerry","ReplayTheSpireMod:CursedCoin","Replay:Mystery Machine","Akabeko"],"acts_visited":["Exordium","TheCity","TheBeyond"],"potions_floor_usage":[4,16,41],"damage_taken":[{"damage":3,"enemies":"2 Louse","floor":1,"turns":2},{"damage":0,"enemies":"Small Slimes","floor":4,"turns":2},{"damage":2,"enemies":"Jaw Worm","floor":5,"turns":3},{"damage":41,"enemies":"3 Sentries","floor":6,"turns":10},{"damage":6,"enemies":"Gremlin Gang","floor":8,"turns":2},{"damage":1,"enemies":"Exordium Thugs","floor":11,"turns":3},{"damage":0,"enemies":"2 Fungi Beasts","floor":14,"turns":1},{"damage":18,"enemies":"Hexaghost","floor":16,"turns":9},{"damage":11,"enemies":"Spheric Guardian","floor":18,"turns":4},{"damage":5,"enemies":"2 Thieves","floor":19,"turns":4},{"damage":9,"enemies":"Snake Plant","floor":21,"turns":5},{"damage":0,"enemies":"Chosen and Byrds","floor":24,"turns":4},{"damage":7,"enemies":"Pondfish","floor":33,"turns":9},{"damage":0,"enemies":"Orb Walker","floor":35,"turns":3},{"damage":20,"enemies":"3 Darklings","floor":37,"turns":4},{"damage":4,"enemies":"Spire Growth","floor":39,"turns":4},{"damage":39,"enemies":"Jaw Worm Horde","floor":41,"turns":4},{"damage":0,"enemies":"3 Darklings","floor":47,"turns":3},{"damage":4,"enemies":"Transient","floor":48,"turns":5},{"damage":25,"enemies":"Time Eater","floor":50,"turns":7}],"seed_played":"296298915024470391","potions_obtained":[{"floor":1,"key":"LifebloodPotion"},{"floor":5,"key":"Regen Potion"},{"floor":8,"key":"SkillPotion"},{"floor":11,"key":"BlessingOfTheForge"},{"floor":16,"key":"SpeedPotion"}],"is_trial":false,"path_per_floor":["M","$","?","M","M","E","R","M","T","R","M","?","?","M","R","B",null,"M","M","?","M","$","R","M","R","T","?","R","$","R","$","R","B",null,"M","?","M","$","M","R","M","R","T","R","T","R","M","M","R","B",null],"character_chosen":"DEFECT","items_purchased":["ReplayTheSpireMod:Calculation Training+1","Capacitor","Storm","Self Repair","Heatsinks","ReplayTheSpireMod:CursedCoin","Thunder Strike"],"campfire_rested":2,"item_purchase_floors":[2,22,29,31,38,38,38],"current_hp_per_floor":[65,65,65,65,63,22,22,16,16,38,37,37,37,37,37,34,65,54,49,49,40,40,40,40,40,40,40,40,40,40,40,40,40,96,96,96,83,83,86,86,54,85,85,85,85,85,92,95,95,70],"gold":113,"neow_bonus":"UPGRADE_CARD","is_daily":false,"chose_seed":false,"campfire_upgraded":10,"win_rate":0.0,"timestamp":1609486948,"path_taken":["M","$","?","M","M","E","R","M","T","R","M","?","?","M","R","BOSS","M","M","?","M","$","R","M","R","T","?","R","$","R","$","R","BOSS","M","?","?","$","M","R","M","R","T","R","?","R","M","M","R","BOSS"],"items_purchased_type":["Card","Card","Card","Card","Card","Relic","Card"],"build_version":"2020-12-22","purchased_purges":2,"victory":true,"max_hp_per_floor":[75,75,75,75,75,75,75,75,75,75,75,75,75,75,75,75,75,75,75,75,75,75,75,75,75,75,75,75,75,75,75,75,75,105,105,105,105,105,105,105,105,105,105,105,105,105,105,105,105,105],"relic_stats":{"Sozu":3,"counters":[20,86],"Pen Nib":[4],"obtain_stats":[{"Sozu":17,"Replay:Baseball":26,"ReplayTheSpireMod:CursedCoin":38,"Pen Nib":15,"Replay:Mystery Machine":43,"Cracked Core":0,"InkBottle":6,"Akabeko":45,"Replay:Rubber Ducky":9,"vexMod:BigBerry":34},{"Sozu":8,"Replay:Baseball":12,"ReplayTheSpireMod:CursedCoin":15,"Pen Nib":7,"Replay:Mystery Machine":17,"Cracked Core":0,"InkBottle":4,"Akabeko":17,"Replay:Rubber Ducky":5,"vexMod:BigBerry":13},{"Sozu":31,"Replay:Baseball":47,"ReplayTheSpireMod:CursedCoin":63,"Pen Nib":22,"Replay:Mystery Machine":71,"Cracked Core":0,"InkBottle":16,"Akabeko":71,"Replay:Rubber Ducky":18,"vexMod:BigBerry":56}],"InkBottle":[26]},"card_choices":[{"not_picked":["Steam Power","Double Energy"],"picked":"Loop","floor":1},{"not_picked":["FIFO Queue","Sunder"],"picked":"Reinforced Body","floor":4},{"not_picked":["Chill","ReplayTheSpireMod:Repulse"],"picked":"FIFO Queue","floor":5},{"not_picked":["Auto Shields","Go for the Eyes"],"picked":"Electrodynamics","floor":6},{"not_picked":["Beam Cell","Rebound"],"picked":"Leap","floor":8},{"not_picked":["Conserve Battery","Gash"],"picked":"Go for the Eyes","floor":11},{"not_picked":["Recycle","Steam"],"picked":"Storm","floor":14},{"not_picked":["Multi-Cast","Seek"],"picked":"Buffer","floor":16},{"not_picked":["Streamline","Sweeping Beam+1"],"picked":"Crystallizer","floor":18},{"not_picked":["Beam Cell","Fusion"],"picked":"Tempest","floor":19},{"not_picked":["Beam Cell","Gash","Panic Button+1"],"picked":"SKIP","floor":21},{"not_picked":["Beam Cell","Gash"],"picked":"Panic Button+1","floor":21},{"not_picked":["Rebound+1","Sweeping Beam","Double Energy"],"picked":"SKIP","floor":24},{"not_picked":["Hyperbeam","Seek"],"picked":"Creative AI","floor":33},{"not_picked":["Conserve Battery+1","Redo+1","Leap"],"picked":"SKIP","floor":35},{"not_picked":["Redo+1","Leap"],"picked":"Conserve Battery+1","floor":35},{"not_picked":["ReplayTheSpireMod:Reroute Power","Gash+1"],"picked":"Storm","floor":37},{"not_picked":["Redo+1","Barrage","Conserve Battery"],"picked":"SKIP","floor":39},{"not_picked":["Undo+1","Doom and Gloom+1","Loop"],"picked":"SKIP","floor":41},{"not_picked":["Sunder+1","ReplaySort","Coolheaded+1"],"picked":"SKIP","floor":47},{"not_picked":["BasicCrystalCard+1","Conserve Battery+1","Rebound"],"picked":"SKIP","floor":48}],"player_experience":628347,"relics_obtained":[{"floor":6,"key":"InkBottle"},{"floor":9,"key":"Replay:Rubber Ducky"},{"floor":15,"key":"Pen Nib"},{"floor":26,"key":"Replay:Baseball"},{"floor":43,"key":"Replay:Mystery Machine"},{"floor":45,"key":"Akabeko"}],"event_choices":[{"cards_removed":["Strike_B"],"damage_healed":0,"gold_gain":0,"player_choice":"Card Removal","damage_taken":0,"max_hp_gain":0,"max_hp_loss":0,"event_name":"The Cleric","floor":3,"gold_loss":50},{"damage_healed":0,"gold_gain":0,"player_choice":"Grow","damage_taken":0,"max_hp_gain":0,"max_hp_loss":0,"event_name":"Living Wall","floor":13,"gold_loss":0,"cards_upgraded":["Loop"]},{"damage_healed":0,"gold_gain":0,"player_choice":"Ignored","damage_taken":0,"max_hp_gain":0,"max_hp_loss":0,"event_name":"Vampires","floor":20,"gold_loss":0},{"damage_healed":0,"gold_gain":0,"player_choice":"Ignored","damage_taken":0,"max_hp_gain":0,"max_hp_loss":0,"event_name":"Ghosts","floor":27,"gold_loss":0},{"damage_healed":0,"gold_gain":0,"player_choice":"Bought 0 Potions","damage_taken":0,"max_hp_gain":0,"max_hp_loss":0,"event_name":"The Woman in Blue","floor":36,"gold_loss":0}],"is_beta":false,"boss_relics":[{"not_picked":["Replay:Grab Bag","vexMod:EndlessSickness"],"picked":"Sozu"},{"not_picked":["Replay:Ancient Bell","ChewingGum"],"picked":"vexMod:BigBerry"}],"items_purged_floors":[22,38],"is_endless":false,"potions_floor_spawned":[1,5,8,11,16,33,37,39],"ascension_level":10}}