{"host":"9d9dhukr2jywmy0f","time":1609536491,"event":{"mods":["2.2 Compatiblity","Alarm Clock","BaseMod","Bestiary","Block Reminder","Colored Map","Colored Powertips","Curses Come First","DeckTracker","Highlight Path","Key Reminder","Keyboard Shortcuts","Koishi","Minty Spire (QoL Compilation)","MonsterHotkey","Quick Restart","Rare Cards Sparkle","Relic Sorter","Relic Stats","Spire Birthday Party","StSLib","SuperFastMode","Synergy Search","Unceasing Turn Reminder","Unknown Chances"],"gold_per_floor":[219,144,144,160,177,177,177,191,191,91,110,110,121,146,146,220,220,232,14,31,31,31,56,56,85,85,0,25,25,45,45,45,117,117,135,145,70,70,88,121,121,147,229,229,32,42,69,88,88,88,88,88,15,40,40],"floor_reached":56,"playtime":2295,"items_purged":["Koishi:BasicDefend","Koishi:BasicStrike","Koishi:MindNumbingTerror","Koishi:ParalyzingFear","Koishi:HauntingSlash"],"score":2641,"play_id":"216dcaa8-d4ab-4cdc-8983-ea7baa399132","local_time":"20210102052811","is_ascension_mode":true,"campfire_choices":[{"floor":6.0,"key":"RECALL"},{"data":"Koishi:RorschachInDanmaku","floor":15.0,"key":"SMITH"},{"data":"Koishi:SubterraneanRose","floor":24.0,"key":"SMITH"},{"data":"Koishi:BramblyRoseGarden","floor":32.0,"key":"SMITH"},{"data":"1","floor":41.0,"key":"LIFT"},{"data":"2","floor":49,"key":"LIFT"},{"data":"3","floor":52,"key":"LIFT"}],"circlet_count":0,"master_deck":["AscendersBane","Koishi:Provoke","Koishi:ReflexRadar","Koishi:ReflexRadar","Koishi:ReflexRadar","Koishi:MassHysteria","Koishi:SubterraneanRose+1","Koishi:RorschachInDanmaku+1","Koishi:EmbersOfLove+1","Koishi:HeartAttack+1","Koishi:ReflexRadar","Koishi:ReflexRadar","Koishi:ReleaseOfTheId+1","Koishi:IdleWhim+1","Koishi:FreudianInstinct","Koishi:FreudianInstinct","Koishi:FreudianInstinct+1"],"relics":["Koishi:ImaginaryFriend","Pocketwatch","Singing Bowl","HornCleat","Pandora\u0027s Box","Membership Card","Bronze Scales","Molten Egg 2","Akabeko","Darkstone Periapt","Girya","Regal Pillow","StrikeDummy","OrangePellets","Mercury Hourglass","Medical Kit","Vajra"],"acts_visited":["Exordium","TheCity","TheBeyond","TheEnding"],"potions_floor_usage":[47],"damage_taken":[{"damage":0.0,"enemies":"Cultist","floor":1.0,"turns":6.0},{"damage":1.0,"enemies":"2 Louse","floor":4.0,"turns":4.0},{"damage":2.0,"enemies":"Jaw Worm","floor":5.0,"turns":6.0},{"damage":8.0,"enemies":"3 Louse","floor":8.0,"turns":6.0},{"damage":5.0,"enemies":"Blue Slaver","floor":11.0,"turns":3.0},{"damage":8.0,"enemies":"2 Fungi Beasts","floor":13.0,"turns":2.0},{"damage":0.0,"enemies":"Lagavulin","floor":14.0,"turns":7.0},{"damage":21.0,"enemies":"Hexaghost","floor":16.0,"turns":16.0},{"damage":0.0,"enemies":"3 Byrds","floor":18.0,"turns":2.0},{"damage":0.0,"enemies":"2 Thieves","floor":20.0,"turns":2.0},{"damage":0.0,"enemies":"Gremlin Leader","floor":23.0,"turns":3.0},{"damage":0.0,"enemies":"Slavers","floor":25.0,"turns":3.0},{"damage":0.0,"enemies":"Book of Stabbing","floor":28.0,"turns":3.0},{"damage":0.0,"enemies":"Cultist and Chosen","floor":30.0,"turns":2.0},{"damage":0.0,"enemies":"Champ","floor":33.0,"turns":4.0},{"damage":0.0,"enemies":"3 Darklings","floor":35.0,"turns":2.0},{"damage":7.0,"enemies":"Orb Walker","floor":36.0,"turns":2.0},{"damage":0.0,"enemies":"Maw","floor":39.0,"turns":4.0},{"damage":0.0,"enemies":"Giant Head","floor":40.0,"turns":3.0},{"damage":0.0,"enemies":"Nemesis","floor":42.0,"turns":3.0},{"damage":0.0,"enemies":"Sphere and 2 Shapes","floor":46.0,"turns":1.0},{"damage":0,"enemies":"Reptomancer","floor":47,"turns":4},{"damage":0,"enemies":"Transient","floor":48,"turns":5},{"damage":13,"enemies":"Awakened One","floor":50,"turns":6},{"damage":0,"enemies":"Shield and Spear","floor":54,"turns":4},{"damage":0,"enemies":"The Heart","floor":55,"turns":6}],"seed_played":"-5048658825141376943","potions_obtained":[{"floor":4.0,"key":"SpeedPotion"},{"floor":13.0,"key":"AttackPotion"},{"floor":14.0,"key":"Fire Potion"},{"floor":18.0,"key":"Block Potion"}],"is_trial":false,"path_per_floor":["M","$","?","M","M","R","?","M","T","$","M","?","M","E","R","B",null,"M","$","M","?","?","E","R","E","T","?","E","?","M","?","R","B",null,"M","M","$","?","M","E","R","E","T","?","$","M","E","M","R","B",null,"R","$","E","B",null],"character_chosen":"KOISHI","items_purchased":["Membership Card","Koishi:FreudianInstinct","OrangePellets","Medical Kit"],"campfire_rested":0,"item_purchase_floors":[19,45,45,53],"current_hp_per_floor":[54,54,54,55,57,57,50,45,45,45,41,34,27,30,30,15,50,53,53,53,53,53,55,55,55,55,55,57,57,59,59,59,61,69,71,64,64,64,65,66,66,68,68,68,68,68,70,72,72,59,74,74,74,76,76],"gold":40,"neow_bonus":"HUNDRED_GOLD","is_daily":false,"chose_seed":false,"campfire_upgraded":3,"win_rate":0.0,"timestamp":1609536491,"path_taken":["M","$","?","M","M","R","?","M","T","?","M","?","M","E","R","BOSS","M","$","M","?","?","E","R","E","T","?","E","?","M","?","R","BOSS","M","M","$","?","?","E","R","E","T","?","$","M","E","M","R","BOSS","R","$","E","BOSS"],"items_purchased_type":["Relic","Card","Relic","Relic"],"build_version":"2020-11-30","purchased_purges":5,"victory":true,"max_hp_per_floor":[57,57,57,57,57,57,57,57,57,57,57,57,57,59,59,61,61,63,63,63,63,63,65,65,65,65,65,67,67,69,69,69,71,71,73,73,73,73,73,73,73,75,75,75,75,75,77,79,79,79,79,79,79,81,81],"relic_stats":{"Darkstone Periapt":0,"OrangePellets":[1],"Regal Pillow":0,"Singing Bowl":24,"counters":[26,109],"Bronze Scales":[180],"Pandora\u0027s Box":["Koishi:MindNumbingTerror","Koishi:ParalyzingFear","Koishi:EmbersOfLove","Koishi:BramblyRoseGarden"],"Medical Kit":[4],"obtain_stats":[{"Darkstone Periapt":28,"Girya":40,"Regal Pillow":42,"Singing Bowl":9,"Vajra":54,"Medical Kit":53,"Akabeko":27,"Mercury Hourglass":47,"keyreminder:keyreminder":6,"OrangePellets":45,"HornCleat":14,"Bronze Scales":23,"Pandora\u0027s Box":17,"Molten Egg 2":25,"Membership Card":19,"StrikeDummy":43,"Koishi:ImaginaryFriend":0,"Pocketwatch":7},{"Darkstone Periapt":13,"Girya":19,"Regal Pillow":20,"Singing Bowl":4,"Vajra":25,"Medical Kit":24,"Akabeko":12,"Mercury Hourglass":22,"keyreminder:keyreminder":3,"OrangePellets":20,"HornCleat":7,"Bronze Scales":11,"Pandora\u0027s Box":8,"Molten Egg 2":12,"Membership Card":9,"StrikeDummy":20,"Koishi:ImaginaryFriend":0,"Pocketwatch":3},{"Darkstone Periapt":63,"Girya":80,"Regal Pillow":83,"Singing Bowl":22,"Vajra":103,"Medical Kit":99,"Akabeko":60,"Mercury Hourglass":88,"keyreminder:keyreminder":16,"OrangePellets":83,"HornCleat":34,"Bronze Scales":57,"Pandora\u0027s Box":50,"Molten Egg 2":60,"Membership Card":52,"StrikeDummy":83,"Koishi:ImaginaryFriend":0,"Pocketwatch":16}],"Pocketwatch":[13],"Mercury Hourglass":[78]},"card_choices":[{"not_picked":["Koishi:TraumaticStroke","Koishi:FourthEye"],"picked":"Koishi:ReflexRadar","floor":1.0},{"not_picked":["Koishi:TremblingHands","Koishi:Prune"],"picked":"Koishi:ReflexRadar","floor":4.0},{"not_picked":["Koishi:UnconsciousUprising","Koishi:FidgetySnatcher"],"picked":"Koishi:ReflexRadar","floor":5.0},{"not_picked":["Koishi:YoukaiPolygraph","Koishi:Prune"],"picked":"Koishi:MassHysteria","floor":8.0},{"not_picked":["Koishi:ParalyzingFear","Koishi:BloodcurdlingScream"],"picked":"Koishi:SubterraneanRose","floor":11.0},{"not_picked":["Koishi:BramblyRoseGarden","Koishi:Jaunt"],"picked":"Koishi:RorschachInDanmaku","floor":13.0},{"not_picked":["Koishi:TraumaticStroke","Koishi:CatchAndRose","Koishi:GrowingPain"],"picked":"Singing Bowl","floor":14.0},{"not_picked":["Koishi:ConfinedInnocent","Koishi:RuptureMind","Koishi:PerfectMindControl"],"picked":"Singing Bowl","floor":16.0},{"not_picked":["Koishi:CatchAndRose","Koishi:SubconsciousSweep","Koishi:Jaunt"],"picked":"Singing Bowl","floor":18.0},{"not_picked":["Koishi:SubconsciousSweep+1","Koishi:CatchAndRose"],"picked":"Koishi:HeartAttack+1","floor":20.0},{"not_picked":["Koishi:RacingHeart","Koishi:BloodcurdlingScream","Koishi:HeartfeltFancy"],"picked":"Singing Bowl","floor":23.0},{"not_picked":["Koishi:SpiritedAway+1","Koishi:ImGoingToCallYouNow"],"picked":"Koishi:ReflexRadar","floor":25.0},{"not_picked":["Koishi:FormlessExistence","Koishi:TremblingHands+1","Koishi:SpiritedAway+1"],"picked":"Singing Bowl","floor":28.0},{"not_picked":["Koishi:BloodcurdlingScream+1","Koishi:HeartfeltFancy+1","Koishi:UnconsciousUprising+1"],"picked":"Singing Bowl","floor":30.0},{"not_picked":["Koishi:HeartStoppingHorror","Koishi:SilentAndRestless+1","Koishi:PerfectMindControl"],"picked":"Singing Bowl","floor":33.0},{"not_picked":["Koishi:PredatoryInstincts+1","Koishi:FourthEye","Koishi:DreadfulBlow+1"],"picked":"Singing Bowl","floor":35.0},{"not_picked":["Koishi:BramblyRoseGarden","Koishi:MindNumbingTerror+1"],"picked":"Koishi:ReleaseOfTheId+1","floor":36.0},{"not_picked":["Koishi:PhantomStrike+1","Koishi:HeartfeltFancy"],"picked":"Koishi:IdleWhim+1","floor":39.0},{"not_picked":["Koishi:Untouchable","Koishi:JumpScare"],"picked":"Koishi:FreudianInstinct","floor":40.0},{"not_picked":["Koishi:UnansweredLove","Koishi:Ego","Koishi:DanmakuParanoia"],"picked":"Singing Bowl","floor":42.0},{"not_picked":["Koishi:StingingMind+1","Koishi:Jaunt+1"],"picked":"Koishi:FreudianInstinct+1","floor":46.0},{"not_picked":["Koishi:YoukaiPolygraph+1","Koishi:Untouchable","Koishi:PhantomStrike+1"],"picked":"Singing Bowl","floor":47},{"not_picked":["Koishi:RorschachInDanmaku","Koishi:StingingMind+1","Koishi:FleetingPhantom"],"picked":"Singing Bowl","floor":48},{"not_picked":["Koishi:PhantomBarrier+1","Koishi:Untouchable+1","Koishi:Possession"],"picked":"Singing Bowl","floor":54}],"player_experience":857714,"relics_obtained":[{"floor":9.0,"key":"Singing Bowl"},{"floor":14.0,"key":"HornCleat"},{"floor":23.0,"key":"Bronze Scales"},{"floor":25.0,"key":"Molten Egg 2"},{"floor":28.0,"key":"Darkstone Periapt"},{"floor":40.0,"key":"Girya"},{"floor":42.0,"key":"Regal Pillow"},{"floor":43.0,"key":"StrikeDummy"},{"floor":47,"key":"Mercury Hourglass"},{"floor":54,"key":"Vajra"}],"event_choices":[{"cards_removed":["Koishi:BasicStrike"],"damage_healed":0.0,"max_hp_gain":0.0,"max_hp_loss":0.0,"gold_gain":0.0,"event_name":"Living Wall","player_choice":"Forget","floor":3.0,"gold_loss":0.0,"damage_taken":0.0},{"damage_healed":0.0,"max_hp_gain":0.0,"max_hp_loss":0.0,"gold_gain":0.0,"event_name":"Scrap Ooze","player_choice":"Success","floor":7.0,"gold_loss":0.0,"damage_taken":7.0,"relics_obtained":["Pocketwatch"]},{"cards_removed":["Koishi:BasicDefend"],"damage_healed":0.0,"max_hp_gain":0.0,"max_hp_loss":0.0,"gold_gain":0.0,"event_name":"Golden Wing","player_choice":"Card Removal","floor":12.0,"gold_loss":0.0,"damage_taken":7.0},{"damage_healed":0.0,"max_hp_gain":0.0,"max_hp_loss":0.0,"gold_gain":0.0,"event_name":"The Mausoleum","player_choice":"Ignored","floor":21.0,"gold_loss":0.0,"damage_taken":0.0},{"damage_healed":0.0,"max_hp_gain":0.0,"max_hp_loss":0.0,"gold_gain":0.0,"event_name":"Vampires","player_choice":"Ignored","floor":22.0,"gold_loss":0.0,"damage_taken":0.0},{"damage_healed":0.0,"max_hp_gain":0.0,"max_hp_loss":0.0,"gold_gain":0.0,"event_name":"Addict","player_choice":"Obtained Relic","floor":27.0,"gold_loss":85.0,"damage_taken":0.0,"relics_obtained":["Akabeko"]},{"damage_healed":0.0,"max_hp_gain":0.0,"max_hp_loss":0.0,"gold_gain":0.0,"event_name":"The Library","player_choice":"Read","floor":29.0,"gold_loss":0.0,"damage_taken":0.0,"cards_obtained":["Koishi:ReflexRadar"]},{"damage_healed":0.0,"max_hp_gain":0.0,"max_hp_loss":0.0,"gold_gain":0.0,"event_name":"Ghosts","player_choice":"Ignored","floor":31.0,"gold_loss":0.0,"damage_taken":0.0},{"damage_healed":0.0,"max_hp_gain":0.0,"max_hp_loss":0.0,"gold_gain":0.0,"event_name":"Accursed Blacksmith","player_choice":"Forge","floor":38.0,"gold_loss":0.0,"damage_taken":0.0,"cards_upgraded":["Koishi:EmbersOfLove"]},{"cards_removed":["Koishi:BramblyRoseGarden"],"damage_healed":0.0,"max_hp_gain":0.0,"max_hp_loss":0.0,"gold_gain":0.0,"event_name":"Falling","player_choice":"Removed Power","floor":44.0,"gold_loss":0.0,"damage_taken":0.0}],"is_beta":false,"boss_relics":[{"not_picked":["Ectoplasm","Koishi:ColorfulDays"],"picked":"Pandora\u0027s Box"},{"not_picked":["Coffee Dripper","Calling Bell","Snecko Eye"]}],"items_purged_floors":[2,10,19,37,45],"is_endless":false,"potions_floor_spawned":[4,13,14,18,20,33,35,36,46],"ascension_level":14}}