{"host":"az8lnyxx7l5ect6t","time":1609516965,"event":{"mods":["2.2 Compatiblity","AchievementEnabler","Act Like it!","Aspiration","BaseMod","Better Third Choice","Block Reminder","Conspire","Curses Come First","Defuse TimeMaze Blight","Downfall","Elementarium","Halation","Hallownest","Hubris","Infinite Spire","Jedi Mod","Keyboard Shortcuts","Minty Spire (QoL Compilation)","MonsterHotkey","Quick Restart","Replay The Spire","Spicy Shops","StSLib","The Blue Laboratory","Trackpad","Uncapped","Wandering Minibosses","vexMod"],"gold_per_floor":[109,109,109,127,127,127,56,70,70,70,97,121,121,140,174,194,205,205,205,303,303,303,303],"floor_reached":21,"playtime":964,"items_purged":[],"score":177,"play_id":"e474675e-4d8d-4786-8d74-cfe29307016b","local_time":"20210101110245","is_ascension_mode":false,"campfire_choices":[{"data":"Guardian:FierceBash","floor":6,"key":"SMITH"},{"data":"Guardian:ChargeUp","floor":9,"key":"SMITH"},{"data":"Guardian:CurlUp","floor":13,"key":"SMITH"},{"data":"Guardian:VentSteam","floor":18,"key":"SMITH"}],"circlet_count":0,"master_deck":["Guardian:Strike_Guardian","Guardian:Strike_Guardian","Guardian:Strike_Guardian","Guardian:Strike_Guardian","Guardian:Defend_Guardian","Guardian:Defend_Guardian+1","Guardian:Defend_Guardian","Guardian:Defend_Guardian+1","Guardian:CurlUp+1","Guardian:TwinSlam","Guardian:FierceBash+1","Guardian:ChargeUp+1","Guardian:PrimingBeam","Guardian:VentSteam+1","Guardian:RollAttack","Guardian:WalkerClaw","Guardian:CompilePackage"],"relics":["Guardian:ModeShifter","hubris:ToyBattleship","infinitespire:BottledMercury","jedi:cryingmask","trackpad:SappingStone","War Paint","aspiration:BabyByrd","trackpad:Coffee"],"acts_visited":["Exordium","TheCity"],"potions_floor_usage":[15],"damage_taken":[{"damage":0.0,"enemies":"Small Slimes","floor":1.0,"turns":3.0},{"damage":0,"enemies":"2 Louse","floor":4,"turns":3},{"damage":0,"enemies":"Jaw Worm","floor":8,"turns":3},{"damage":1,"enemies":"Looter","floor":14,"turns":3},{"damage":13,"enemies":"Gremlin Nob","floor":15,"turns":5},{"damage":5,"enemies":"Blue Slaver","floor":16,"turns":3},{"damage":0,"enemies":"conspire:2 RoseBushes","floor":17,"turns":6},{"damage":40,"enemies":"Hexaghost","floor":20,"turns":9}],"seed_played":"-4298030869808148858","potions_obtained":[{"floor":8,"key":"jedi:wingpotion"},{"floor":14,"key":"Weak Potion"}],"is_trial":false,"path_per_floor":["M","?","?","M","?","R","$","M","R","T","T","T","R","M","E","M","M","R","R","B",null],"character_chosen":"GUARDIAN","items_purchased":["hubris:ToyBattleship"],"campfire_rested":0,"item_purchase_floors":[7],"current_hp_per_floor":[80,80,85,85,85,85,85,85,85,85,85,85,85,84,71,66,66,66,66,26,85,85,85],"gold":303,"neow_bonus":"ONE_RANDOM_RARE_CARD","is_daily":false,"chose_seed":false,"campfire_upgraded":4,"win_rate":0.0,"timestamp":1609516965,"path_taken":["M","?","?","?","?","R","$","M","R","?","T","T","R","M","E","?","M","R","R","BOSS"],"items_purchased_type":["Relic"],"build_version":"2020-12-22","purchased_purges":0,"victory":false,"max_hp_per_floor":[80,80,85,85,85,85,85,85,85,85,85,85,85,85,85,85,85,85,85,85,85,85,85],"card_choices":[{"not_picked":["Guardian:RollAttack","Guardian:Gem_Green","Guardian:Emergency"],"picked":"SKIP","floor":1.0},{"not_picked":["Guardian:Recover","Guardian:Gem_Green"],"picked":"Guardian:ChargeUp","floor":4},{"not_picked":["Guardian:Gem_Green","Guardian:TemporalStrike"],"picked":"Guardian:PrimingBeam","floor":8},{"not_picked":["Guardian:TemporalStrike","Guardian:GemFinder"],"picked":"Guardian:VentSteam","floor":14},{"not_picked":["Guardian:ChargeCore","Guardian:Preprogram"],"picked":"Guardian:Gem_White","floor":15},{"not_picked":["Guardian:PrismaticBeam","Guardian:ChargeCore"],"picked":"Guardian:RollAttack","floor":16},{"not_picked":["Guardian:Suspension","Guardian:ShieldCharger"],"picked":"Guardian:WalkerClaw","floor":17},{"not_picked":["Guardian:FierceBash","Guardian:Gem_Synthetic"],"picked":"Guardian:CompilePackage","floor":20}],"player_experience":698479,"relics_obtained":[{"floor":10,"key":"infinitespire:BottledMercury"},{"floor":11,"key":"jedi:cryingmask"},{"floor":12,"key":"trackpad:SappingStone"},{"floor":15,"key":"War Paint"}],"event_choices":[{"damage_healed":0,"gold_gain":0,"player_choice":"Donut","damage_taken":0,"max_hp_gain":5,"max_hp_loss":0,"event_name":"Big Fish","floor":3,"gold_loss":0},{"damage_healed":0,"gold_gain":0,"player_choice":"Ignored","damage_taken":127,"max_hp_gain":0,"max_hp_loss":0,"event_name":"betterThird:BetterSerpent","floor":5,"gold_loss":0}],"is_beta":false,"boss_relics":[{"not_picked":["halation:Risk","Velvet Choker"],"picked":"trackpad:Coffee"}],"items_purged_floors":[],"is_endless":false,"potions_floor_spawned":[8,14],"ascension_level":0}}