{"host":"f6tqpspb2ou2a4h5","time":1609480996,"event":{"mods":["2.2 Compatiblity","Ascension Unlocker","BaseMod","Colored Map","DeckTracker","Hermit","Highlight Path","KOR Keyword Fix","Keyboard Shortcuts","Minty Spire (QoL Compilation)","Permanent Neow","Quick Restart","Random Character Button","StSLib","SuperFastMode","The Poker Player","everything is the same but u backflip on backflip"],"gold_per_floor":[119,134,154,5,22,54,54,85,110,110,130,130,156,156,156,156,156],"floor_reached":16,"playtime":586,"items_purged":[],"score":192,"play_id":"af402ccb-76f3-4647-91ae-a144670c08be","local_time":"20210101150316","is_ascension_mode":true,"campfire_choices":[{"floor":7,"key":"REST"},{"data":"Zap","floor":10,"key":"SMITH"},{"data":"Loop","floor":12,"key":"SMITH"},{"floor":15,"key":"REST"}],"circlet_count":0,"master_deck":["AscendersBane","Strike_B","Strike_B","Defend_B","Defend_B","Defend_B","Defend_B","Zap+1","Dualcast","Thunder Strike","Undo","Loop+1","Coolheaded","Barrage","Seek","Gash","Gash","Beam Cell","Gash"],"relics":["Cracked Core","Bag of Marbles","Toy Ornithopter","Juzu Bracelet","Vajra"],"acts_visited":["Exordium"],"potions_floor_usage":[],"damage_taken":[{"damage":0,"enemies":"Cultist","floor":1,"turns":4},{"damage":12,"enemies":"Jaw Worm","floor":2,"turns":4},{"damage":0,"enemies":"Small Slimes","floor":3,"turns":3},{"damage":4,"enemies":"Blue Slaver","floor":5,"turns":6},{"damage":6,"enemies":"Lagavulin","floor":6,"turns":9},{"damage":12,"enemies":"3 Sentries","floor":8,"turns":8},{"damage":0,"enemies":"2 Fungi Beasts","floor":11,"turns":3},{"damage":27,"enemies":"Gremlin Nob","floor":13,"turns":4},{"damage":38,"enemies":"Slime Boss","floor":16,"turns":3}],"seed_played":"-6724515058581072447","potions_obtained":[{"floor":1,"key":"Weak Potion"},{"floor":2,"key":"SpeedPotion"}],"is_trial":false,"path_per_floor":["M","M","M","$","M","E","R","E","T","R","M","R","E","?","R","B"],"character_chosen":"DEFECT","items_purchased":["Seek"],"campfire_rested":2,"item_purchase_floors":[4],"current_hp_per_floor":[50,38,38,38,34,28,50,38,38,38,38,38,11,11,33,0,0],"gold":156,"neow_bonus":"TRANSFORM_TWO_CARDS","is_daily":false,"chose_seed":false,"campfire_upgraded":2,"win_rate":0.0,"timestamp":1609480996,"path_taken":["M","M","M","$","M","E","R","E","T","R","M","R","E","?","R","BOSS"],"items_purchased_type":["Card"],"build_version":"2020-12-22","purchased_purges":0,"victory":false,"max_hp_per_floor":[75,75,75,75,75,75,75,75,75,75,75,75,75,75,75,75,75],"card_choices":[{"not_picked":["Leap","Gash"],"picked":"Loop","floor":1},{"not_picked":["Aggregate","Go for the Eyes"],"picked":"Coolheaded","floor":2},{"not_picked":["Heatsinks","Go for the Eyes"],"picked":"Barrage","floor":3},{"not_picked":["Stack","Hologram"],"picked":"Gash","floor":5},{"not_picked":["Chaos","Coolheaded"],"picked":"Gash","floor":6},{"not_picked":["Machine Learning","Consume"],"picked":"Beam Cell","floor":8},{"not_picked":["Go for the Eyes","Scrape","Reprogram"],"picked":"SKIP","floor":11},{"not_picked":["Scrape","Beam Cell"],"picked":"Gash","floor":13}],"player_experience":59759,"relics_obtained":[{"floor":6,"key":"Bag of Marbles"},{"floor":8,"key":"Toy Ornithopter"},{"floor":9,"key":"Juzu Bracelet"},{"floor":13,"key":"Vajra"}],"event_choices":[{"damage_healed":0,"gold_gain":0,"player_choice":"Ignored","damage_taken":0,"max_hp_gain":0,"max_hp_loss":0,"event_name":"Shining Light","floor":14,"gold_loss":0}],"is_beta":false,"boss_relics":[],"items_purged_floors":[],"is_endless":false,"potions_floor_spawned":[1,2,6,8],"killed_by":"Slime Boss","ascension_level":12}}