{"host":"rknezr0ykt7pds1i","time":1609537739,"event":{"mods":["BaseMod","Downfall","Marisa????????","Minty Spire (QoL Compilation)","Replay The Spire","StSLib","The Alterego","The Servant 0.9.4","Waifu the Spire"],"gold_per_floor":[119,134,134,134,134,168,168,203,203,222,30,44,44,44],"floor_reached":13,"playtime":730,"items_purged":[],"score":118,"play_id":"6c651662-7ca6-406c-aa9a-20ccb27320ad","local_time":"20210101164859","daily_mods":["SealedDeck","Heirloom","DeadlyEvents"],"is_ascension_mode":false,"campfire_choices":[{"data":"alterego_mod:Mirror","floor":7,"key":"SMITH"}],"circlet_count":0,"master_deck":["alterego_mod:Jiggle","alterego_mod:Cycle","alterego_mod:SuperDuperMasochism","alterego_mod:Punishment","alterego_mod:Jiggle","alterego_mod:Pet","alterego_mod:SakuraFive","alterego_mod:BiFurious","alterego_mod:Pet","alterego_mod:Clap+1","alterego_mod:ChallengeComplete","alterego_mod:Cushion+1","alterego_mod:Bounce","alterego_mod:Cycle","alterego_mod:MagicResistance","alterego_mod:Smother","alterego_mod:Mirror+1","alterego_mod:Skirt","alterego_mod:PurpleHair","alterego_mod:Support","alterego_mod:BiFurious","alterego_mod:Birthday","alterego_mod:Vow"],"relics":["alterego_mod:MasochisticConstitution","replay:Trail_Library","Mango","Durian","Bottled Lightning","Question Card","Membership Card"],"acts_visited":["Exordium"],"potions_floor_usage":[],"damage_taken":[{"damage":18,"enemies":"Cultist","floor":1,"turns":6},{"damage":13,"enemies":"2 Louse","floor":2,"turns":2},{"damage":12,"enemies":"Replay:BlueRogue","floor":6,"turns":8},{"damage":16,"enemies":"Lagavulin","floor":8,"turns":9},{"damage":13,"enemies":"Small Slimes","floor":10,"turns":5},{"damage":14,"enemies":"3 Louse","floor":12,"turns":7},{"damage":0,"enemies":"Replay:BlueRogue","floor":13,"turns":1}],"seed_played":"5763014074228038288","potions_obtained":[{"floor":2,"key":"Explosive Potion"},{"floor":6,"key":"DuplicationPotion"},{"floor":10,"key":"Flashbang"}],"is_trial":true,"path_per_floor":["M","M","?","?","?","E","R","E","T","M","$","M","E"],"character_chosen":"The_Alterego","items_purchased":["Membership Card","alterego_mod:BiFurious","alterego_mod:Birthday"],"campfire_rested":0,"item_purchase_floors":[11,11,11],"current_hp_per_floor":[67,55,55,55,55,49,49,34,34,22,22,11,11,11],"gold":44,"neow_bonus":"","is_daily":false,"chose_seed":false,"campfire_upgraded":1,"win_rate":0.0,"timestamp":1609537739,"path_taken":["?","M","?","?","?","E","R","E","T","M","$","M","E"],"items_purchased_type":["Relic","Card","Card"],"build_version":"2020-12-22","purchased_purges":0,"victory":false,"max_hp_per_floor":[85,86,86,86,86,92,92,93,93,94,94,95,95,95],"card_choices":[{"not_picked":["alterego_mod:BiFurious","alterego_mod:Maid"],"picked":"alterego_mod:Clap","floor":1},{"not_picked":["alterego_mod:BoobPocket","alterego_mod:Punishment"],"picked":"alterego_mod:ChallengeComplete","floor":2},{"not_picked":["alterego_mod:Schoolgirl","alterego_mod:SuperDuperMasochism"],"picked":"alterego_mod:Skirt","floor":6},{"not_picked":["alterego_mod:Clap","alterego_mod:GachaTicket"],"picked":"alterego_mod:PurpleHair","floor":8},{"not_picked":["alterego_mod:Rip","alterego_mod:DestructionOfProperty","alterego_mod:Skirt"],"picked":"alterego_mod:Support","floor":10},{"not_picked":["alterego_mod:Santa","alterego_mod:Cycle","alterego_mod:SuperDuperMasochism"],"picked":"alterego_mod:Vow","floor":12}],"player_experience":215149,"relics_obtained":[{"floor":6,"key":"Durian"},{"floor":8,"key":"Bottled Lightning"},{"floor":9,"key":"Question Card"}],"event_choices":[],"is_beta":false,"boss_relics":[],"items_purged_floors":[],"is_endless":false,"potions_floor_spawned":[2,6,10],"killed_by":"Replay:BlueRogue","ascension_level":0}}