{"host":"wshh0nphwn6jv7vj","time":1609491108,"event":{"mods":["BaseMod","Bestiary","Minty Spire (QoL Compilation)"],"gold_per_floor":[116,266,191,31,46,46,76,89,114,149,149,164,114,144,144,216,216,233,248,261,261,271,271,271],"floor_reached":23,"playtime":833,"items_purged":["Strike_R","Strike_R"],"score":437,"play_id":"b2c5c15c-fe74-4db6-b91e-a377f82823ea","local_time":"20210101035148","is_ascension_mode":true,"campfire_choices":[{"data":"Carnage","floor":6,"key":"SMITH"},{"data":"Disarm","floor":15,"key":"SMITH"}],"circlet_count":0,"master_deck":["AscendersBane","Strike_R","Defend_R","Defend_R","Defend_R","Defend_R","Bash","Carnage+1","Anger","Shrug It Off","Battle Trance","Juggernaut","Cleave","Disarm+1","Armaments","Twin Strike","Juggernaut","Disarm","Second Wind","Armaments"],"relics":["Burning Blood","NeowsBlessing","Orichalcum","MealTicket","Smiling Mask","PreservedInsect","Runic Pyramid"],"acts_visited":["Exordium","TheCity"],"potions_floor_usage":[14,16,18,23,23],"damage_taken":[{"damage":0,"enemies":"2 Louse","floor":1,"turns":1},{"damage":0,"enemies":"Small Slimes","floor":5,"turns":1},{"damage":0,"enemies":"3 Sentries","floor":7,"turns":1},{"damage":7,"enemies":"Jaw Worm","floor":8,"turns":3},{"damage":9,"enemies":"Gremlin Nob","floor":10,"turns":4},{"damage":6,"enemies":"Looter","floor":12,"turns":2},{"damage":16,"enemies":"Lagavulin","floor":14,"turns":6},{"damage":13,"enemies":"Hexaghost","floor":16,"turns":9},{"damage":3,"enemies":"3 Byrds","floor":18,"turns":5},{"damage":36,"enemies":"Chosen","floor":19,"turns":6},{"damage":26,"enemies":"Snecko","floor":20,"turns":6},{"damage":10,"enemies":"Snake Plant","floor":22,"turns":6},{"damage":24,"enemies":"Slavers","floor":23,"turns":1}],"seed_played":"-665302827542748704","potions_obtained":[{"floor":7,"key":"LiquidBronze"},{"floor":10,"key":"Block Potion"},{"floor":14,"key":"SkillPotion"},{"floor":20,"key":"Weak Potion"},{"floor":22,"key":"SneckoOil"}],"is_trial":false,"path_per_floor":["M","?","?","$","M","R","E","M","T","E","?","M","$","E","R","B",null,"M","M","M","?","M","E"],"character_chosen":"IRONCLAD","items_purchased":["Anger","Shrug It Off"],"campfire_rested":0,"item_purchase_floors":[4,4],"current_hp_per_floor":[74,74,74,74,75,75,75,74,74,71,64,64,75,65,65,58,71,74,44,24,24,20,0,0],"gold":271,"neow_bonus":"THREE_ENEMY_KILL","is_daily":false,"chose_seed":false,"campfire_upgraded":2,"win_rate":0.0,"timestamp":1609491108,"path_taken":["M","?","?","?","M","R","E","M","T","E","?","?","$","E","R","BOSS","M","M","M","?","M","E"],"items_purchased_type":["Card","Card"],"build_version":"2020-12-22","purchased_purges":2,"victory":false,"max_hp_per_floor":[75,75,75,75,75,75,75,75,75,75,75,75,75,75,75,75,75,75,75,75,75,75,75,75],"card_choices":[{"not_picked":["Warcry","Heavy Blade"],"picked":"Carnage","floor":1},{"not_picked":["Thunderclap","Pummel"],"picked":"Battle Trance","floor":5},{"not_picked":["Ghostly Armor","Entrench"],"picked":"Juggernaut","floor":7},{"not_picked":["Bloodletting","Havoc"],"picked":"Cleave","floor":8},{"not_picked":["Reckless Charge","Clothesline"],"picked":"Disarm","floor":10},{"not_picked":["Carnage","Shrug It Off"],"picked":"Armaments","floor":12},{"not_picked":["Second Wind","Heavy Blade"],"picked":"Twin Strike","floor":14},{"not_picked":["Immolate","Corruption"],"picked":"Juggernaut","floor":16},{"not_picked":["Thunderclap","Havoc"],"picked":"Disarm","floor":18},{"not_picked":["Twin Strike","Pommel Strike","Battle Trance"],"picked":"SKIP","floor":19},{"not_picked":["Anger","Spot Weakness"],"picked":"Second Wind","floor":20},{"not_picked":["Infernal Blade","Thunderclap"],"picked":"Armaments","floor":22}],"player_experience":1534744,"relics_obtained":[{"floor":7,"key":"Orichalcum"},{"floor":9,"key":"MealTicket"},{"floor":10,"key":"Smiling Mask"},{"floor":14,"key":"PreservedInsect"}],"event_choices":[{"damage_healed":0,"gold_gain":150,"player_choice":"AGREE","damage_taken":0,"max_hp_gain":0,"max_hp_loss":0,"event_name":"Liars Game","floor":2,"gold_loss":0,"cards_obtained":["Doubt"]},{"cards_removed":["Doubt"],"damage_healed":0,"gold_gain":0,"player_choice":"Card Removal","damage_taken":0,"max_hp_gain":0,"max_hp_loss":0,"event_name":"The Cleric","floor":3,"gold_loss":75},{"cards_removed":["Strike_R"],"damage_healed":0,"gold_gain":0,"player_choice":"Card Removal","damage_taken":7,"max_hp_gain":0,"max_hp_loss":0,"event_name":"Golden Wing","floor":11,"gold_loss":0},{"cards_removed":["Strike_R"],"damage_healed":0,"gold_gain":0,"player_choice":"Elegance","damage_taken":0,"max_hp_gain":0,"max_hp_loss":0,"event_name":"Back to Basics","floor":21,"gold_loss":0}],"is_beta":false,"boss_relics":[{"not_picked":["Fusion Hammer","Pandora\u0027s Box"],"picked":"Runic Pyramid"}],"items_purged_floors":[4,13],"is_endless":false,"potions_floor_spawned":[7,10,12,14,20,22],"killed_by":"Slavers","ascension_level":17}}