{"host":"e5u7qs1emxzejr12","time":1609529710,"event":{"mods":["2.2 Compatiblity","Act Like it!","BaseMod","CapriCore","Card Forge","Custom Start","Highlight Path","Luminous","Minty Spire (QoL Compilation)","Quick Restart","Replay The Spire","StSLib","SuperFastMode","The Animator","The Cursed","The Immortal","The Servant 0.9.4","UnlockEverythingMod"],"gold_per_floor":[132,132,132,132,171,261,342,441,513,609,663,762,849,766,766,1000,1000,1036,1036,1066,483,522,609,714,714,714,304,703,546,546,649,649,886,886,952,396,396,467,202,328,459,573,597,597,714,879,996,1096,1096,1134,1146],"floor_reached":52,"playtime":2845,"items_purged":[],"score":2452,"play_id":"60d11f44-15c4-4107-b8ed-2c96b9c42bbc","local_time":"20210102033510","daily_mods":["Heirloom","Flight","DeadlyEvents","Elite Swarm","Midas"],"is_ascension_mode":true,"campfire_choices":[{"floor":25.0,"key":"DIG"},{"floor":32.0,"key":"DIG"},{"floor":44.0,"key":"DIG"},{"floor":49,"key":"DIG"}],"circlet_count":0,"master_deck":["AscendersBane","MokouMod:Rekindle+1","MokouMod:Firecracker+1","MokouMod:SacredFire+1","MokouMod:Geothermal+1","MokouMod:PhoenixForm+1","MokouMod:Geothermal+1","MokouMod:BlazingComet+1","MokouMod:HouraiForge+1","MokouMod:Extinguish+1","MokouMod:RisingSunBarrier+1","CurseOfTheBell","MokouMod:WarmUp+1","MokouMod:ControlledCombustion+1","Madness+1","MokouMod:Meltdown+1","MokouMod:Geothermal+1","MokouMod:Extinguish+1","MokouMod:Extinguish+1","Secret Weapon+1","MokouMod:BurningDraft+1","MokouMod:HouraiForge+1","Pot Of Greed+1","Pot Of Greed+1","Pot Of Greed+1","MokouMod:ResonatingAura+1"],"relics":["MokouMod:PhoenixFeather","Hammer of Thor","Seething Fire","Anvil of the Gods","Du-Vu Doll","Mango","Replay:Ringing Soul","Singing Bowl","Mummified Hand","Letter Opener","Vajra","Tiny Chest","Calling Bell","Boot","Blue Candle","Replay:Towering Pillar of Hats","Shovel","Strange Spoon","Counterbalance","Smiling Mask","Ancient Tea Set","ReplayTheSpireMod:Ninjato","ReplayTheSpireMod:CursedCoin","Centennial Puzzle","Durian","Old Coin","Replay:Bottled Eggs","Replay:Bandana","Lizard Tail","Oddly Smooth Stone","Replay:Wax Seal","Pocketwatch","Toolbox","Cursed Key","Prayer Wheel","Bag of Marbles","Ornamental Fan","Replay:Multitool","Divine Protection","Replay:Arrowhead","Grinning Jar","Sundial","CaptainsWheel","Toy Ornithopter","Regal Pillow","Chameleon Ring","Pondfish Scales"],"acts_visited":["Exordium","TheCity","TheBeyond"],"potions_floor_usage":[],"damage_taken":[{"damage":0.0,"enemies":"Jaw Worm","floor":1.0,"turns":3.0},{"damage":0.0,"enemies":"2 Louse","floor":5.0,"turns":2.0},{"damage":34.0,"enemies":"3 Sentries","floor":6.0,"turns":10.0},{"damage":3.0,"enemies":"Gremlin Nob","floor":7.0,"turns":3.0},{"damage":4.0,"enemies":"3 Sentries","floor":8.0,"turns":6.0},{"damage":3.0,"enemies":"Gremlin Nob","floor":10.0,"turns":3.0},{"damage":0.0,"enemies":"Small Slimes","floor":11.0,"turns":2.0},{"damage":12.0,"enemies":"3 Sentries","floor":12.0,"turns":3.0},{"damage":0.0,"enemies":"Gremlin Nob","floor":13.0,"turns":2.0},{"damage":4.0,"enemies":"The Guardian","floor":16.0,"turns":3.0},{"damage":0.0,"enemies":"Shell Parasite","floor":18.0,"turns":2.0},{"damage":0.0,"enemies":"Spheric Guardian","floor":20.0,"turns":1.0},{"damage":0.0,"enemies":"Centurion and Healer","floor":22.0,"turns":4.0},{"damage":17.0,"enemies":"Slavers","floor":23.0,"turns":2.0},{"damage":0.0,"enemies":"Book of Stabbing","floor":24.0,"turns":2.0},{"damage":3.0,"enemies":"Slavers","floor":28.0,"turns":2.0},{"damage":0.0,"enemies":"Gremlin Leader","floor":31.0,"turns":1.0},{"damage":14.0,"enemies":"Champ","floor":33.0,"turns":2.0},{"damage":1.0,"enemies":"3 Shapes","floor":35.0,"turns":2.0},{"damage":5.0,"enemies":"3 Darklings","floor":38.0,"turns":4.0},{"damage":0.0,"enemies":"R_Hoarder","floor":40.0,"turns":3.0},{"damage":8.0,"enemies":"Reptomancer","floor":41.0,"turns":3.0},{"damage":0.0,"enemies":"R_Hoarder","floor":42.0,"turns":3.0},{"damage":6,"enemies":"Giant Head","floor":45,"turns":2},{"damage":0,"enemies":"R_Hoarder","floor":46,"turns":3},{"damage":0,"enemies":"Reptomancer","floor":47,"turns":2},{"damage":4,"enemies":"Giant Head","floor":48,"turns":3},{"damage":0,"enemies":"Replay:Hell Engine","floor":50,"turns":1},{"damage":13,"enemies":"Time Eater","floor":51,"turns":6}],"seed_played":"-6025833084786188373","potions_obtained":[{"floor":6.0,"key":"Adrenaline Potion"},{"floor":8.0,"key":"FearPotion"},{"floor":16.0,"key":"Explosive Potion"}],"is_trial":true,"path_per_floor":["M","?","?","?","M","E","E","E","T","E","M","E","E","$","R","B",null,"M","?","M","$","M","E","E","R","T","$","E","$","T","E","R","B",null,"M","$","T","M","$","E","E","E","T","R","E","E","E","E","R","B","B",null],"character_chosen":"MKU","items_purchased":["MokouMod:RisingSunBarrier","Strange Spoon","Madness","Counterbalance","ReplayTheSpireMod:CursedCoin","Centennial Puzzle","MokouMod:Meltdown","Durian","Replay:Bandana","Prayer Wheel","Secret Weapon","MokouMod:BurningDraft","Ornamental Fan"],"campfire_rested":0,"item_purchase_floors":[14,21,21,21,27,27,27,27,29,36,36,36,39],"current_hp_per_floor":[68,68,68,68,68,48,48,47,47,47,50,41,44,47,80,78,107,110,113,115,118,120,106,109,109,109,117,117,117,117,120,120,109,141,142,145,148,147,147,149,144,147,150,150,146,149,151,149,149,149,136],"gold":1146,"neow_bonus":"","is_daily":false,"chose_seed":false,"campfire_upgraded":0,"win_rate":0.0,"timestamp":1609529710,"path_taken":["M","?","?","?","M","E","E","E","T","E","?","E","E","$","R","BOSS","M","?","?","$","M","E","E","R","T","$","E","$","?","E","R","BOSS","M","$","?","M","$","E","E","E","T","R","E","E","E","E","R","BOSS","BOSS"],"items_purchased_type":["Card","Relic","Card","Relic","Relic","Relic","Card","Relic","Relic","Relic","Card","Card","Relic"],"build_version":"2020-12-22","purchased_purges":0,"victory":true,"max_hp_per_floor":[75,75,75,75,75,89,92,95,95,98,101,104,107,110,110,112,115,118,121,123,126,128,131,134,134,134,142,145,145,145,148,148,151,151,153,156,156,160,160,162,165,168,171,171,173,176,178,180,180,180,180],"card_choices":[{"not_picked":["MokouMod:Singe","MokouMod:IgnitionBarrier","MokouMod:ScorchingColumn"],"picked":"SKIP","floor":1.0},{"not_picked":["MokouMod:IgnitionBarrier","MokouMod:AdaptivePyromancy"],"picked":"MokouMod:Firecracker","floor":5.0},{"not_picked":["MokouMod:ResonatingAura","MokouMod:ProfanedFlare"],"picked":"MokouMod:SacredFire","floor":6.0},{"not_picked":["MokouMod:RadiantBlade","MokouMod:ExplosiveFlame"],"picked":"MokouMod:Geothermal","floor":7.0},{"not_picked":["MokouMod:SearingBlow","MokouMod:SpontaneousHumanCombustion"],"picked":"MokouMod:PhoenixForm","floor":8.0},{"not_picked":["MokouMod:Rekindle","MokouMod:SearingBlow"],"picked":"MokouMod:Geothermal","floor":10.0},{"not_picked":["MokouMod:Overheat","MokouMod:ScorchingColumn"],"picked":"MokouMod:BlazingComet","floor":11.0},{"not_picked":["MokouMod:ExplosiveFlame","MokouMod:Geothermal"],"picked":"MokouMod:HouraiForge","floor":12.0},{"not_picked":["MokouMod:PhoenixForm","MokouMod:ProfanedFlare"],"picked":"MokouMod:Extinguish","floor":13.0},{"not_picked":["MokouMod:Geothermal","MokouMod:SearingBlow","MokouMod:Extinguish"],"picked":"Singing Bowl","floor":16.0},{"not_picked":["MokouMod:BlazingComet","MokouMod:AdaptivePyromancy+1"],"picked":"MokouMod:WarmUp+1","floor":18.0},{"not_picked":["MokouMod:SearingShot","MokouMod:Cataclysm","MokouMod:AdaptivePyromancy"],"picked":"Singing Bowl","floor":20.0},{"not_picked":["MokouMod:SearingShot","MokouMod:ThermalPressure+1","MokouMod:Refresh"],"picked":"Singing Bowl","floor":22.0},{"not_picked":["MokouMod:RadiantBlade","MokouMod:SearingBlow"],"picked":"MokouMod:SacredFire","floor":23.0},{"not_picked":["MokouMod:PhoenixForm","MokouMod:ExplosiveFlame"],"picked":"MokouMod:SacredFire","floor":24.0},{"not_picked":["MokouMod:SearingBlow","MokouMod:RadiantBlade"],"picked":"MokouMod:Geothermal","floor":28.0},{"not_picked":["MokouMod:RadiantBlade","MokouMod:Rebirth"],"picked":"MokouMod:Extinguish","floor":31.0},{"not_picked":["MokouMod:SpontaneousHumanCombustion","MokouMod:ExplosiveFlame"],"picked":"MokouMod:Extinguish","floor":33.0},{"not_picked":["MokouMod:GuidingSmoke","MokouMod:Singe","MokouMod:FlickeringFlame"],"picked":"Singing Bowl","floor":35.0},{"not_picked":["MokouMod:FlareStarter+1","MokouMod:SearingShot","MokouMod:Overheat+1"],"picked":"Singing Bowl","floor":38.0},{"not_picked":["MokouMod:UncontrollableSolarReaction+1","MokouMod:Firecracker","MokouMod:Stoke"],"picked":"Singing Bowl","floor":38.0},{"not_picked":["MokouMod:BurningHiddenBullet","MokouMod:PhoenixForm","MokouMod:SacredFire"],"picked":"Singing Bowl","floor":40.0},{"not_picked":["MokouMod:Extinguish","MokouMod:ProfanedFlare"],"picked":"MokouMod:EnchantingBambooForest","floor":41.0},{"not_picked":["MokouMod:Rebirth","MokouMod:SearingBlow"],"picked":"MokouMod:HouraiForge","floor":42.0},{"not_picked":["MokouMod:BurningHiddenBullet","MokouMod:SpontaneousHumanCombustion","MokouMod:Geothermal"],"picked":"Singing Bowl","floor":45},{"not_picked":["MokouMod:ExplosiveFlame","MokouMod:Geothermal"],"picked":"MokouMod:ResonatingAura","floor":46},{"not_picked":["MokouMod:BurningHiddenBullet","MokouMod:Geothermal","MokouMod:ExplosiveFlame"],"picked":"Singing Bowl","floor":47},{"not_picked":["MokouMod:Extinguish","MokouMod:RadiantBlade","MokouMod:Geothermal"],"picked":"Singing Bowl","floor":48}],"player_experience":40958,"relics_obtained":[{"floor":6.0,"key":"Mango"},{"floor":7.0,"key":"Replay:Ringing Soul"},{"floor":8.0,"key":"Singing Bowl"},{"floor":9.0,"key":"Mummified Hand"},{"floor":10.0,"key":"Letter Opener"},{"floor":12.0,"key":"Vajra"},{"floor":13.0,"key":"Tiny Chest"},{"floor":17.0,"key":"Boot"},{"floor":17.0,"key":"Blue Candle"},{"floor":17.0,"key":"Replay:Towering Pillar of Hats"},{"floor":20.0,"key":"Shovel"},{"floor":23.0,"key":"Smiling Mask"},{"floor":24.0,"key":"Ancient Tea Set"},{"floor":25.0,"key":"ReplayTheSpireMod:Ninjato"},{"floor":28.0,"key":"Old Coin"},{"floor":28.0,"key":"Replay:Bottled Eggs"},{"floor":30.0,"key":"Lizard Tail"},{"floor":31.0,"key":"Oddly Smooth Stone"},{"floor":32.0,"key":"Replay:Wax Seal"},{"floor":33.0,"key":"Pocketwatch"},{"floor":33.0,"key":"Toolbox"},{"floor":37.0,"key":"Bag of Marbles"},{"floor":40.0,"key":"Replay:Multitool"},{"floor":41.0,"key":"Divine Protection"},{"floor":42.0,"key":"Replay:Arrowhead"},{"floor":43.0,"key":"Grinning Jar"},{"floor":44.0,"key":"Sundial"},{"floor":45,"key":"CaptainsWheel"},{"floor":46,"key":"Toy Ornithopter"},{"floor":47,"key":"Regal Pillow"},{"floor":48,"key":"Chameleon Ring"},{"floor":49,"key":"Pondfish Scales"}],"event_choices":[{"damage_healed":0.0,"max_hp_gain":0.0,"max_hp_loss":0.0,"gold_gain":0.0,"cards_transformed":["MokouMod:Defend"],"event_name":"Living Wall","player_choice":"Change","floor":2.0,"gold_loss":0.0,"damage_taken":0.0,"cards_obtained":["MokouMod:Rekindle"]},{"damage_healed":0.0,"max_hp_gain":0.0,"max_hp_loss":0.0,"gold_gain":0.0,"event_name":"Shining Light","player_choice":"Ignored","floor":3.0,"gold_loss":0.0,"damage_taken":0.0},{"damage_healed":0.0,"max_hp_gain":0.0,"max_hp_loss":0.0,"gold_gain":0.0,"event_name":"The Library","player_choice":"Read","floor":19.0,"gold_loss":0.0,"damage_taken":0.0,"cards_obtained":["MokouMod:ControlledCombustion"]}],"is_beta":false,"boss_relics":[{"not_picked":["Tiny House","Busted Crown"],"picked":"Calling Bell"},{"not_picked":["SacredBark","Replay:Wanted Poster"],"picked":"Cursed Key"}],"items_purged_floors":[],"is_endless":false,"potions_floor_spawned":[6,8,10,13,16,18,22,33,41,42,45,48],"ascension_level":20}}