{"host":"ltca6yxwulbhza25","time":1609481095,"event":{"mods":["BaseMod","Colored Map","Colored Powertips","Minty Spire (QoL Compilation)","Quick Restart","StSLib","The Blue Laboratory"],"gold_per_floor":[316,316,50,0,19,19,49,49,49,61,89,101,130,140,140,245,245,262,262,162,174,29,29,60,79,79,7,7,26,54,74,74,175,175,185,205,217,60,74,99,99,126,138,150,212,224,248,290,302,314,326,338,43,76,76],"floor_reached":56,"playtime":3124,"items_purged":["Strike_B","Pain"],"score":1397,"play_id":"24c34d09-f53b-4924-b046-96191719b0de","local_time":"20210101140455","is_ascension_mode":true,"campfire_choices":[{"floor":6.0,"key":"RECALL"},{"data":"Capacitor","floor":8.0,"key":"SMITH"},{"data":"Reboot","floor":15.0,"key":"SMITH"},{"data":"Loop","floor":23.0,"key":"SMITH"},{"floor":28.0,"key":"REST"},{"floor":32.0,"key":"REST"},{"floor":41.0,"key":"REST"},{"floor":44.0,"key":"REST"},{"floor":49.0,"key":"REST"},{"data":"Secret Technique","floor":52.0,"key":"SMITH"}],"circlet_count":0,"master_deck":["Strike_B","Defend_B","Defend_B","Defend_B","Zap+1","Dualcast+1","Ball Lightning","Capacitor+1","Reboot+1","Genetic Algorithm","Ball Lightning","Creative AI","Loop+1","Streamline+1","Ball Lightning+1","White Noise","Echo Form","Barrage+1","Lockon+1","Fusion+1","Redo+1","Defragment+1","Chaos+1","White Noise","Madness","Secret Technique+1","Mayhem","Reprogram"],"relics":["Cracked Core","PreservedInsect","Mango","Matryoshka","InkBottle","Potion Belt","Question Card","SlaversCollar","WarpedTongs","Strange Spoon","Oddly Smooth Stone","Boot","Centennial Puzzle","Toy Ornithopter","Astrolabe","ClockworkSouvenir","Mummified Hand","MawBank","Kunai","Gambling Chip","Meat on the Bone","Nunchaku"],"acts_visited":["TheCity","TheBeyond","TheEnding"],"potions_floor_usage":[55,55,55,55,55],"damage_taken":[{"damage":0.0,"enemies":"Small Slimes","floor":1.0,"turns":2.0},{"damage":0.0,"enemies":"2 Louse","floor":5.0,"turns":2.0},{"damage":5.0,"enemies":"Gremlin Nob","floor":7.0,"turns":3.0},{"damage":1.0,"enemies":"Jaw Worm","floor":10.0,"turns":2.0},{"damage":11.0,"enemies":"3 Sentries","floor":11.0,"turns":5.0},{"damage":3.0,"enemies":"Exordium Wildlife","floor":12.0,"turns":4.0},{"damage":11.0,"enemies":"Lagavulin","floor":13.0,"turns":6.0},{"damage":0.0,"enemies":"Blue Slaver","floor":14.0,"turns":2.0},{"damage":7.0,"enemies":"Slime Boss","floor":16.0,"turns":6.0},{"damage":10.0,"enemies":"Spheric Guardian","floor":18.0,"turns":4.0},{"damage":16.0,"enemies":"2 Thieves","floor":21.0,"turns":4.0},{"damage":41.0,"enemies":"Book of Stabbing","floor":24.0,"turns":4.0},{"damage":3.0,"enemies":"Shelled Parasite and Fungi","floor":25.0,"turns":4.0},{"damage":21.0,"enemies":"Snake Plant","floor":29.0,"turns":3.0},{"damage":17.0,"enemies":"Slavers","floor":30.0,"turns":3.0},{"damage":4.0,"enemies":"Centurion and Healer","floor":31.0,"turns":3.0},{"damage":0.0,"enemies":"Champ","floor":33.0,"turns":8.0},{"damage":6.0,"enemies":"Orb Walker","floor":35.0,"turns":2.0},{"damage":7.0,"enemies":"3 Darklings","floor":36.0,"turns":4.0},{"damage":19.0,"enemies":"Sphere and 2 Shapes","floor":37.0,"turns":5.0},{"damage":1.0,"enemies":"Transient","floor":39.0,"turns":5.0},{"damage":26.0,"enemies":"Giant Head","floor":40.0,"turns":5.0},{"damage":0.0,"enemies":"Nemesis","floor":42.0,"turns":3.0},{"damage":0.0,"enemies":"Mind Bloom Boss Battle","floor":45.0,"turns":5.0},{"damage":18.0,"enemies":"Writhing Mass","floor":47.0,"turns":4.0},{"damage":13.0,"enemies":"Reptomancer","floor":48.0,"turns":4.0},{"damage":88.0,"enemies":"Time Eater","floor":50.0,"turns":6.0},{"damage":24.0,"enemies":"Shield and Spear","floor":54.0,"turns":5.0},{"damage":85,"enemies":"The Heart","floor":55,"turns":6}],"seed_played":"-358504334835395072","potions_obtained":[{"floor":5.0,"key":"DuplicationPotion"},{"floor":10.0,"key":"blueLaboratory:BottleOfRum"},{"floor":11.0,"key":"Dexterity Potion"},{"floor":13.0,"key":"Dexterity Potion"},{"floor":14.0,"key":"Dexterity Potion"},{"floor":18.0,"key":"blueLaboratory:CoolantVial"},{"floor":25.0,"key":"FocusPotion"},{"floor":31.0,"key":"Block Potion"},{"floor":35.0,"key":"Weak Potion"},{"floor":36.0,"key":"blueLaboratory:NullPotion"},{"floor":42.0,"key":"blueLaboratory:BubblePotion"},{"floor":45.0,"key":"SneckoOil"},{"floor":54.0,"key":"blueLaboratory:Moonshine"}],"is_trial":false,"path_per_floor":["M","?","$","?","M","R","E","R","T","M","E","M","E","M","R","B",null,"M","?","$","M","$","R","E","M","T","$","R","M","E","M","R","B",null,"M","M","M","$","M","E","R","E","T","R","?","?","M","E","R","B",null,"R","$","E","B",null],"character_chosen":"DEFECT","items_purchased":["PreservedInsect","Capacitor","Strange Spoon","White Noise","ClockworkSouvenir","blueLaboratory:HummingbirdPotion","Mayhem","blueLaboratory:BubblePotion"],"campfire_rested":5,"item_purchase_floors":[3,3,22,27,38,53,53,53],"current_hp_per_floor":[82,82,82,96,96,96,91,91,91,90,79,76,65,65,65,58,96,86,86,86,70,70,70,29,26,26,26,54,33,16,12,40,55,96,90,83,64,64,68,42,70,70,70,96,96,86,73,65,93,17,96,96,96,72,24],"gold":76,"neow_bonus":"TEN_PERCENT_HP_BONUS","is_daily":false,"chose_seed":false,"campfire_upgraded":4,"win_rate":0.0,"timestamp":1609481095,"path_taken":["M","?","$","?","M","R","E","R","T","?","E","?","E","M","R","BOSS","M","?","$","M","$","R","E","M","T","?","R","M","E","M","R","BOSS","M","M","?","$","M","E","R","E","T","R","?","?","M","E","R","BOSS","R","$","E","BOSS"],"items_purchased_type":["Relic","Card","Relic","Card","Relic","Potion","Card","Potion"],"build_version":"2020-12-22","purchased_purges":2,"victory":true,"max_hp_per_floor":[82,82,82,96,96,96,96,96,96,96,96,96,96,96,96,96,96,96,96,96,96,96,96,96,96,96,96,96,96,96,96,96,96,96,96,96,96,96,96,96,96,96,96,96,96,96,96,96,96,96,96,96,96,96,96],"card_choices":[{"not_picked":["Compile Driver","Redo"],"picked":"Ball Lightning","floor":1.0},{"not_picked":["Beam Cell","Consume","Skim"],"picked":"SKIP","floor":5.0},{"not_picked":["Self Repair","Rip and Tear"],"picked":"Reboot","floor":7.0},{"not_picked":["Go for the Eyes","Leap"],"picked":"Genetic Algorithm","floor":10.0},{"not_picked":["Leap","Genetic Algorithm","Stack"],"picked":"SKIP","floor":11.0},{"not_picked":["Steam","Go for the Eyes","Rip and Tear"],"picked":"SKIP","floor":12.0},{"not_picked":["Conserve Battery","Fission"],"picked":"Ball Lightning","floor":13.0},{"not_picked":["Streamline","Scrape","Redo","Go for the Eyes"],"picked":"SKIP","floor":14.0},{"not_picked":["Meteor Strike","Machine Learning","Thunder Strike"],"picked":"Creative AI","floor":16.0},{"not_picked":["Compile Driver","Steam Power+1","Stack"],"picked":"Loop","floor":18.0},{"not_picked":["Reinforced Body","Leap+1","Ball Lightning"],"picked":"Streamline+1","floor":21.0},{"not_picked":["Consume","Beam Cell","Rip and Tear"],"picked":"Ball Lightning+1","floor":24.0},{"not_picked":["Undo","Ball Lightning","Skim+1","Steam"],"picked":"SKIP","floor":25.0},{"not_picked":["Stack","BootSequence","Hello World","Steam"],"picked":"SKIP","floor":29.0},{"not_picked":["Hello World","Multi-Cast","Static Discharge","Barrage+1"],"picked":"SKIP","floor":30.0},{"not_picked":["Rebound","Self Repair+1","Turbo","Conserve Battery"],"picked":"SKIP","floor":31.0},{"not_picked":["Biased Cognition","Creative AI","Thunder Strike"],"picked":"Echo Form","floor":33.0},{"not_picked":["Leap","Steam+1","Redo","Hologram"],"picked":"SKIP","floor":35.0},{"not_picked":["Go for the Eyes","BootSequence","Hologram","Rebound"],"picked":"SKIP","floor":36.0},{"not_picked":["Turbo","Barrage","Steam Power+1","Capacitor"],"picked":"SKIP","floor":37.0},{"not_picked":["Compile Driver","Barrage+1","Beam Cell"],"picked":"Redo+1","floor":39.0},{"not_picked":["Ball Lightning","Multi-Cast","Darkness+1"],"picked":"Defragment+1","floor":40.0},{"not_picked":["Stack","Glacier","Auto Shields"],"picked":"Chaos+1","floor":42.0},{"not_picked":["Cold Snap+1","Fusion","Steam Power"],"picked":"White Noise","floor":45.0},{"not_picked":["Trip","Deep Breath","Metamorphosis"],"picked":"Madness","floor":46.0},{"not_picked":["Blind","Discovery","Impatience"],"picked":"Secret Technique","floor":46.0},{"not_picked":["Streamline+1","Reinforced Body+1","Redo+1","Barrage+1"],"picked":"SKIP","floor":47.0},{"not_picked":["Doom and Gloom","Chaos+1","Auto Shields","Thunder Strike"],"picked":"SKIP","floor":48.0},{"not_picked":["Hello World","Ball Lightning+1","Chaos"],"picked":"Reprogram","floor":54.0}],"player_experience":12781,"relics_obtained":[{"floor":7.0,"key":"Matryoshka"},{"floor":9.0,"key":"InkBottle"},{"floor":11.0,"key":"Potion Belt"},{"floor":13.0,"key":"Question Card"},{"floor":24.0,"key":"Oddly Smooth Stone"},{"floor":26.0,"key":"Boot"},{"floor":26.0,"key":"Centennial Puzzle"},{"floor":30.0,"key":"Toy Ornithopter"},{"floor":40.0,"key":"Mummified Hand"},{"floor":42.0,"key":"MawBank"},{"floor":43.0,"key":"Kunai"},{"floor":45.0,"key":"Gambling Chip"},{"floor":48.0,"key":"Meat on the Bone"},{"floor":54.0,"key":"Nunchaku"}],"event_choices":[{"damage_healed":0.0,"max_hp_gain":0.0,"max_hp_loss":0.0,"gold_gain":0.0,"event_name":"Scrap Ooze","player_choice":"Fled","floor":2.0,"gold_loss":0.0,"damage_taken":0.0},{"damage_healed":0.0,"max_hp_gain":0.0,"max_hp_loss":0.0,"gold_gain":0.0,"event_name":"WeMeetAgain","player_choice":"Paid Gold","floor":4.0,"gold_loss":50.0,"damage_taken":0.0,"relics_obtained":["Mango"]},{"damage_healed":0.0,"max_hp_gain":0.0,"max_hp_loss":0.0,"gold_gain":0.0,"event_name":"Accursed Blacksmith","player_choice":"Rummage","floor":19.0,"gold_loss":0.0,"damage_taken":0.0,"relics_obtained":["WarpedTongs"],"cards_obtained":["Pain"]},{"damage_healed":0.0,"max_hp_gain":0.0,"max_hp_loss":0.0,"gold_gain":0.0,"event_name":"MindBloom","player_choice":"Fight","floor":45.0,"gold_loss":0.0,"damage_taken":0.0},{"damage_healed":0.0,"max_hp_gain":0.0,"max_hp_loss":0.0,"gold_gain":0.0,"event_name":"SensoryStone","player_choice":"Memory 3","floor":46.0,"gold_loss":0.0,"damage_taken":10.0}],"is_beta":false,"boss_relics":[{"not_picked":["Cursed Key","Black Star"],"picked":"SlaversCollar"},{"not_picked":["Calling Bell","Coffee Dripper"],"picked":"Astrolabe"}],"items_purged_floors":[3,20],"is_endless":false,"potions_floor_spawned":[5,10,11,13,14,18,25,31,35,36,42,45,54],"ascension_level":1}}