{"host":"9d9dhukr2jywmy0f","time":1609545342,"event":{"mods":["2.2 Compatiblity","Alarm Clock","BaseMod","Bestiary","Block Reminder","Colored Map","Colored Powertips","Curses Come First","DeckTracker","Highlight Path","Key Reminder","Keyboard Shortcuts","Koishi","Minty Spire (QoL Compilation)","MonsterHotkey","Quick Restart","Rare Cards Sparkle","Relic Sorter","Relic Stats","Spire Birthday Party","StSLib","SuperFastMode","Synergy Search","Unceasing Turn Reminder","Unknown Chances"],"gold_per_floor":[118,21,21,41,57,85,97,126,165,177,89,89,89,114,114,191,191,204,204,129,144,197,197,208,226,226,226,243,243,273,284,284,362,412,427,148,148,148,174,174,174,174,174,124,141,166,185,199,199,199,199,199,17,45,45],"floor_reached":56,"playtime":8579,"items_purged":["Koishi:BasicDefend","Pain","Koishi:BasicStrike","Koishi:BasicDefend","Koishi:BasicStrike"],"score":1962,"play_id":"87af6421-75cc-4286-ba58-9fff9f1a94cb","local_time":"20210102075541","is_ascension_mode":true,"campfire_choices":[{"floor":7.0,"key":"RECALL"},{"data":"Koishi:SubconsciousSweep","floor":10.0,"key":"SMITH"},{"floor":13.0,"key":"REST"},{"data":"Koishi:UnconsciousUprising","floor":15.0,"key":"SMITH"},{"data":"Koishi:UnconsciousUprising","floor":23.0,"key":"SMITH"},{"data":"Koishi:SprinkleStarAndHeart","floor":27.0,"key":"SMITH"},{"data":"Koishi:HeartAttack","floor":29.0,"key":"SMITH"},{"data":"Koishi:ReleaseOfTheId","floor":32.0,"key":"SMITH"},{"data":"Koishi:ConditionedTeleport","floor":40.0,"key":"SMITH"},{"data":"Master of Strategy","floor":42.0,"key":"SMITH"},{"data":"Discovery","floor":49.0,"key":"SMITH"},{"data":"Koishi:EmbersOfLove","floor":52,"key":"SMITH"}],"circlet_count":0,"master_deck":["AscendersBane","Koishi:BasicDefend+1","Koishi:Provoke+1","Koishi:HauntingSlash","Koishi:SubconsciousSweep+1","Koishi:UnconsciousUprising+1","Koishi:EmbersOfLove+1","Koishi:FreudianInstinct+1","Koishi:ConditionedTeleport+1","Koishi:UnconsciousUprising+1","Koishi:SprinkleStarAndHeart+1","Koishi:HeartAttack+1","Koishi:ReleaseOfTheId+1","Koishi:SubterraneanRose+1","Koishi:FreudianInstinct","Master of Strategy+1","Discovery+1","Discovery","Koishi:ReflexRadar+1","Koishi:PhilosophyOfTheDespised","Koishi:ReflexRadar","Koishi:SpiritedAway"],"relics":["Koishi:ImaginaryFriend","NeowsBlessing","WarpedTongs","MawBank","Tiny Chest","Koishi:AHoleWhereASisterShouldBe","Runic Pyramid","MutagenicStrength","Smiling Mask","Toy Ornithopter","MealTicket","Tiny House","Potion Belt","War Paint","Blue Candle"],"acts_visited":["Exordium","TheCity","TheBeyond","TheEnding"],"potions_floor_usage":[55,55,55,55,55],"damage_taken":[{"damage":0.0,"enemies":"Cultist","floor":1.0,"turns":1.0},{"damage":1.0,"enemies":"Jaw Worm","floor":4.0,"turns":1.0},{"damage":0.0,"enemies":"2 Louse","floor":5.0,"turns":1.0},{"damage":30.0,"enemies":"Gremlin Nob","floor":6.0,"turns":5.0},{"damage":6.0,"enemies":"Large Slime","floor":8.0,"turns":6.0},{"damage":10.0,"enemies":"3 Sentries","floor":14.0,"turns":6.0},{"damage":16.0,"enemies":"The Guardian","floor":16.0,"turns":19.0},{"damage":2.0,"enemies":"Chosen","floor":18.0,"turns":7.0},{"damage":2.0,"enemies":"3 Byrds","floor":21.0,"turns":6.0},{"damage":9.0,"enemies":"Snake Plant","floor":24.0,"turns":9.0},{"damage":10.0,"enemies":"Cultist and Chosen","floor":25.0,"turns":10.0},{"damage":1.0,"enemies":"Shelled Parasite and Fungi","floor":28.0,"turns":12.0},{"damage":5.0,"enemies":"Gremlin Leader","floor":30.0,"turns":5.0},{"damage":0.0,"enemies":"Snecko","floor":31.0,"turns":4.0},{"damage":0.0,"enemies":"Automaton","floor":33.0,"turns":9.0},{"damage":0.0,"enemies":"Orb Walker","floor":35.0,"turns":3.0},{"damage":0.0,"enemies":"3 Darklings","floor":45.0,"turns":3.0},{"damage":0.0,"enemies":"Reptomancer","floor":46.0,"turns":4.0},{"damage":0.0,"enemies":"Writhing Mass","floor":47.0,"turns":4.0},{"damage":0.0,"enemies":"Spire Growth","floor":48.0,"turns":4.0},{"damage":10,"enemies":"Time Eater","floor":50,"turns":12},{"damage":0,"enemies":"Shield and Spear","floor":54,"turns":6},{"damage":25,"enemies":"The Heart","floor":55,"turns":8}],"seed_played":"-4058500934342508610","potions_obtained":[{"floor":4.0,"key":"LiquidBronze"},{"floor":5.0,"key":"Explosive Potion"},{"floor":6.0,"key":"LiquidMemories"},{"floor":16.0,"key":"Energy Potion"},{"floor":21.0,"key":"PowerPotion"},{"floor":24.0,"key":"Energy Potion"},{"floor":25.0,"key":"EntropicBrew"},{"floor":33.0,"key":"SpeedPotion"},{"floor":35.0,"key":"Weak Potion"}],"is_trial":false,"path_per_floor":["M","$","?","M","M","E","R","M","T","R","$","?","R","E","R","B",null,"M","?","?","M","T","R","M","M","T","R","M","R","E","M","R","B",null,"M","$","?","?","T","R","?","R","T","$","M","E","M","M","R","B",null,"R","$","E","B",null],"character_chosen":"KOISHI","items_purchased":["Koishi:SubconsciousSweep","Koishi:FreudianInstinct","Potion Belt","Koishi:ReflexRadar","DuplicationPotion"],"campfire_rested":1,"item_purchase_floors":[2,36,36,53,53],"current_hp_per_floor":[51,51,51,50,50,26,26,20,20,20,20,20,37,27,27,23,49,50,50,50,51,51,51,44,39,39,39,39,39,39,39,39,42,58,60,62,62,62,62,62,52,52,52,62,62,62,62,62,62,52,60,60,62,62,46],"gold":45,"neow_bonus":"THREE_ENEMY_KILL","is_daily":false,"chose_seed":false,"campfire_upgraded":10,"win_rate":0.0,"timestamp":1609545341,"path_taken":["M","$","?","?","M","E","R","M","T","R","$","?","R","E","R","BOSS","M","?","?","M","?","R","M","M","T","R","?","R","E","M","R","BOSS","M","$","?","?","?","R","?","R","T","$","M","E","M","M","R","BOSS","R","$","E","BOSS"],"items_purchased_type":["Card","Card","Relic","Card","Potion"],"build_version":"2020-11-30","purchased_purges":5,"victory":true,"max_hp_per_floor":[57,57,57,57,57,57,57,57,57,57,57,57,57,57,57,57,57,57,57,57,57,57,57,57,57,57,57,57,57,57,57,57,57,62,62,62,62,62,62,62,62,62,62,62,62,62,62,62,62,62,62,62,62,62,62],"relic_stats":{"counters":[23,145],"Blue Candle":[0],"Tiny Chest":2,"MealTicket":14,"War Paint":["Koishi:BasicDefend","Koishi:Provoke"],"MawBank":60,"Smiling Mask":300,"obtain_stats":[{"Potion Belt":36,"Tiny House":34,"NeowsBlessing":0,"Blue Candle":46,"War Paint":43,"MawBank":6,"Smiling Mask":22,"WarpedTongs":3,"keyreminder:keyreminder":7,"MutagenicStrength":19,"Tiny Chest":9,"MealTicket":30,"Koishi:AHoleWhereASisterShouldBe":14,"Toy Ornithopter":26,"Koishi:ImaginaryFriend":0,"Runic Pyramid":17},{"Potion Belt":16,"Tiny House":15,"NeowsBlessing":0,"Blue Candle":18,"War Paint":16,"MawBank":4,"Smiling Mask":9,"WarpedTongs":1,"keyreminder:keyreminder":4,"MutagenicStrength":8,"Tiny Chest":5,"MealTicket":13,"Koishi:AHoleWhereASisterShouldBe":6,"Toy Ornithopter":11,"Koishi:ImaginaryFriend":0,"Runic Pyramid":7},{"Potion Belt":104,"Tiny House":101,"NeowsBlessing":0,"Blue Candle":111,"War Paint":104,"MawBank":8,"Smiling Mask":52,"WarpedTongs":1,"keyreminder:keyreminder":8,"MutagenicStrength":46,"Tiny Chest":14,"MealTicket":88,"Koishi:AHoleWhereASisterShouldBe":20,"Toy Ornithopter":71,"Koishi:ImaginaryFriend":0,"Runic Pyramid":39}],"Toy Ornithopter":11,"WarpedTongs":[117]},"card_choices":[{"not_picked":["Koishi:JumpScare","Koishi:SpiritedAway","Koishi:FourthEye"],"picked":"SKIP","floor":1.0},{"not_picked":["Koishi:Possession","Koishi:StrangeCloudFist","Koishi:DreadfulBlow"],"picked":"SKIP","floor":4.0},{"not_picked":["Koishi:JumpScare","Koishi:GeneticsOfTheUnconscious"],"picked":"Koishi:UnconsciousUprising","floor":5.0},{"not_picked":["Koishi:ApparitionsStalkTheNight","Koishi:HeartfeltFancy"],"picked":"Koishi:EmbersOfLove","floor":6.0},{"not_picked":["Koishi:ParalyzingFear","Koishi:EmbryosDream","Koishi:JumpScare"],"picked":"SKIP","floor":8.0},{"not_picked":["Koishi:HeartfeltFancy","Koishi:ApparitionsStalkTheNight"],"picked":"Koishi:FreudianInstinct","floor":14.0},{"not_picked":["Koishi:MentalBreakdown","Koishi:Heartbroken"],"picked":"Koishi:ConditionedTeleport","floor":16.0},{"not_picked":["Koishi:RacingHeart","Koishi:StingingMind","Koishi:PhantomStrike"],"picked":"SKIP","floor":18.0},{"not_picked":["Koishi:Vanish","Koishi:FleetingPhantom+1"],"picked":"Koishi:UnconsciousUprising","floor":21.0},{"not_picked":["Koishi:Jaunt","Koishi:RacingHeart","Koishi:TerrifyingSpectre"],"picked":"SKIP","floor":24.0},{"not_picked":["Koishi:Jaunt","Koishi:RacingHeart","Koishi:TerrifyingSpectre"],"picked":"SKIP","floor":24.0},{"not_picked":["Koishi:TraumaticStroke","Koishi:CatchAndRose"],"picked":"Koishi:SprinkleStarAndHeart","floor":25.0},{"not_picked":["Koishi:FleetingPhantom","Koishi:Catatonia"],"picked":"Koishi:HeartAttack","floor":28.0},{"not_picked":["Koishi:CatchAndRose","Koishi:RacingHeart","Koishi:UnseenTerror"],"picked":"SKIP","floor":30.0},{"not_picked":["Koishi:StrangeCloudFist+1","Koishi:MentalBreakdown"],"picked":"Koishi:ReleaseOfTheId","floor":31.0},{"not_picked":["Koishi:BloodcurdlingScream","Koishi:Possession"],"picked":"Koishi:SubterraneanRose+1","floor":34.0},{"not_picked":["Koishi:PhantomBarrier","Koishi:BramblyRoseGarden","Koishi:PhantomStrike+1"],"picked":"SKIP","floor":35.0},{"not_picked":["Jack Of All Trades","Finesse"],"picked":"Master of Strategy","floor":41.0},{"not_picked":["Bandage Up","The Bomb"],"picked":"Discovery","floor":41.0},{"not_picked":["Enlightenment","Good Instincts"],"picked":"Discovery","floor":41.0},{"not_picked":["Koishi:GhostParty+1","Koishi:CatchAndRose","Koishi:FourthEye+1"],"picked":"SKIP","floor":45.0},{"not_picked":["Koishi:UnansweredLove+1","Koishi:StingingMind","Koishi:SpiritedAway"],"picked":"SKIP","floor":46.0},{"not_picked":["Koishi:RacingHeart","Koishi:UnconsciousUprising+1"],"picked":"Koishi:ReflexRadar+1","floor":47.0},{"not_picked":["Koishi:Bloodlust","Koishi:Prune+1"],"picked":"Koishi:PhilosophyOfTheDespised","floor":48.0},{"not_picked":["Koishi:MassHysteria","Koishi:DanmakuParanoia+1"],"picked":"Koishi:SpiritedAway","floor":54}],"player_experience":860009,"relics_obtained":[{"floor":6.0,"key":"MawBank"},{"floor":9.0,"key":"Tiny Chest"},{"floor":14.0,"key":"Koishi:AHoleWhereASisterShouldBe"},{"floor":22.0,"key":"Smiling Mask"},{"floor":26.0,"key":"Toy Ornithopter"},{"floor":30.0,"key":"MealTicket"},{"floor":43.0,"key":"War Paint"},{"floor":46.0,"key":"Blue Candle"}],"event_choices":[{"damage_healed":0.0,"max_hp_gain":0.0,"max_hp_loss":0.0,"gold_gain":0.0,"event_name":"Accursed Blacksmith","player_choice":"Rummage","floor":3.0,"gold_loss":0.0,"damage_taken":0.0,"relics_obtained":["WarpedTongs"],"cards_obtained":["Pain"]},{"cards_removed":["Koishi:BasicStrike"],"damage_healed":0.0,"max_hp_gain":0.0,"max_hp_loss":0.0,"gold_gain":0.0,"event_name":"Living Wall","player_choice":"Forget","floor":12.0,"gold_loss":0.0,"damage_taken":0.0},{"damage_healed":0.0,"max_hp_gain":0.0,"max_hp_loss":0.0,"gold_gain":0.0,"event_name":"Drug Dealer","player_choice":"Inject Mutagens","floor":19.0,"gold_loss":0.0,"damage_taken":0.0,"relics_obtained":["MutagenicStrength"]},{"cards_removed":["Koishi:BasicDefend"],"damage_healed":0.0,"max_hp_gain":0.0,"max_hp_loss":0.0,"gold_gain":0.0,"event_name":"Beggar","player_choice":"Gave Gold","floor":20.0,"gold_loss":75.0,"damage_taken":0.0},{"cards_removed":["Koishi:BasicStrike"],"damage_healed":0.0,"max_hp_gain":0.0,"max_hp_loss":0.0,"gold_gain":0.0,"event_name":"Falling","player_choice":"Removed Attack","floor":37.0,"gold_loss":0.0,"damage_taken":0.0},{"damage_healed":0.0,"max_hp_gain":0.0,"max_hp_loss":0.0,"gold_gain":0.0,"event_name":"Tomb of Lord Red Mask","player_choice":"Ignored","floor":38.0,"gold_loss":0.0,"damage_taken":0.0},{"damage_healed":0.0,"max_hp_gain":0.0,"max_hp_loss":0.0,"gold_gain":0.0,"event_name":"SensoryStone","player_choice":"Memory 3","floor":41.0,"gold_loss":0.0,"damage_taken":10.0}],"is_beta":false,"boss_relics":[{"not_picked":["Empty Cage","Black Star"],"picked":"Runic Pyramid"},{"not_picked":["Runic Dome","Pandora\u0027s Box"],"picked":"Tiny House"}],"items_purged_floors":[2,11,36,44,53],"is_endless":false,"potions_floor_spawned":[4,5,6,16,21,24,25,33,35],"ascension_level":15}}