{"host":"cu7v2bzxqo9zajt2","time":1609513400,"event":{"mods":["BaseMod","CapriCore","Hermit","HololiveMod","Koishi","Marisa£¨Ùöéë¡¡Øª×âÞÞ£©","Minty Spire (QoL Compilation)","Prisma Mod","Railgun Mod","StSLib","SuperFastMode","The Bug Knight","The Cursed","The Dragon Tamer","The Gatherer","The Immortal","The Runesmith","WarShipGirlsR/??á´Ò³R mod"],"gold_per_floor":[113,168,178,178,178,211,211,226,226,226,17,33,33,47,47,142,142,160,45,45,1,17,17,17,17,17,33,48,63,63,79,79,79,79,79],"floor_reached":33,"playtime":1756,"items_purged":["Gatherer:Strike_Gatherer"],"score":272,"play_id":"07a51cad-4870-4965-8871-7e58ee299b1d","local_time":"20210102000320","is_ascension_mode":false,"metric_token":1181,"campfire_choices":[{"data":"Gatherer:FlowerWhip+1","floor":7,"key":"SMITH"},{"data":"Gatherer:FlowerWhip+2","floor":10,"key":"SMITH"},{"data":"Gatherer:FlowerBeam","floor":13,"key":"SMITH"},{"data":"Gatherer:FlowerBeam+1","floor":15,"key":"SMITH"},{"data":"Gatherer:FlowerFalling+1","floor":23,"key":"SMITH"},{"data":"Gatherer:FlowerFalling+2","floor":25,"key":"SMITH"},{"data":"Gatherer:FlowerShield+1","floor":30,"key":"SMITH"},{"data":"Gatherer:FlowerShield+2","floor":32,"key":"SMITH"}],"circlet_count":0,"master_deck":["Gatherer:Strike_Gatherer","Gatherer:Strike_Gatherer","Gatherer:Strike_Gatherer","Gatherer:Strike_Gatherer","Gatherer:Defend_Gatherer","Gatherer:Defend_Gatherer","Gatherer:Defend_Gatherer","Gatherer:Defend_Gatherer","Gatherer:Defend_Gatherer","Gatherer:Centralize","Gatherer:FlowerWhip+3","Gatherer:GlowingPlant","Gatherer:Shadow","Gatherer:Light","Gatherer:FlowerBeam+3","Gatherer:BalancedGrowth","Gatherer:OddSpoils","Gatherer:EnergyBasket+1","Gatherer:Convert+1","Gatherer:FlowerFalling+3","Gatherer:Overflowing+1","Gatherer:FruitForce","Gatherer:Examine+1","Gatherer:Nutrients+1","Gatherer:ScherryThrow","Gatherer:WoolGloves+1","Gatherer:FlowerShield+3","Clumsy","Gatherer:WoolGloves+1","Gatherer:FlowerShield+1","Gatherer:EnergyBasket+1","Gatherer:Transmute+1"],"relics":["Gatherer:AlchemyBag","NeowsBlessing","Pen Nib","Nunchaku","Vajra","Toxic Egg 2","Membership Card","Cursed Key","Blood Vial","Question Card"],"acts_visited":["Exordium","TheCity"],"potions_floor_usage":[16,16,33,33,33],"damage_taken":[{"damage":0,"enemies":"Cultist","floor":1,"turns":1},{"damage":0,"enemies":"Jaw Worm","floor":3,"turns":1},{"damage":0,"enemies":"HollowMod:MossKnight","floor":6,"turns":1},{"damage":3,"enemies":"Small Slimes","floor":8,"turns":2},{"damage":10,"enemies":"Looter","floor":12,"turns":2},{"damage":0,"enemies":"Blue Slaver","floor":14,"turns":2},{"damage":6,"enemies":"Hexaghost","floor":16,"turns":7},{"damage":4,"enemies":"Spheric Guardian","floor":18,"turns":3},{"damage":0,"enemies":"Chosen","floor":22,"turns":1},{"damage":0,"enemies":"Snecko","floor":27,"turns":4},{"damage":34,"enemies":"Shelled Parasite and Fungi","floor":28,"turns":5},{"damage":2,"enemies":"3 Cultists","floor":29,"turns":4},{"damage":3,"enemies":"Snake Plant","floor":31,"turns":4},{"damage":79,"enemies":"Champ","floor":33,"turns":11}],"seed_played":"6973721983075344106","potions_obtained":[{"floor":6,"key":"DuplicationPotion"},{"floor":8,"key":"Block Potion"},{"floor":12,"key":"Dexterity Potion"},{"floor":22,"key":"Fire Potion"},{"floor":29,"key":"Explosive Potion"}],"is_trial":false,"path_per_floor":["M","T","M","?","?","E","R","M","T","R","$","M","R","M","R","B",null,"M","$","?","$","M","R","?","R","T","M","M","M","R","M","R","B"],"character_chosen":"THE_GATHERER","items_purchased":["Gatherer:EnergyBasket+1","Membership Card","Blood Vial","Gatherer:Nutrients+1","Gatherer:ScherryThrow"],"campfire_rested":0,"item_purchase_floors":[11,11,19,21,21],"current_hp_per_floor":[72,72,72,47,47,47,47,44,44,44,44,34,34,34,34,28,72,72,72,72,72,74,74,74,74,74,76,46,50,50,53,53,0,0,0],"gold":79,"neow_bonus":"THREE_ENEMY_KILL","is_daily":false,"chose_seed":false,"campfire_upgraded":8,"win_rate":0.0,"timestamp":1609513400,"path_taken":["M","?","?","?","?","E","R","M","T","R","$","M","R","M","R","BOSS","M","$","?","$","M","R","?","R","T","M","M","M","R","M","R","BOSS"],"items_purchased_type":["Card","Relic","Relic","Card","Card"],"build_version":"2020-12-22","purchased_purges":1,"victory":false,"max_hp_per_floor":[72,72,72,72,72,72,72,72,72,72,72,72,72,72,72,72,72,76,76,76,76,76,76,76,76,76,76,76,76,76,76,76,76,76,76],"card_choices":[{"not_picked":["Gatherer:Frenzy","Gatherer:RecipeChange"],"picked":"Gatherer:GlowingPlant","floor":1},{"not_picked":["Gatherer:VenomBarrier","Gatherer:PotentialSlash"],"picked":"Gatherer:FlowerBeam","floor":3},{"not_picked":["Gatherer:TacticalStrike","Gatherer:SaveValuables"],"picked":"Gatherer:BalancedGrowth","floor":6},{"not_picked":["Gatherer:Polymorphism","Gatherer:BalancedGrowth"],"picked":"Gatherer:OddSpoils","floor":8},{"not_picked":["Gatherer:WitheringStrike","Gatherer:TacticalStrike"],"picked":"Gatherer:Convert+1","floor":12},{"not_picked":["Gatherer:WitheringStrike","Gatherer:BambuSword"],"picked":"Gatherer:FlowerFalling","floor":14},{"not_picked":["Gatherer:BomberForm","Gatherer:StoneFence"],"picked":"Gatherer:Overflowing+1","floor":16},{"not_picked":["Gatherer:FlowerShield+1","Gatherer:DrugPower"],"picked":"Gatherer:FruitForce","floor":18},{"not_picked":[],"picked":"Gatherer:Examine","floor":20},{"not_picked":["Gatherer:MiningStrike","Gatherer:AcidicSpray"],"picked":"Gatherer:WoolGloves+1","floor":22},{"not_picked":["Gatherer:AcidicSpray+1","Gatherer:OddSpoils","Gatherer:PotentialSlash"],"picked":"Gatherer:WoolGloves+1","floor":27},{"not_picked":["Gatherer:DrugPower","Gatherer:AromaProtection+1","Gatherer:FragileHammer"],"picked":"Gatherer:FlowerShield+1","floor":28},{"not_picked":["Gatherer:AromaProtection+1","Gatherer:FlamingBottle","Gatherer:PotentialSlash"],"picked":"Gatherer:EnergyBasket+1","floor":29},{"not_picked":["Gatherer:EnergyBasket+1","Gatherer:BigPouch+1","Gatherer:WoolGloves+1"],"picked":"Gatherer:Transmute+1","floor":31}],"player_experience":67116,"relics_obtained":[{"floor":2,"key":"Pen Nib"},{"floor":6,"key":"Vajra"},{"floor":9,"key":"Toxic Egg 2"},{"floor":26,"key":"Question Card"}],"event_choices":[{"damage_healed":0,"gold_gain":0,"player_choice":"Success","damage_taken":25,"relics_obtained":["Nunchaku"],"max_hp_gain":0,"max_hp_loss":0,"event_name":"Scrap Ooze","floor":4,"gold_loss":0},{"damage_healed":0,"gold_gain":0,"player_choice":"Grow","damage_taken":0,"max_hp_gain":0,"max_hp_loss":0,"event_name":"Living Wall","floor":5,"gold_loss":0,"cards_upgraded":["Gatherer:FlowerWhip"]},{"damage_healed":0,"gold_gain":0,"player_choice":"Read","damage_taken":0,"max_hp_gain":0,"max_hp_loss":0,"event_name":"The Library","floor":24,"gold_loss":0,"cards_obtained":["Gatherer:FlowerShield"]}],"is_beta":false,"boss_relics":[{"not_picked":["Sozu","Calling Bell"],"picked":"Cursed Key"}],"items_purged_floors":[19],"is_endless":false,"potions_floor_spawned":[6,8,12,22,29],"killed_by":"Champ","ascension_level":0}}