{"host":"sav7uxregyirlf69","time":1609472249,"event":{"mods":["AchievementEnabler","BaseMod","Colored Map","DeckTracker","Keyboard Shortcuts","Minty Spire (QoL Compilation)","READ ME - Guardian Mod","StSLib","SuperFastMode"],"gold_per_floor":[112,37,52,52,52,52,79,79,79,98,98,113,126,146,146,146,146],"floor_reached":16,"playtime":349,"items_purged":["Writhe"],"score":204,"play_id":"17d0d11c-1936-4674-aea3-433fe0005fde","local_time":"20210101123729","is_ascension_mode":true,"campfire_choices":[{"data":"Neutralize","floor":6,"key":"SMITH"},{"floor":8,"key":"REST"},{"data":"Tactician","floor":11,"key":"SMITH"},{"data":"Prepared","floor":15,"key":"SMITH"}],"circlet_count":0,"master_deck":["AscendersBane","Strike_G","Strike_G","Strike_G","Defend_G","Defend_G","Defend_G","Defend_G","Defend_G","Survivor","Neutralize+1","Tactician+1","Poisoned Stab+1","Escape Plan","Reflex","Backflip","Eviscerate","Prepared+1"],"relics":["Ring of the Snake","Torii","Singing Bowl"],"acts_visited":["Exordium"],"potions_floor_usage":[12],"damage_taken":[{"damage":1,"enemies":"2 Louse","floor":1,"turns":4},{"damage":4,"enemies":"Jaw Worm","floor":3,"turns":6},{"damage":49,"enemies":"3 Sentries","floor":7,"turns":17},{"damage":0,"enemies":"Cultist","floor":10,"turns":3},{"damage":1,"enemies":"3 Louse","floor":12,"turns":3},{"damage":2,"enemies":"Blue Slaver","floor":13,"turns":4},{"damage":7,"enemies":"Exordium Wildlife","floor":14,"turns":8},{"damage":19,"enemies":"Hexaghost","floor":16,"turns":9}],"seed_played":"-5759187781902664435","potions_obtained":[{"floor":7,"key":"SpeedPotion"},{"floor":10,"key":"LiquidMemories"},{"floor":12,"key":"Fire Potion"}],"is_trial":false,"path_per_floor":["M","$","M","?","?","R","E","R","T","M","R","M","M","M","R","B"],"character_chosen":"THE_SILENT","items_purchased":[],"campfire_rested":1,"item_purchase_floors":[],"current_hp_per_floor":[58,58,54,54,54,54,5,24,24,24,24,23,21,16,16,0,0],"gold":146,"neow_bonus":"TRANSFORM_TWO_CARDS","is_daily":false,"chose_seed":false,"campfire_upgraded":3,"win_rate":0.0,"timestamp":1609472249,"path_taken":["M","$","M","?","?","R","E","R","T","M","R","?","M","M","R","BOSS"],"items_purchased_type":[],"build_version":"2020-12-22","purchased_purges":1,"victory":false,"max_hp_per_floor":[66,66,66,66,66,66,66,66,66,66,66,66,66,68,68,68,68],"card_choices":[{"not_picked":["Dodge and Roll","Underhanded Strike"],"picked":"Escape Plan","floor":1},{"not_picked":["Dagger Throw","Deflect"],"picked":"Reflex","floor":3},{"not_picked":["Cloak And Dagger","Sucker Punch","Slice"],"picked":"SKIP","floor":7},{"not_picked":["Poisoned Stab","Terror"],"picked":"Backflip","floor":10},{"not_picked":["Underhanded Strike","Endless Agony"],"picked":"Eviscerate","floor":12},{"not_picked":["Predator","Footwork"],"picked":"Prepared","floor":13},{"not_picked":["Deflect","Expertise","Dash"],"picked":"Singing Bowl","floor":14}],"player_experience":1090891,"relics_obtained":[{"floor":7,"key":"Torii"},{"floor":9,"key":"Singing Bowl"}],"event_choices":[{"damage_healed":0,"gold_gain":0,"player_choice":"Leave","damage_taken":0,"max_hp_gain":0,"max_hp_loss":0,"event_name":"The Cleric","floor":4,"gold_loss":0},{"damage_healed":0,"gold_gain":0,"player_choice":"Upgraded","damage_taken":0,"max_hp_gain":0,"max_hp_loss":0,"event_name":"Upgrade Shrine","floor":5,"gold_loss":0,"cards_upgraded":["Poisoned Stab"]}],"is_beta":false,"boss_relics":[],"items_purged_floors":[2],"is_endless":false,"potions_floor_spawned":[7,10,12],"killed_by":"Hexaghost","ascension_level":20}}