{"host":"gopu3kmfaoww0llm","time":1609514627,"event":{"mods":["BaseMod","DeckTracker","Minty Spire (QoL Compilation)","Quick Restart","StSLib","SuperFastMode"],"gold_per_floor":[115,32,48,68,68,99,123,123,123,136,136,61,71,90,90,164,164,116,149,64,64,78,78,78,78],"floor_reached":24,"playtime":425,"items_purged":["Decay"],"score":392,"play_id":"cdecd944-61cc-4755-b28a-b2ae98aa9712","local_time":"20210102002347","is_ascension_mode":true,"campfire_choices":[{"floor":8.0,"key":"REST"},{"data":"Self Repair","floor":15.0,"key":"SMITH"},{"data":"Skim","floor":23.0,"key":"SMITH"}],"circlet_count":0,"master_deck":["AscendersBane","Strike_B","Strike_B","Strike_B","Strike_B","Defend_B","Defend_B","Defend_B","Defend_B","Zap","Dualcast","Ball Lightning","Consume","Sunder","Streamline","Injury","Glacier","Parasite","Skim+1","Self Repair+1","Core Surge","Coolheaded","Barrage"],"relics":["Cursed Key","Lantern","Bag of Marbles","Art of War","Pantograph","Inserter","Red Mask","Letter Opener"],"acts_visited":["Exordium","TheCity"],"potions_floor_usage":[24,24],"damage_taken":[{"damage":12.0,"enemies":"Jaw Worm","floor":1.0,"turns":3.0},{"damage":14.0,"enemies":"2 Louse","floor":3.0,"turns":3.0},{"damage":1.0,"enemies":"Cultist","floor":4.0,"turns":3.0},{"damage":31.0,"enemies":"Gremlin Nob","floor":6.0,"turns":4.0},{"damage":11.0,"enemies":"Blue Slaver","floor":10.0,"turns":3.0},{"damage":0.0,"enemies":"Large Slime","floor":13.0,"turns":5.0},{"damage":1.0,"enemies":"Exordium Wildlife","floor":14.0,"turns":3.0},{"damage":8.0,"enemies":"The Guardian","floor":16.0,"turns":13.0},{"damage":41.0,"enemies":"2 Thieves","floor":18.0,"turns":5.0},{"damage":14.0,"enemies":"Masked Bandits","floor":19.0,"turns":4.0},{"damage":9.0,"enemies":"3 Byrds","floor":22.0,"turns":5.0},{"damage":35,"enemies":"Book of Stabbing","floor":24,"turns":5}],"seed_played":"7994037839965584298","potions_obtained":[{"floor":3.0,"key":"PotionOfCapacity"},{"floor":6.0,"key":"DuplicationPotion"},{"floor":13.0,"key":"BlessingOfTheForge"},{"floor":22.0,"key":"SkillPotion"}],"is_trial":false,"path_per_floor":["M","$","M","M","?","E","T","R","T","M","?","$","M","M","R","B",null,"M","?","?","$","M","R","E"],"character_chosen":"DEFECT","items_purchased":["Consume"],"campfire_rested":1,"item_purchase_floors":[2],"current_hp_per_floor":[52,52,38,37,32,1,1,22,22,11,11,11,11,17,17,44,64,33,29,29,29,30,30,0,0],"gold":78,"neow_bonus":"BOSS_RELIC","is_daily":false,"chose_seed":false,"campfire_upgraded":2,"win_rate":0.0,"timestamp":1609514627,"path_taken":["M","$","M","M","?","E","?","R","T","M","?","$","M","?","R","BOSS","M","?","?","?","M","R","E"],"items_purchased_type":["Card"],"build_version":"2020-12-22","purchased_purges":1,"victory":false,"max_hp_per_floor":[71,71,71,71,71,71,71,71,71,71,71,71,71,71,71,71,71,71,71,71,71,71,71,71,71],"card_choices":[{"not_picked":["Sweeping Beam","Barrage"],"picked":"Ball Lightning","floor":1.0},{"not_picked":["Conserve Battery","Leap","White Noise"],"picked":"SKIP","floor":3.0},{"not_picked":["Hyperbeam","Leap"],"picked":"Sunder","floor":4.0},{"not_picked":["Rebound","Heatsinks"],"picked":"Streamline","floor":6.0},{"not_picked":["Rebound","Beam Cell"],"picked":"Glacier","floor":10.0},{"not_picked":["Conserve Battery","Barrage"],"picked":"Self Repair","floor":13.0},{"not_picked":["Stack","Sweeping Beam","Double Energy"],"picked":"SKIP","floor":14.0},{"not_picked":["Thunder Strike","Meteor Strike"],"picked":"Core Surge","floor":16.0},{"not_picked":["Compile Driver","Genetic Algorithm"],"picked":"Coolheaded","floor":18.0},{"not_picked":["Steam","Sweeping Beam"],"picked":"Barrage","floor":19.0},{"not_picked":["Ball Lightning","Force Field+1","Chaos"],"picked":"SKIP","floor":22.0}],"player_experience":2900121,"relics_obtained":[{"floor":6.0,"key":"Bag of Marbles"},{"floor":7.0,"key":"Art of War"},{"floor":9.0,"key":"Pantograph"},{"floor":19.0,"key":"Red Mask"}],"event_choices":[{"damage_healed":0.0,"max_hp_gain":0.0,"max_hp_loss":0.0,"gold_gain":0.0,"event_name":"Scrap Ooze","player_choice":"Success","floor":5.0,"gold_loss":0.0,"damage_taken":5.0,"relics_obtained":["Lantern"]},{"damage_healed":0.0,"max_hp_gain":0.0,"max_hp_loss":0.0,"gold_gain":0.0,"event_name":"Match and Keep!","player_choice":"2 cards matched","floor":11.0,"gold_loss":0.0,"damage_taken":0.0,"cards_obtained":["Parasite","Skim"]},{"damage_healed":0.0,"max_hp_gain":0.0,"max_hp_loss":0.0,"gold_gain":0.0,"event_name":"Masked Bandits","player_choice":"Fought Bandits","floor":19.0,"gold_loss":0.0,"damage_taken":0.0},{"damage_healed":0.0,"max_hp_gain":0.0,"max_hp_loss":0.0,"gold_gain":0.0,"event_name":"Addict","player_choice":"Obtained Relic","floor":20.0,"gold_loss":85.0,"damage_taken":0.0,"relics_obtained":["Letter Opener"]}],"is_beta":false,"boss_relics":[{"not_picked":["Black Star","Busted Crown"],"picked":"Inserter"}],"items_purged_floors":[12],"is_endless":false,"potions_floor_spawned":[3,6,13,14,18,19,22],"killed_by":"Book of Stabbing","ascension_level":20}}