{"host":"61ejhfsushs0xmcl","time":1609493806,"event":{"mods":["ATMod(阿瑾Mod)","Act Like it!","BaseMod","Colored Map","Gold Saver","Hallownest","Marisa（F雨　魔理沙）","Minty Spire (QoL Compilation)","MostiFishMod","Pale of the Ancients","Spicy Shops","StSLib","TestMod","Waifu the Spire","【遗物卡牌】REMEMod","篝火指南"],"gold_per_floor":[3153,3166,2650,2650,2664,2688,2688,2713,2713,2743,2204,2603,2603,2613,2613,2686,2686,2725,2267,2267,2335,2377,2463,2463,2493,2519,2519,2519,2553,3113,2267,1733,1808,1808,1827,1844,1266,1116,601,628,448,475,553,553,252,261,274,332,332,332,332,349,366,366,444,444,492,492,541,541,661],"floor_reached":62,"playtime":2434,"items_purged":["Defend_P","Strike_P","Defend_P","Vigilance","MostiFishMod:Nomercy+1","Eruption","Omniscience"],"score":3721,"play_id":"d27f6fc2-7694-4494-8534-7049780ea344","local_time":"20210101173646","is_ascension_mode":true,"campfire_choices":[{"data":"Strike_P","floor":15.0,"key":"PURGE"},{"data":"AT_KingSlayer","floor":24.0,"key":"SMITH"},{"floor":28.0,"key":"RECALL"},{"data":"Calculated Gamble","floor":49.0,"key":"SMITH"},{"data":"Tantrum","floor":56.0,"key":"SMITH"},{"floor":58,"key":"DIG"}],"circlet_count":0,"master_deck":["AT_KingSlayer+1","Calculated Gamble+1","Wallop+1","TalkToTheHand","InnerPeace+1","FlurryOfBlows+1","Wish+1","Study+1","Tantrum+1","Blasphemy+1"],"relics":["PureWater","testmod-TestBox","AT_ATBox","REME_ComplimentaryCards","testmod-Charity","SynthV:MejaisSoulstealer","SynthV:TestCard","Orrery","Incense Burner","Hallownest:DreamNailRelic","Art of War","StrikeDummy","Pen Nib","AT_ChloranthyRing","Lee\u0027s Waffle","Peace Pipe","testmod-IntensifyImprint","Hallownest:NailmastersGloryRelic","Kunai","Shovel","Nunchaku","Hallownest:WatcherSealRelic","GoldenEye","Membership Card","testmod-IndustrialRevolution","Question Card","Frozen Egg 2","Regal Pillow","Sling","testmod-CasingShield","Centennial Puzzle","OrangePellets","Cauldron","Runic Pyramid","Mummified Hand","Orichalcum","PrismaticShard","InkBottle","Hallownest:SoulVesselRelic","AT_ArchangelStaff","Chemical X","AT_BellDemon","Omamori","BrkXgEgg","Potion Belt","Yang","Matryoshka","Hallownest:StagBellRelic1","Bag of Preparation","AT_PhaseBoots","AT_DeathDance","Whetstone","Hallownest:HeavyBlowRelic","Melange","Ancient Tea Set","Toy Ornithopter","Bottled Tornado","testmod-Antiphasic","Lantern","testmod-EqualTreatment","testmod-Nyarlathotep","paleoftheancients:Timepiece","paleoftheancients:KeyRelic","Anchor","Ice Cream","Gremlin Horn","testmod-AssaultLearning","Bronze Scales","paleoftheancients:SoulOfTheWatcher","testmod-Justice","Bottled Flame","DaCapo","War Paint","AT_MibuBalloonWealth"],"acts_visited":["Exordium","Hallownest:Greenpath","Hallownest:CityofTears","Hallownest:KingdomsEdge"],"potions_floor_usage":[57,61,61],"damage_taken":[{"damage":19.0,"enemies":"2_ Uuma","floor":1.0,"turns":4.0},{"damage":14.0,"enemies":"Hallownest:monsterHuskGuard","floor":2.0,"turns":4.0},{"damage":0.0,"enemies":"Hallownest:2_Baldur","floor":5.0,"turns":2.0},{"damage":0.0,"enemies":"Hallownest:eliteCrystalGuardian","floor":6.0,"turns":2.0},{"damage":0.0,"enemies":"Hallownest:monsterAspidMother","floor":7.0,"turns":2.0},{"damage":0.0,"enemies":"Hallownest:eliteMossKnight","floor":8.0,"turns":1.0},{"damage":0.0,"enemies":"Hallownest:eliteCrystalGuardian","floor":10.0,"turns":2.0},{"damage":0.0,"enemies":"Hallownest:MossCreep_and_Mosskin","floor":14.0,"turns":3.0},{"damage":4.0,"enemies":"Hallownest:BossHornet","floor":16.0,"turns":1.0},{"damage":0.0,"enemies":"Hallownest:2_Mistakes","floor":18.0,"turns":3.0},{"damage":0.0,"enemies":"Hallownest:Guard_and_Sentry","floor":21.0,"turns":2.0},{"damage":0.0,"enemies":"Hallownest:2_Flukemon","floor":22.0,"turns":3.0},{"damage":1.0,"enemies":"Hallownest:eliteSoulWarrior","floor":23.0,"turns":2.0},{"damage":0.0,"enemies":"Hallownest:eliteWatcherKnight","floor":25.0,"turns":7.0},{"damage":0.0,"enemies":"Hallownest:Nosk","floor":29.0,"turns":2.0},{"damage":3.0,"enemies":"Hallownest:BossGrimm","floor":33.0,"turns":3.0},{"damage":0.0,"enemies":"Hallownest:3_Siblings","floor":35.0,"turns":2.0},{"damage":0.0,"enemies":"Hallownest:2_Littles","floor":36.0,"turns":2.0},{"damage":0.0,"enemies":"Hallownest:eliteCollector","floor":40.0,"turns":1.0},{"damage":5.0,"enemies":"Hallownest:eliteHiveKnight","floor":42.0,"turns":3.0},{"damage":0.0,"enemies":"Hallownest:Xero_Hu_Marmu","floor":46.0,"turns":2.0},{"damage":0.0,"enemies":"Hallownest:2_Great","floor":47.0,"turns":1.0},{"damage":0.0,"enemies":"Hallownest:2_Primals","floor":48.0,"turns":2.0},{"damage":0.0,"enemies":"Hallownest:Radiance","floor":50.0,"turns":1.0},{"damage":0.0,"enemies":"Hallownest:BossHollowKnight","floor":51.0,"turns":1.0},{"damage":0.0,"enemies":"Hallownest:BossHollowKnight","floor":52.0,"turns":1.0},{"damage":0.0,"enemies":"Hallownest:BossHollowKnight","floor":53.0,"turns":1.0},{"damage":0,"enemies":"Hallownest:BossHollowKnight","floor":57,"turns":2},{"damage":0,"enemies":"paleoftheancients:N","floor":61,"turns":3}],"seed_played":"2383448577359959073","potions_obtained":[{"floor":1.0,"key":"testmod-SpacePotion"},{"floor":22.0,"key":"PowerPotion"},{"floor":32.0,"key":"testmod-SpacePotion"},{"floor":32.0,"key":"StancePotion"},{"floor":32.0,"key":"CultistPotion"},{"floor":32.0,"key":"SteroidPotion"}],"is_trial":false,"path_per_floor":["M","M","$","?","M","E","M","E","T","E","$","?","T","M","R","B",null,"M","$","?","M","M","E","R","E","T","?","R","E","?","$","R","B",null,"M","M","$","?","$","E","?","E","T","?","$","M","M","?","R","B","B","M","M","?","T","R","M","R","T","?","B",null],"character_chosen":"WATCHER","items_purchased":["Orrery","Block Potion","Strength Potion","Incense Burner","AT_ChloranthyRing","Lee\u0027s Waffle","Ambrosia","testmod-IntensifyImprint","Membership Card","testmod-IndustrialRevolution","Question Card","Frozen Egg 2","Regal Pillow","Sling","testmod-CasingShield","Centennial Puzzle","Fruit Juice","Tantrum","OrangePellets","Cauldron","Mummified Hand","Orichalcum","PrismaticShard","InkBottle","FearPotion","AT_ArchangelStaff","Chemical X","AT_BellDemon","Omamori","BrkXgEgg","Potion Belt","LiquidMemories","Weak Potion","Melange","Ancient Tea Set","Toy Ornithopter","Bottled Tornado"],"campfire_rested":0,"item_purchase_floors":[3,3,3,3,11,11,11,19,31,31,31,31,31,31,32,32,32,32,32,32,37,37,37,37,37,39,39,39,39,39,39,39,39,45,45,45,45],"current_hp_per_floor":[43,30,30,30,31,32,32,33,33,34,81,82,82,83,83,80,83,85,85,85,88,90,92,92,93,94,94,94,95,96,96,101,99,103,104,105,105,105,105,106,106,102,103,103,103,104,105,106,106,106,111,113,114,114,115,115,117,117,118,118,123],"gold":661,"neow_bonus":"REMOVE_CARD","is_daily":false,"chose_seed":false,"campfire_upgraded":3,"win_rate":0.0,"timestamp":1609493806,"path_taken":["M","M","$","?","M","E","M","E","T","E","$","?","?","?","R","BOSS","M","$","?","M","M","E","R","E","T","?","R","E","?","?","R","BOSS","M","?","$","?","?","E","?","E","T","?","$","M","?","?","R","BOSS","BOSS","M","M","?","T","R","M","R","T","?","BOSS"],"items_purchased_type":["Relic","Potion","Potion","Relic","Relic","Relic","Potion","Relic","Relic","Relic","Relic","Relic","Relic","Relic","Relic","Relic","Potion","Card","Relic","Relic","Relic","Relic","Relic","Relic","Potion","Relic","Relic","Relic","Relic","Relic","Relic","Potion","Potion","Relic","Relic","Relic","Relic"],"build_version":"2020-12-22","purchased_purges":7,"victory":true,"max_hp_per_floor":[69,70,70,70,71,72,72,73,73,74,81,82,82,83,83,84,84,86,86,86,89,91,94,94,95,96,96,96,97,98,98,103,104,104,105,106,106,106,106,107,107,108,109,109,109,110,111,112,112,112,112,113,114,114,115,115,117,117,118,118,123],"card_choices":[{"not_picked":["Protect","BowlingBash","ReachHeaven"],"picked":"SKIP","floor":1.0},{"not_picked":["Consecrate","ClearTheMind","Sanctity","SignatureMove"],"picked":"Wallop","floor":2.0},{"not_picked":["DeceiveReality","REME_Repentance","Study","SashWhip"],"picked":"TalkToTheHand","floor":3.0},{"not_picked":["FollowUp","Wallop","TalkToTheHand","CrushJoints"],"picked":"InnerPeace","floor":3.0},{"not_picked":["CrushJoints","Prostrate","Crescendo","EmptyFist"],"picked":"FlurryOfBlows","floor":3.0},{"not_picked":["Wireheading","ConjureBlade","REME_Repentance","MostiFishMod:LegendTransform","Halt"],"picked":"SKIP","floor":5.0},{"not_picked":["JustLucky","ClearTheMind","REME_MusicOfDeath","AT_RealFormLess","Perseverance"],"picked":"SKIP","floor":6.0},{"not_picked":["AT_ChampionStep","ClearTheMind","EmptyBody","Pray","Evaluate"],"picked":"SKIP","floor":7.0},{"not_picked":["REME_WorshipGod","LikeWater","EmptyFist","FollowUp","SandsOfTime"],"picked":"SKIP","floor":8.0},{"not_picked":["ThirdEye","FollowUp","Consecrate","Evaluate","REME_Repentance"],"picked":"SKIP","floor":10.0},{"not_picked":["Halt","Swivel","SashWhip","Consecrate","BowlingBash"],"picked":"SKIP","floor":14.0},{"not_picked":["Ragnarok","MostiFishMod:StarHerder","REME_EmptyShield","MostiFishMod:OutWit"],"picked":"Omniscience","floor":16.0},{"not_picked":["Consecrate","MostiFishMod:FlowState+1","CrushJoints+1","BowlingBash","AT_SoftenMuscles"],"picked":"SKIP","floor":18.0},{"not_picked":["EmptyFist","MostiFishMod:Unraveling","Prostrate","FlurryOfBlows+1","ThirdEye"],"picked":"SKIP","floor":21.0},{"not_picked":["Crescendo","PathToVictory","Fasting2","FlurryOfBlows","Protect"],"picked":"SKIP","floor":22.0},{"not_picked":["MasterReality","DeceiveReality","MostiFishMod:Clarity","SandsOfTime","CrushJoints+1"],"picked":"SKIP","floor":23.0},{"not_picked":["REME_WorshipGod","MostiFishMod:PathToVictory","Halt","Collect","JustLucky"],"picked":"SKIP","floor":25.0},{"not_picked":["MostiFishMod:PathToVictory","EmptyFist","AT_SoftenMuscles","PathToVictory","WreathOfFlame"],"picked":"SKIP","floor":29.0},{"not_picked":["MostiFishMod:Moonprays","MostiFishMod:StarWish","LessonLearned","MostiFishMod:KamiSmash","MostiFishMod:Disappear"],"picked":"Blasphemy","floor":33.0},{"not_picked":["FearNoEvil+1","AT_SoftenMuscles+1","FlurryOfBlows","EmptyBody+1","CrushJoints","PathToVictory"],"picked":"SKIP","floor":35.0},{"not_picked":["REME_Repentance","MostiFishMod:LegendTransform+1","Worship","FlurryOfBlows","InnerPeace","Crescendo+1"],"picked":"SKIP","floor":36.0},{"not_picked":["MostiFishMod:#F4004","EnergyFlow+1","AT_ArcaneSupremacy+1","testmod-LifeRuler","Coolheaded","AT_ManFootWork+1"],"picked":"SKIP","floor":40.0},{"not_picked":["AT_KneejerkReflex+1","FollowUp","Riddle With Holes+1","Immolate+1","Conserve Battery","GravityBeat"],"picked":"SKIP","floor":42.0},{"not_picked":["True Grit","Bloodletting","Setup","REME_SingleHolding","Prepared","Dagger Spray"],"picked":"SKIP","floor":46.0},{"not_picked":["FollowUp","AT_DrawKnifeCut+1","Glacier+1","Good Instincts","FTL","SprinkleStarSeal"],"picked":"SKIP","floor":47.0},{"not_picked":["Loop+1","Predator","Deflect","PathToVictory","Bane","testmod-WeaknessCounterattack"],"picked":"SKIP","floor":52.0},{"not_picked":["MostiFishMod:PushDownKick","LuminesStrike+1","REME_TwoStrings","DC+1","Go for the Eyes","BlazeAway"],"picked":"SKIP","floor":53.0},{"not_picked":["MachineGunSpark+1","Jack Of All Trades+1","Anger","MeteoricShower","testmod-Automaton","MostiFishMod:PushDownKick"],"picked":"SKIP","floor":57}],"player_experience":837123,"relics_obtained":[{"floor":1.0,"key":"SynthV:TestCard"},{"floor":6.0,"key":"Art of War"},{"floor":8.0,"key":"StrikeDummy"},{"floor":10.0,"key":"Pen Nib"},{"floor":13.0,"key":"Peace Pipe"},{"floor":23.0,"key":"Kunai"},{"floor":25.0,"key":"Shovel"},{"floor":26.0,"key":"Nunchaku"},{"floor":29.0,"key":"GoldenEye"},{"floor":40.0,"key":"Yang"},{"floor":40.0,"key":"Matryoshka"},{"floor":42.0,"key":"Bag of Preparation"},{"floor":42.0,"key":"AT_SpeedBoots"},{"floor":43.0,"key":"AT_DeathDance"},{"floor":43.0,"key":"Whetstone"},{"floor":46.0,"key":"testmod-Antiphasic"},{"floor":47.0,"key":"Lantern"},{"floor":48.0,"key":"testmod-EqualTreatment"},{"floor":48.0,"key":"testmod-Nyarlathotep"},{"floor":52.0,"key":"testmod-AssaultLearning"},{"floor":53.0,"key":"Bronze Scales"},{"floor":53.0,"key":"paleoftheancients:SoulOfTheWatcher"},{"floor":55.0,"key":"testmod-Justice"},{"floor":55.0,"key":"Bottled Flame"},{"floor":57,"key":"DaCapo"},{"floor":57,"key":"paleoftheancients:SoulOfTheDefect"},{"floor":58,"key":"War Paint"},{"floor":59,"key":"AT_MibuBalloonWealth"}],"event_choices":[{"damage_healed":0.0,"max_hp_gain":0.0,"max_hp_loss":0.0,"gold_gain":400.0,"event_name":"恩洛斯的盘子","player_choice":"Sell","floor":12.0,"relics_lost":["DaveBox"],"gold_loss":0.0,"damage_taken":0.0},{"damage_healed":0.0,"max_hp_gain":0.0,"max_hp_loss":0.0,"gold_gain":0.0,"event_name":"给自己的盒子","player_choice":"Ignored","floor":54.0,"gold_loss":0.0,"damage_taken":0.0}],"is_beta":false,"boss_relics":[{"not_picked":["OneHitWonderSystem","testmod-DeterminationOfClimber"],"picked":"Astrolabe"},{"not_picked":["FeatherPendant","testmod-StringDisintegrator"],"picked":"Runic Pyramid"}],"items_purged_floors":[3,11,19,31,31,32,37],"is_endless":false,"potions_floor_spawned":[1,5,8,10,22,23,29,35,42,53],"ascension_level":20}}