{"host":"1bnrkmg0bmhwam8n","time":1609462396,"event":{"mods":["2.2 Compatiblity","BaseMod","Colored Map","Hermit","Infinite Spire","Minty Spire (QoL Compilation)","Quick Restart","StSLib"],"gold_per_floor":[126,301,334,364,364,364,433,398,398,398,428,26,55,95,95,95,95],"floor_reached":16,"playtime":503,"items_purged":[],"score":102,"play_id":"5741047a-e983-4b1b-9e0b-9d757819fb02","local_time":"20201231185316","is_ascension_mode":false,"campfire_choices":[{"data":"hermit:DeadOrAlive","floor":6,"key":"SMITH"},{"floor":10,"key":"REST"},{"floor":15,"key":"REST"}],"circlet_count":0,"master_deck":["hermit:Strike_Hermit","hermit:Strike_Hermit","hermit:Strike_Hermit","hermit:Defend_Hermit","hermit:Defend_Hermit","hermit:Defend_Hermit","hermit:Defend_Hermit","hermit:Snapshot","hermit:Covet","hermit:DeadOrAlive+1","hermit:Vantage","Doubt","hermit:Determination","hermit:TrackingShot+1"],"relics":["hermit:Momento","Golden Idol","Molten Egg 2","Omamori","Sling","Ornamental Fan"],"acts_visited":["Exordium"],"potions_floor_usage":[7,13,16],"damage_taken":[{"damage":1,"enemies":"Jaw Worm","floor":1,"turns":4},{"damage":6,"enemies":"2 Louse","floor":3,"turns":3},{"damage":5,"enemies":"Small Slimes","floor":4,"turns":8},{"damage":54,"enemies":"Gremlin Nob","floor":7,"turns":5},{"damage":14,"enemies":"Exordium Wildlife","floor":11,"turns":4},{"damage":14,"enemies":"Large Slime","floor":13,"turns":5},{"damage":7,"enemies":"Blue Slaver","floor":14,"turns":3},{"damage":43,"enemies":"Slime Boss","floor":16,"turns":10}],"seed_played":"8233185157000568677","potions_obtained":[{"floor":4,"key":"Regen Potion"},{"floor":11,"key":"Strength Potion"},{"floor":14,"key":"LiquidMemories"}],"is_trial":false,"path_per_floor":["M","?","M","M","?","R","E","?","T","R","M","$","M","M","R","B"],"character_chosen":"HERMIT","items_purchased":["Sling","Ornamental Fan"],"campfire_rested":2,"item_purchase_floors":[12,12],"current_hp_per_floor":[74,74,68,63,45,45,5,23,23,45,31,31,17,10,32,0,0],"gold":95,"neow_bonus":"TRANSFORM_CARD","is_daily":false,"chose_seed":false,"campfire_upgraded":1,"win_rate":0.0,"timestamp":1609462396,"path_taken":["M","?","M","M","?","R","E","?","T","R","M","$","M","?","R","BOSS"],"items_purchased_type":["Relic","Relic"],"build_version":"2020-12-22","purchased_purges":0,"victory":false,"max_hp_per_floor":[75,75,75,75,75,75,75,75,75,75,75,75,75,75,75,75,75],"card_choices":[{"not_picked":["hermit:Glare","hermit:SprayPray"],"picked":"hermit:Vantage","floor":1},{"not_picked":["hermit:FullyLoaded","hermit:DeadMansHand"],"picked":"hermit:Determination","floor":3},{"not_picked":["hermit:FullyLoaded","hermit:NoHoldsBarred","hermit:SprayPray"],"picked":"SKIP","floor":4},{"not_picked":["hermit:TrackingShot+1","hermit:RoundhouseKick+1","hermit:Ricochet+1"],"picked":"SKIP","floor":7},{"not_picked":["hermit:Showdown+1","hermit:Grudge+1","hermit:Determination"],"picked":"SKIP","floor":11},{"not_picked":["hermit:Quickdraw+1","hermit:Snipe"],"picked":"hermit:TrackingShot+1","floor":13},{"not_picked":["hermit:HoleUp","hermit:ItchyTrigger+1","hermit:Determination"],"picked":"SKIP","floor":14}],"player_experience":399619,"relics_obtained":[{"floor":7,"key":"Molten Egg 2"},{"floor":9,"key":"Omamori"}],"event_choices":[{"damage_healed":0,"gold_gain":175,"player_choice":"AGREE","damage_taken":0,"max_hp_gain":0,"max_hp_loss":0,"event_name":"Liars Game","floor":2,"gold_loss":0,"cards_obtained":["Doubt"]},{"damage_healed":0,"gold_gain":0,"player_choice":"Take Damage","damage_taken":18,"relics_obtained":["Golden Idol"],"max_hp_gain":0,"max_hp_loss":0,"event_name":"Golden Idol","floor":5,"gold_loss":0},{"damage_healed":18,"gold_gain":0,"player_choice":"Healed","damage_taken":0,"max_hp_gain":0,"max_hp_loss":0,"event_name":"The Cleric","floor":8,"gold_loss":35}],"is_beta":false,"boss_relics":[],"items_purged_floors":[],"is_endless":false,"potions_floor_spawned":[4,11,14],"killed_by":"Slime Boss","ascension_level":0}}