{"host":"xtgfl0e7r8rfgbei","time":1609512546,"event":{"mods":["Arknights The Spire","BaseMod","Colored Map","Colored Powertips","Downfall","Infinite Spire","Marisa£®ÏF”Í°°ƒß¿Ì…≥£©","Minty Spire (QoL Compilation)","READ ME - Guardian Mod","Rare Cards Sparkle","Replay The Spire","StSLib","The Bug Knight","The Cursed","The Servant 0.9.4","≤–¡Ù÷ÆŒÔ"],"gold_per_floor":[118,134,144,157,157,157,157,173,183,197,244,256,269,269,281,292,292,391,391,405,405,419,399,416,416,416,416],"floor_reached":26,"playtime":2424,"items_purged":[],"score":208,"play_id":"eb789be5-c372-4747-a1f7-498f2c3f1fe8","local_time":"20210101224906","is_ascension_mode":false,"campfire_choices":[{"floor":17,"key":"REST"},{"floor":25,"key":"REST"}],"circlet_count":0,"master_deck":["TheCursedMod:Strike_TheCursed","TheCursedMod:Strike_TheCursed","TheCursedMod:Strike_TheCursed","TheCursedMod:Strike_TheCursed","TheCursedMod:Defend_TheCursed","TheCursedMod:Defend_TheCursed","TheCursedMod:Defend_TheCursed","TheCursedMod:Defend_TheCursed","TheCursedMod:CursedWand","TheCursedMod:CleanUpWorkshop","TheCursedMod:Dregs","TheCursedMod:HellsGateOpen+1","TheCursedMod:Wield","TheCursedMod:TroublousMinions","TheCursedMod:CircleOfCorruption","TheCursedMod:SpitefulPlan","TheCursedMod:CursedBlade","TheCursedMod:CircleOfWindfury","TheCursedMod:CursedBoomerang","TheCursedMod:CircleOfBlood","TheCursedMod:BlessingInDisguise","TheCursedMod:CursedStaff","TheCursedMod:VoidForm","TheCursedMod:Hemoplague","TheCursedMod:TroublousMinions","TheCursedMod:SaltUponWound"],"relics":["TheCursedMod:BlackMagic101","Counterbalance","Bag of Marbles","Philosopher\u0027s Stone"],"acts_visited":["Exordium","TheCity"],"potions_floor_usage":[4,16,18,18,26],"damage_taken":[{"damage":1,"enemies":"Cultist","floor":1,"turns":3},{"damage":0,"enemies":"2 Louse","floor":2,"turns":4},{"damage":3,"enemies":"Jaw Worm","floor":3,"turns":7},{"damage":5,"enemies":"Gremlin Gang","floor":4,"turns":4},{"damage":16,"enemies":"Large Slime","floor":8,"turns":7},{"damage":1,"enemies":"3 Louse","floor":9,"turns":4},{"damage":3,"enemies":"2 Fungi Beasts","floor":10,"turns":3},{"damage":9,"enemies":"Exordium Thugs","floor":12,"turns":4},{"damage":6,"enemies":"Red Slaver","floor":13,"turns":3},{"damage":15,"enemies":"Gremlin Gang","floor":15,"turns":4},{"damage":16,"enemies":"Lots of Slimes","floor":16,"turns":3},{"damage":18,"enemies":"The Guardian","floor":18,"turns":10},{"damage":7,"enemies":"Chosen","floor":20,"turns":4},{"damage":39,"enemies":"Spheric Guardian","floor":22,"turns":6},{"damage":37,"enemies":"Snake Plant","floor":24,"turns":5},{"damage":25,"enemies":"Gremlin Leader","floor":26,"turns":2}],"seed_played":"-2676194053574670367","potions_obtained":[{"floor":2,"key":"champ:CounterPotion"},{"floor":9,"key":"champ:CounterPotion"},{"floor":12,"key":"FearPotion"},{"floor":13,"key":"Slimebound:ThreeZeroPotion"},{"floor":16,"key":"SpeedPotion"},{"floor":18,"key":"Explosive Potion"},{"floor":23,"key":"CultistPotion"}],"is_trial":false,"path_per_floor":["M","M","M","M","?","PTL","PTL","M","M","M","T","M","M","?","M","M","R","B",null,"M","?","M","?","M","R","E"],"character_chosen":"THE_CURSED","items_purchased":[],"campfire_rested":2,"item_purchase_floors":[],"current_hp_per_floor":[67,67,64,59,64,64,64,48,47,44,44,35,29,29,18,4,25,11,73,70,70,34,34,3,24,0,0],"gold":416,"neow_bonus":"ONE_RARE_RELIC","is_daily":false,"chose_seed":false,"campfire_upgraded":0,"win_rate":0.0,"timestamp":1609512546,"path_taken":["M","M","M","?","?","PTL","PTL","M","M","M","T","M","M","?","M","M","R","BOSS","M","?","?","?","M","R","E"],"items_purchased_type":[],"build_version":"2020-12-22","purchased_purges":0,"victory":false,"max_hp_per_floor":[68,68,68,68,73,73,73,73,73,73,73,73,73,73,73,73,73,73,73,73,73,73,73,73,73,73,73],"card_choices":[{"not_picked":["TheCursedMod:CursedBlade","TheCursedMod:EmpowerCircles"],"picked":"TheCursedMod:HellsGateOpen","floor":1},{"not_picked":["TheCursedMod:Obscuration","TheCursedMod:FleshFromBone"],"picked":"TheCursedMod:Wield","floor":2},{"not_picked":["TheCursedMod:ReleasedKnowledge","TheCursedMod:FleshFromBone"],"picked":"TheCursedMod:TroublousMinions","floor":3},{"not_picked":["TheCursedMod:SurpriseAttack","TheCursedMod:EmpowerCircles"],"picked":"TheCursedMod:CircleOfCorruption","floor":4},{"not_picked":["TheCursedMod:ReleasedStrength","TheCursedMod:Wield"],"picked":"TheCursedMod:SpitefulPlan","floor":8},{"not_picked":["TheCursedMod:VitalStrike","TheCursedMod:DoubleShield"],"picked":"TheCursedMod:CursedBlade","floor":9},{"not_picked":["TheCursedMod:SurpriseAttack","TheCursedMod:Grudge"],"picked":"TheCursedMod:CircleOfWindfury","floor":10},{"not_picked":["TheCursedMod:TacticalStrike","TheCursedMod:CircleOfFlame"],"picked":"TheCursedMod:CursedBoomerang","floor":12},{"not_picked":["TheCursedMod:CursedShiv","TheCursedMod:SmokeScreen"],"picked":"TheCursedMod:CircleOfBlood","floor":13},{"not_picked":["TheCursedMod:TacticalStrike","TheCursedMod:Stigma"],"picked":"TheCursedMod:BlessingInDisguise","floor":15},{"not_picked":["TheCursedMod:WearCloak","TheCursedMod:RavingStaff"],"picked":"TheCursedMod:CursedStaff","floor":16},{"not_picked":["TheCursedMod:ManaCirculation","TheCursedMod:ForbiddenAlchemy"],"picked":"TheCursedMod:VoidForm","floor":18},{"not_picked":["TheCursedMod:Stretching","TheCursedMod:VitalStrike+1"],"picked":"TheCursedMod:Hemoplague","floor":20},{"not_picked":["TheCursedMod:EmpowerCircles","TheCursedMod:SoulCrush"],"picked":"TheCursedMod:TroublousMinions","floor":22},{"not_picked":["TheCursedMod:HellsGateOpen+1","TheCursedMod:CursedSpellbook"],"picked":"TheCursedMod:SaltUponWound","floor":24}],"player_experience":312337,"relics_obtained":[{"floor":11,"key":"Bag of Marbles"}],"event_choices":[{"damage_healed":0,"gold_gain":0,"player_choice":"Donut","damage_taken":0,"max_hp_gain":5,"max_hp_loss":0,"event_name":"Big Fish","floor":5,"gold_loss":0},{"damage_healed":0,"gold_gain":0,"player_choice":"Grow","damage_taken":0,"max_hp_gain":0,"max_hp_loss":0,"event_name":"Living Wall","floor":14,"gold_loss":0,"cards_upgraded":["TheCursedMod:HellsGateOpen"]},{"damage_healed":0,"gold_gain":0,"player_choice":"Ignored","damage_taken":0,"max_hp_gain":0,"max_hp_loss":0,"event_name":"Fountain of Cleansing","floor":21,"gold_loss":0},{"damage_healed":0,"gold_gain":0,"player_choice":"Bought 1 Potion","damage_taken":0,"max_hp_gain":0,"max_hp_loss":0,"event_name":"The Woman in Blue","floor":23,"gold_loss":0}],"is_beta":false,"boss_relics":[{"not_picked":["Replay:Ancient Bell","Empty Cage"],"picked":"Philosopher\u0027s Stone"}],"items_purged_floors":[],"is_endless":false,"potions_floor_spawned":[2,9,12,13,16,18],"killed_by":"Gremlin Leader","ascension_level":0}}