{"host":"52zmxm0oht7x0uft","time":1609529473,"event":{"mods":["AchievementEnabler","BaseMod","Minty Spire (QoL Compilation)","Quick Restart"],"gold_per_floor":[118,43,57,74,85,85,116,116,116,116,16,16,33,46,46,141,141,160,180,180,3,20,20,37,71,143,143,143,157,157,7,7,105,105,122,137,47,47,64,64,64,64],"floor_reached":41,"playtime":1933,"items_purged":["Strike_R","Pain","Strike_R","Bash"],"score":498,"play_id":"00e33b98-f043-4823-8a41-edcc7c5bcea6","local_time":"20210101203113","is_ascension_mode":true,"campfire_choices":[{"data":"Rampage","floor":6.0,"key":"SMITH"},{"data":"Twin Strike","floor":8.0,"key":"SMITH"},{"floor":12.0,"key":"RECALL"},{"data":"Searing Blow+1","floor":15.0,"key":"SMITH"},{"floor":23.0,"key":"REST"},{"floor":27.0,"key":"REST"},{"data":"Searing Blow+2","floor":30,"key":"SMITH"},{"data":"Searing Blow+3","floor":32,"key":"SMITH"},{"floor":40,"key":"REST"}],"circlet_count":0,"master_deck":["Strike_R","Strike_R","Strike_R","Defend_R","Defend_R","Defend_R","Defend_R","Twin Strike+1","Headbutt","Rampage+1","Searing Blow+4","Bludgeon+1","Feed+1","Flame Barrier+1","Blood for Blood+1","Iron Wave+1","Intimidate","Finesse"],"relics":["Black Blood","Toy Ornithopter","Molten Egg 2","WarpedTongs","Incense Burner","Pantograph","Nloth\u0027s Gift"],"acts_visited":["Exordium","TheCity","TheBeyond"],"potions_floor_usage":[35,38,41],"damage_taken":[{"damage":6.0,"enemies":"Cultist","floor":1.0,"turns":3.0},{"damage":7.0,"enemies":"Small Slimes","floor":3.0,"turns":3.0},{"damage":7.0,"enemies":"Jaw Worm","floor":4.0,"turns":4.0},{"damage":7.0,"enemies":"Looter","floor":5.0,"turns":3.0},{"damage":40.0,"enemies":"3 Sentries","floor":7.0,"turns":9.0},{"damage":5.0,"enemies":"Exordium Wildlife","floor":13.0,"turns":3.0},{"damage":0.0,"enemies":"3 Louse","floor":14.0,"turns":3.0},{"damage":33.0,"enemies":"The Guardian","floor":16.0,"turns":11.0},{"damage":29.0,"enemies":"3 Byrds","floor":18.0,"turns":5.0},{"damage":0.0,"enemies":"Spheric Guardian","floor":19.0,"turns":3.0},{"damage":18.0,"enemies":"Snecko","floor":22.0,"turns":3.0},{"damage":5.0,"enemies":"Chosen and Byrds","floor":24.0,"turns":5.0},{"damage":39.0,"enemies":"Book of Stabbing","floor":25.0,"turns":6.0},{"damage":25,"enemies":"Sentry and Sphere","floor":29,"turns":7},{"damage":77,"enemies":"Collector","floor":33,"turns":13},{"damage":41,"enemies":"3 Darklings","floor":35,"turns":12},{"damage":21,"enemies":"3 Shapes","floor":36,"turns":6},{"damage":22,"enemies":"Maw","floor":38,"turns":7},{"damage":35,"enemies":"4 Shapes","floor":39,"turns":8},{"damage":66,"enemies":"Transient","floor":41,"turns":5}],"seed_played":"5031742909804935269","potions_obtained":[{"floor":4.0,"key":"SmokeBomb"},{"floor":7.0,"key":"ColorlessPotion"},{"floor":16.0,"key":"BlessingOfTheForge"},{"floor":24.0,"key":"Fire Potion"},{"floor":29,"key":"Energy Potion"},{"floor":39,"key":"Ancient Potion"}],"is_trial":false,"path_per_floor":["M","$","M","M","M","R","E","R","T","?","$","R","M","M","R","B",null,"M","M","?","$","M","R","M","E","T","R","?","M","R","$","R","B",null,"M","M","$","M","M","R","M"],"character_chosen":"IRONCLAD","items_purchased":["Iron Wave+1","Finesse"],"campfire_rested":3,"item_purchase_floors":[21,37],"current_hp_per_floor":[80,80,79,78,77,77,43,43,43,43,43,43,44,50,50,23,80,57,63,63,63,51,75,76,48,48,72,72,53,53,53,53,7,80,56,47,47,42,19,43,0,0],"gold":64,"neow_bonus":"THREE_CARDS","is_daily":false,"chose_seed":false,"campfire_upgraded":5,"win_rate":0.0,"timestamp":1609529473,"path_taken":["M","$","M","M","M","R","E","R","T","?","$","R","M","M","R","BOSS","M","?","?","$","M","R","M","E","T","R","?","M","R","$","R","BOSS","M","?","$","?","M","R","M"],"items_purchased_type":["Card","Card"],"build_version":"2020-12-22","purchased_purges":4,"victory":false,"max_hp_per_floor":[80,80,80,80,80,80,80,80,80,80,80,80,80,80,80,80,80,80,80,80,80,80,80,80,80,80,80,80,80,80,80,80,80,80,80,80,80,80,80,80,80,80],"card_choices":[{"not_picked":["Power Through","Havoc"],"picked":"Twin Strike","floor":0.0},{"not_picked":["Clothesline","Warcry","Anger"],"picked":"SKIP","floor":1.0},{"not_picked":["Burning Pact","Twin Strike","Anger"],"picked":"SKIP","floor":3.0},{"not_picked":["Whirlwind","Anger"],"picked":"Headbutt","floor":4.0},{"not_picked":["Seeing Red","Thunderclap"],"picked":"Rampage","floor":5.0},{"not_picked":["Seeing Red","Whirlwind","Shrug It Off"],"picked":"SKIP","floor":7.0},{"not_picked":["Disarm","Heavy Blade+1"],"picked":"Searing Blow+1","floor":13.0},{"not_picked":["Perfected Strike+1","Headbutt+1"],"picked":"Bludgeon+1","floor":14.0},{"not_picked":["Brutality","Offering"],"picked":"Feed+1","floor":16.0},{"not_picked":["Cleave+1","Inflame"],"picked":"Flame Barrier+1","floor":18.0},{"not_picked":["Reckless Charge+1","Anger+1","Perfected Strike+1"],"picked":"SKIP","floor":19.0},{"not_picked":["Body Slam+1","Rampage+1"],"picked":"Intimidate","floor":22.0},{"not_picked":["Sword Boomerang+1","Dual Wield","Flex"],"picked":"SKIP","floor":24.0},{"not_picked":["Thunderclap+1","Blood for Blood+1","Havoc"],"picked":"SKIP","floor":25.0},{"not_picked":["Blood for Blood+1","True Grit+1","Cleave+1"],"picked":"SKIP","floor":29},{"not_picked":["Cleave+1","Infernal Blade+1","Inflame+1"],"picked":"SKIP","floor":35},{"not_picked":["Anger+1","Flex+1","Infernal Blade+1"],"picked":"SKIP","floor":36},{"not_picked":["Dropkick+1","Rampage+1","Inflame"],"picked":"SKIP","floor":39}],"player_experience":350605,"relics_obtained":[{"floor":7.0,"key":"Toy Ornithopter"},{"floor":9.0,"key":"Molten Egg 2"},{"floor":25.0,"key":"Incense Burner"},{"floor":26.0,"key":"Pantograph"}],"event_choices":[{"damage_healed":0.0,"max_hp_gain":0.0,"max_hp_loss":0.0,"gold_gain":0.0,"event_name":"Accursed Blacksmith","player_choice":"Rummage","floor":10.0,"gold_loss":0.0,"damage_taken":0.0,"relics_obtained":["WarpedTongs"],"cards_obtained":["Pain"]},{"damage_healed":0.0,"max_hp_gain":0.0,"max_hp_loss":0.0,"gold_gain":0.0,"event_name":"The Library","player_choice":"Read","floor":20.0,"gold_loss":0.0,"damage_taken":0.0,"cards_obtained":["Blood for Blood"]},{"damage_healed":0.0,"max_hp_gain":0.0,"max_hp_loss":0.0,"gold_gain":0.0,"event_name":"N\u0027loth","player_choice":"Traded Relic","floor":28.0,"relics_lost":["Fusion Hammer"],"gold_loss":0.0,"damage_taken":0.0,"relics_obtained":["Nloth\u0027s Gift"]}],"is_beta":false,"boss_relics":[{"not_picked":["Tiny House","Snecko Eye"],"picked":"Fusion Hammer"},{"not_picked":["SlaversCollar","SacredBark"],"picked":"Black Blood"}],"items_purged_floors":[2,11,21,31],"is_endless":false,"potions_floor_spawned":[4,7,16,24,29,33,38,39],"killed_by":"Transient","ascension_level":4}}