{"host":"9tzam4717zt8ei1o","time":1609532524,"event":{"mods":["BaseMod","Colored Map","Keyboard Shortcuts","Minty Spire (QoL Compilation)","Quick Restart","StSLib","SuperFastMode"],"gold_per_floor":[109,184,12,30,30,30,63,78,78,91,101,101,130,160,160,160,160],"floor_reached":16,"playtime":318,"items_purged":["Strike_R"],"score":220,"play_id":"ef9a37aa-fe1f-4b9f-9a74-0f3d0d78b597","local_time":"20210102052204","is_ascension_mode":true,"campfire_choices":[{"floor":6,"key":"REST"},{"data":"Body Slam","floor":12,"key":"SMITH"},{"data":"Second Wind","floor":15,"key":"SMITH"}],"circlet_count":0,"master_deck":["AscendersBane","Strike_R","Strike_R+1","Strike_R","Strike_R","Defend_R","Defend_R+1","Defend_R","Defend_R","Bash+1","Twin Strike","Spot Weakness","Sever Soul","Body Slam+1","Pummel","Second Wind+1","Fiend Fire"],"relics":["Burning Blood","PreservedInsect","Bottled Lightning","Odd Mushroom","Bottled Flame"],"acts_visited":["Exordium"],"potions_floor_usage":[7,10,11,16,16],"damage_taken":[{"damage":19,"enemies":"Small Slimes","floor":1,"turns":5},{"damage":4,"enemies":"Jaw Worm","floor":4,"turns":3},{"damage":10,"enemies":"Gremlin Nob","floor":7,"turns":3},{"damage":0,"enemies":"Cultist","floor":8,"turns":3},{"damage":9,"enemies":"Red Slaver","floor":10,"turns":3},{"damage":9,"enemies":"Exordium Thugs","floor":11,"turns":4},{"damage":14,"enemies":"The Mushroom Lair","floor":13,"turns":4},{"damage":10,"enemies":"3 Sentries","floor":14,"turns":4},{"damage":60,"enemies":"Slime Boss","floor":16,"turns":8}],"seed_played":"1007766864366224440","potions_obtained":[{"floor":4,"key":"DistilledChaos"},{"floor":7,"key":"BloodPotion"},{"floor":10,"key":"SkillPotion"},{"floor":13,"key":"Block Potion"}],"is_trial":false,"path_per_floor":["M","?","$","M","?","R","E","M","T","M","M","R","?","E","R","B"],"character_chosen":"IRONCLAD","items_purchased":["Spot Weakness","BloodPotion"],"campfire_rested":1,"item_purchase_floors":[3,3],"current_hp_per_floor":[55,44,44,46,23,45,41,47,47,59,56,56,48,44,44,0,0],"gold":160,"neow_bonus":"UPGRADE_CARD","is_daily":false,"chose_seed":false,"campfire_upgraded":2,"win_rate":0.0,"timestamp":1609532524,"path_taken":["M","?","$","M","?","R","E","M","T","M","M","R","?","E","R","BOSS"],"items_purchased_type":["Card","Potion"],"build_version":"2020-12-22","purchased_purges":1,"victory":false,"max_hp_per_floor":[75,75,75,75,75,75,75,75,75,75,75,75,75,75,75,75,75],"card_choices":[{"not_picked":["Clash","Anger"],"picked":"Twin Strike","floor":1},{"not_picked":["Searing Blow","Headbutt"],"picked":"Sever Soul","floor":4},{"not_picked":["Headbutt","Combust"],"picked":"Body Slam","floor":7},{"not_picked":["Armaments","Pummel","Pommel Strike"],"picked":"SKIP","floor":8},{"not_picked":["Armaments","Pommel Strike"],"picked":"Pummel","floor":8},{"not_picked":["Body Slam","Pommel Strike"],"picked":"Second Wind","floor":10},{"not_picked":["Flame Barrier","Twin Strike","Sword Boomerang"],"picked":"SKIP","floor":11},{"not_picked":["Battle Trance","Sever Soul"],"picked":"Fiend Fire","floor":13},{"not_picked":["Disarm","Anger","Iron Wave"],"picked":"SKIP","floor":14}],"player_experience":141250,"relics_obtained":[{"floor":7,"key":"PreservedInsect"},{"floor":9,"key":"Bottled Lightning"},{"floor":13,"key":"Odd Mushroom"},{"floor":14,"key":"Bottled Flame"}],"event_choices":[{"damage_healed":0,"gold_gain":75,"player_choice":"Gather Gold","damage_taken":11,"max_hp_gain":0,"max_hp_loss":0,"event_name":"World of Goop","floor":2,"gold_loss":0},{"damage_healed":0,"gold_gain":0,"player_choice":"Entered Light","damage_taken":23,"max_hp_gain":0,"max_hp_loss":0,"event_name":"Shining Light","floor":5,"gold_loss":0,"cards_upgraded":["Strike_R","Defend_R"]},{"damage_healed":0,"gold_gain":0,"player_choice":"Fought Mushrooms","damage_taken":0,"max_hp_gain":0,"max_hp_loss":0,"event_name":"Mushrooms","floor":13,"gold_loss":0}],"is_beta":false,"boss_relics":[],"items_purged_floors":[3],"is_endless":false,"potions_floor_spawned":[4,7,10,13],"killed_by":"Slime Boss","ascension_level":20}}