{"host":"6pfj0wha12yu6wq3","time":1609495203,"event":{"mods":["BaseMod","Colored Map","Colored Powertips","Curses Come First","DeckTracker","Minty Spire (QoL Compilation)","RNG Fix","Relic Sorter","Relic Stats","StSLib","ojb\u0027s Better Paths Mod","ojb\u0027s Info Mod"],"gold_per_floor":[110,125,145,155,166,166,192,192,192,217,230,248,9,44,44,116,116,129,139,139,39,56,84,84,100,100,132,132,164,181,211,211,211,211],"floor_reached":33,"playtime":2000,"items_purged":["Strike_G","Decay"],"score":898,"play_id":"6d436c91-91c8-4d9b-be21-95a9af08a9fa","local_time":"20210101050003","is_ascension_mode":true,"campfire_choices":[{"data":"Wraith Form v2","floor":6.0,"key":"SMITH"},{"data":"Noxious Fumes","floor":8.0,"key":"SMITH"},{"data":"Catalyst","floor":15.0,"key":"SMITH"},{"data":"Catalyst","floor":28,"key":"SMITH"},{"data":"Burst","floor":32,"key":"SMITH"}],"circlet_count":0,"master_deck":["AscendersBane","Strike_G","Strike_G","Defend_G","Defend_G","Defend_G","Defend_G","Survivor","Neutralize","Wraith Form v2+1","All Out Attack","Noxious Fumes+1","Flying Knee","Catalyst+1","Catalyst+1","After Image","Die Die Die","Noxious Fumes","Doppelganger","Caltrops","Corpse Explosion","Burst+1","PiercingWail","Catalyst"],"relics":["Ring of the Snake","Toy Ornithopter","Letter Opener","Singing Bowl","Snake Skull","Art of War","Coffee Dripper","Akabeko","Lizard Tail","Nunchaku","PreservedInsect"],"acts_visited":["Exordium","TheCity"],"potions_floor_usage":[25,29],"damage_taken":[{"damage":0.0,"enemies":"2 Louse","floor":1.0,"turns":3.0},{"damage":5.0,"enemies":"Jaw Worm","floor":2.0,"turns":4.0},{"damage":1.0,"enemies":"Small Slimes","floor":3.0,"turns":4.0},{"damage":0.0,"enemies":"3 Louse","floor":4.0,"turns":1.0},{"damage":1.0,"enemies":"Exordium Wildlife","floor":5.0,"turns":4.0},{"damage":38.0,"enemies":"Gremlin Nob","floor":7.0,"turns":5.0},{"damage":0.0,"enemies":"Lagavulin","floor":10.0,"turns":6.0},{"damage":0.0,"enemies":"2 Fungi Beasts","floor":11.0,"turns":4.0},{"damage":2.0,"enemies":"Red Slaver","floor":12.0,"turns":5.0},{"damage":9.0,"enemies":"3 Sentries","floor":14.0,"turns":6.0},{"damage":0.0,"enemies":"Slime Boss","floor":16.0,"turns":7.0},{"damage":1.0,"enemies":"Shell Parasite","floor":18.0,"turns":4.0},{"damage":2.0,"enemies":"2 Thieves","floor":19.0,"turns":4.0},{"damage":4.0,"enemies":"Shelled Parasite and Fungi","floor":22.0,"turns":4.0},{"damage":26.0,"enemies":"Gremlin Leader","floor":23.0,"turns":6.0},{"damage":19,"enemies":"3 Cultists","floor":25,"turns":4},{"damage":19,"enemies":"Book of Stabbing","floor":27,"turns":5},{"damage":20,"enemies":"Slavers","floor":29,"turns":3},{"damage":3,"enemies":"Snake Plant","floor":30,"turns":5},{"damage":12,"enemies":"Gremlin Leader","floor":31,"turns":5},{"damage":21,"enemies":"Automaton","floor":33,"turns":4}],"seed_played":"3992352578887368879","potions_obtained":[{"floor":1.0,"key":"Explosive Potion"},{"floor":3.0,"key":"Energy Potion"},{"floor":10.0,"key":"FearPotion"},{"floor":12.0,"key":"Poison Potion"},{"floor":16.0,"key":"CunningPotion"},{"floor":19.0,"key":"Block Potion"},{"floor":22.0,"key":"Swift Potion"},{"floor":27,"key":"ColorlessPotion"}],"is_trial":false,"path_per_floor":["M","M","M","M","M","R","E","R","T","E","M","M","$","E","R","B",null,"M","M","?","$","M","E","?","M","T","E","R","E","M","E","R","B"],"character_chosen":"THE_SILENT","items_purchased":["Snake Skull"],"campfire_rested":0,"item_purchase_floors":[13],"current_hp_per_floor":[59,54,53,53,52,52,14,14,14,14,14,14,14,17,17,17,52,53,53,53,53,51,32,32,20,20,1,1,27,24,12,12,0,0],"gold":211,"neow_bonus":"TRANSFORM_TWO_CARDS","is_daily":false,"chose_seed":false,"campfire_upgraded":5,"win_rate":0.0,"timestamp":1609495203,"path_taken":["M","M","M","M","M","R","E","R","T","E","?","M","$","E","R","BOSS","M","M","?","$","M","E","?","M","T","E","R","E","M","E","R","BOSS"],"items_purchased_type":["Relic"],"build_version":"2020-12-22","purchased_purges":2,"victory":false,"max_hp_per_floor":[60,60,60,60,60,60,60,60,60,60,60,62,62,64,64,64,64,66,68,68,68,70,72,72,74,74,74,74,74,74,74,74,74,74],"relic_stats":{"Lizard Tail":37,"Nunchaku":[1],"Singing Bowl":14,"counters":[21,93],"Snake Skull":[84],"PreservedInsect":0,"Art of War":[14],"Letter Opener":[110],"obtain_stats":[{"Lizard Tail":27,"Nunchaku":29,"Singing Bowl":10,"Snake Skull":13,"PreservedInsect":31,"Art of War":14,"Coffee Dripper":17,"Letter Opener":9,"Toy Ornithopter":7,"Akabeko":23,"Ring of the Snake":0},{"Lizard Tail":17,"Nunchaku":18,"Singing Bowl":7,"Snake Skull":9,"PreservedInsect":20,"Art of War":10,"Coffee Dripper":11,"Letter Opener":6,"Toy Ornithopter":6,"Akabeko":15,"Ring of the Snake":0},{"Lizard Tail":76,"Nunchaku":79,"Singing Bowl":27,"Snake Skull":36,"PreservedInsect":89,"Art of War":42,"Coffee Dripper":49,"Letter Opener":21,"Toy Ornithopter":21,"Akabeko":67,"Ring of the Snake":0}],"Toy Ornithopter":25,"Ring of the Snake":[42]},"card_choices":[{"not_picked":["PiercingWail","Outmaneuver"],"picked":"Noxious Fumes","floor":1.0},{"not_picked":["Backflip","Calculated Gamble"],"picked":"Flying Knee","floor":2.0},{"not_picked":["Expertise","Reflex"],"picked":"Catalyst","floor":3.0},{"not_picked":["Infinite Blades","Blade Dance"],"picked":"Catalyst","floor":4.0},{"not_picked":["Flying Knee","Sucker Punch","Cloak And Dagger"],"picked":"SKIP","floor":5.0},{"not_picked":["Heel Hook","Poisoned Stab"],"picked":"After Image","floor":7.0},{"not_picked":["Deflect","Outmaneuver"],"picked":"Die Die Die","floor":10.0},{"not_picked":["Underhanded Strike","PiercingWail"],"picked":"Noxious Fumes","floor":11.0},{"not_picked":["Backflip","Finisher","Quick Slash"],"picked":"Singing Bowl","floor":12.0},{"not_picked":["Calculated Gamble","Expertise","Predator"],"picked":"Singing Bowl","floor":14.0},{"not_picked":["Glass Knife","Storm of Steel"],"picked":"Doppelganger","floor":16.0},{"not_picked":["Endless Agony","Prepared","Underhanded Strike"],"picked":"Singing Bowl","floor":18.0},{"not_picked":["Underhanded Strike","Cloak And Dagger","Dagger Spray"],"picked":"Singing Bowl","floor":19.0},{"not_picked":["Accuracy+1","Footwork","Cloak And Dagger"],"picked":"Singing Bowl","floor":22.0},{"not_picked":["Accuracy","Glass Knife","Cloak And Dagger"],"picked":"Singing Bowl","floor":23.0},{"not_picked":["Deflect","Underhanded Strike","Sucker Punch"],"picked":"Singing Bowl","floor":25},{"not_picked":["Backflip","Skewer"],"picked":"Corpse Explosion","floor":27},{"not_picked":["Blade Dance","Bane"],"picked":"Burst","floor":29},{"not_picked":["Blade Dance","Slice+1"],"picked":"PiercingWail","floor":30},{"not_picked":["Dodge and Roll","Outmaneuver"],"picked":"Catalyst","floor":31}],"player_experience":63040,"relics_obtained":[{"floor":7.0,"key":"Toy Ornithopter"},{"floor":9.0,"key":"Letter Opener"},{"floor":10.0,"key":"Singing Bowl"},{"floor":14.0,"key":"Art of War"},{"floor":23.0,"key":"Akabeko"},{"floor":27,"key":"Lizard Tail"},{"floor":29,"key":"Nunchaku"},{"floor":31,"key":"PreservedInsect"}],"event_choices":[{"damage_healed":0.0,"max_hp_gain":0.0,"max_hp_loss":0.0,"gold_gain":0.0,"event_name":"Forgotten Altar","player_choice":"Smashed Altar","floor":20.0,"gold_loss":0.0,"damage_taken":0.0,"cards_obtained":["Decay"]},{"damage_healed":0.0,"max_hp_gain":0.0,"max_hp_loss":0.0,"gold_gain":0.0,"cards_transformed":["Strike_G"],"event_name":"Transmorgrifier","player_choice":"Transformed","floor":24.0,"gold_loss":0.0,"damage_taken":0.0,"cards_obtained":["Caltrops"]}],"is_beta":false,"boss_relics":[{"not_picked":["Fusion Hammer","Ectoplasm"],"picked":"Coffee Dripper"}],"items_purged_floors":[13,21],"is_endless":false,"potions_floor_spawned":[1,3,10,12,16,19,22,27],"killed_by":"Automaton","ascension_level":20}}