{"host":"51qmnr9isyv85d0p","time":1609496586,"event":{"mods":["AchievementEnabler","BaseMod","Colored Map","Colored Powertips","Curses Come First","Downfall","Minty Spire (QoL Compilation)","Relic Stats","StSLib","TestMod","vexMod"],"gold_per_floor":[99,9999,8971,8988,8988,9018,9018,9052,9081,9091,9091,9103,9135,8276,8292,8393,8393,8393,8408,8423,8436,7710,7710,7710,7710,7710,7710,7042,7056,7056,7084,7097,7197,7197,7197,7211,7169,7189,6863,6901,6901,6500,6531,6554,6221,5885,5885,5538,5550,5558],"floor_reached":51,"playtime":2846,"items_purged":["champ:Defend","Pain","champ:Defend","champ:Strike"],"score":1052,"play_id":"804e75c7-b219-48b5-a4cf-adc8f57f7830","local_time":"20210101182306","is_ascension_mode":true,"campfire_choices":[{"data":"champ:Taunt","floor":1.0,"key":"SMITH"},{"data":"champ:DefensiveStyle","floor":18.0,"key":"SMITH"},{"data":"champ:Taunt","floor":27,"key":"SMITH"},{"data":"champ:ShieldThrow","floor":35,"key":"SMITH"},{"data":"champ:HoldFirm","floor":47,"key":"SMITH"}],"circlet_count":0,"master_deck":["champ:Execute","champ:Taunt+1","champ:StanceDance","champ:Balance","champ:DefensiveStyle+1","champ:ShieldSlam","champ:SkillfulDodge","champ:ShieldSigil","Panacea","champ:ShieldThrow+1","champ:EnchantShield","champ:DefensiveStyle","Dramatic Entrance","champ:Taunt+1","champ:DefensiveShout","champ:ShieldThrow","champ:Control","champ:ShieldSigil","champ:CalledShot+1","champ:DefensiveShout","champ:HoldFirm+1","champ:ShieldSlam","champ:BringItOn+1","testmod-Mystery","champ:StanceDance"],"relics":["champ:ChampionCrown","testmod-TestBox","testmod-EqualTreatment","Ornamental Fan","Anchor","Strange Spoon","testmod-Antiphasic","Matryoshka","Bag of Marbles","Odd Mushroom","WarpedTongs","Mercury Hourglass","Happy Flower","Lizard Tail","vexMod:Spyglass","testmod-StringDisintegrator","Boot","Nunchaku","Medical Kit","Centennial Puzzle","vexMod:HeadHunter","testmod-ArcanaOfDestiny","vexMod:BarristanHead","Bottled Flame","Membership Card","testmod-AssaultLearning","testmod-KeyOfTheVoid","Pantograph","Gambling Chip","Frozen Eye","testmod-Acrobat","Question Card","testmod-Register","Eternal Feather","Bronze Scales","Torii","vexMod:RetaliationKit","Blood Vial","ClockworkSouvenir","testmod-BalancedPeriapt","Pen Nib","Guardian:PocketSentry","TheAbacus","vexMod:InvisibilityCloak","Bag of Preparation"],"acts_visited":["Exordium","TheCity","TheBeyond"],"potions_floor_usage":[22,28,33,33,48,50,50,50,50],"damage_taken":[{"damage":5.0,"enemies":"Small Slimes","floor":2.0,"turns":4.0},{"damage":10.0,"enemies":"downfall:FleeingMerchant","floor":3.0,"turns":4.0},{"damage":5.0,"enemies":"2 Louse","floor":4.0,"turns":2.0},{"damage":15.0,"enemies":"3 Sentries","floor":6.0,"turns":4.0},{"damage":24.0,"enemies":"Lagavulin","floor":8.0,"turns":6.0},{"damage":14.0,"enemies":"The Mushroom Lair","floor":9.0,"turns":4.0},{"damage":10.0,"enemies":"Cultist","floor":10.0,"turns":3.0},{"damage":3.0,"enemies":"Lots of Slimes","floor":12.0,"turns":1.0},{"damage":18.0,"enemies":"3 Sentries","floor":13.0,"turns":4.0},{"damage":15.0,"enemies":"downfall:FleeingMerchant","floor":14.0,"turns":4.0},{"damage":9.0,"enemies":"Blue Slaver","floor":15.0,"turns":3.0},{"damage":83.0,"enemies":"downfall:Defect","floor":16.0,"turns":8.0},{"damage":15.0,"enemies":"3 Byrds","floor":19.0,"turns":3.0},{"damage":17.0,"enemies":"Shell Parasite","floor":20.0,"turns":5.0},{"damage":11.0,"enemies":"3 Cultists","floor":21.0,"turns":5.0},{"damage":15,"enemies":"downfall:FleeingMerchant","floor":22,"turns":4},{"damage":14,"enemies":"downfall:FleeingMerchant","floor":28,"turns":4},{"damage":5,"enemies":"Cultist and Chosen","floor":29,"turns":2},{"damage":13,"enemies":"Gremlin Leader","floor":31,"turns":5},{"damage":5,"enemies":"Snecko","floor":32,"turns":3},{"damage":32,"enemies":"downfall:Silent","floor":33,"turns":7},{"damage":0,"enemies":"3 Shapes","floor":36,"turns":1},{"damage":0,"enemies":"downfall:FleeingMerchant","floor":37,"turns":1},{"damage":0,"enemies":"Orb Walker","floor":38,"turns":1},{"damage":28,"enemies":"Nemesis","floor":40,"turns":5},{"damage":5,"enemies":"Reptomancer","floor":43,"turns":2},{"damage":51,"enemies":"Transient","floor":44,"turns":5},{"damage":0,"enemies":"4 Shapes","floor":49,"turns":1},{"damage":5,"enemies":"downfall:Watcher","floor":50,"turns":3}],"seed_played":"-2174042872395380414","potions_obtained":[{"floor":8.0,"key":"champ:TechniquePotion"},{"floor":9.0,"key":"hexamod:EctoCoolerPotion"},{"floor":12.0,"key":"Block Potion"},{"floor":16.0,"key":"SkillPotion"},{"floor":21.0,"key":"champ:CounterPotion"},{"floor":30,"key":"CultistPotion"},{"floor":31,"key":"DistilledChaos"},{"floor":38,"key":"champ:CounterPotion"},{"floor":43,"key":"Dexterity Potion"}],"is_trial":false,"path_per_floor":["R","M","$","M","?","E","T","E","?","M","?","M","E","$","M","B",null,"R","M","M","M","$","?","T","?","?","R","$","M","?","E","M","B",null,"R","M","$","M","$","E","T","$","E","M","?","$","R","?","M","B",null],"character_chosen":"THE_CHAMP","items_purchased":["Ornamental Fan","Anchor","Strange Spoon","champ:Balance","champ:DefensiveStyle","EssenceOfSteel","testmod-TestPotion","Slimebound:ThreeZeroPotion","Happy Flower","Lizard Tail","vexMod:Spyglass","Panacea","Guardian:BlockOnCardUsePotion","Boot","Nunchaku","Medical Kit","Strength Potion","champ:DefensiveStyle","vexMod:BarristanHead","Bottled Flame","Membership Card","BlessingOfTheForge","Pantograph","Gambling Chip","Frozen Eye","champ:ShieldSigil","champ:DefensiveStyle","testmod-Acrobat","Question Card","testmod-Register","champ:DefensiveShout","champ:AdrenalArmor","vexMod:RetaliationKit","Blood Vial","ClockworkSouvenir","champ:ShieldSlam","champ:BerserkersShout","Pen Nib","Guardian:PocketSentry","TheAbacus","testmod-Mystery","BlessingOfTheForge","champ:StanceDance","champ:BerserkersShout","vexMod:InvisibilityCloak","Bag of Preparation","testmod-SpacePotion","LiquidMemories","Fire Potion","Bandage Up"],"campfire_rested":0,"item_purchase_floors":[3,3,3,3,3,3,3,3,14,14,14,14,14,22,22,22,22,22,28,28,28,28,37,37,37,37,37,39,39,39,39,39,42,42,42,42,42,46,46,46,46,46,46,46,48,48,48,48,48,48],"current_hp_per_floor":[99,99,99,99,99,99,99,93,84,84,84,81,78,73,69,5,99,99,99,95,89,89,89,89,89,89,89,80,80,80,77,77,55,99,99,99,99,99,99,76,76,76,74,40,99,99,99,99,99,99],"gold":5558,"neow_bonus":"TEN_PERCENT_HP_BONUS","is_daily":false,"chose_seed":false,"campfire_upgraded":5,"win_rate":0.0,"timestamp":1609496586,"path_taken":["R","M","$","M","?","E","T","E","?","M","?","M","E","$","M","BOSS","R","M","M","?","$","?","T","?","?","R","$","?","?","E","M","BOSS","R","M","$","?","$","E","T","?","E","?","?","?","R","?","M","BOSS"],"items_purchased_type":["Relic","Relic","Relic","Card","Card","Potion","Potion","Potion","Relic","Relic","Relic","Card","Potion","Relic","Relic","Relic","Potion","Card","Relic","Relic","Relic","Potion","Relic","Relic","Relic","Card","Card","Relic","Relic","Relic","Card","Card","Relic","Relic","Relic","Card","Card","Relic","Relic","Relic","Card","Potion","Card","Card","Relic","Relic","Potion","Potion","Potion","Card"],"build_version":"2020-12-22","purchased_purges":4,"victory":true,"max_hp_per_floor":[99,99,99,99,99,99,99,99,99,99,99,99,99,99,99,99,99,99,99,99,99,99,99,99,99,99,99,99,99,99,99,99,99,99,99,99,99,99,99,99,99,99,99,99,99,99,99,99,99,99],"relic_stats":{"Happy Flower":[22],"Torii":0,"counters":[29,104],"Eternal Feather":0,"Pen Nib":[0],"Bag of Preparation":[4],"Boot":[14],"Medical Kit":[0],"Question Card":6,"WarpedTongs":[77],"Mercury Hourglass":[255],"Blood Vial":4,"Strange Spoon":[23],"Lizard Tail":0,"Nunchaku":[6],"Centennial Puzzle":[24],"TheAbacus":[0],"Ornamental Fan":[36],"Pantograph":0,"Gambling Chip":[10],"Bronze Scales":[24],"obtain_stats":[{"Torii":41,"testmod-EqualTreatment":0,"champ:ChampionCrown":0,"testmod-KeyOfTheVoid":34,"Bag of Preparation":48,"vexMod:Spyglass":14,"Boot":22,"ClockworkSouvenir":42,"Blood Vial":42,"Frozen Eye":37,"vexMod:InvisibilityCloak":48,"Lizard Tail":14,"testmod-StringDisintegrator":17,"Nunchaku":22,"Centennial Puzzle":24,"Matryoshka":7,"TheAbacus":46,"Pantograph":37,"Gambling Chip":37,"vexMod:RetaliationKit":42,"testmod-ArcanaOfDestiny":26,"testmod-TestBox":0,"Happy Flower":14,"testmod-Register":39,"Eternal Feather":40,"Pen Nib":46,"Guardian:PocketSentry":46,"Odd Mushroom":9,"Medical Kit":22,"Question Card":39,"WarpedTongs":11,"Mercury Hourglass":13,"Strange Spoon":3,"testmod-Antiphasic":6,"Anchor":3,"Bottled Flame":28,"vexMod:BarristanHead":28,"Ornamental Fan":3,"vexMod:HeadHunter":24,"testmod-AssaultLearning":31,"testmod-Acrobat":39,"Bronze Scales":41,"Bag of Marbles":8,"Membership Card":28,"testmod-BalancedPeriapt":43},{"Torii":25,"testmod-EqualTreatment":0,"champ:ChampionCrown":0,"testmod-KeyOfTheVoid":21,"Bag of Preparation":27,"vexMod:Spyglass":10,"Boot":16,"ClockworkSouvenir":25,"Blood Vial":25,"Frozen Eye":23,"vexMod:InvisibilityCloak":27,"Lizard Tail":10,"testmod-StringDisintegrator":12,"Nunchaku":16,"Centennial Puzzle":16,"Matryoshka":4,"TheAbacus":27,"Pantograph":23,"Gambling Chip":23,"vexMod:RetaliationKit":25,"testmod-ArcanaOfDestiny":16,"testmod-TestBox":0,"Happy Flower":10,"testmod-Register":24,"Eternal Feather":25,"Pen Nib":27,"Guardian:PocketSentry":27,"Odd Mushroom":6,"Medical Kit":16,"Question Card":24,"WarpedTongs":7,"Mercury Hourglass":9,"Strange Spoon":2,"testmod-Antiphasic":4,"Anchor":2,"Bottled Flame":17,"vexMod:BarristanHead":17,"Ornamental Fan":2,"vexMod:HeadHunter":16,"testmod-AssaultLearning":19,"testmod-Acrobat":24,"Bronze Scales":25,"Bag of Marbles":5,"Membership Card":17,"testmod-BalancedPeriapt":26},{"Torii":93,"testmod-EqualTreatment":0,"champ:ChampionCrown":0,"testmod-KeyOfTheVoid":85,"Bag of Preparation":100,"vexMod:Spyglass":36,"Boot":64,"ClockworkSouvenir":93,"Blood Vial":93,"Frozen Eye":87,"vexMod:InvisibilityCloak":100,"Lizard Tail":36,"testmod-StringDisintegrator":47,"Nunchaku":64,"Centennial Puzzle":64,"Matryoshka":14,"TheAbacus":100,"Pantograph":87,"Gambling Chip":87,"vexMod:RetaliationKit":93,"testmod-ArcanaOfDestiny":64,"testmod-TestBox":0,"Happy Flower":36,"testmod-Register":88,"Eternal Feather":93,"Pen Nib":100,"Guardian:PocketSentry":100,"Odd Mushroom":24,"Medical Kit":64,"Question Card":88,"WarpedTongs":27,"Mercury Hourglass":32,"Strange Spoon":8,"testmod-Antiphasic":14,"Anchor":8,"Bottled Flame":68,"vexMod:BarristanHead":68,"Ornamental Fan":8,"vexMod:HeadHunter":64,"testmod-AssaultLearning":75,"testmod-Acrobat":88,"Bronze Scales":93,"Bag of Marbles":20,"Membership Card":68,"testmod-BalancedPeriapt":95}]},"card_choices":[{"not_picked":["champ:BladeFlurry","champ:CrookedStrike","champ:GutPunch"],"picked":"SKIP","floor":2.0},{"not_picked":["champ:DefensiveShout","champ:Circumvent"],"picked":"champ:StanceDance","floor":3.0},{"not_picked":["champ:DefensiveShout","champ:BerserkersShout","champ:Backstep"],"picked":"SKIP","floor":4.0},{"not_picked":["champ:StanceDance","champ:FalseCounter"],"picked":"champ:ShieldSlam","floor":6.0},{"not_picked":["champ:PerfectedStrike","champ:GladiatorsShout"],"picked":"champ:SkillfulDodge","floor":8.0},{"not_picked":["champ:BerserkerStyle","champ:BringItOn","champ:RageSigil"],"picked":"SKIP","floor":10.0},{"not_picked":["champ:FaceSlap","champ:Balance"],"picked":"champ:ShieldSigil","floor":12.0},{"not_picked":["champ:EndlessRage","champ:CrookedStrike","champ:EnchantCrown"],"picked":"SKIP","floor":13.0},{"not_picked":["champ:StanceDance","champ:Aggression","champ:AdrenalArmor"],"picked":"SKIP","floor":14.0},{"not_picked":["champ:FanOfKnives","champ:Circumvent","champ:PreciseThrust"],"picked":"SKIP","floor":15.0},{"not_picked":["champ:SteelEdge","champ:MurderStrike"],"picked":"champ:ShieldThrow","floor":16.0},{"not_picked":["champ:BringItOn+1","champ:BladeFlurry+1","champ:EnragedBash+1"],"picked":"SKIP","floor":19.0},{"not_picked":["champ:ShieldSigil","champ:Shatter"],"picked":"champ:EnchantShield","floor":20.0},{"not_picked":["champ:BladeFlurry+1","champ:BerserkersShout+1","champ:BerserkerStyle"],"picked":"SKIP","floor":21.0},{"not_picked":["champ:BladeFlurry+1","champ:BerserkersShout+1","champ:BerserkerStyle"],"picked":"SKIP","floor":21.0},{"not_picked":["champ:FanOfKnives+1","champ:AdrenalArmor","champ:EndlessRage+1"],"picked":"SKIP","floor":22},{"not_picked":["champ:FocusedGladiator","champ:FlashCut","champ:CrookedStrike"],"picked":"SKIP","floor":28},{"not_picked":["champ:Control","champ:StanceDance+1"],"picked":"champ:DefensiveShout","floor":29},{"not_picked":["champ:StrikeOfGenius","champ:MurderStrike"],"picked":"champ:EnchantSword","floor":31},{"not_picked":["champ:TornadoPunch+1","champ:FlashCut+1","champ:StanceDance+1"],"picked":"SKIP","floor":31},{"not_picked":["champ:TornadoPunch+1","champ:FlashCut+1","champ:StanceDance+1"],"picked":"SKIP","floor":31},{"not_picked":["champ:Aggression","champ:DefensiveShout","champ:BerserkersShout"],"picked":"SKIP","floor":32},{"not_picked":["champ:StrikeOfGenius","champ:CheapShot"],"picked":"champ:ShieldThrow","floor":33},{"not_picked":["champ:Shatter+1","champ:GutPunch+1"],"picked":"champ:BringItOn+1","floor":36},{"not_picked":["champ:StanceDance","champ:FocusedGladiator"],"picked":"champ:Control","floor":37},{"not_picked":["champ:PerfectedStrike","champ:Circumvent"],"picked":"champ:CalledShot+1","floor":38},{"not_picked":["champ:Devastate","champ:CheapShot","champ:MurderStrike"],"picked":"champ:HoldFirm","floor":40},{"not_picked":["champ:DefensiveStyle+1","champ:PerfectedStrike","champ:RageSigil"],"picked":"champ:TornadoPunch+1","floor":40},{"not_picked":["champ:CrownThrow","champ:DancingMaster","champ:HeavySlash"],"picked":"champ:LastStand","floor":43},{"not_picked":["champ:TornadoPunch","champ:Shatter","champ:FocusedBerserking+1"],"picked":"champ:EnchantCrown","floor":43},{"not_picked":["champ:BladeFlurry","champ:Circumvent","champ:Lariat"],"picked":"champ:BringItOn+1","floor":44},{"not_picked":["champ:EnragedBash+1","champ:HeartStrike","champ:CrookedStrike","champ:VampiricStrike"],"picked":"SKIP","floor":49}],"player_experience":56122,"relics_obtained":[{"floor":6.0,"key":"testmod-Antiphasic"},{"floor":7.0,"key":"Matryoshka"},{"floor":8.0,"key":"Bag of Marbles"},{"floor":9.0,"key":"Odd Mushroom"},{"floor":13.0,"key":"Mercury Hourglass"},{"floor":24,"key":"Centennial Puzzle"},{"floor":24,"key":"vexMod:HeadHunter"},{"floor":31,"key":"testmod-AssaultLearning"},{"floor":40,"key":"Eternal Feather"},{"floor":41,"key":"Bronze Scales"},{"floor":41,"key":"Torii"},{"floor":43,"key":"testmod-BalancedPeriapt"}],"event_choices":[{"cards_removed":["champ:Strike"],"damage_healed":0.0,"max_hp_gain":0.0,"max_hp_loss":0.0,"gold_gain":0.0,"event_name":"The Cleric","player_choice":"Card Removal","floor":5.0,"gold_loss":0.0,"damage_taken":0.0},{"damage_healed":0.0,"max_hp_gain":0.0,"max_hp_loss":0.0,"gold_gain":0.0,"event_name":"Mushrooms","player_choice":"Fought Mushrooms","floor":9.0,"gold_loss":0.0,"damage_taken":0.0},{"damage_healed":0.0,"max_hp_gain":0.0,"max_hp_loss":0.0,"gold_gain":0.0,"event_name":"Accursed Blacksmith","player_choice":"Rummage","floor":11.0,"gold_loss":0.0,"damage_taken":0.0,"relics_obtained":["WarpedTongs"],"cards_obtained":["Pain"]},{"damage_healed":0,"gold_gain":0,"player_choice":"Ignored","damage_taken":0,"max_hp_gain":0,"max_hp_loss":0,"event_name":"Vampires","floor":23,"gold_loss":0}],"is_beta":false,"boss_relics":[{"not_picked":["SlaversCollar","vexMod:MegatonBomb"],"picked":"testmod-StringDisintegrator"},{"not_picked":["testmod-BatchProcessingSystem","Snecko Eye"],"picked":"testmod-KeyOfTheVoid"}],"items_purged_floors":[3,14,22,28],"is_endless":false,"potions_floor_spawned":[4,8,9,12,15,16,21,29,31,38,43,44],"ascension_level":2}}