{"host":"m77rrhbqzv44va4v","time":1609523125,"event":{"mods":["AchievementEnabler","BaseMod","Colored Map","DeckTracker","Keyboard Shortcuts","Minty Spire (QoL Compilation)","StSLib","SuperFastMode","everything is the same but u backflip on backflip"],"gold_per_floor":[114,133,153,164,21,46,46,73,73,89,99,111,111,128,128,229,229,239,239,251,265,265,265,299,58,131,143,157,157,9,22,22,22,22],"floor_reached":33,"playtime":1194,"items_purged":["Strike_B"],"score":396,"play_id":"1370f9f2-e2d2-40b2-b126-dba335235bec","local_time":"20210102024525","is_ascension_mode":true,"campfire_choices":[{"data":"Loop","floor":7,"key":"SMITH"},{"floor":13,"key":"REST"},{"data":"Reboot","floor":15,"key":"SMITH"},{"floor":23,"key":"REST"},{"floor":32,"key":"REST"}],"circlet_count":0,"master_deck":["Strike_B","Strike_B","Defend_B","Defend_B","Defend_B","Defend_B","Zap","Dualcast","Loop+1","Leap","Sweeping Beam","Coolheaded","Ball Lightning","Reboot+1","Glacier","Turbo","Cold Snap","Biased Cognition+1","FTL","Ball Lightning+1","Reinforced Body","Core Surge","Barrage","Buffer","Chill"],"relics":["Cracked Core","Bronze Scales","Sling","Bottled Lightning","Blood Vial","Happy Flower","Snecko Eye","Enchiridion","Darkstone Periapt","Pantograph","Medical Kit"],"acts_visited":["Exordium","TheCity"],"potions_floor_usage":[6,27,31,33],"damage_taken":[{"damage":4,"enemies":"Jaw Worm","floor":1,"turns":4},{"damage":7,"enemies":"Small Slimes","floor":2,"turns":4},{"damage":2,"enemies":"Cultist","floor":3,"turns":4},{"damage":4,"enemies":"Red Slaver","floor":4,"turns":4},{"damage":8,"enemies":"Lagavulin","floor":6,"turns":7},{"damage":8,"enemies":"3 Sentries","floor":8,"turns":6},{"damage":3,"enemies":"Large Slime","floor":10,"turns":5},{"damage":9,"enemies":"3 Louse","floor":11,"turns":3},{"damage":11,"enemies":"Exordium Thugs","floor":12,"turns":7},{"damage":0,"enemies":"Large Slime","floor":14,"turns":3},{"damage":25,"enemies":"Hexaghost","floor":16,"turns":11},{"damage":1,"enemies":"Chosen","floor":18,"turns":5},{"damage":0,"enemies":"3 Byrds","floor":20,"turns":2},{"damage":24,"enemies":"Cultist and Chosen","floor":21,"turns":6},{"damage":39,"enemies":"Slavers","floor":24,"turns":5},{"damage":2,"enemies":"Centurion and Healer","floor":27,"turns":7},{"damage":1,"enemies":"Snake Plant","floor":28,"turns":4},{"damage":9,"enemies":"3 Cultists","floor":31,"turns":5},{"damage":62,"enemies":"Automaton","floor":33,"turns":6}],"seed_played":"-6908520235236783253","potions_obtained":[{"floor":1,"key":"FocusPotion"},{"floor":3,"key":"GamblersBrew"},{"floor":12,"key":"Block Potion"},{"floor":14,"key":"Weak Potion"},{"floor":24,"key":"DuplicationPotion"}],"is_trial":false,"path_per_floor":["M","M","M","M","$","E","R","E","T","M","M","M","R","M","R","B",null,"M","?","M","M","?","R","E","$","T","M","M","?","$","M","R","B"],"character_chosen":"DEFECT","items_purchased":["Sling","Core Surge","Barrage","Medical Kit"],"campfire_rested":3,"item_purchase_floors":[5,25,25,30],"current_hp_per_floor":[64,57,55,51,51,43,43,35,35,34,27,18,40,42,42,19,61,62,46,48,26,26,48,11,11,11,11,12,12,12,5,27,0,0],"gold":22,"neow_bonus":"RANDOM_COMMON_RELIC","is_daily":false,"chose_seed":false,"campfire_upgraded":2,"win_rate":0.0,"timestamp":1609523125,"path_taken":["M","M","M","M","$","E","R","E","T","M","M","M","R","M","R","BOSS","M","?","M","M","?","R","E","$","T","M","M","?","$","M","R","BOSS"],"items_purchased_type":["Relic","Card","Card","Relic"],"build_version":"2020-12-22","purchased_purges":1,"victory":false,"max_hp_per_floor":[75,75,75,75,75,75,75,75,75,75,75,75,75,75,75,75,75,75,75,75,75,75,75,75,75,75,75,75,75,75,75,75,75,75],"card_choices":[{"not_picked":["Capacitor","Hologram"],"picked":"Loop","floor":1},{"not_picked":["Beam Cell","Barrage"],"picked":"Leap","floor":2},{"not_picked":["Steam","Blizzard"],"picked":"Sweeping Beam","floor":3},{"not_picked":["Turbo","Aggregate"],"picked":"Coolheaded","floor":4},{"not_picked":["Gash","Rebound"],"picked":"Ball Lightning","floor":6},{"not_picked":["Leap","Capacitor"],"picked":"Reboot","floor":8},{"not_picked":["Beam Cell","Doom and Gloom","Stack"],"picked":"SKIP","floor":10},{"not_picked":["Cold Snap","Ball Lightning"],"picked":"Glacier","floor":11},{"not_picked":["Storm","Reprogram"],"picked":"Turbo","floor":12},{"not_picked":["Recycle","Aggregate"],"picked":"Cold Snap","floor":14},{"not_picked":["Buffer","Core Surge"],"picked":"Biased Cognition","floor":16},{"not_picked":["Coolheaded","Darkness+1"],"picked":"FTL","floor":18},{"not_picked":["Stack+1","Steam","Leap+1"],"picked":"SKIP","floor":20},{"not_picked":["Steam","Hologram+1"],"picked":"Ball Lightning+1","floor":21},{"not_picked":["Double Energy","Sweeping Beam"],"picked":"Reinforced Body","floor":24},{"not_picked":["Go for the Eyes+1","Beam Cell"],"picked":"Buffer","floor":27},{"not_picked":["Hologram","Stack","Cold Snap"],"picked":"SKIP","floor":28},{"not_picked":["Steam Power+1","Conserve Battery"],"picked":"Chill","floor":31}],"player_experience":869166,"relics_obtained":[{"floor":6,"key":"Bottled Lightning"},{"floor":8,"key":"Blood Vial"},{"floor":9,"key":"Happy Flower"},{"floor":19,"key":"Enchiridion"},{"floor":24,"key":"Darkstone Periapt"},{"floor":26,"key":"Pantograph"}],"event_choices":[{"damage_healed":0,"gold_gain":0,"player_choice":"Obtained Book","damage_taken":16,"max_hp_gain":0,"max_hp_loss":0,"event_name":"Cursed Tome","floor":19,"gold_loss":0},{"cards_removed":["Strike_B"],"damage_healed":0,"gold_gain":0,"player_choice":"Elegance","damage_taken":0,"max_hp_gain":0,"max_hp_loss":0,"event_name":"Back to Basics","floor":22,"gold_loss":0},{"damage_healed":0,"gold_gain":0,"player_choice":"Upgraded","damage_taken":0,"max_hp_gain":0,"max_hp_loss":0,"event_name":"Upgrade Shrine","floor":29,"gold_loss":0,"cards_upgraded":["Biased Cognition"]}],"is_beta":false,"boss_relics":[{"not_picked":["Pandora\u0027s Box","Runic Dome"],"picked":"Snecko Eye"}],"items_purged_floors":[25],"is_endless":false,"potions_floor_spawned":[1,3,12,14,16,18,20,24],"killed_by":"Automaton","ascension_level":8}}