{"host":"nk1hwk2qadwaubm5","time":1609519450,"event":{"mods":["BaseMod","Hermit","Hubris","Infinite Spire","Minty Spire (QoL Compilation)","Replay The Spire","StSLib","The Cursed","The Jungle"],"gold_per_floor":[117,133,144,144,144,174,192,35,58,84,84,104,104,122,122,227,227,243,243,243,254,272,272,299,299,324,324,343,66,66,101,101,200,200,210,221,240,240,10,49,49,67,67,84,84,84,84],"floor_reached":46,"playtime":3779,"items_purged":["Normality"],"score":683,"play_id":"f45a548a-5a9b-4dc7-9327-1cbf17f9eb14","local_time":"20210101174410","is_ascension_mode":true,"campfire_choices":[{"data":"hermit:Deadeye","floor":15,"key":"SMITH"},{"data":"hermit:Brawl","floor":23,"key":"SMITH"},{"data":"hermit:Roughhouse","floor":25,"key":"SMITH"},{"data":"hermit:Strike_Hermit","floor":27,"key":"SMITH"},{"floor":32,"key":"REST"},{"data":"hermit:Strike_Hermit","floor":41,"key":"SMITH"},{"data":"hermit:Strike_Hermit","floor":41,"key":"SMITH"}],"circlet_count":0,"master_deck":["hermit:Strike_Hermit","hermit:Strike_Hermit+4","hermit:Strike_Hermit","hermit:Defend_Hermit","hermit:Defend_Hermit","hermit:Defend_Hermit","hermit:Defend_Hermit","hermit:Snapshot","hermit:Covet","hermit:Ricochet+1","hermit:GhostlyPresence","hermit:Deadeye+1","hermit:Malice","hermit:Enervate","hermit:Roughhouse+1","hermit:Brawl+1","hermit:BodyArmor+1","hermit:Brawl+1","hermit:Cheat","Decay","hermit:Ricochet","hermit:Combo+1","hermit:TakeAim","hermit:RoundhouseKick","hermit:Maintenance+1"],"relics":["hubris:RunicObelisk","Ring of Searing","ReplayTheSpireMod:Ring of Challenge","hubris:ToyBattleship","infinitespire:Satchel","Dream Catcher","Tiny Chest","Replay:Ringing Soul","hubris:Backtick","Shuriken","ReplayTheSpireMod:TigerMarble","Simple Rune","hubris:SlimyHat","hubris:SphereOfDissonance","Replay:Arrowhead","Velvet Choker","Sling","Toxic Egg 2","hubris:MobiusCoin","Cursed Key"],"acts_visited":["Exordium","TheCity","TheBeyond"],"potions_floor_usage":[36,37,44,44],"damage_taken":[{"damage":0,"enemies":"Cultist","floor":1,"turns":3},{"damage":0,"enemies":"Small Slimes","floor":2,"turns":2},{"damage":0,"enemies":"Jaw Worm","floor":3,"turns":3},{"damage":24,"enemies":"Lagavulin","floor":6,"turns":5},{"damage":0,"enemies":"3 Louse","floor":7,"turns":2},{"damage":0,"enemies":"3 Sentries","floor":10,"turns":4},{"damage":0,"enemies":"Blue Slaver","floor":12,"turns":2},{"damage":0,"enemies":"Large Slime","floor":14,"turns":3},{"damage":0,"enemies":"Fading Forest","floor":16,"turns":11},{"damage":26,"enemies":"Shell Parasite","floor":18,"turns":4},{"damage":2,"enemies":"Chosen","floor":21,"turns":3},{"damage":9,"enemies":"Snake Plant","floor":22,"turns":3},{"damage":4,"enemies":"Gremlin Leader","floor":24,"turns":4},{"damage":10,"enemies":"Centurion and Healer","floor":28,"turns":3},{"damage":22,"enemies":"Nightmare","floor":31,"turns":5},{"damage":4,"enemies":"Automaton","floor":33,"turns":6},{"damage":10,"enemies":"Orb Walker","floor":35,"turns":2},{"damage":42,"enemies":"3 Darklings","floor":36,"turns":5},{"damage":34,"enemies":"4 Shapes","floor":37,"turns":7},{"damage":14,"enemies":"R_Hoarder","floor":40,"turns":5},{"damage":3,"enemies":"Spire Growth","floor":42,"turns":3},{"damage":0,"enemies":"Jaw Worm Horde","floor":44,"turns":3},{"damage":10,"enemies":"Sphere and 2 Shapes","floor":46,"turns":1}],"seed_played":"-2405107503238089804","potions_obtained":[{"floor":2,"key":"Adrenaline Potion"},{"floor":7,"key":"AttackPotion"},{"floor":12,"key":"Dexterity Potion"},{"floor":40,"key":"Adrenaline Potion"}],"is_trial":false,"path_per_floor":["M","M","M","?","?","E","M","$","T","E","T","M","?","M","R","B",null,"M","?","T","M","M","R","E","R","T","R","M","$","?","NM","R","B",null,"M","M","M","?","$","E","R","M","T","M","AVR","M"],"character_chosen":"HERMIT","items_purchased":["infinitespire:Satchel","hermit:Cheat","hubris:SphereOfDissonance","Sling"],"campfire_rested":1,"item_purchase_floors":[8,29,29,39],"current_hp_per_floor":[75,75,75,75,75,51,51,51,51,51,51,54,47,47,47,50,81,55,58,58,59,50,50,49,49,49,49,39,42,45,26,55,51,99,89,50,19,19,19,8,8,8,8,8,8,0,0],"gold":84,"neow_bonus":"BOSS_RELIC","is_daily":false,"chose_seed":false,"campfire_upgraded":6,"win_rate":0.0,"timestamp":1609519450,"path_taken":["M","M","?","?","?","E","M","$","T","E","?","M","?","M","R","BOSS","M","?","?","M","M","R","E","R","T","R","M","$","?","NM","R","BOSS","M","?","M","?","$","E","R","M","T","M","AVR","M"],"items_purchased_type":["Relic","Card","Relic","Relic"],"build_version":"2020-12-22","purchased_purges":1,"victory":false,"max_hp_per_floor":[75,75,75,75,75,75,75,75,75,75,75,78,78,78,78,81,81,81,84,84,87,87,87,90,90,90,90,90,93,96,99,99,99,99,99,102,105,105,105,108,108,111,111,111,111,111,111],"card_choices":[{"not_picked":["hermit:TakeCover","hermit:Feint"],"picked":"hermit:Ricochet","floor":1},{"not_picked":["hermit:Midnight","hermit:Snipe"],"picked":"hermit:GhostlyPresence","floor":2},{"not_picked":["hermit:Coalescence","hermit:Feint","hermit:Desperado"],"picked":"SKIP","floor":3},{"not_picked":["hermit:SprayPray","hermit:TakeAim"],"picked":"hermit:Deadeye","floor":6},{"not_picked":["hermit:Misfire","hermit:Feint"],"picked":"hermit:Malice","floor":7},{"not_picked":["hermit:FromBeyond","hermit:LowProfile","hermit:Dive"],"picked":"SKIP","floor":10},{"not_picked":["hermit:Showdown","hermit:LuckOfTheDraw"],"picked":"hermit:Enervate","floor":12},{"not_picked":["hermit:Ricochet","hermit:CalledShot","hermit:Manifest"],"picked":"SKIP","floor":14},{"not_picked":["hermit:Adapt","hermit:Gambit"],"picked":"hermit:Roughhouse","floor":16},{"not_picked":["hermit:WideOpen","hermit:Snipe+1","hermit:CalledShot"],"picked":"SKIP","floor":18},{"not_picked":["hermit:Maintenance+1","hermit:Glare"],"picked":"hermit:BodyArmor+1","floor":21},{"not_picked":["hermit:Feint","hermit:DeadMansHand","hermit:HighCaliber"],"picked":"SKIP","floor":22},{"not_picked":["hermit:Coalescence","hermit:NoHoldsBarred"],"picked":"hermit:Brawl+1","floor":24},{"not_picked":["hermit:WideOpen+1","hermit:ItchyTrigger+1","hermit:BodyArmor"],"picked":"SKIP","floor":28},{"not_picked":["hermit:Purgatory","hermit:Roulette"],"picked":"hermit:Ricochet","floor":31},{"not_picked":["hermit:PistolWhip","hermit:Brawl","hermit:Glare"],"picked":"SKIP","floor":35},{"not_picked":["hermit:Manifest+1","hermit:TrackingShot"],"picked":"hermit:Combo+1","floor":36},{"not_picked":["hermit:HighCaliber+1","hermit:Midnight+1"],"picked":"hermit:TakeAim","floor":37},{"not_picked":["hermit:Feint+1","hermit:LoneWolf+1"],"picked":"hermit:RoundhouseKick","floor":40},{"not_picked":["hermit:Spite+1","hermit:Roulette+1"],"picked":"hermit:Maintenance+1","floor":42},{"not_picked":["hermit:Quickdraw","hermit:TrackingShot","hermit:BigShot"],"picked":"SKIP","floor":44}],"player_experience":235928,"relics_obtained":[{"floor":5,"key":"Ring of Searing"},{"floor":5,"key":"ReplayTheSpireMod:Ring of Challenge"},{"floor":6,"key":"hubris:ToyBattleship"},{"floor":9,"key":"Dream Catcher"},{"floor":10,"key":"Tiny Chest"},{"floor":11,"key":"Replay:Ringing Soul"},{"floor":20,"key":"ReplayTheSpireMod:TigerMarble"},{"floor":24,"key":"Simple Rune"},{"floor":26,"key":"hubris:SlimyHat"},{"floor":31,"key":"Replay:Arrowhead"},{"floor":40,"key":"Toxic Egg 2"},{"floor":43,"key":"hubris:MobiusCoin"}],"event_choices":[{"damage_healed":0,"gold_gain":0,"player_choice":"Grow","damage_taken":0,"max_hp_gain":0,"max_hp_loss":0,"event_name":"Living Wall","floor":4,"gold_loss":0,"cards_upgraded":["hermit:Ricochet"]},{"cards_removed":["hermit:Strike_Hermit"],"damage_healed":0,"gold_gain":0,"player_choice":"Card Removal","damage_taken":7,"max_hp_gain":0,"max_hp_loss":0,"event_name":"Golden Wing","floor":13,"gold_loss":0},{"damage_healed":0,"gold_gain":0,"player_choice":"Read","damage_taken":0,"max_hp_gain":0,"max_hp_loss":0,"event_name":"The Library","floor":19,"gold_loss":0,"cards_obtained":["hermit:Brawl"]},{"damage_healed":0,"gold_gain":0,"player_choice":"Cursed","damage_taken":0,"max_hp_gain":0,"max_hp_loss":0,"event_name":"Wheel of Change","floor":30,"gold_loss":0,"cards_obtained":["Decay"]}],"is_beta":false,"boss_relics":[{"not_picked":["Tiny House","Astrolabe"],"picked":"hubris:Backtick"},{"not_picked":["Painkiller Herb","hubris:HollowSoul"],"picked":"Velvet Choker"}],"items_purged_floors":[39],"is_endless":false,"potions_floor_spawned":[2,7,12,21,33,35,40],"killed_by":"Sphere and 2 Shapes","ascension_level":2}}