{"host":"lkyw40t68mxhwfjf","time":1609509253,"event":{"mods":["2.2 Compatiblity","Act Like it!","Arknights The Spire","BaseMod","Hallownest","HololiveMod","Hubris","Koishi","Lobotomy","Marisa¡]Ãú«B¡@Å]²z¨F¡^","Minty Spire (QoL Compilation)","Prisma Mod","Reimu¡]³Õ???¡^","Remilia¡]Á¢¦Ì²ú?¡^","Replay The Spire","RumiaBox-ÅS¦Ì?ªº¯«¯µ²°¤l","StSLib","The Animator","The Servant 0.9.4","TheSwordswoman","WarShipGirlsR/??¤Ö¤kR mod","Youmu¡]»î¾z§¯?¡^","Yuyuko"],"gold_per_floor":[114,164,180,244,304,304,211,211,211,239,239,239,258,278,278,378,378,303,321,281,299,209,209,221,221,221],"floor_reached":25,"playtime":1422,"items_purged":["hubris:Gluttony"],"score":203,"play_id":"1ec301dd-420b-4a76-a1f6-526f860e7e52","local_time":"20210101215413","is_ascension_mode":false,"campfire_choices":[{"data":"ats:Healing Strengthening","floor":6,"key":"SMITH"},{"data":"ats:Healing Strengthening","floor":8,"key":"SMITH"},{"floor":12,"key":"RECALL"},{"data":"ats:Dogmatic Field","floor":15,"key":"SMITH"},{"data":"ats:Healing Drone","floor":23,"key":"SMITH"}],"circlet_count":0,"master_deck":["ats:Strike C","ats:Strike G","ats:Strike S","ats:Strike V","ats:Armor Crushing Shot","ats:Defend","ats:Defend","ats:Defend","ats:Defend","ats:Emotion Absorption+1","ats:Healing Drone+1","ats:Healing Strengthening+1","ats:Shadow Assault","ats:Support Order","ats:Apocalypse+1","ats:Healing Strengthening+1","ats:Defend Order","ats:Dogmatic Field+1","ats:Assault Order","ats:Roar Of Ursus+1","ats:Curse Doll","ats:Powerful Strike","ats:Explosion Area Strengthen","ats:Counter Healing Mode"],"relics":["ats:Sanity","ReplayTheSpireMod:Ring of Challenge","Ring of Greed","Membership Card","MealTicket","Shuriken","ats:Originium","Ginger","Black Star","ZunR:ReiMu"],"acts_visited":["Exordium","TheCity"],"potions_floor_usage":[18,25,25,25],"damage_taken":[{"damage":6,"enemies":"Small Slimes","floor":1,"turns":4},{"damage":12,"enemies":"2 Louse","floor":3,"turns":4},{"damage":45,"enemies":"Jaw Worm","floor":4,"turns":7},{"damage":39,"enemies":"Large Slime","floor":5,"turns":13},{"damage":57,"enemies":"3 Sentries","floor":10,"turns":9},{"damage":47,"enemies":"Exordium Thugs","floor":13,"turns":7},{"damage":39,"enemies":"Exordium Wildlife","floor":14,"turns":7},{"damage":86,"enemies":"Slime Boss","floor":16,"turns":15},{"damage":56,"enemies":"2 Thieves","floor":18,"turns":5},{"damage":74,"enemies":"Shell Parasite","floor":19,"turns":15},{"damage":70,"enemies":"Snake Plant","floor":21,"turns":7},{"damage":119,"enemies":"Centurion and Healer","floor":24,"turns":15},{"damage":78,"enemies":"Book of Stabbing","floor":25,"turns":4}],"seed_played":"2845556282235286688","potions_obtained":[{"floor":10,"key":"Languid Potion"},{"floor":13,"key":"SteroidPotion"},{"floor":14,"key":"SkillPotion"},{"floor":21,"key":"SteroidPotion"}],"is_trial":false,"path_per_floor":["M","?","M","M","M","R","$","R","T","E","?","R","M","M","R","B",null,"M","M","?","M","?","R","M","E"],"character_chosen":"DOCTOR_CLASS","items_purchased":["ats:Apocalypse+1","ats:Healing Strengthening"],"campfire_rested":0,"item_purchase_floors":[7,7],"current_hp_per_floor":[66,66,60,51,60,60,72,72,72,72,77,77,70,77,77,77,77,21,77,77,62,62,62,58,0,0],"gold":221,"neow_bonus":"UPGRADE_CARD","is_daily":false,"chose_seed":false,"campfire_upgraded":4,"win_rate":0.0,"timestamp":1609509253,"path_taken":["M","?","M","M","M","R","$","R","T","E","?","R","M","M","R","BOSS","M","M","?","M","?","R","M","E"],"items_purchased_type":["Card","Card"],"build_version":"2020-12-22","purchased_purges":1,"victory":false,"max_hp_per_floor":[72,72,72,72,72,72,72,72,72,72,77,77,77,77,77,77,77,77,77,77,77,77,77,77,77,77],"card_choices":[{"not_picked":["ats:Explosion Area Strengthen","ats:Ignite"],"picked":"ats:Healing Drone","floor":1},{"not_picked":["ats:Flame Of Heaven","ats:Red Shift"],"picked":"ats:Healing Strengthening","floor":3},{"not_picked":["ats:Assault Order","ats:Apocalypse"],"picked":"ats:Shadow Assault","floor":4},{"not_picked":["ats:Burning Ground","ats:Shell Defense"],"picked":"ats:Support Order","floor":5},{"not_picked":["ats:Poison Spread","ats:Powerful Strike"],"picked":"ats:Defend Order","floor":10},{"not_picked":["ats:Red Shift","ats:Flame Of Heaven"],"picked":"ats:Dogmatic Field","floor":13},{"not_picked":["ats:Sword Rain","ats:Shell Defense"],"picked":"ats:Assault Order","floor":14},{"not_picked":["ats:Volcano","ats:Disruption Kick"],"picked":"ats:Roar Of Ursus","floor":16},{"not_picked":["ats:Apocalypse","ats:Consecutive Shot Auto+1"],"picked":"ats:Curse Doll","floor":18},{"not_picked":["ats:Directed Diagnosis","ats:Steam Pump+1"],"picked":"ats:Powerful Strike","floor":19},{"not_picked":["ats:Encircling Forest","ats:Leaping Hammer"],"picked":"ats:Explosion Area Strengthen","floor":21},{"not_picked":["ats:Blood Oath","ats:Chain Hook+1"],"picked":"ats:Counter Healing Mode","floor":24}],"player_experience":392093,"relics_obtained":[{"floor":2,"key":"ReplayTheSpireMod:Ring of Challenge"},{"floor":2,"key":"Ring of Greed"},{"floor":2,"key":"Membership Card"},{"floor":2,"key":"MealTicket"},{"floor":9,"key":"Shuriken"},{"floor":10,"key":"ats:Originium"},{"floor":10,"key":"Ginger"}],"event_choices":[{"damage_healed":0,"gold_gain":0,"player_choice":"Donut","damage_taken":0,"max_hp_gain":5,"max_hp_loss":0,"event_name":"Big Fish","floor":11,"gold_loss":0},{"damage_healed":0,"gold_gain":0,"player_choice":"??¯«°s","damage_taken":0,"relics_obtained":["ZunR:ReiMu"],"max_hp_gain":0,"max_hp_loss":0,"event_name":"ZunEvent","floor":20,"gold_loss":40},{"cards_removed":["Replay:Hysterical Blindness"],"damage_healed":0,"gold_gain":0,"player_choice":"Upgrade and Remove","damage_taken":0,"max_hp_gain":0,"max_hp_loss":0,"event_name":"Designer","floor":22,"gold_loss":90,"cards_upgraded":["ats:Roar Of Ursus"]}],"is_beta":false,"boss_relics":[{"not_picked":["Ring of Chaos","hubris:Stopwatch"],"picked":"Black Star"}],"items_purged_floors":[7],"is_endless":false,"potions_floor_spawned":[10,13,14,21],"killed_by":"Book of Stabbing","ascension_level":0}}