{"host":"7k2a2omxz3voj5ax","time":1609490405,"event":{"mods":["BaseMod","Lobotomy","Marisa£¨ìFÓê¡¡Ä§ÀíÉ³£©","Minty Spire (QoL Compilation)","Quick Restart","Spicy Shops","StSLib","Starting Relic: Pandora\u0027s Box","óô»ðÖ¸ÄÏ"],"gold_per_floor":[117,31,44,44,69,69,83,83,83,113,113,38,38,69,69,141,141,141,141],"floor_reached":18,"playtime":774,"items_purged":["Predator"],"score":422,"play_id":"b38a2f68-cf3d-451f-8ad0-85acfb7d54e7","local_time":"20210101174005","is_ascension_mode":true,"campfire_choices":[{"data":"Blade Dance","floor":13.0,"key":"SMITH"},{"data":"Accuracy","floor":15.0,"key":"SMITH"}],"circlet_count":0,"master_deck":["AscendersBane","Survivor","Neutralize","Blur","Backflip","Dash","Infinite Blades","Dagger Spray","Deflect","Dodge and Roll","Blade Dance+1","GalaxyChild","Accuracy","FairyFestival","Accuracy+1","QueenOfHatred","Body Slam","DeusExMachina","ShedSkin","Bullet Time"],"relics":["Pandora\u0027s Box","CogitoBucket","PrismaticShard","Ancient Tea Set","Regal Pillow","Anchor","Frozen Egg 2","Du-Vu Doll","Ectoplasm"],"acts_visited":["Exordium","TheCity"],"potions_floor_usage":[18],"damage_taken":[{"damage":0.0,"enemies":"Cultist","floor":1.0,"turns":3.0},{"damage":6.0,"enemies":"2 Louse","floor":3.0,"turns":2.0},{"damage":13.0,"enemies":"3 Sentries","floor":6.0,"turns":6.0},{"damage":2.0,"enemies":"Jaw Worm","floor":7.0,"turns":3.0},{"damage":25.0,"enemies":"Gremlin Nob","floor":8.0,"turns":4.0},{"damage":18.0,"enemies":"3 Sentries","floor":10.0,"turns":5.0},{"damage":0.0,"enemies":"Gremlin Nob","floor":14.0,"turns":2.0},{"damage":31.0,"enemies":"The Guardian","floor":16.0,"turns":10.0},{"damage":58,"enemies":"2 Thieves","floor":18,"turns":3}],"seed_played":"2459642167720414999","potions_obtained":[{"floor":1.0,"key":"CunningPotion"},{"floor":7.0,"key":"Poison Potion"},{"floor":10.0,"key":"FearPotion"},{"floor":14.0,"key":"ColorlessPotion"}],"is_trial":false,"path_per_floor":["M","$","M","?","T","E","M","E","T","E","?","$","R","E","R","B",null,"M"],"character_chosen":"THE_SILENT","items_purchased":["PrismaticShard"],"campfire_rested":0,"item_purchase_floors":[2],"current_hp_per_floor":[59,59,53,53,53,45,46,26,26,18,18,18,18,24,24,10,52,0,0],"gold":141,"neow_bonus":"","is_daily":false,"chose_seed":false,"campfire_upgraded":2,"win_rate":0.0,"timestamp":1609490405,"path_taken":["M","?","M","?","?","E","M","E","T","E","?","?","R","E","R","BOSS","M"],"items_purchased_type":["Relic"],"build_version":"2020-12-22","purchased_purges":1,"victory":false,"max_hp_per_floor":[66,66,66,66,66,66,66,66,66,66,66,66,66,66,66,66,66,66,66],"card_choices":[{"not_picked":["BigBird","CrumblingArmor"],"picked":"GalaxyChild","floor":1.0},{"not_picked":["Poisoned Stab","Dagger Spray"],"picked":"Accuracy","floor":1.0},{"not_picked":["SnowQueen","Rudolta"],"picked":"FairyFestival","floor":3.0},{"not_picked":["Thunderclap","Purity"],"picked":"Accuracy","floor":3.0},{"not_picked":["ConjureBlade","Flame Barrier","FlyingSleeves"],"picked":"SKIP","floor":6.0},{"not_picked":["MHz","VoidDream"],"picked":"QueenOfHatred","floor":7.0},{"not_picked":["Cold Snap","Backflip"],"picked":"Body Slam","floor":7.0},{"not_picked":["Skewer","WristCuter","Slice"],"picked":"SKIP","floor":8.0},{"not_picked":["Forethought","Redo"],"picked":"DeusExMachina","floor":10.0},{"not_picked":["Compile Driver","Discovery"],"picked":"ShedSkin","floor":14.0},{"not_picked":["Chrysalis","Envenom+1"],"picked":"Bullet Time","floor":16.0}],"player_experience":395394,"relics_obtained":[{"floor":5.0,"key":"Ancient Tea Set"},{"floor":6.0,"key":"Regal Pillow"},{"floor":8.0,"key":"Anchor"},{"floor":9.0,"key":"Frozen Egg 2"},{"floor":10.0,"key":"Du-Vu Doll"}],"event_choices":[{"damage_healed":0.0,"max_hp_gain":0.0,"max_hp_loss":0.0,"gold_gain":0.0,"event_name":"Liars Game","player_choice":"Ignored","floor":4.0,"gold_loss":0.0,"damage_taken":0.0},{"damage_healed":0.0,"max_hp_gain":0.0,"max_hp_loss":0.0,"gold_gain":0.0,"event_name":"Scrap Ooze","player_choice":"Fled","floor":11.0,"gold_loss":0.0,"damage_taken":0.0}],"is_beta":false,"boss_relics":[{"not_picked":["Cursed Key","Snecko Eye"],"picked":"Ectoplasm"}],"items_purged_floors":[12],"is_endless":false,"potions_floor_spawned":[1,7,10,14],"killed_by":"2 Thieves","ascension_level":20}}