{"host":"bm1qfstn98p1odmu","time":1609497249,"event":{"mods":["AchievementEnabler","BaseMod","Bestiary","Block Reminder","Colored Map","Colored Powertips","DeckTracker","Downfall","Highlight Path","Minty Spire (QoL Compilation)","Relic Stats","StSLib"],"gold_per_floor":[115,134,134,154,9,42,42,60,111,111,22,46,46,71,71,71,71],"floor_reached":16,"playtime":731,"items_purged":["Injury"],"score":102,"play_id":"a42196af-1cf8-4e80-8d0f-072479a5fb13","local_time":"20210101123409","is_ascension_mode":false,"campfire_choices":[{"data":"Footwork","floor":10,"key":"SMITH"},{"data":"Noxious Fumes","floor":15,"key":"SMITH"}],"circlet_count":0,"master_deck":["Strike_G","Strike_G","Strike_G","Strike_G","Strike_G","Defend_G","Defend_G","Defend_G","Defend_G","Defend_G","Survivor","Neutralize","Bouncing Flask","Deflect","Footwork+1","Backstab","Acrobatics","Bouncing Flask","Dagger Throw","Backflip","Noxious Fumes+1"],"relics":["Ring of the Snake","Torii","Golden Idol","Matryoshka","Nunchaku","Bag of Marbles"],"acts_visited":["Exordium"],"potions_floor_usage":[],"damage_taken":[{"damage":0,"enemies":"Cultist","floor":1,"turns":4},{"damage":1,"enemies":"Jaw Worm","floor":2,"turns":5},{"damage":0,"enemies":"2 Louse","floor":4,"turns":4},{"damage":31,"enemies":"3 Sentries","floor":6,"turns":12},{"damage":1,"enemies":"Exordium Thugs","floor":8,"turns":6},{"damage":0,"enemies":"Red Slaver","floor":12,"turns":3},{"damage":1,"enemies":"Blue Slaver","floor":14,"turns":4},{"damage":39,"enemies":"Slime Boss","floor":16,"turns":7}],"seed_played":"8233741211246949966","potions_obtained":[{"floor":2,"key":"Weak Potion"},{"floor":4,"key":"CunningPotion"},{"floor":14,"key":"GamblersBrew"}],"is_trial":false,"path_per_floor":["M","M","?","M","$","E","?","M","T","R","$","M","$","M","R","B"],"character_chosen":"THE_SILENT","items_purchased":["Footwork","Bouncing Flask","Dagger Throw"],"campfire_rested":0,"item_purchase_floors":[5,11,11],"current_hp_per_floor":[63,62,62,62,62,31,36,35,35,35,35,35,35,34,34,0,0],"gold":71,"neow_bonus":"ONE_RARE_RELIC","is_daily":false,"chose_seed":false,"campfire_upgraded":2,"win_rate":0.0,"timestamp":1609497249,"path_taken":["M","?","?","M","$","E","?","?","T","R","?","M","?","M","R","BOSS"],"items_purchased_type":["Card","Card","Card"],"build_version":"2020-12-22","purchased_purges":1,"victory":false,"max_hp_per_floor":[63,63,63,63,63,63,68,68,68,68,68,68,68,68,68,68,68],"relic_stats":{"Nunchaku":[1],"Torii":17,"counters":[8,45],"Golden Idol":25,"obtain_stats":[{"Nunchaku":9,"Matryoshka":6,"Torii":0,"Golden Idol":3,"Bag of Marbles":9,"Ring of the Snake":0},{"Nunchaku":5,"Matryoshka":4,"Torii":0,"Golden Idol":2,"Bag of Marbles":5,"Ring of the Snake":0},{"Nunchaku":31,"Matryoshka":25,"Torii":0,"Golden Idol":9,"Bag of Marbles":31,"Ring of the Snake":0}],"Ring of the Snake":[16]},"card_choices":[{"not_picked":["PiercingWail","Sucker Punch"],"picked":"Bouncing Flask","floor":1},{"not_picked":["Blur","Blade Dance"],"picked":"Deflect","floor":2},{"not_picked":["Infinite Blades","Dagger Spray","Dagger Throw"],"picked":"SKIP","floor":4},{"not_picked":["Skewer","PiercingWail"],"picked":"Backstab","floor":6},{"not_picked":["Masterful Stab","Deflect"],"picked":"Acrobatics","floor":8},{"not_picked":["Dagger Spray","Sucker Punch"],"picked":"Backflip","floor":12},{"not_picked":["Doppelganger","Deflect"],"picked":"Noxious Fumes","floor":14}],"player_experience":35748,"relics_obtained":[{"floor":6,"key":"Matryoshka"},{"floor":9,"key":"Nunchaku"},{"floor":9,"key":"Bag of Marbles"}],"event_choices":[{"damage_healed":0,"gold_gain":0,"player_choice":"Take Wound","damage_taken":0,"relics_obtained":["Golden Idol"],"max_hp_gain":0,"max_hp_loss":0,"event_name":"Golden Idol","floor":3,"gold_loss":0,"cards_obtained":["Injury"]},{"damage_healed":0,"gold_gain":0,"player_choice":"Donut","damage_taken":0,"max_hp_gain":5,"max_hp_loss":0,"event_name":"Big Fish","floor":7,"gold_loss":0}],"is_beta":false,"boss_relics":[],"items_purged_floors":[5],"is_endless":false,"potions_floor_spawned":[2,4,14],"killed_by":"Slime Boss","ascension_level":0}}