{"host":"ko4b5atusvmax52d","time":1609517355,"event":{"mods":["AchievementEnabler","Act Like it!","BaseMod","Better Third Choice","BetterRewards","Friendly Minions","Hermit","Hubris","Marisa????????","Minty Spire (QoL Compilation)","Permanent Neow","Prisma Mod","Quick Restart","Rare Cards Sparkle","Shade Mod","Spicy Shops","Spikes Relics","StSLib","SuperFastMode","The Animator","The Bug Knight","The Runesmith","vexMod"],"gold_per_floor":[270,290,290,68,105,149,174,179,179],"floor_reached":8,"playtime":455,"items_purged":["animator:Defend"],"score":58,"play_id":"9a3363cd-9170-45cc-b54f-13d0f33ad2ce","local_time":"20210101170915","is_ascension_mode":false,"campfire_choices":[],"circlet_count":0,"master_deck":["animator:Strike_Kancolle","animator:Defend_Kancolle","animator:Strike","animator:Strike","animator:Strike","animator:Defend","animator:Defend","animator:Shimakaze","animator:Ainz+1","animator:MumenRider","animator:Togame","animator:Albedo"],"relics":["animator:LivingPicture","animator:TheMissingPiece","animator:PurgingStone","Sling","RollingBoulder"],"acts_visited":["Exordium"],"potions_floor_usage":[6,6],"damage_taken":[{"damage":0,"enemies":"Small Slimes","floor":1,"turns":4},{"damage":6,"enemies":"Cultist","floor":2,"turns":5},{"damage":4,"enemies":"Jaw Worm","floor":5,"turns":6},{"damage":24,"enemies":"Lagavulin","floor":6,"turns":10},{"damage":18,"enemies":"Large Slime","floor":7,"turns":12},{"damage":15,"enemies":"3 Sentries","floor":8,"turns":2}],"seed_played":"-1543245345740198124","potions_obtained":[{"floor":1,"key":"Dexterity Potion"},{"floor":2,"key":"SpeedPotion"}],"is_trial":false,"path_per_floor":["M","M","?","$","M","E","M","E"],"character_chosen":"THE_ANIMATOR","items_purchased":["Sling"],"campfire_rested":0,"item_purchase_floors":[4],"current_hp_per_floor":[66,60,60,60,56,32,14,0,0],"gold":179,"neow_bonus":"ONE_RANDOM_RARE_CARD","is_daily":false,"chose_seed":false,"campfire_upgraded":0,"win_rate":0.0,"timestamp":1609517355,"path_taken":["M","M","?","$","M","E","?","E"],"items_purchased_type":["Relic"],"build_version":"2020-12-22","purchased_purges":1,"victory":false,"max_hp_per_floor":[66,66,66,66,66,66,66,66,66],"card_choices":[{"not_picked":["animator:Azekura","animator:ShinjiMatou","animator:Sebas"],"picked":"SKIP","floor":1},{"not_picked":["animator:Shion","animator:ShinjiMatou"],"picked":"animator:MumenRider","floor":2},{"not_picked":["animator:FielNirvalen","animator:ElricAlphonse"],"picked":"animator:Togame","floor":5},{"not_picked":["animator:PandorasActor","animator:Demiurge"],"picked":"animator:Albedo","floor":6},{"not_picked":["animator:DolaSchwi","animator:Millim","animator:Hakurou"],"picked":"SKIP","floor":7}],"player_experience":266070,"relics_obtained":[{"floor":6,"key":"RollingBoulder"}],"event_choices":[{"damage_healed":0,"gold_gain":0,"player_choice":"Upgraded","damage_taken":0,"max_hp_gain":0,"max_hp_loss":0,"event_name":"Upgrade Shrine","floor":3,"gold_loss":0,"cards_upgraded":["animator:Ainz"]}],"is_beta":false,"boss_relics":[],"items_purged_floors":[4],"is_endless":false,"potions_floor_spawned":[1,2],"killed_by":"3 Sentries","ascension_level":0}}