{"host":"os9owiyb0rak6c8n","time":1609513241,"event":{"mods":["AchievementEnabler","BaseMod","Beaked The Cultist","Better Third Choice","Block Reminder","Colored Map","Colored Powertips","Dio Mod","Minty Spire (QoL Compilation)","Robot Space Explorer","Spicy Shops","StSLib","The Death Knight"],"gold_per_floor":[113,41,116,116,116,116,149,162,208,233,42,42,57,68,68,173,173,186,201,211,211,60,60,60,60,60,76,95,114,29,44,44,44,44],"floor_reached":33,"playtime":941,"items_purged":[],"score":468,"play_id":"49a56e80-3576-4e13-9211-b7f5f1e46284","local_time":"20210101160041","is_ascension_mode":true,"campfire_choices":[{"data":"Ball Lightning","floor":6.0,"key":"SMITH"},{"data":"Glacier","floor":12.0,"key":"SMITH"},{"data":"Hologram","floor":15.0,"key":"SMITH"},{"floor":23,"key":"REST"},{"floor":25,"key":"REST"},{"floor":32,"key":"REST"}],"circlet_count":0,"master_deck":["AscendersBane","Strike_B","Strike_B","Strike_B+1","Strike_B+1","Defend_B+1","Defend_B","Defend_B","Defend_B","Zap","Dualcast+1","Sunder+1","Ball Lightning+1","Stack","Glacier+1","Capacitor+1","Hologram+1","Biased Cognition+1","Electrodynamics","Self Repair+1","Go for the Eyes","Loop+1","Conserve Battery"],"relics":["Cracked Core","NeowsBlessing","Nunchaku","Whetstone","Torii","Incense Burner","beaked:SacredDeck","War Paint","Question Card","Eternal Feather"],"acts_visited":["Exordium","TheCity"],"potions_floor_usage":[24,28,31],"damage_taken":[{"damage":0.0,"enemies":"Small Slimes","floor":1.0,"turns":1.0},{"damage":0.0,"enemies":"Gremlin Nob","floor":7.0,"turns":1.0},{"damage":0.0,"enemies":"Jaw Worm","floor":8.0,"turns":1.0},{"damage":25.0,"enemies":"Lagavulin","floor":10.0,"turns":4.0},{"damage":0.0,"enemies":"2 Louse","floor":13.0,"turns":1.0},{"damage":0.0,"enemies":"Exordium Wildlife","floor":14.0,"turns":2.0},{"damage":3.0,"enemies":"The Guardian","floor":16.0,"turns":12.0},{"damage":0.0,"enemies":"Shell Parasite","floor":18.0,"turns":6.0},{"damage":26,"enemies":"2 Thieves","floor":19,"turns":5},{"damage":24,"enemies":"Centurion and Healer","floor":20,"turns":7},{"damage":38,"enemies":"Slavers","floor":24,"turns":2},{"damage":0,"enemies":"3 Cultists","floor":27,"turns":2},{"damage":7,"enemies":"Cultist and Chosen","floor":28,"turns":3},{"damage":3,"enemies":"Snake Plant","floor":29,"turns":3},{"damage":1,"enemies":"Shelled Parasite and Fungi","floor":31,"turns":2},{"damage":71,"enemies":"Champ","floor":33,"turns":10}],"seed_played":"-1804424825326865334","potions_obtained":[{"floor":1.0,"key":"FocusPotion"},{"floor":14.0,"key":"AttackPotion"},{"floor":16.0,"key":"Fire Potion"},{"floor":19,"key":"SmokeBomb"},{"floor":28,"key":"Explosive Potion"},{"floor":29,"key":"DeathKnight:BottledBloodEchoes"}],"is_trial":false,"path_per_floor":["M","$","?","?","?","R","E","M","T","E","$","R","M","M","R","B",null,"M","M","M","?","$","R","E","R","T","M","M","M","?","M","R","B"],"character_chosen":"DEFECT","items_purchased":["Ball Lightning","Capacitor","Incense Burner","War Paint"],"campfire_rested":3,"item_purchase_floors":[2,11,11,22],"current_hp_per_floor":[68,68,57,57,62,62,62,62,62,37,37,37,37,37,37,34,69,69,53,39,15,15,39,1,25,25,25,28,25,25,24,60,0,0],"gold":44,"neow_bonus":"THREE_ENEMY_KILL","is_daily":false,"chose_seed":false,"campfire_upgraded":3,"win_rate":0.0,"timestamp":1609513241,"path_taken":["M","$","?","?","?","R","E","?","T","E","?","R","?","M","R","BOSS","M","M","M","?","$","R","E","R","T","M","M","M","?","M","R","BOSS"],"items_purchased_type":["Card","Card","Relic","Relic"],"build_version":"2020-12-22","purchased_purges":0,"victory":false,"max_hp_per_floor":[75,75,75,75,80,80,80,80,80,80,80,80,80,80,80,80,80,80,80,80,80,80,80,80,80,80,80,80,80,80,80,80,80,80],"card_choices":[{"not_picked":["Self Repair","Compile Driver"],"picked":"Sunder","floor":1.0},{"not_picked":["Chill","Heatsinks"],"picked":"Stack","floor":7.0},{"not_picked":["Tempest","Aggregate","Stack"],"picked":"SKIP","floor":8.0},{"not_picked":["All For One","Rebound"],"picked":"Glacier","floor":10.0},{"not_picked":["Stack","Ball Lightning","Leap"],"picked":"SKIP","floor":13.0},{"not_picked":["Blizzard","Go for the Eyes"],"picked":"Hologram","floor":14.0},{"not_picked":["Creative AI","Machine Learning"],"picked":"Biased Cognition","floor":16.0},{"not_picked":["Hologram","Streamline"],"picked":"Self Repair+1","floor":18.0},{"not_picked":["Force Field","Melter"],"picked":"Go for the Eyes","floor":19},{"not_picked":["Fusion","Stack"],"picked":"Loop","floor":20},{"not_picked":["Scrape","Streamline+1","Defragment"],"picked":"Conserve Battery","floor":27},{"not_picked":["BootSequence+1","Turbo","Rip and Tear","Leap"],"picked":"SKIP","floor":28},{"not_picked":["Static Discharge","Force Field","Turbo","Auto Shields"],"picked":"SKIP","floor":29},{"not_picked":["Leap","Beam Cell","Rebound","Stack"],"picked":"SKIP","floor":31}],"player_experience":516065,"relics_obtained":[{"floor":7.0,"key":"Nunchaku"},{"floor":9.0,"key":"Whetstone"},{"floor":10.0,"key":"Torii"},{"floor":26,"key":"Question Card"}],"event_choices":[{"damage_healed":0.0,"max_hp_gain":0.0,"max_hp_loss":0.0,"gold_gain":75.0,"event_name":"betterThird:BetterGoop","player_choice":"Gold","floor":3.0,"gold_loss":0.0,"damage_taken":11.0},{"damage_healed":0.0,"max_hp_gain":0.0,"max_hp_loss":0.0,"gold_gain":0.0,"event_name":"Living Wall","player_choice":"Grow","floor":4.0,"gold_loss":0.0,"damage_taken":0.0,"cards_upgraded":["Sunder"]},{"damage_healed":0.0,"max_hp_gain":5.0,"max_hp_loss":0.0,"gold_gain":0.0,"event_name":"Big Fish","player_choice":"Donut","floor":5.0,"gold_loss":0.0,"damage_taken":0.0},{"damage_healed":0,"gold_gain":0,"player_choice":"Obtained Relic","damage_taken":0,"relics_obtained":["Eternal Feather"],"max_hp_gain":0,"max_hp_loss":0,"event_name":"Addict","floor":30,"gold_loss":85}],"is_beta":false,"boss_relics":[{"not_picked":["Runic Dome","Coffee Dripper"],"picked":"beaked:SacredDeck"}],"items_purged_floors":[],"is_endless":false,"potions_floor_spawned":[1,14,16,19,20,28,29],"killed_by":"Champ","ascension_level":11}}