{"host":"vl29iwkwnyytuw8q","time":1609544923,"event":{"mods":["BaseMod","Minty Spire (QoL Compilation)","Permanent Neow","Relic Stats","StSLib"],"gold_per_floor":[119,119,129,149,159,194,194,209,209,209,219,219,254,254,254,254,254],"floor_reached":16,"playtime":388,"items_purged":[],"score":190,"play_id":"89674142-477e-4e1c-84ad-216b58c4e3f2","local_time":"20210102004843","is_ascension_mode":true,"campfire_choices":[{"data":"Bash","floor":7.0,"key":"SMITH"},{"floor":10.0,"key":"REST"},{"floor":12.0,"key":"REST"},{"floor":15.0,"key":"REST"}],"circlet_count":0,"master_deck":["AscendersBane","Strike_R","Strike_R","Strike_R","Strike_R","Defend_R","Defend_R","Defend_R","Defend_R","Bash+1","Thunderclap","Carnage","Anger","Feel No Pain","Offering","Sword Boomerang","Rupture"],"relics":["Mark of Pain","Blood Vial","Matryoshka","Mummified Hand"],"acts_visited":["Exordium"],"potions_floor_usage":[16],"damage_taken":[{"damage":1.0,"enemies":"Cultist","floor":1.0,"turns":3.0},{"damage":0.0,"enemies":"Small Slimes","floor":3.0,"turns":4.0},{"damage":2.0,"enemies":"Jaw Worm","floor":4.0,"turns":3.0},{"damage":14.0,"enemies":"Large Slime","floor":5.0,"turns":6.0},{"damage":20.0,"enemies":"3 Sentries","floor":6.0,"turns":5.0},{"damage":3.0,"enemies":"Blue Slaver","floor":8.0,"turns":2.0},{"damage":6.0,"enemies":"3 Louse","floor":11.0,"turns":2.0},{"damage":31.0,"enemies":"Lagavulin","floor":13.0,"turns":5.0},{"damage":82,"enemies":"The Guardian","floor":16,"turns":13}],"seed_played":"-3165002862657431704","potions_obtained":[{"floor":4.0,"key":"SteroidPotion"},{"floor":11.0,"key":"FearPotion"},{"floor":13.0,"key":"BloodPotion"}],"is_trial":false,"path_per_floor":["M","?","M","M","M","E","R","M","T","R","M","R","E","?","R","B"],"character_chosen":"IRONCLAD","items_purchased":[],"campfire_rested":3,"item_purchase_floors":[],"current_hp_per_floor":[67,72,72,70,56,36,36,35,35,59,55,79,49,42,66,2,2],"gold":254,"neow_bonus":"BOSS_RELIC","is_daily":false,"chose_seed":false,"campfire_upgraded":1,"win_rate":0.0,"timestamp":1609544923,"path_taken":["M","?","M","M","M","E","R","M","T","R","M","R","E","?","R","BOSS"],"items_purchased_type":[],"build_version":"2020-12-22","purchased_purges":0,"victory":false,"max_hp_per_floor":[75,80,80,80,80,80,80,80,80,80,80,80,80,80,80,80,80],"relic_stats":{"Blood Vial":7,"counters":[9,43],"Mummified Hand":[2],"obtain_stats":[{"Blood Vial":6,"Matryoshka":9,"Mummified Hand":13,"Mark of Pain":0,"Burning Blood":0},{"Blood Vial":5,"Matryoshka":6,"Mummified Hand":8,"Mark of Pain":0,"Burning Blood":0},{"Blood Vial":21,"Matryoshka":23,"Mummified Hand":30,"Mark of Pain":0,"Burning Blood":0}]},"card_choices":[{"not_picked":["Body Slam","Armaments"],"picked":"Thunderclap","floor":1.0},{"not_picked":["Second Wind","Evolve","Immolate"],"picked":"SKIP","floor":3.0},{"not_picked":["Clash","Evolve"],"picked":"Carnage","floor":4.0},{"not_picked":["Intimidate","Clash"],"picked":"Anger","floor":5.0},{"not_picked":["Clash","Dark Embrace"],"picked":"Feel No Pain","floor":6.0},{"not_picked":["Iron Wave","Ghostly Armor"],"picked":"Offering","floor":8.0},{"not_picked":["Havoc","Heavy Blade"],"picked":"Sword Boomerang","floor":11.0},{"not_picked":["Evolve","Impervious"],"picked":"Rupture","floor":13.0}],"player_experience":614596,"relics_obtained":[{"floor":6.0,"key":"Blood Vial"},{"floor":9.0,"key":"Matryoshka"},{"floor":13.0,"key":"Mummified Hand"}],"event_choices":[{"damage_healed":0.0,"max_hp_gain":5.0,"max_hp_loss":0.0,"gold_gain":0.0,"event_name":"Big Fish","player_choice":"Donut","floor":2.0,"gold_loss":0.0,"damage_taken":0.0},{"cards_removed":["Strike_R"],"damage_healed":0.0,"max_hp_gain":0.0,"max_hp_loss":0.0,"gold_gain":0.0,"event_name":"Golden Wing","player_choice":"Card Removal","floor":14.0,"gold_loss":0.0,"damage_taken":7.0}],"is_beta":false,"boss_relics":[],"items_purged_floors":[],"is_endless":false,"potions_floor_spawned":[4,11,13],"killed_by":"The Guardian","ascension_level":14}}