{"host":"t7kiqd0mabx5u6gq","time":1609464295,"event":{"mods":["AchievementEnabler","Aspiration","BaseMod","Conspire","Dota2Spire","GifTheSpireLib","Halation","Hubris","Infinite Spire","Minty Spire (QoL Compilation)","Quarter Circle Forward PUNCH!","Quick Restart","Replay The Spire","StSLib","Stuff the Spire","vexMod"],"gold_per_floor":[114,114,42,42,57,82,143,143,143,177,177,2,2,102,102,102,102],"floor_reached":16,"playtime":448,"items_purged":[],"score":201,"play_id":"083b3676-6f4f-4661-8dcf-0836a147b04d","local_time":"20201231172455","is_ascension_mode":true,"campfire_choices":[{"floor":8,"key":"REST"},{"floor":13,"key":"REST"},{"data":"Venomology","floor":15,"key":"SMITH"}],"circlet_count":0,"master_deck":["conspire:GhostlyStrike","conspire:GhostlyStrike","conspire:GhostlyStrike","conspire:GhostlyStrike","conspire:GhostlyStrike","conspire:GhostlyDefend","conspire:GhostlyDefend","conspire:GhostlyDefend","conspire:GhostlyDefend","conspire:GhostlyDefend","Survivor","Neutralize","Venomology+1","PiercingWail","Footwork","Dagger Spray","StuffTheSpire:ReptileScales","Infinite Blades","Leap","Phantasmal Killer","ReplayTheSpireMod:Scrap Shanks+1"],"relics":["Sizzling Blood","Paper Crane","Boot","qcfpunch:School_Backpack","Replay:WaspNest","aspiration:HatOfInfinitePower","infinitespire:Cubic Diamond","Membership Card"],"acts_visited":["Exordium"],"potions_floor_usage":[1,5,6,10,16,16,16,16],"damage_taken":[{"damage":2,"enemies":"2 Louse","floor":1,"turns":5},{"damage":0,"enemies":"Small Slimes","floor":5,"turns":6},{"damage":40,"enemies":"3 Sentries","floor":6,"turns":15},{"damage":26,"enemies":"Gremlin Nob","floor":10,"turns":6},{"damage":34,"enemies":"Slime Boss","floor":16,"turns":9}],"seed_played":"1576453033202975158","potions_obtained":[{"floor":1,"key":"Milkshake"},{"floor":7,"key":"PowerPotion"},{"floor":10,"key":"PowerPotion"}],"is_trial":false,"path_per_floor":["M","?","$","?","M","E","?","R","T","E","?","$","R","?","R","B"],"character_chosen":"THE_SILENT","items_purchased":["Footwork","Membership Card","ReplayTheSpireMod:Scrap Shanks+1"],"campfire_rested":2,"item_purchase_floors":[3,12,12],"current_hp_per_floor":[61,54,54,54,69,29,12,33,33,7,7,11,33,33,33,0,0],"gold":102,"neow_bonus":"ONE_RANDOM_RARE_CARD","is_daily":false,"chose_seed":false,"campfire_upgraded":1,"win_rate":0.0,"timestamp":1609464295,"path_taken":["M","?","$","?","M","E","?","R","T","E","?","?","R","?","R","BOSS"],"items_purchased_type":["Card","Relic","Card"],"build_version":"2020-12-22","purchased_purges":0,"victory":false,"max_hp_per_floor":[70,70,70,70,70,70,70,70,70,70,70,74,74,74,74,74,74],"card_choices":[{"not_picked":["StuffTheSpire:Repulse","ReplayTheSpireMod:Exploit Weakness"],"picked":"PiercingWail","floor":1},{"not_picked":["Blade Dance","Dodge and Roll"],"picked":"Dagger Spray","floor":5},{"not_picked":["Deadly Poison","Underhanded Strike"],"picked":"StuffTheSpire:ReptileScales","floor":6},{"not_picked":["Outmaneuver","StuffTheSpire:BumpUp"],"picked":"Infinite Blades","floor":7},{"not_picked":["StuffTheSpire:Plugnplay","Rebound"],"picked":"Leap","floor":10},{"not_picked":["StuffTheSpire:ClusterCrunch","StuffTheSpire:Injection"],"picked":"Phantasmal Killer","floor":10}],"player_experience":570606,"relics_obtained":[{"floor":6,"key":"Boot"},{"floor":7,"key":"qcfpunch:School_Backpack"},{"floor":9,"key":"Replay:WaspNest"},{"floor":10,"key":"aspiration:HatOfInfinitePower"}],"event_choices":[{"damage_healed":0,"gold_gain":0,"player_choice":"Success","damage_taken":7,"relics_obtained":["Paper Crane"],"max_hp_gain":0,"max_hp_loss":0,"event_name":"Scrap Ooze","floor":2,"gold_loss":0},{"damage_healed":0,"gold_gain":0,"player_choice":"Agree","damage_taken":0,"max_hp_gain":0,"max_hp_loss":0,"event_name":"conspire:LoneGhost","floor":4,"gold_loss":0},{"damage_healed":0,"gold_gain":100,"player_choice":"Gold","damage_taken":0,"max_hp_gain":0,"max_hp_loss":0,"event_name":"Wheel of Change","floor":14,"gold_loss":0}],"is_beta":false,"boss_relics":[],"items_purged_floors":[],"is_endless":false,"potions_floor_spawned":[1,10],"killed_by":"Slime Boss","ascension_level":9}}