{"host":"nqsrckqog5ia9mbo","time":1609509372,"event":{"mods":["BaseMod","Colored Map","Minty Spire (QoL Compilation)"],"gold_per_floor":[109,158,158,224,274,274,324,389,440,440,463,496,509,522,522,522,522],"floor_reached":16,"playtime":1050,"items_purged":[],"score":105,"play_id":"278d303b-6592-4305-b404-0211fbf76ca6","local_time":"20210101145612","is_ascension_mode":true,"campfire_choices":[{"floor":6,"key":"DIG"},{"floor":10,"key":"DIG"},{"floor":15,"key":"REST"}],"circlet_count":0,"master_deck":["Strike_R","Strike_R","Strike_R","Strike_R","Strike_R","Defend_R","Defend_R","Defend_R","Defend_R","Bash+1","Sword Boomerang","Clash"],"relics":["Burning Blood","Shovel","Centennial Puzzle","SsserpentHead","Golden Idol","Gremlin Horn","Lantern","White Beast Statue","Anchor"],"acts_visited":["Exordium"],"potions_floor_usage":[11,12,12,16],"damage_taken":[{"damage":15,"enemies":"Cultist","floor":1,"turns":4},{"damage":18,"enemies":"Jaw Worm","floor":4,"turns":3},{"damage":10,"enemies":"Small Slimes","floor":8,"turns":3},{"damage":28,"enemies":"Gremlin Gang","floor":11,"turns":5},{"damage":37,"enemies":"Lagavulin","floor":12,"turns":8},{"damage":7,"enemies":"Blue Slaver","floor":14,"turns":3},{"damage":36,"enemies":"The Guardian","floor":16,"turns":8}],"seed_played":"-6599157232343768969","potions_obtained":[{"floor":8,"key":"SpeedPotion"},{"floor":11,"key":"BloodPotion"},{"floor":12,"key":"BloodPotion"},{"floor":14,"key":"Strength Potion"}],"is_trial":false,"path_per_floor":["M","T","?","M","?","R","?","M","T","R","M","E","?","M","R","B"],"character_chosen":"IRONCLAD","items_purchased":[],"campfire_rested":1,"item_purchase_floors":[],"current_hp_per_floor":[63,63,63,51,51,51,51,47,47,47,38,20,20,19,39,3,3],"gold":522,"neow_bonus":"ONE_RARE_RELIC","is_daily":false,"chose_seed":false,"campfire_upgraded":0,"win_rate":0.0,"timestamp":1609509372,"path_taken":["M","?","?","?","?","R","?","?","T","R","M","E","?","M","R","BOSS"],"items_purchased_type":[],"build_version":"2020-12-22","purchased_purges":0,"victory":false,"max_hp_per_floor":[72,72,72,72,67,67,67,67,67,67,67,67,67,67,67,67,67],"card_choices":[{"not_picked":["Wild Strike","Fire Breathing","Power Through"],"picked":"SKIP","floor":1},{"not_picked":["Shockwave","Warcry","Feel No Pain"],"picked":"SKIP","floor":4},{"not_picked":["Thunderclap","Headbutt","Dropkick"],"picked":"SKIP","floor":8},{"not_picked":["Headbutt","Intimidate"],"picked":"Sword Boomerang","floor":11},{"not_picked":["Headbutt","Hemokinesis","Intimidate"],"picked":"SKIP","floor":12},{"not_picked":["Burning Pact","Warcry"],"picked":"Clash","floor":14}],"player_experience":37313,"relics_obtained":[{"floor":2,"key":"Centennial Puzzle"},{"floor":6,"key":"Gremlin Horn"},{"floor":9,"key":"Lantern"},{"floor":10,"key":"White Beast Statue"},{"floor":12,"key":"Anchor"}],"event_choices":[{"damage_healed":0,"gold_gain":0,"player_choice":"Trade","damage_taken":0,"relics_obtained":["SsserpentHead"],"max_hp_gain":0,"max_hp_loss":0,"event_name":"FaceTrader","floor":3,"gold_loss":0},{"damage_healed":0,"gold_gain":0,"player_choice":"Lose Max HP","damage_taken":0,"relics_obtained":["Golden Idol"],"max_hp_gain":0,"max_hp_loss":5,"event_name":"Golden Idol","floor":5,"gold_loss":0},{"damage_healed":0,"gold_gain":0,"player_choice":"Forge","damage_taken":0,"max_hp_gain":0,"max_hp_loss":0,"event_name":"Accursed Blacksmith","floor":7,"gold_loss":0,"cards_upgraded":["Bash"]},{"damage_healed":0,"gold_gain":0,"player_choice":"Left Gold","damage_taken":0,"max_hp_gain":0,"max_hp_loss":0,"event_name":"World of Goop","floor":13,"gold_loss":37}],"is_beta":false,"boss_relics":[],"items_purged_floors":[],"is_endless":false,"potions_floor_spawned":[8,11,12,14],"killed_by":"The Guardian","ascension_level":1}}