{"host":"a4s27ghlnr83kbqz","time":1609499742,"event":{"mods":["AchievementEnabler","BaseMod","Colored Map","Minty Spire (QoL Compilation)","Permanent Neow","SuperFastMode"],"gold_per_floor":[112,132,150,164,176,206,206,218,218,218,238,253,253,275,275,375,375,388,408,166,166,91,119,119,119,144,144,156,175,192,210,210,210,210,229,154,174,191,13,13,63,63,63,83,101,147,163,182,182,182],"floor_reached":51,"playtime":1928,"items_purged":["Deadly Poison","Dagger Spray"],"score":959,"play_id":"61f6821a-e4ae-435b-a11b-c83ca475ea8b","local_time":"20210101191542","is_ascension_mode":true,"campfire_choices":[{"floor":7.0,"key":"REST"},{"data":"Crippling Poison","floor":10.0,"key":"SMITH"},{"floor":13.0,"key":"REST"},{"data":"Storm of Steel","floor":15.0,"key":"SMITH"},{"floor":24.0,"key":"REST"},{"data":"Phantasmal Killer","floor":27.0,"key":"SMITH"},{"floor":32.0,"key":"REST"},{"data":"Accuracy","floor":40,"key":"SMITH"},{"floor":49,"key":"REST"}],"circlet_count":0,"master_deck":["Survivor","Neutralize","Storm of Steel+1","Predator","PiercingWail","Unload","Leg Sweep","Crippling Poison+1","Reflex","Escape Plan","Adrenaline+1","Footwork","All Out Attack","Flying Knee","Dagger Throw","Well Laid Plans","Bullet Time","Bouncing Flask","Phantasmal Killer+1","Accuracy+1","Accuracy","Cloak And Dagger+1","Backflip+1","Wraith Form v2","Footwork","Infinite Blades+1","Master of Strategy","Dodge and Roll+1","Prepared+1","Tactician","Finisher+1","Parasite","A Thousand Cuts"],"relics":["Ring of the Snake","Centennial Puzzle","Letter Opener","Odd Mushroom","Pandora\u0027s Box","Gremlin Horn","Ancient Tea Set","Bronze Scales","Cursed Key","Prayer Wheel","TungstenRod"],"acts_visited":["Exordium","TheCity","TheBeyond"],"potions_floor_usage":[48,50,50],"damage_taken":[{"damage":1.0,"enemies":"2 Louse","floor":1.0,"turns":4.0},{"damage":6.0,"enemies":"Jaw Worm","floor":2.0,"turns":4.0},{"damage":1.0,"enemies":"Cultist","floor":3.0,"turns":3.0},{"damage":0.0,"enemies":"2 Fungi Beasts","floor":4.0,"turns":3.0},{"damage":5.0,"enemies":"Blue Slaver","floor":5.0,"turns":5.0},{"damage":39.0,"enemies":"Lagavulin","floor":6.0,"turns":7.0},{"damage":5.0,"enemies":"Exordium Thugs","floor":8.0,"turns":5.0},{"damage":6.0,"enemies":"Red Slaver","floor":11.0,"turns":3.0},{"damage":3.0,"enemies":"Looter","floor":12.0,"turns":3.0},{"damage":0.0,"enemies":"The Mushroom Lair","floor":14.0,"turns":3.0},{"damage":36.0,"enemies":"Hexaghost","floor":16.0,"turns":14.0},{"damage":0.0,"enemies":"3 Byrds","floor":18.0,"turns":2.0},{"damage":19.0,"enemies":"2 Thieves","floor":19.0,"turns":3.0},{"damage":22.0,"enemies":"Book of Stabbing","floor":23.0,"turns":4.0},{"damage":10.0,"enemies":"Centurion and Healer","floor":28.0,"turns":5.0},{"damage":0.0,"enemies":"Shelled Parasite and Fungi","floor":29.0,"turns":2.0},{"damage":8.0,"enemies":"Snake Plant","floor":30.0,"turns":3.0},{"damage":9.0,"enemies":"Centurion and Healer","floor":31.0,"turns":5.0},{"damage":6.0,"enemies":"Collector","floor":33.0,"turns":6.0},{"damage":9,"enemies":"3 Shapes","floor":35,"turns":3},{"damage":2,"enemies":"3 Darklings","floor":37,"turns":3},{"damage":1,"enemies":"4 Shapes","floor":38,"turns":4},{"damage":0,"enemies":"Mind Bloom Boss Battle","floor":41,"turns":5},{"damage":2,"enemies":"Sphere and 2 Shapes","floor":44,"turns":4},{"damage":2,"enemies":"3 Darklings","floor":45,"turns":3},{"damage":10,"enemies":"2 Orb Walkers","floor":46,"turns":4},{"damage":17,"enemies":"Writhing Mass","floor":47,"turns":8},{"damage":1,"enemies":"4 Shapes","floor":48,"turns":2},{"damage":30,"enemies":"Donu and Deca","floor":50,"turns":6}],"seed_played":"4862252401041278208","potions_obtained":[{"floor":1.0,"key":"Ancient Potion"},{"floor":4.0,"key":"Weak Potion"},{"floor":5.0,"key":"GamblersBrew"},{"floor":11.0,"key":"GhostInAJar"},{"floor":12.0,"key":"Swift Potion"},{"floor":16.0,"key":"SpeedPotion"},{"floor":18.0,"key":"Block Potion"},{"floor":19.0,"key":"Block Potion"},{"floor":29.0,"key":"BlessingOfTheForge"},{"floor":30.0,"key":"EssenceOfSteel"},{"floor":38,"key":"Dexterity Potion"},{"floor":41,"key":"EssenceOfSteel"},{"floor":44,"key":"CultistPotion"},{"floor":48,"key":"SpeedPotion"}],"is_trial":false,"path_per_floor":["M","M","M","M","M","E","R","M","T","R","M","M","R","?","R","B",null,"M","M","$","?","?","E","R","?","T","R","M","M","M","M","R","B",null,"M","$","M","M","$","R","?","?","T","M","M","?","M","M","R","B",null],"character_chosen":"THE_SILENT","items_purchased":["Gremlin Horn","Footwork"],"campfire_rested":5,"item_purchase_floors":[20,39],"current_hp_per_floor":[62,56,55,55,50,11,32,27,27,27,21,18,39,39,39,3,53,53,34,34,34,34,12,33,33,33,33,23,23,15,6,27,21,58,49,49,47,46,46,46,46,46,46,44,42,32,15,14,35,5],"gold":182,"neow_bonus":"ONE_RANDOM_RARE_CARD","is_daily":false,"chose_seed":false,"campfire_upgraded":4,"win_rate":0.0,"timestamp":1609499742,"path_taken":["M","M","M","M","M","E","R","M","T","R","M","M","R","?","R","BOSS","M","M","$","?","?","E","R","?","T","R","M","M","?","M","R","BOSS","M","$","M","M","$","R","?","?","T","M","M","?","M","M","R","BOSS"],"items_purchased_type":["Relic","Card"],"build_version":"2020-12-22","purchased_purges":2,"victory":true,"max_hp_per_floor":[70,70,70,70,70,70,70,70,70,70,70,70,70,70,70,70,70,70,70,70,70,70,70,70,70,70,70,70,70,70,70,70,70,70,70,70,70,70,70,70,70,70,70,70,70,70,70,70,70,70],"card_choices":[{"not_picked":["Eviscerate","Well Laid Plans"],"picked":"Dagger Spray","floor":1.0},{"not_picked":["Slice","Dagger Spray"],"picked":"Predator","floor":2.0},{"not_picked":["Footwork","Slice","Noxious Fumes"],"picked":"SKIP","floor":3.0},{"not_picked":["Dagger Spray","Backflip"],"picked":"PiercingWail","floor":4.0},{"not_picked":["Prepared","Dodge and Roll"],"picked":"Unload","floor":5.0},{"not_picked":["Underhanded Strike","All Out Attack"],"picked":"Leg Sweep","floor":6.0},{"not_picked":["Distraction","Underhanded Strike"],"picked":"Crippling Poison","floor":8.0},{"not_picked":["Backstab","Bane"],"picked":"Reflex","floor":11.0},{"not_picked":["Prepared","Outmaneuver","Quick Slash"],"picked":"SKIP","floor":12.0},{"not_picked":["Deflect","Reflex"],"picked":"Escape Plan","floor":14.0},{"not_picked":["Night Terror","After Image"],"picked":"Adrenaline","floor":16.0},{"not_picked":["Footwork","Dodge and Roll"],"picked":"Accuracy","floor":18.0},{"not_picked":["Slice","Distraction"],"picked":"Accuracy","floor":19.0},{"not_picked":["Well Laid Plans","Backflip"],"picked":"Cloak And Dagger+1","floor":23.0},{"not_picked":["Backstab+1","Underhanded Strike+1","Dagger Throw"],"picked":"SKIP","floor":28.0},{"not_picked":["Flying Knee+1","Reflex"],"picked":"Backflip+1","floor":29.0},{"not_picked":["Backflip+1","Crippling Poison"],"picked":"Wraith Form v2","floor":30.0},{"not_picked":["PiercingWail","Quick Slash","Eviscerate+1"],"picked":"SKIP","floor":31.0},{"not_picked":["Underhanded Strike+1","PiercingWail","Dodge and Roll+1"],"picked":"SKIP","floor":35},{"not_picked":["Outmaneuver+1","Sucker Punch","Flying Knee"],"picked":"SKIP","floor":37},{"not_picked":["Sucker Punch+1","Masterful Stab","Eviscerate+1"],"picked":"SKIP","floor":38},{"not_picked":["Dash+1","Flying Knee"],"picked":"Infinite Blades+1","floor":41},{"not_picked":["HandOfGreed","Violence"],"picked":"Master of Strategy","floor":42},{"not_picked":["Quick Slash+1","Outmaneuver"],"picked":"Dodge and Roll+1","floor":44},{"not_picked":["Quick Slash+1","Crippling Poison","Infinite Blades"],"picked":"SKIP","floor":44},{"not_picked":["Escape Plan+1","Quick Slash"],"picked":"Prepared+1","floor":45},{"not_picked":["Calculated Gamble","Eviscerate"],"picked":"Tactician","floor":45},{"not_picked":["Endless Agony","Choke"],"picked":"Finisher+1","floor":46},{"not_picked":["Quick Slash","Blade Dance"],"picked":"A Thousand Cuts","floor":47},{"not_picked":["PiercingWail+1","Flying Knee","Deflect+1"],"picked":"SKIP","floor":47},{"not_picked":["Bane+1","Prepared","Expertise+1"],"picked":"SKIP","floor":48},{"not_picked":["Flying Knee","Bouncing Flask+1","Sucker Punch"],"picked":"SKIP","floor":48}],"player_experience":1071517,"relics_obtained":[{"floor":6.0,"key":"Centennial Puzzle"},{"floor":9.0,"key":"Letter Opener"},{"floor":14.0,"key":"Odd Mushroom"},{"floor":23.0,"key":"Ancient Tea Set"},{"floor":26.0,"key":"Bronze Scales"},{"floor":41,"key":"Prayer Wheel"},{"floor":46,"key":"TungstenRod"}],"event_choices":[{"damage_healed":0.0,"max_hp_gain":0.0,"max_hp_loss":0.0,"gold_gain":0.0,"event_name":"Mushrooms","player_choice":"Fought Mushrooms","floor":14.0,"gold_loss":0.0,"damage_taken":0.0},{"damage_healed":0.0,"max_hp_gain":0.0,"max_hp_loss":0.0,"gold_gain":0.0,"event_name":"Cursed Tome","player_choice":"Ignored","floor":21.0,"gold_loss":0.0,"damage_taken":0.0},{"cards_removed":["Noxious Fumes"],"damage_healed":0.0,"max_hp_gain":0.0,"max_hp_loss":0.0,"gold_gain":0.0,"event_name":"Beggar","player_choice":"Gave Gold","floor":22.0,"gold_loss":75.0,"damage_taken":0.0},{"damage_healed":0.0,"max_hp_gain":0.0,"max_hp_loss":0.0,"gold_gain":0.0,"event_name":"Upgrade Shrine","player_choice":"Upgraded","floor":25.0,"gold_loss":0.0,"damage_taken":0.0,"cards_upgraded":["Adrenaline"]},{"damage_healed":0,"gold_gain":0,"player_choice":"Fight","damage_taken":0,"max_hp_gain":0,"max_hp_loss":0,"event_name":"MindBloom","floor":41,"gold_loss":0},{"damage_healed":0,"gold_gain":0,"player_choice":"Memory 1","damage_taken":0,"max_hp_gain":0,"max_hp_loss":0,"event_name":"SensoryStone","floor":42,"gold_loss":0},{"damage_healed":0,"gold_gain":0,"player_choice":"Fight","damage_taken":0,"max_hp_gain":0,"max_hp_loss":0,"event_name":"Mysterious Sphere","floor":46,"gold_loss":0}],"is_beta":false,"boss_relics":[{"not_picked":["Ring of the Serpent","Velvet Choker"],"picked":"Pandora\u0027s Box"},{"not_picked":["Runic Pyramid","SacredBark"],"picked":"Cursed Key"}],"items_purged_floors":[36,39],"is_endless":false,"potions_floor_spawned":[1,4,5,11,12,16,18,19,29,30,38,41,44,48],"ascension_level":9}}