{"host":"ik8ww1p4uabx5gam","time":1609531991,"event":{"mods":["Always Whale","Aspiration","BaseMod","Better Third Choice","BetterRewards","Colored Map","Conspire","Energized Spire","FetchMod","Hubris","Infinite Spire","Jedi Mod","Minty Spire (QoL Compilation)","Random Character Button","Replay The Spire","Shop Mod","Spicy Shops","Spikes Relics","StSLib","The Blue Laboratory","TheVacant","Wandering Minibosses","??????REMEMod"],"gold_per_floor":[116,135,135,145,145,145,175,175,248,248,267,277,21,34,34,131,131,149,161,171,171,183,211,211,241,296,296,324,239,239,250,250,363,363,401,446,490,490,490,553,553,553,579,648,706,436,436,436,436,436],"floor_reached":51,"playtime":1881,"items_purged":["Strike_G","Amnesia"],"score":1187,"play_id":"8be02922-1831-4835-9396-214a401be112","local_time":"20210101141311","is_ascension_mode":true,"campfire_choices":[{"data":"Crippling Poison","floor":6,"key":"SMITH"},{"data":"Neutralize","floor":8,"key":"SMITH"},{"data":"All Out Attack","floor":10,"key":"SMITH"},{"floor":15,"key":"REST"},{"data":"Distraction","floor":24,"key":"SMITH"},{"floor":27,"key":"REST"},{"data":"Survivor","floor":30,"key":"SMITH"},{"floor":32,"key":"REST"},{"floor":41,"key":"REST"},{"floor":49,"key":"REST"}],"circlet_count":0,"master_deck":["Strike_G","Strike_G","Strike_G","Defend_G+1","Defend_G","Defend_G+1","Defend_G","Defend_G","Survivor+1","All Out Attack+1","Blade Dance+1","Crippling Poison+1","hubris:DuctTapeCard","Distraction+1","Bane+1","Deadly Poison+1","Malaise+1","ReplayTheSpireMod:Exploit Weakness+1","Dash+1","Catalyst+1","Replay:Poison Smokescreen+1","Acrobatics+1","jedi:pocketpoison+1","Notoriety","hubris:Greed"],"relics":["Ring of the Serpent","REME_ComplimentaryCards","Simple Rune","CultistMask","infinitespire:Bottled Soul","hubris:DuctTape","Toxic Egg 2","Replay:Grab Bag","jedi:paperlyon","energizedSpire:NeverEndingSparkler","Black Star","conspire:RoyalGoblet","Smiling Mask","Centennial Puzzle","hubris:DeckOfHolding","RetroEgg","Juzu Bracelet","Replay:Mystery Machine","Vajra","Replay:WaspNest","infinitespire:Beetle Shell","infinitespire:EvilPickle","Cursed Key","Ring of Fangs","Ring of Fury","Byrd Skull","Chameleon Ring","jedi:crownofsimplicity","Dream Catcher","Happy Flower","ReplayTheSpireMod:Shallot","wanderingMiniBosses:AbyssPearl","ReplayFunnel","Guide Book"],"acts_visited":["Exordium","TheCity","TheBeyond"],"potions_floor_usage":[7,22,22,25,28,50,50,50],"damage_taken":[{"damage":0,"enemies":"Small Slimes","floor":1,"turns":2},{"damage":1,"enemies":"Cultist","floor":2,"turns":4},{"damage":1,"enemies":"2 Louse","floor":4,"turns":5},{"damage":20,"enemies":"Lagavulin","floor":7,"turns":3},{"damage":0,"enemies":"Exordium Wildlife","floor":11,"turns":1},{"damage":1,"enemies":"Blue Slaver","floor":12,"turns":2},{"damage":0,"enemies":"Gremlin Gang","floor":14,"turns":2},{"damage":20,"enemies":"The Guardian","floor":16,"turns":9},{"damage":1,"enemies":"Chosen","floor":18,"turns":4},{"damage":0,"enemies":"Shell Parasite","floor":19,"turns":5},{"damage":3,"enemies":"Snake Plant","floor":20,"turns":5},{"damage":22,"enemies":"Snecko","floor":22,"turns":7},{"damage":3,"enemies":"Gremlin Leader","floor":23,"turns":5},{"damage":21,"enemies":"Slavers","floor":25,"turns":5},{"damage":9,"enemies":"Book of Stabbing","floor":28,"turns":5},{"damage":10,"enemies":"Chosen and Byrds","floor":31,"turns":3},{"damage":9,"enemies":"Pondfish","floor":33,"turns":7},{"damage":13,"enemies":"3 Shapes","floor":35,"turns":7},{"damage":1,"enemies":"Orb Walker","floor":36,"turns":3},{"damage":0,"enemies":"Transient","floor":37,"turns":5},{"damage":17,"enemies":"R_Hoarder","floor":40,"turns":6},{"damage":24,"enemies":"Reptomancer","floor":44,"turns":6},{"damage":21,"enemies":"Spire Growth","floor":45,"turns":5},{"damage":6,"enemies":"hubris:GrandSnecko","floor":50,"turns":8}],"seed_played":"2284793715022833053","potions_obtained":[{"floor":2,"key":"Strength Potion"},{"floor":4,"key":"AttackPotion"},{"floor":7,"key":"blueLaboratory:NinjaPotion"},{"floor":20,"key":"blueLaboratory:EmptyBottle"},{"floor":22,"key":"GhostInAJar"},{"floor":23,"key":"blueLaboratory:RememoryPotion"},{"floor":28,"key":"blueLaboratory:AbyssPotion"},{"floor":45,"key":"SpeedPotion"}],"is_trial":false,"path_per_floor":["M","M","?","M","?","R","E","R","T","R","M","M","$","M","R","B",null,"M","M","M","AVR","M","E","R","E","T","R","E","?","R","M","R","B",null,"M","M","M","?","T","E","R","?","T","E","M","$","?","?","R","B",null],"character_chosen":"THE_SILENT","items_purchased":["Toxic Egg 2","ReplayFunnel","Guide Book"],"campfire_rested":5,"item_purchase_floors":[13,46,46],"current_hp_per_floor":[70,69,69,68,68,68,48,48,48,48,48,47,47,47,68,48,70,69,69,66,66,44,41,41,20,20,41,32,32,32,22,43,34,70,57,56,56,56,56,39,60,60,60,36,15,15,15,15,36,30],"gold":436,"neow_bonus":"RANDOM_COMMON_RELIC","is_daily":false,"chose_seed":false,"campfire_upgraded":5,"win_rate":0.0,"timestamp":1609531991,"path_taken":["M","M","?","?","?","R","E","R","T","R","M","M","$","M","R","BOSS","M","M","M","AVR","M","E","R","E","T","R","E","?","R","M","R","BOSS","M","M","M","?","?","E","R","?","T","E","M","$","?","?","R","BOSS"],"items_purchased_type":["Relic","Relic","Relic"],"build_version":"2020-12-22","purchased_purges":2,"victory":true,"max_hp_per_floor":[70,70,70,70,70,70,70,70,70,70,70,70,70,70,70,70,70,70,70,70,70,70,70,70,70,70,70,70,70,70,70,70,70,70,70,70,70,70,70,70,70,70,70,70,70,70,70,70,70,70],"card_choices":[{"not_picked":["Acrobatics","Outmaneuver"],"picked":"jedi:pocketpoison","floor":1},{"not_picked":["jedi:pocketpoison","Acrobatics"],"picked":"Blade Dance","floor":2},{"not_picked":["Underhanded Strike","Flying Knee"],"picked":"Crippling Poison","floor":4},{"not_picked":["Outmaneuver","Quick Slash","Acrobatics"],"picked":"SKIP","floor":7},{"not_picked":["Masterful Stab","hubris:SlightOfHand"],"picked":"Distraction","floor":11},{"not_picked":["Acrobatics","Flying Knee"],"picked":"Bane","floor":12},{"not_picked":["PiercingWail+1","Sucker Punch"],"picked":"Deadly Poison+1","floor":14},{"not_picked":["Glass Knife","Unload"],"picked":"Malaise+1","floor":16},{"not_picked":["ShadowRift","REME_ShadowStrike+1","Prepared+1"],"picked":"SKIP","floor":18},{"not_picked":["Bane","Fluid Movement","hubris:TrickCloak+1"],"picked":"SKIP","floor":19},{"not_picked":["Flying Knee","Sucker Punch"],"picked":"ReplayTheSpireMod:Exploit Weakness+1","floor":20},{"not_picked":["Infinite Blades","Quick Slash","Outmaneuver+1"],"picked":"SKIP","floor":22},{"not_picked":["Dodge and Roll+1","Deflect+1"],"picked":"Dash+1","floor":23},{"not_picked":["PiercingWail+1","Dagger Spray+1"],"picked":"Catalyst+1","floor":25},{"not_picked":["Unload","Bane"],"picked":"Replay:Poison Smokescreen+1","floor":28},{"not_picked":["Pace+1","hubris:SlightOfHand+1","Quick Slash"],"picked":"SKIP","floor":31},{"not_picked":["conspire:PoisonWeapons+1","Deflect+1"],"picked":"Acrobatics+1","floor":35},{"not_picked":["Deadly Poison+1","Setup+1","InfectiousVector+1"],"picked":"SKIP","floor":36},{"not_picked":["Glass Knife","Deflect+1"],"picked":"jedi:pocketpoison+1","floor":37},{"not_picked":["Hidden Blade+1","ReplayTheSpireMod:Scrap Shanks+1","Night Terror+1"],"picked":"SKIP","floor":40},{"not_picked":["Prepared+1","Bane","ReplayTheSpireMod:Exploit Weakness+1"],"picked":"SKIP","floor":44},{"not_picked":["Pace+1","jedi:acidrain+1","Underhanded Strike+1"],"picked":"SKIP","floor":45}],"player_experience":921566,"relics_obtained":[{"floor":7,"key":"infinitespire:Bottled Soul"},{"floor":9,"key":"hubris:DuctTape"},{"floor":23,"key":"Centennial Puzzle"},{"floor":23,"key":"hubris:DeckOfHolding"},{"floor":25,"key":"RetroEgg"},{"floor":25,"key":"Juzu Bracelet"},{"floor":26,"key":"Replay:Mystery Machine"},{"floor":28,"key":"Vajra"},{"floor":28,"key":"Replay:WaspNest"},{"floor":38,"key":"Ring of Fangs"},{"floor":38,"key":"Ring of Fury"},{"floor":39,"key":"Byrd Skull"},{"floor":40,"key":"Chameleon Ring"},{"floor":40,"key":"jedi:crownofsimplicity"},{"floor":43,"key":"Dream Catcher"},{"floor":44,"key":"Happy Flower"},{"floor":44,"key":"ReplayTheSpireMod:Shallot"},{"floor":45,"key":"wanderingMiniBosses:AbyssPearl"}],"event_choices":[{"damage_healed":0,"gold_gain":0,"player_choice":"Trade","damage_taken":0,"relics_obtained":["CultistMask"],"max_hp_gain":0,"max_hp_loss":0,"event_name":"FaceTrader","floor":3,"gold_loss":0},{"damage_healed":0,"gold_gain":0,"player_choice":"Obtained Relic","damage_taken":0,"relics_obtained":["infinitespire:Beetle Shell"],"max_hp_gain":0,"max_hp_loss":0,"event_name":"Addict","floor":29,"gold_loss":85},{"cards_removed":["Strike_G"],"damage_healed":0,"gold_gain":0,"player_choice":"Purged","damage_taken":0,"max_hp_gain":0,"max_hp_loss":0,"event_name":"Purifier","floor":42,"gold_loss":0},{"damage_healed":0,"gold_gain":0,"player_choice":"Leave","damage_taken":0,"max_hp_gain":0,"max_hp_loss":0,"event_name":"conspire:Investor","floor":47,"gold_loss":0}],"is_beta":false,"boss_relics":[{"not_picked":["hubris:RunicObelisk","energizedSpire:StickyHand"],"picked":"Replay:Grab Bag"},{"not_picked":["ReplayTheSpireMod:DimensionalGlitch","Runic Dome"],"picked":"jedi:paperlyon"},{"not_picked":["hubris:VirtuousBlindfold","Ectoplasm"],"picked":"energizedSpire:NeverEndingSparkler"},{"not_picked":["aspiration:RitualDagger","conspire:RunicOctahedron"],"picked":"Black Star"},{"not_picked":["Runic Pyramid","hubris:HollowSoul"],"picked":"Ring of the Serpent"},{"not_picked":["jedi:battlestandard","energizedSpire:HugeHouse"],"picked":"Cursed Key"}],"items_purged_floors":[21,46],"is_endless":false,"potions_floor_spawned":[2,4,7,20,22,23,28,45],"ascension_level":1}}