{"host":"f14d6hm2349s9jse","time":1609519581,"event":{"mods":["2.2 Compatiblity","BaseMod","Minty Spire (QoL Compilation)","StSLib","The Saiyan"],"gold_per_floor":[90,13,26,26,101,134,134,309,390,421,421,434,444,517,517,621,621,639,16,1,1],"floor_reached":20,"playtime":1429,"items_purged":[],"score":205,"play_id":"afa2179d-2a17-4a96-8396-0a8132cb6b84","local_time":"20210101114621","is_ascension_mode":false,"campfire_choices":[{"data":"Saiyan:WarmUp","floor":7,"key":"SMITH"},{"data":"Saiyan:SuperSaiyanForm","floor":11,"key":"SMITH"},{"data":"Saiyan:KaioKen","floor":15,"key":"SMITH"}],"circlet_count":0,"master_deck":["Saiyan:SAIYA_Strike","Saiyan:SAIYA_Strike","Saiyan:SAIYA_Strike","Saiyan:SAIYA_Strike","Saiyan:SAIYA_Defend","Saiyan:SAIYA_Defend","Saiyan:SAIYA_Defend","Saiyan:SAIYA_Defend","Saiyan:EnergyBlast","Saiyan:KaioKen+1","Saiyan:RuthlessBlow","Saiyan:WarmUp+1","Saiyan:BurningSoul","Saiyan:WarmUp","Doubt","Saiyan:SuperSaiyanForm+1","Saiyan:MeteorDash+1","Saiyan:UltraInstinct","Saiyan:SenzuBean","Saiyan:Makankosappo+1","Saiyan:TransfigurationBeam+1"],"relics":["SaiyanSoul","SaiyanHeart","NeowsBlessing","Akabeko","Molten Egg 2","Eternal Feather","Black Star","Happy Flower","Mummified Hand","Ginger"],"acts_visited":["Exordium","TheCity"],"potions_floor_usage":[18],"damage_taken":[{"damage":0,"enemies":"Cultist","floor":1,"turns":1},{"damage":0,"enemies":"2 Louse","floor":3,"turns":1},{"damage":0,"enemies":"Lagavulin","floor":6,"turns":4},{"damage":19,"enemies":"3 Sentries","floor":10,"turns":9},{"damage":0,"enemies":"Jaw Worm","floor":12,"turns":3},{"damage":3,"enemies":"Exordium Thugs","floor":13,"turns":3},{"damage":49,"enemies":"Slime Boss","floor":16,"turns":14},{"damage":59,"enemies":"Chosen","floor":18,"turns":14},{"damage":10,"enemies":"2 Thieves","floor":20,"turns":1}],"seed_played":"2213481052736332085","potions_obtained":[{"floor":3,"key":"EssenceOfSteel"}],"is_trial":false,"path_per_floor":["M","$","M","$","?","E","R","?","T","E","R","M","M","?","R","B",null,"M","$","M"],"character_chosen":"SAIYAJIN","items_purchased":["Saiyan:WarmUp","Mummified Hand","Ginger","Saiyan:TransfigurationBeam+1"],"campfire_rested":0,"item_purchase_floors":[2,19,19,19],"current_hp_per_floor":[60,60,61,61,50,51,51,51,51,34,43,44,42,42,51,3,67,9,9,0,0],"gold":1,"neow_bonus":"THREE_ENEMY_KILL","is_daily":false,"chose_seed":false,"campfire_upgraded":3,"win_rate":0.0,"timestamp":1609519581,"path_taken":["M","$","M","?","?","E","R","?","T","E","R","M","?","?","R","BOSS","M","$","M"],"items_purchased_type":["Card","Relic","Relic","Card"],"build_version":"2020-12-22","purchased_purges":0,"victory":false,"max_hp_per_floor":[60,60,61,61,61,62,62,62,62,64,64,65,66,66,66,67,67,68,68,68,68],"card_choices":[{"not_picked":["Saiyan:RemoveWeights","Saiyan:Planning","Saiyan:PressOn"],"picked":"SKIP","floor":1},{"not_picked":["Saiyan:KameHameHa","Saiyan:SpiritSword"],"picked":"Saiyan:BurningSoul","floor":3},{"not_picked":["Saiyan:DragonFist","Saiyan:PlotArmor"],"picked":"Saiyan:WarmUp","floor":6},{"not_picked":["Saiyan:PowerUp","Saiyan:TurtleShell"],"picked":"Saiyan:SuperSaiyanForm","floor":10},{"not_picked":["Saiyan:Quickening","Saiyan:SaiyanHubris"],"picked":"Saiyan:MeteorDash+1","floor":12},{"not_picked":["Saiyan:RemoveWeights","Saiyan:PressOn"],"picked":"Saiyan:UltraInstinct","floor":13},{"not_picked":["Saiyan:SolarFlare","Saiyan:MonkeyTail"],"picked":"Saiyan:SenzuBean","floor":16},{"not_picked":["Saiyan:Honing","Saiyan:TurtleShell"],"picked":"Saiyan:Makankosappo+1","floor":18}],"player_experience":2463875,"relics_obtained":[{"floor":6,"key":"Akabeko"},{"floor":9,"key":"Molten Egg 2"},{"floor":10,"key":"Eternal Feather"},{"floor":18,"key":"Happy Flower"}],"event_choices":[{"damage_healed":0,"gold_gain":75,"player_choice":"Gather Gold","damage_taken":11,"max_hp_gain":0,"max_hp_loss":0,"event_name":"World of Goop","floor":5,"gold_loss":0},{"damage_healed":0,"gold_gain":175,"player_choice":"AGREE","damage_taken":0,"max_hp_gain":0,"max_hp_loss":0,"event_name":"Liars Game","floor":8,"gold_loss":0,"cards_obtained":["Doubt"]},{"damage_healed":0,"gold_gain":73,"player_choice":"Gained Gold","damage_taken":0,"max_hp_gain":0,"max_hp_loss":0,"event_name":"Golden Wing","floor":14,"gold_loss":0}],"is_beta":false,"boss_relics":[{"not_picked":["Pandora\u0027s Box","Coffee Dripper"],"picked":"Black Star"}],"items_purged_floors":[],"is_endless":false,"potions_floor_spawned":[3],"killed_by":"2 Thieves","ascension_level":0}}