{"host":"erwxnntsfyc3037l","time":1609535256,"event":{"mods":["AchievementEnabler","BaseMod","Colored Powertips","Conspire","Downfall","Hermit","Hubris","Minty Spire (QoL Compilation)","Quick Restart","Replay The Spire","StSLib","The Bladedancer","The Cursed"],"gold_per_floor":[109,109,121,139,139,139,159,159,159,159,175,175,186,219,219,320,320,339,196,196,214,214,242,89,118,118,118,218,231,231,231,231,231,231],"floor_reached":33,"playtime":3068,"items_purged":[],"score":283,"play_id":"2051e885-ce66-420b-a7c8-2835d76a1ab0","local_time":"20210102000736","is_ascension_mode":false,"campfire_choices":[{"data":"Perfected Strike","floor":6,"key":"SMITH"},{"data":"Heavy Blade","floor":8,"key":"SMITH"},{"data":"Bash","floor":10,"key":"SMITH"},{"data":"Inflame","floor":12,"key":"SMITH"},{"floor":15,"key":"REST"},{"floor":30,"key":"REST"},{"floor":32,"key":"REST"}],"circlet_count":0,"master_deck":["Strike_R","Strike_R","Strike_R","Strike_R","Strike_R","Defend_R","Defend_R","Defend_R","Defend_R","Bash+1","Strike_B","hexamod:Defend","Panache","Perfected Strike+1","Twin Strike","Inflame+1","Heavy Blade+1","Metallicize","Pommel Strike","Berserk+1","Demonic Infusion","Shrug It Off","expansioncontent:LastStand+1","Shrug It Off+1"],"relics":["Burning Blood","conspire:BottledYoYo","Ice Cream","hubris:ScarierMask","Bag of Preparation","Happy Flower","Calipers","Replay:Bottled Snecko"],"acts_visited":["Exordium","TheCity"],"potions_floor_usage":[18,18,23,23,23,25,33],"damage_taken":[{"damage":6,"enemies":"Jaw Worm","floor":1,"turns":3},{"damage":1,"enemies":"Cultist","floor":3,"turns":3},{"damage":2,"enemies":"Small Slimes","floor":4,"turns":3},{"damage":11,"enemies":"Exordium Thugs","floor":7,"turns":5},{"damage":7,"enemies":"Blue Slaver","floor":11,"turns":2},{"damage":0,"enemies":"2 Fungi Beasts","floor":13,"turns":2},{"damage":14,"enemies":"Gremlin Nob","floor":14,"turns":3},{"damage":44,"enemies":"The Guardian","floor":16,"turns":7},{"damage":18,"enemies":"Shell Parasite","floor":18,"turns":5},{"damage":5,"enemies":"2 Thieves","floor":21,"turns":2},{"damage":16,"enemies":"Book of Stabbing","floor":23,"turns":4},{"damage":22,"enemies":"Slavers","floor":25,"turns":8},{"damage":0,"enemies":"Cultist and Chosen","floor":29,"turns":3},{"damage":120,"enemies":"hubris:MusketHawk","floor":33,"turns":11}],"seed_played":"-8017731834032392205","potions_obtained":[{"floor":2,"key":"Languid Potion"},{"floor":2,"key":"ColorlessPotion"},{"floor":2,"key":"Swift Potion"},{"floor":4,"key":"Energy Potion"},{"floor":18,"key":"Slimebound:ThreeZeroPotion"},{"floor":23,"key":"Swift Potion"},{"floor":25,"key":"Swift Potion"}],"is_trial":false,"path_per_floor":["M","?","M","M","$","R","M","R","T","R","M","R","M","E","R","B",null,"M","$","?","M","?","E","$","E","T","?","?","M","R","?","R","B"],"character_chosen":"IRONCLAD","items_purchased":["expansioncontent:LastStand","ColorlessPotion","Happy Flower"],"campfire_rested":3,"item_purchase_floors":[19,19,24],"current_hp_per_floor":[80,80,80,80,80,80,75,75,75,75,74,74,80,72,80,42,80,68,68,68,69,69,59,59,43,43,43,43,49,73,73,80,0,0],"gold":231,"neow_bonus":"RANDOM_COLORLESS_2","is_daily":false,"chose_seed":false,"campfire_upgraded":4,"win_rate":0.0,"timestamp":1609535256,"path_taken":["M","?","M","?","?","R","M","R","T","R","M","R","?","E","R","BOSS","M","$","?","?","?","E","?","E","T","?","?","?","R","?","R","BOSS"],"items_purchased_type":["Card","Potion","Relic"],"build_version":"2020-12-22","purchased_purges":0,"victory":false,"max_hp_per_floor":[80,80,80,80,80,80,80,80,80,80,80,80,80,80,80,80,80,80,80,80,80,80,80,80,80,80,80,80,80,80,80,80,80,80],"card_choices":[{"not_picked":["Master of Strategy","ReplayUltimateDefense"],"picked":"Panache","floor":0},{"not_picked":["Anger","True Grit"],"picked":"Perfected Strike","floor":1},{"not_picked":["Headbutt","Clothesline"],"picked":"Twin Strike","floor":3},{"not_picked":["Warcry","Flex"],"picked":"Inflame","floor":4},{"not_picked":["hubris:CleavingFinish","Headbutt"],"picked":"Heavy Blade","floor":7},{"not_picked":["Run Through","hubris:ReadiedAction"],"picked":"Metallicize","floor":11},{"not_picked":["Run Through","Flex"],"picked":"Pommel Strike","floor":13},{"not_picked":["Flex","Anger"],"picked":"Berserk","floor":14},{"not_picked":["hubris:StunningStrike","Eclipse"],"picked":"Demonic Infusion","floor":16},{"not_picked":["Disarm","hubris:CleavingFinish"],"picked":"Shrug It Off","floor":18},{"not_picked":["Defy Death","hubris:ReadiedAction"],"picked":"Shrug It Off+1","floor":21},{"not_picked":["Seeing Red","Inflame","hubris:CleavingFinish"],"picked":"SKIP","floor":23},{"not_picked":["Combust","Run Through","ReplayTheSpireMod:Corrosion Curse"],"picked":"SKIP","floor":25},{"not_picked":["Heavy Blade","Warcry","ReplayTheSpireMod:Strike From Hell"],"picked":"SKIP","floor":29}],"player_experience":29936,"relics_obtained":[{"floor":9,"key":"conspire:BottledYoYo"},{"floor":14,"key":"Ice Cream"},{"floor":23,"key":"Bag of Preparation"},{"floor":25,"key":"Calipers"},{"floor":26,"key":"Replay:Bottled Snecko"}],"event_choices":[{"damage_healed":0,"gold_gain":0,"player_choice":"Got Potions","damage_taken":0,"max_hp_gain":0,"max_hp_loss":0,"event_name":"Lab","floor":2,"gold_loss":0},{"damage_healed":0,"gold_gain":0,"player_choice":"Upgraded","damage_taken":0,"max_hp_gain":0,"max_hp_loss":0,"event_name":"Upgrade Shrine","floor":20,"gold_loss":0,"cards_upgraded":["expansioncontent:LastStand"]},{"damage_healed":0,"gold_gain":0,"player_choice":"Ignored","damage_taken":0,"max_hp_gain":0,"max_hp_loss":0,"event_name":"N\u0027loth","floor":22,"gold_loss":0},{"damage_healed":0,"gold_gain":100,"player_choice":"Pray","damage_taken":0,"max_hp_gain":0,"max_hp_loss":0,"event_name":"Golden Shrine","floor":28,"gold_loss":0}],"is_beta":false,"boss_relics":[{"not_picked":["ChewingGum","Black Blood"],"picked":"hubris:ScarierMask"}],"items_purged_floors":[],"is_endless":false,"potions_floor_spawned":[3,4,14,16,18,23,25],"killed_by":"hubris:MusketHawk","ascension_level":0}}