{"host":"0azimyi6n3ugndj4","time":1609543039,"event":{"mods":["2.2 Compatiblity","BaseMod","Bestiary","Conspire","Curses Come First","Defuse TimeMaze Blight","Hermit","Hyrulean Relics","Infinite Spire","Minty Spire (QoL Compilation)","Relic Stats","Replay The Spire","StSLib","SuperFastMode","The Cursed","Uncapped","¡¼?Úª?ø«¡½REMEMod"],"gold_per_floor":[156,156,186,25,25,109,109,139,139,229,229,229,189,189,189],"floor_reached":14,"playtime":192,"items_purged":[],"score":617,"play_id":"a6d0bbc4-e437-4f40-983b-3000c37ed71a","local_time":"20210102081719","daily_mods":["SealedDeck","Hoarder","Insanity","Chimera","Specialized","Vintage","ControlledChaos","Allstar","Colorless Cards","Heirloom","Time Dilation","Flight","Elite Swarm","Lethality","Midas","Binary"],"is_ascension_mode":true,"campfire_choices":[],"circlet_count":0,"master_deck":["Demon Form","Wraith Form v2","Echo Form","DevaForm","AscendersBane","Bash","Survivor","Zap","Eruption","Strike_R","Strike_G","Strike_B","Defend_R","Defend_G","Defend_P","FlyingSleeves","CrushJoints","Replay:AtTheReady","Halt","SashWhip","FollowUp","conspire:Banana","SashWhip","CutThroughFate","Protect","Worship","ClearTheMind","JustLucky","Replay:Battleflow","FollowUp","Crescendo","REME_Repentance","Consecrate","Crescendo","Evaluate","BowlingBash","EmptyFist","FearNoEvil","Consecrate","REME_Repentance","Halt","Consecrate","JustLucky","Evaluate","Replay:ManipulateFuture","Evaluate","Swift Strike","REME_Repentance","EmptyBody","Nirvana","Purity","Replay:ManipulateFuture","CutThroughFate","JustLucky","Survey Options","Wireheading","Flash of Steel","EmptyFist","PathToVictory","Swift Strike","REME_TheoryOfElimination","PanicButton","Prostrate","FollowUp","Enlightenment","Weave","Weave","Weave","Weave","Weave","Weave","Weave","Weave","Weave","Weave","Weave","Weave","Weave","Weave","Weave","Survey Options","Survey Options","Survey Options","Evaluate","Evaluate","Evaluate","Blind","Blind","Blind","CarveReality","CarveReality","CarveReality","FollowUp","FollowUp","FollowUp","FlyingSleeves","FlyingSleeves","FlyingSleeves","Halt","Halt","Halt","Swift Strike","Swift Strike","Swift Strike","CutThroughFate","CutThroughFate","CutThroughFate","CutThroughFate","CutThroughFate","CutThroughFate","TheCursedMod:CollectTribute","TheCursedMod:CollectTribute","TheCursedMod:CollectTribute","EmptyFist","EmptyFist","EmptyFist","infinitespire:Pacifist","infinitespire:Pacifist","infinitespire:Pacifist","Shame","Shame","Shame","infinitespire:Oblivion","infinitespire:Oblivion","infinitespire:Oblivion"],"relics":["PureWater","Frozen Eye","Busted Crown","REME_ComplimentaryCards","REME_IWantAll","Quantum Egg","MawBank","Juzu Bracelet","zeldaRelics:CourageTriforce","infinitespire:CheckeredPen","Orichalcum"],"acts_visited":["Exordium"],"potions_floor_usage":[],"damage_taken":[{"damage":0.0,"enemies":"Jaw Worm","floor":1.0,"turns":1.0},{"damage":0.0,"enemies":"Cultist","floor":3.0,"turns":2.0},{"damage":14.0,"enemies":"3 Sentries","floor":6.0,"turns":3.0},{"damage":14.0,"enemies":"2 Louse","floor":8.0,"turns":2.0},{"damage":0.0,"enemies":"Lagavulin","floor":10.0,"turns":1.0},{"damage":25,"enemies":"3 Sentries","floor":14,"turns":2}],"seed_played":"6164375115119303539","potions_obtained":[{"floor":8.0,"key":"StancePotion"},{"floor":10.0,"key":"ColorlessPotion"},{"floor":13,"key":"BottledMiracle"}],"is_trial":true,"path_per_floor":["M","?","M","$","?","E","$","M","T","E","?","?","?","E"],"character_chosen":"WATCHER","items_purchased":["Juzu Bracelet"],"campfire_rested":0,"item_purchase_floors":[4],"current_hp_per_floor":[61,61,61,61,51,37,37,24,24,24,24,24,24,0,0],"gold":189,"neow_bonus":"","is_daily":false,"chose_seed":false,"campfire_upgraded":0,"win_rate":0.0,"timestamp":1609543039,"path_taken":["M","?","?","$","?","E","$","M","T","E","?","?","?","E"],"items_purchased_type":["Relic"],"build_version":"2020-12-22","purchased_purges":0,"victory":false,"max_hp_per_floor":[68,68,68,68,68,68,68,69,69,69,69,69,69,69,69],"relic_stats":{"Busted Crown":10,"counters":[6,11],"Juzu Bracelet":1,"Orichalcum":[6],"MawBank":12,"obtain_stats":[{"Frozen Eye":0,"Busted Crown":0,"Quantum Egg":1,"Juzu Bracelet":4,"zeldaRelics:CouragePiece":6,"infinitespire:CheckeredPen":8,"PureWater":0,"Orichalcum":12,"REME_IWantAll":0,"MawBank":3,"zeldaRelics:CourageTriforce":10,"REME_ComplimentaryCards":0},{"Frozen Eye":0,"Busted Crown":0,"Quantum Egg":1,"Juzu Bracelet":2,"zeldaRelics:CouragePiece":3,"infinitespire:CheckeredPen":4,"PureWater":0,"Orichalcum":5,"REME_IWantAll":0,"MawBank":2,"zeldaRelics:CourageTriforce":5,"REME_ComplimentaryCards":0},{"Frozen Eye":0,"Busted Crown":0,"Quantum Egg":1,"Juzu Bracelet":3,"zeldaRelics:CouragePiece":6,"infinitespire:CheckeredPen":8,"PureWater":0,"Orichalcum":9,"REME_IWantAll":0,"MawBank":3,"zeldaRelics:CourageTriforce":9,"REME_ComplimentaryCards":0}]},"card_choices":[{"not_picked":["infinitespire:Menacing","infinitespire:NeuralNetwork"],"picked":"infinitespire:Oblivion","floor":11}],"player_experience":1490541,"relics_obtained":[{"floor":1.0,"key":"Quantum Egg"},{"floor":3.0,"key":"MawBank"},{"floor":6.0,"key":"zeldaRelics:CouragePiece"},{"floor":8.0,"key":"infinitespire:CheckeredPen"},{"floor":9.0,"key":"zeldaRelics:CouragePiece"},{"floor":10.0,"key":"zeldaRelics:CouragePiece"},{"floor":12,"key":"Orichalcum"}],"event_choices":[{"damage_healed":0.0,"max_hp_gain":0.0,"max_hp_loss":0.0,"gold_gain":0.0,"event_name":"Match and Keep!","player_choice":"1 cards matched","floor":2.0,"gold_loss":0.0,"damage_taken":0.0,"cards_obtained":["EmptyFist"]},{"damage_healed":0.0,"max_hp_gain":0.0,"max_hp_loss":0.0,"gold_gain":0.0,"event_name":"Wheel of Change","player_choice":"Damaged","floor":5.0,"gold_loss":0.0,"damage_taken":10.0},{"damage_healed":0,"gold_gain":0,"player_choice":"Bought 3 Potions","damage_taken":0,"max_hp_gain":0,"max_hp_loss":0,"event_name":"The Woman in Blue","floor":13,"gold_loss":0}],"is_beta":false,"boss_relics":[],"items_purged_floors":[],"is_endless":false,"potions_floor_spawned":[8,10],"killed_by":"3 Sentries","ascension_level":20}}