{"host":"bbjnqymry46jz0fa","time":1609506562,"event":{"mods":["BaseMod","DeckTracker","Minty Spire (QoL Compilation)","Quick Restart","StSLib","SuperFastMode"],"gold_per_floor":[117,137,149,74,74,74,101,101,101,118,136,167,167,180,180,180,180],"floor_reached":16,"playtime":237,"items_purged":["Strike_R"],"score":224,"play_id":"0075d8d0-5322-4315-a5c1-13a14972acd8","local_time":"20210101220922","is_ascension_mode":true,"campfire_choices":[{"data":"Inflame","floor":6,"key":"SMITH"},{"data":"Fire Breathing","floor":8,"key":"SMITH"},{"data":"Second Wind","floor":15,"key":"SMITH"}],"circlet_count":0,"master_deck":["AscendersBane","Strike_R","Strike_R","Strike_R","Defend_R","Defend_R","Defend_R","Bash","Fire Breathing+1","Inflame+1","Wild Strike","Second Wind+1","Reckless Charge"],"relics":["Burning Blood","NeowsBlessing","Eternal Feather","PreservedInsect","Question Card"],"acts_visited":["Exordium"],"potions_floor_usage":[7,14,16],"damage_taken":[{"damage":0,"enemies":"Cultist","floor":1,"turns":1},{"damage":0,"enemies":"Small Slimes","floor":2,"turns":1},{"damage":0,"enemies":"2 Louse","floor":3,"turns":1},{"damage":25,"enemies":"3 Sentries","floor":7,"turns":4},{"damage":19,"enemies":"Blue Slaver","floor":10,"turns":4},{"damage":15,"enemies":"Large Slime","floor":11,"turns":3},{"damage":32,"enemies":"Gremlin Nob","floor":12,"turns":4},{"damage":7,"enemies":"Exordium Wildlife","floor":14,"turns":3},{"damage":20,"enemies":"Hexaghost","floor":16,"turns":8}],"seed_played":"2246975164698480150","potions_obtained":[{"floor":1,"key":"DuplicationPotion"},{"floor":2,"key":"Strength Potion"},{"floor":3,"key":"DuplicationPotion"},{"floor":12,"key":"Block Potion"}],"is_trial":false,"path_per_floor":["M","M","M","$","?","R","E","R","T","M","M","E","?","M","R","B"],"character_chosen":"IRONCLAD","items_purchased":[],"campfire_rested":0,"item_purchase_floors":[],"current_hp_per_floor":[74,75,75,75,75,75,56,62,62,49,40,14,14,13,19,0,0],"gold":180,"neow_bonus":"THREE_ENEMY_KILL","is_daily":false,"chose_seed":false,"campfire_upgraded":3,"win_rate":0.0,"timestamp":1609506562,"path_taken":["M","M","?","$","?","R","E","R","T","M","?","E","?","M","R","BOSS"],"items_purchased_type":[],"build_version":"2020-12-22","purchased_purges":1,"victory":false,"max_hp_per_floor":[75,75,75,75,75,75,75,75,75,75,75,75,75,75,75,75,75],"card_choices":[{"not_picked":["Flex","Combust"],"picked":"Fire Breathing","floor":1},{"not_picked":["True Grit","Wild Strike","Armaments"],"picked":"SKIP","floor":2},{"not_picked":["Twin Strike","Cleave"],"picked":"Inflame","floor":3},{"not_picked":["Thunderclap","Perfected Strike"],"picked":"Wild Strike","floor":7},{"not_picked":["Power Through","Heavy Blade"],"picked":"Second Wind","floor":10},{"not_picked":["Warcry","Ghostly Armor","Body Slam"],"picked":"SKIP","floor":11},{"not_picked":["Juggernaut","Spot Weakness"],"picked":"Reckless Charge","floor":12},{"not_picked":["Searing Blow","Thunderclap","Flex","Clothesline"],"picked":"SKIP","floor":14}],"player_experience":725276,"relics_obtained":[{"floor":7,"key":"Eternal Feather"},{"floor":9,"key":"PreservedInsect"},{"floor":12,"key":"Question Card"}],"event_choices":[{"cards_removed":["Defend_R"],"damage_healed":0,"gold_gain":0,"player_choice":"Purged","damage_taken":0,"max_hp_gain":0,"max_hp_loss":0,"event_name":"Purifier","floor":5,"gold_loss":0},{"cards_removed":["Strike_R"],"damage_healed":0,"gold_gain":0,"player_choice":"Forget","damage_taken":0,"max_hp_gain":0,"max_hp_loss":0,"event_name":"Living Wall","floor":13,"gold_loss":0}],"is_beta":false,"boss_relics":[],"items_purged_floors":[4],"is_endless":false,"potions_floor_spawned":[1,2,3,12],"killed_by":"Hexaghost","ascension_level":20}}