{"host":"a99cgagtsic7fuyb","time":1609488311,"event":{"mods":["BaseMod","Downfall","Hermit","Lobotomy","Minty Spire (QoL Compilation)","Replay The Spire","StSLib","The Cursed"],"gold_per_floor":[110,206,206,29,44,73,73,98,98,98,110,123,93,166,166,265,265,284,85,85,104,122,122,65,65,65],"floor_reached":25,"playtime":2103,"items_purged":["sneckomod:Bewildered"],"score":234,"play_id":"dbd1b155-1f15-49d9-8ed8-cc6d82b769b1","local_time":"20210101160511","is_ascension_mode":false,"campfire_choices":[{"floor":7,"key":"RECALL"},{"floor":10,"key":"REST"},{"floor":15,"key":"REST"},{"floor":23,"key":"REST"}],"circlet_count":0,"master_deck":["hermit:Strike_Hermit+1","hermit:Strike_Hermit+1","hermit:Strike_Hermit+1","hermit:Strike_Hermit+1","hermit:Defend_Hermit","hermit:Defend_Hermit","hermit:Defend_Hermit","hermit:Defend_Hermit","hermit:Snapshot","hermit:Covet","hermit:BigShot","hermit:Glare","hermit:Vantage","hermit:HeroicBravado","hermit:TakeAim","hermit:Virtue","hermit:Snipe","hermit:FromBeyond","hermit:FullyLoaded","hermit:EyeOfTheStorm","hermit:RoundhouseKick","CommonCold","Amnesia","Hallucinations","hermit:Showdown","Secret Technique","hermit:Shortfuse","hermit:Brawl","Decay","hermit:Coalescence","hermit:EyeOfTheStorm","hermit:Showdown","hermit:Showdown"],"relics":["hermit:Momento","NeowsBlessing","Replay:Bottled Steam","Incense Burner","Bottled Lightning","Replay:Ancient Bell","PreservedInsect","Replay:Bottled Eggs","Durian","ReplayTheSpireMod:CursedCoin"],"acts_visited":["Exordium","TheCity"],"potions_floor_usage":[13,16,16,22],"damage_taken":[{"damage":0,"enemies":"Jaw Worm","floor":1,"turns":1},{"damage":0,"enemies":"2 Louse","floor":5,"turns":1},{"damage":0,"enemies":"Gremlin Nob","floor":6,"turns":1},{"damage":73,"enemies":"3 Sentries","floor":8,"turns":14},{"damage":1,"enemies":"Small Slimes","floor":11,"turns":5},{"damage":23,"enemies":"Exordium Thugs","floor":12,"turns":8},{"damage":0,"enemies":"Looter","floor":13,"turns":4},{"damage":27,"enemies":"Fading Forest","floor":16,"turns":11},{"damage":35,"enemies":"Spheric Guardian","floor":18,"turns":8},{"damage":22,"enemies":"Shell Parasite","floor":21,"turns":5},{"damage":20,"enemies":"Snecko","floor":22,"turns":10},{"damage":33,"enemies":"3 Cultists","floor":25,"turns":6}],"seed_played":"3649545572844227187","potions_obtained":[{"floor":1,"key":"Strength Potion"},{"floor":8,"key":"Energy Potion"},{"floor":12,"key":"CultistPotion"},{"floor":21,"key":"AttackPotion"}],"is_trial":false,"path_per_floor":["M","?","?","$","M","E","R","E","T","R","M","M","M","?","R","B",null,"M","$","?","M","M","R","$","M"],"character_chosen":"HERMIT","items_purchased":["FairyPotion","hermit:TakeAim","ReplayTheSpireMod:CursedCoin","Secret Technique","hermit:Shortfuse","hermit:Brawl","hermit:Showdown"],"campfire_rested":3,"item_purchase_floors":[4,4,19,19,19,19,24],"current_hp_per_floor":[75,75,75,75,75,75,75,2,2,24,23,22,22,22,44,35,80,45,45,45,23,3,27,27,0,0],"gold":65,"neow_bonus":"THREE_ENEMY_KILL","is_daily":false,"chose_seed":false,"campfire_upgraded":0,"win_rate":0.0,"timestamp":1609488311,"path_taken":["M","?","?","$","M","E","R","E","T","R","?","M","M","?","R","BOSS","M","$","?","M","M","R","$","M"],"items_purchased_type":["Potion","Card","Relic","Card","Card","Card","Card"],"build_version":"2020-12-22","purchased_purges":1,"victory":false,"max_hp_per_floor":[75,75,75,75,75,75,75,75,75,75,75,75,75,75,75,75,80,80,80,80,80,80,80,80,80,80],"card_choices":[{"not_picked":["hermit:DeadMansHand","hermit:CalledShot"],"picked":"hermit:BigShot","floor":1},{"not_picked":["hermit:Dive","hermit:HighCaliber"],"picked":"hermit:Glare","floor":2},{"not_picked":["hermit:HoleUp","hermit:ItchyTrigger"],"picked":"hermit:Vantage","floor":2},{"not_picked":["hermit:Manifest","hermit:Desperado"],"picked":"hermit:HeroicBravado","floor":2},{"not_picked":["hermit:Ricochet","hermit:NoHoldsBarred"],"picked":"hermit:Virtue","floor":5},{"not_picked":["hermit:Grudge","hermit:Quickdraw"],"picked":"hermit:Snipe","floor":6},{"not_picked":["hermit:CalledShot","hermit:Dive","hermit:BodyArmor"],"picked":"SKIP","floor":8},{"not_picked":["hermit:Scavenge","hermit:TakeCover"],"picked":"hermit:FromBeyond","floor":11},{"not_picked":["hermit:Deadeye","hermit:CalledShot"],"picked":"hermit:FullyLoaded","floor":12},{"not_picked":["hermit:Ricochet","hermit:Headshot"],"picked":"hermit:EyeOfTheStorm","floor":13},{"not_picked":["hermit:Reprieve","hermit:Gambit"],"picked":"hermit:RoundhouseKick","floor":16},{"not_picked":["Writhe","Doubt"],"picked":"CommonCold","floor":17},{"not_picked":["Doubt","Replay:Hysterical Blindness"],"picked":"Amnesia","floor":17},{"not_picked":["ReplayTheSpireMod:Splinters","Sickly"],"picked":"Hallucinations","floor":17},{"not_picked":["hermit:Roulette","hermit:Malice"],"picked":"hermit:Showdown","floor":18},{"not_picked":["hermit:Desperado","hermit:Spite"],"picked":"hermit:Coalescence","floor":21},{"not_picked":["hermit:Brawl+1","hermit:TakeCover"],"picked":"hermit:EyeOfTheStorm","floor":22}],"player_experience":115922,"relics_obtained":[{"floor":6,"key":"Replay:Bottled Steam"},{"floor":8,"key":"Incense Burner"},{"floor":9,"key":"Bottled Lightning"}],"event_choices":[{"cards_removed":["ReplayTheSpireMod:Splinters"],"damage_healed":0,"gold_gain":0,"player_choice":"Removed Curses","damage_taken":0,"max_hp_gain":0,"max_hp_loss":0,"event_name":"Fountain of Cleansing","floor":3,"gold_loss":0},{"damage_healed":0,"gold_gain":73,"player_choice":"Gained Gold","damage_taken":0,"max_hp_gain":0,"max_hp_loss":0,"event_name":"Golden Wing","floor":14,"gold_loss":0},{"damage_healed":0,"gold_gain":0,"player_choice":"Smashed Altar","damage_taken":0,"max_hp_gain":0,"max_hp_loss":0,"event_name":"Forgotten Altar","floor":20,"gold_loss":0,"cards_obtained":["Decay"]}],"is_beta":false,"boss_relics":[{"not_picked":["hermit:BartenderGlass","Ring of Chaos"],"picked":"Replay:Ancient Bell"},{"not_picked":["Potion Belt","Replay:Baseball"],"picked":"PreservedInsect"},{"not_picked":["Mercury Hourglass","ReplayTheSpireMod:Shallot"],"picked":"Replay:Bottled Eggs"},{"not_picked":["Replay:Multitool","Thread and Needle"],"picked":"Durian"}],"items_purged_floors":[19],"is_endless":false,"potions_floor_spawned":[1,8,12,21],"killed_by":"3 Cultists","ascension_level":0}}