{"host":"879u177vr8bnqwsn","time":1609513127,"event":{"mods":["BaseMod","Infinite Spire","Minty Spire (QoL Compilation)","Replay The Spire","StSLib"],"gold_per_floor":[118,118,118,49,64,64,64,64,90,90,90,125,140,161,161,161,161],"floor_reached":16,"playtime":369,"items_purged":[],"score":98,"play_id":"661607f9-2df3-4805-a0b8-cd5981ad5c9e","local_time":"20210101125847","is_ascension_mode":false,"campfire_choices":[{"data":"Panic Button","floor":6,"key":"SMITH"},{"floor":11,"key":"REST"},{"data":"Bash","floor":15,"key":"SMITH"}],"circlet_count":0,"master_deck":["Strike_B","Strike_B","Strike_B","Defend_B","Defend_B","Defend_B","Zap","Panic Button+1","Biased Cognition","Hologram","Bash+1","Tempest","Skim","Replay:Fractal Strike","Force Field","Flex"],"relics":["Iron Core","Golden Idol","Akabeko","Kunai"],"acts_visited":["Exordium"],"potions_floor_usage":[],"damage_taken":[{"damage":0,"enemies":"2 Louse","floor":1,"turns":2},{"damage":3,"enemies":"Jaw Worm","floor":5,"turns":3},{"damage":22,"enemies":"Replay:BlueRogue","floor":12,"turns":6},{"damage":5,"enemies":"Small Slimes","floor":13,"turns":3},{"damage":12,"enemies":"Blue Slaver","floor":14,"turns":2},{"damage":0,"enemies":"The Guardian","floor":16,"turns":3}],"seed_played":"-7033856129949431723","potions_obtained":[{"floor":5,"key":"Doom Potion"},{"floor":13,"key":"EssenceOfDarkness"}],"is_trial":false,"path_per_floor":["M","?","?","$","M","R","?","$","T","?","R","E","M","M","R","B"],"character_chosen":"DEFECT","items_purchased":["Tempest"],"campfire_rested":1,"item_purchase_floors":[4],"current_hp_per_floor":[68,68,51,51,48,48,31,31,31,31,51,29,24,12,12,12,12],"gold":161,"neow_bonus":"TRANSFORM_TWO_CARDS","is_daily":false,"chose_seed":false,"campfire_upgraded":2,"win_rate":0.0,"timestamp":1609513127,"path_taken":["M","?","?","$","M","R","?","?","T","?","R","E","?","M","R","BOSS"],"items_purchased_type":["Card"],"build_version":"2020-12-22","purchased_purges":0,"victory":false,"max_hp_per_floor":[68,68,68,68,68,68,68,68,68,68,68,68,68,68,68,68,68],"card_choices":[{"not_picked":["Rebound","Ball Lightning"],"picked":"Hologram","floor":1},{"not_picked":["Seeing Red","Fusion"],"picked":"Skim","floor":5},{"not_picked":["infinitespire:NeuralNetwork","infinitespire:FinalStrike"],"picked":"Replay:Fractal Strike","floor":7},{"not_picked":["Storm","Lockon"],"picked":"Force Field","floor":12},{"not_picked":["Turbo","Beam Cell"],"picked":"Flex","floor":13},{"not_picked":["Flex","Beam Cell","Hologram"],"picked":"SKIP","floor":14}],"player_experience":703157,"relics_obtained":[{"floor":9,"key":"Akabeko"},{"floor":12,"key":"Kunai"}],"event_choices":[{"damage_healed":0,"gold_gain":0,"player_choice":"Take Damage","damage_taken":17,"relics_obtained":["Golden Idol"],"max_hp_gain":0,"max_hp_loss":0,"event_name":"Golden Idol","floor":3,"gold_loss":0}],"is_beta":false,"boss_relics":[],"items_purged_floors":[],"is_endless":false,"potions_floor_spawned":[5,13],"killed_by":"The Guardian","ascension_level":0}}