{"host":"s6t38s6k4widkzbu","time":1609521975,"event":{"mods":["ATMod(°¢èªMod)","Aspiration","BaseMod","Conspire","Downfall","Googly Eyes","Hermit","Highlight Path","Hunter ÁÔÈË","KinomotoSakuraMod(Ä¾Ö®±¾Ó£)","KomeijiMod","Marisa£¨ìFÓê¡¡Ä§ÀíÉ³£©","Minty Spire (QoL Compilation)","Permanent Neow","Prisma Mod","Quick Restart","READ ME - Guardian Mod","Reimu£¨²©ÀöÁéÃÎ£©","Remilia£¨ÀÙÃ×ÀòÑÇ£©","Replay The Spire","RumiaBox-Â¶Ã×æ«µÄÉñÃØºÐ×Ó","StSLib","The Animator","The Bladedancer","The Bug Knight","The Cursed","The Gatherer","The Jungle","The Mystic","The Runesmith","The Servant 0.9.4","Youmu£¨»êÆÇÑýÃÎ£©","Yuyuko","¡¾ÒÅÎï¿¨ÅÆ¡¿REMEMod","óô»ðÖ¸ÄÏ"],"gold_per_floor":[365,540,556,588,598,598,340,340,340,340,352,352,387,405,405,523,523,491,152,172,183,197,197,197],"floor_reached":23,"playtime":4067,"items_purged":["hexamod:Haunted","Doubt"],"score":187,"play_id":"0c37cb35-a091-46e2-9ce7-abed89d8fd2e","local_time":"20210102012615","is_ascension_mode":false,"campfire_choices":[{"data":"BloodyHallows","floor":6,"key":"SMITH"},{"data":"DemonKingCradle","floor":8,"key":"SMITH"},{"data":"GlobalNightmare","floor":12,"key":"SMITH"},{"data":"RedMoon","floor":15,"key":"SMITH"}],"circlet_count":0,"master_deck":["AT_DrawKnifeCut","BloodyHallows+1","DiffusionOfMisfortune","FavorOfDestiny","HellCatastrophe","RedNightlessCastle","UnstableMagic","DemonKingCradle+1","GlobalNightmare+1","BloodAndWine","RedRainbow","BatForm","MastersStateliness","DemonKingCradle+1","CeilingFear","BloodyHallows","HellCatastrophe","EquivalentExchange","ForecastOfChange","DemonKingCradle","EquivalentExchange","KillingBlow","BatForm","EndlessAdversity","BlasphemousPunishment+1","AfternoonTea"],"relics":["ScarletHat","REME_ComplimentaryCards","AT_ATBox","SlaversCollar","SumBook"],"acts_visited":["Exordium","TheCity"],"potions_floor_usage":[16,16,16,21,23,23],"damage_taken":[{"damage":0,"enemies":"Small Slimes","floor":1,"turns":3},{"damage":0,"enemies":"Jaw Worm","floor":3,"turns":3},{"damage":0,"enemies":"Cultist","floor":4,"turns":5},{"damage":0,"enemies":"2 Fungi Beasts","floor":5,"turns":2},{"damage":0,"enemies":"Lots of Slimes","floor":11,"turns":1},{"damage":18,"enemies":"Large Slime","floor":13,"turns":10},{"damage":5,"enemies":"2 Fungi Beasts","floor":14,"turns":4},{"damage":14,"enemies":"Hexaghost","floor":16,"turns":7},{"damage":31,"enemies":"2 Thieves","floor":18,"turns":5},{"damage":0,"enemies":"conspire:FuzzyDice","floor":20,"turns":4},{"damage":24,"enemies":"Snake Plant","floor":21,"turns":6},{"damage":22,"enemies":"Centurion and Healer","floor":22,"turns":7},{"damage":8,"enemies":"Slavers","floor":23,"turns":2}],"seed_played":"5192555112896176916","potions_obtained":[{"floor":3,"key":"SmokeBomb"},{"floor":4,"key":"Strength Potion"},{"floor":14,"key":"hexamod:EctoCoolerPotion"},{"floor":14,"key":"PowerPotion"},{"floor":18,"key":"MagicPotion:ReiMu"},{"floor":20,"key":"BlessingOfTheForge"},{"floor":20,"key":"SpeedPotion"},{"floor":21,"key":"Venom Potion"},{"floor":22,"key":"Ancient Potion"}],"is_trial":false,"path_per_floor":["M","?","M","M","M","R","$","R","T","?","M","R","M","M","R","B",null,"M","$","M","M","M","E"],"character_chosen":"REMILIA","items_purchased":["UnstableMagic","DemonKingCradle","SumBook"],"campfire_rested":0,"item_purchase_floors":[7,7,19],"current_hp_per_floor":[75,75,75,75,75,75,75,75,75,75,75,75,60,57,57,51,75,44,44,44,22,5,0,0],"gold":197,"neow_bonus":"TWO_FIFTY_GOLD","is_daily":false,"chose_seed":false,"campfire_upgraded":4,"win_rate":0.0,"timestamp":1609521975,"path_taken":["M","?","M","M","M","R","$","R","T","?","M","R","M","M","R","BOSS","M","$","?","M","M","E"],"items_purchased_type":["Card","Card","Relic"],"build_version":"2020-12-22","purchased_purges":2,"victory":false,"max_hp_per_floor":[75,75,75,75,75,75,75,75,75,75,75,75,75,75,75,75,75,75,75,75,75,75,75,75],"card_choices":[{"not_picked":["UnderTheZenith","ScarletImprint"],"picked":"DiffusionOfMisfortune","floor":1},{"not_picked":["CharismaGuard","ScarletImprint"],"picked":"FavorOfDestiny","floor":3},{"not_picked":["Maim","UnderTheZenith"],"picked":"HellCatastrophe","floor":4},{"not_picked":["Stigmanizer","BlasphemousPunishment"],"picked":"RedNightlessCastle","floor":5},{"not_picked":["DevilSight","CharismaGuard"],"picked":"GlobalNightmare","floor":11},{"not_picked":["EternalNight","RedRainbow"],"picked":"BloodAndWine","floor":13},{"not_picked":["DiffusionOfMisfortune","ScarletDevilSign"],"picked":"RedRainbow","floor":14},{"not_picked":["EquivalentExchange","HellCatastrophe"],"picked":"BatForm","floor":16},{"not_picked":["ScarletDream","BloodAndWine"],"picked":"MastersStateliness","floor":18},{"not_picked":["BlasphemousPunishment","TwelveNightmare"],"picked":"EndlessAdversity","floor":20},{"not_picked":["DiffusionOfMisfortune+1","EmergencyRegeneration+1"],"picked":"BlasphemousPunishment+1","floor":21},{"not_picked":["UnderTheZenith+1","CharismaGuard+1"],"picked":"AfternoonTea","floor":22}],"player_experience":350597,"relics_obtained":[],"event_choices":[{"damage_healed":0,"gold_gain":175,"player_choice":"AGREE","damage_taken":0,"max_hp_gain":0,"max_hp_loss":0,"event_name":"Liars Game","floor":2,"gold_loss":0,"cards_obtained":["Doubt"]},{"damage_healed":0,"gold_gain":0,"player_choice":"Bought 0 Potions","damage_taken":0,"max_hp_gain":0,"max_hp_loss":0,"event_name":"The Woman in Blue","floor":10,"gold_loss":0}],"is_beta":false,"boss_relics":[{"not_picked":["Replay:Drink Me","Fusion Hammer"],"picked":"SlaversCollar"}],"items_purged_floors":[7,19],"is_endless":false,"potions_floor_spawned":[3,4,14,20],"killed_by":"Slavers","ascension_level":0}}