{"host":"0azimyi6n3ugndj4","time":1609538690,"event":{"mods":["2.2 Compatiblity","BaseMod","Bestiary","Conspire","Curses Come First","Defuse TimeMaze Blight","Hermit","Hyrulean Relics","Infinite Spire","Minty Spire (QoL Compilation)","Relic Stats","Replay The Spire","StSLib","SuperFastMode","The Cursed","Uncapped","¡¼?Úª?ø«¡½REMEMod"],"gold_per_floor":[135,410,440,440,340,340,139,139,139,139,289,373,373,418,418,634,634,676,676,591,516,600,600,600],"floor_reached":23,"playtime":267,"items_purged":[],"score":716,"play_id":"5d25110b-cacd-47be-bd97-3e54813af50f","local_time":"20210102070450","daily_mods":["SealedDeck","Hoarder","Insanity","Chimera","Specialized","Vintage","ControlledChaos","Allstar","Diverse","Colorless Cards","Heirloom","Time Dilation","Flight","Elite Swarm","Lethality","Midas","Binary"],"is_ascension_mode":true,"campfire_choices":[{"floor":6,"key":"REST"},{"floor":15,"key":"REST"}],"circlet_count":0,"master_deck":["Demon Form","Wraith Form v2","Echo Form","DevaForm","AscendersBane","Bash","Survivor","Zap","Eruption","Strike_R","Strike_G","Strike_B","Defend_R","Defend_G","Defend_P","FollowUp","hermit:Misfire","hermit:SprayPray","TheCursedMod:FleshFromBone","hermit:Shortfuse+1","Panic Button","Replay:Bootleg Shield Generator","REME_Repentance","TheCursedMod:TacticalStrike","hermit:Gestalt","hermit:Malice","hermit:Dive","TheCursedMod:CursedStaff","Endless Agony","hermit:HighCaliber","hermit:Coalescence","Perfected Strike","EmptyFist","Evolve","Replay:Sssssssssstrike","hermit:EyeOfTheStorm","Distraction","JustLucky","Adaptation","BasicCrystalCard","hermit:Desperado","Dagger Spray","FollowUp","Go for the Eyes","Coolheaded","Shockwave","hermit:Ricochet","hermit:CalledShot","Redo","Crippling Poison","Dagger Throw","Poisoned Stab","TheCursedMod:Wield","Replay:Bootleg Shield Generator","SignatureMove","Warcry","TheCursedMod:RavingStaff","Go for the Eyes","Stack","EmptyBody","Perfected Strike","Replay:Poison Smokescreen","Crescendo","hermit:ItchyTrigger","Flame Barrier","LessonLearned","LessonLearned","LessonLearned","LessonLearned","LessonLearned","LessonLearned","LessonLearned","LessonLearned","LessonLearned","LessonLearned","LessonLearned","LessonLearned","LessonLearned+1","LessonLearned","LessonLearned","Dagger Spray","Dagger Spray","Dagger Spray","Halt","Halt","Halt","ReplayTheSpireMod:Strike From Hell","ReplayTheSpireMod:Strike From Hell","ReplayTheSpireMod:Strike From Hell","Disarm","Disarm","Disarm","Terror","Terror","Terror","ReplayTheSpireMod:Dual Polarity","ReplayTheSpireMod:Dual Polarity","ReplayTheSpireMod:Dual Polarity+1","TheCursedMod:FleshFromBone","TheCursedMod:FleshFromBone","TheCursedMod:FleshFromBone","Slice","Slice","Slice","Sunder","Sunder","Sunder","Replay:BluntJabs","Replay:BluntJabs","Replay:BluntJabs","BootSequence","BootSequence","BootSequence","Regret","Regret","Regret","Ghostly","Ghostly","Ghostly","Writhe","Writhe"],"relics":["TheCursedMod:BlackMagic101","Frozen Eye","Busted Crown","REME_ComplimentaryCards","Pocketwatch","REME_HourglassOfDeath","Bag of Preparation","zeldaRelics:CourageTriforce","Replay:Lucky Slots","ReplayTheSpireMod:CursedCoin","conspire:DecoderRing","SacredBark","Dream Catcher","MutagenicStrength","ReplayTheSpireMod:Lightbulb","infinitespire:Satchel"],"acts_visited":["Exordium","TheCity"],"potions_floor_usage":[23,23],"damage_taken":[{"damage":0,"enemies":"Small Slimes","floor":1,"turns":1},{"damage":0,"enemies":"Cultist","floor":3,"turns":2},{"damage":22,"enemies":"Gremlin Nob","floor":12,"turns":3},{"damage":0,"enemies":"2 Louse","floor":14,"turns":1},{"damage":0,"enemies":"Slime Boss","floor":16,"turns":2},{"damage":28,"enemies":"2 Thieves","floor":18,"turns":3},{"damage":25,"enemies":"conspire:MimicChest","floor":22,"turns":4},{"damage":43,"enemies":"Nightmare","floor":23,"turns":4}],"seed_played":"9059217281346715948","potions_obtained":[{"floor":3,"key":"Regen Potion"},{"floor":13,"key":"DuplicationPotion"}],"is_trial":true,"path_per_floor":["M","?","M","T","?","R","$","$","T","?","$","E","?","M","R","B",null,"M","?","?","?","?","NM"],"character_chosen":"THE_CURSED","items_purchased":["Replay:Lucky Slots","ReplayTheSpireMod:CursedCoin"],"campfire_rested":2,"item_purchase_floors":[7,11],"current_hp_per_floor":[64,64,64,64,64,71,71,71,71,50,50,28,28,28,49,49,66,38,38,38,38,13,0,0],"gold":600,"neow_bonus":"","is_daily":false,"chose_seed":false,"campfire_upgraded":0,"win_rate":0.0,"timestamp":1609538690,"path_taken":["M","?","?","?","?","R","$","$","T","?","?","E","?","?","R","BOSS","M","?","?","?","?","NM"],"items_purchased_type":["Relic","Relic"],"build_version":"2020-12-22","purchased_purges":0,"victory":false,"max_hp_per_floor":[71,71,71,71,71,71,71,71,71,71,71,71,71,71,71,71,71,71,71,71,71,71,71,71],"relic_stats":{"Dream Catcher":0,"Busted Crown":10,"counters":[8,19],"Bag of Preparation":[12],"obtain_stats":[{"TheCursedMod:BlackMagic101":0,"ReplayTheSpireMod:CursedCoin":11,"SacredBark":17,"Bag of Preparation":3,"zeldaRelics:CourageTriforce":12,"Frozen Eye":0,"Dream Catcher":18,"Busted Crown":0,"REME_HourglassOfDeath":1,"conspire:DecoderRing":14,"MutagenicStrength":19,"infinitespire:Satchel":22,"Replay:Lucky Slots":7,"zeldaRelics:CouragePiece":4,"ReplayTheSpireMod:Lightbulb":20,"REME_ComplimentaryCards":0,"Pocketwatch":0},{"TheCursedMod:BlackMagic101":0,"ReplayTheSpireMod:CursedCoin":2,"SacredBark":5,"Bag of Preparation":2,"zeldaRelics:CourageTriforce":3,"Frozen Eye":0,"Dream Catcher":6,"Busted Crown":0,"REME_HourglassOfDeath":1,"conspire:DecoderRing":4,"MutagenicStrength":6,"infinitespire:Satchel":7,"Replay:Lucky Slots":2,"zeldaRelics:CouragePiece":2,"ReplayTheSpireMod:Lightbulb":6,"REME_ComplimentaryCards":0,"Pocketwatch":0},{"TheCursedMod:BlackMagic101":0,"ReplayTheSpireMod:CursedCoin":2,"SacredBark":8,"Bag of Preparation":2,"zeldaRelics:CourageTriforce":5,"Frozen Eye":0,"Dream Catcher":11,"Busted Crown":0,"REME_HourglassOfDeath":1,"conspire:DecoderRing":6,"MutagenicStrength":11,"infinitespire:Satchel":15,"Replay:Lucky Slots":2,"zeldaRelics:CouragePiece":2,"ReplayTheSpireMod:Lightbulb":11,"REME_ComplimentaryCards":0,"Pocketwatch":0}],"Pocketwatch":[13]},"card_choices":[],"player_experience":1486788,"relics_obtained":[{"floor":1,"key":"REME_HourglassOfDeath"},{"floor":3,"key":"Bag of Preparation"},{"floor":4,"key":"zeldaRelics:CouragePiece"},{"floor":9,"key":"zeldaRelics:CouragePiece"},{"floor":12,"key":"zeldaRelics:CouragePiece"},{"floor":14,"key":"conspire:DecoderRing"},{"floor":18,"key":"Dream Catcher"},{"floor":22,"key":"infinitespire:Satchel"}],"event_choices":[{"damage_healed":0,"gold_gain":275,"player_choice":"Desecrate","damage_taken":0,"max_hp_gain":0,"max_hp_loss":0,"event_name":"Golden Shrine","floor":2,"gold_loss":0,"cards_obtained":["Regret"]},{"damage_healed":0,"gold_gain":0,"player_choice":"Argue","damage_taken":0,"max_hp_gain":0,"max_hp_loss":0,"event_name":"conspire:LoneGhost","floor":5,"gold_loss":0},{"damage_healed":0,"gold_gain":0,"player_choice":"Entered Light","damage_taken":21,"max_hp_gain":0,"max_hp_loss":0,"event_name":"Shining Light","floor":10,"gold_loss":0,"cards_upgraded":["ReplayTheSpireMod:Dual Polarity","LessonLearned"]},{"damage_healed":0,"gold_gain":0,"player_choice":"Got Potions","damage_taken":0,"max_hp_gain":0,"max_hp_loss":0,"event_name":"Lab","floor":13,"gold_loss":0},{"damage_healed":0,"gold_gain":0,"player_choice":"Inject Mutagens","damage_taken":0,"relics_obtained":["MutagenicStrength"],"max_hp_gain":0,"max_hp_loss":0,"event_name":"Drug Dealer","floor":19,"gold_loss":0},{"damage_healed":0,"gold_gain":0,"player_choice":"Obtained Relic","damage_taken":0,"relics_obtained":["ReplayTheSpireMod:Lightbulb"],"max_hp_gain":0,"max_hp_loss":0,"event_name":"Addict","floor":20,"gold_loss":85},{"cards_removed":["Writhe"],"damage_healed":0,"gold_gain":0,"player_choice":"Gave Gold","damage_taken":0,"max_hp_gain":0,"max_hp_loss":0,"event_name":"Beggar","floor":21,"gold_loss":75}],"is_beta":false,"boss_relics":[{"not_picked":["conspire:RoyalGoblet","SlaversCollar"],"picked":"SacredBark"}],"items_purged_floors":[],"is_endless":false,"potions_floor_spawned":[3,16],"killed_by":"Nightmare","ascension_level":20}}