{"host":"gopu3kmfaoww0llm","time":1609496933,"event":{"mods":["BaseMod","DeckTracker","Minty Spire (QoL Compilation)","Quick Restart","StSLib","SuperFastMode"],"gold_per_floor":[113,125,144,69,89,89,59,85,85,98,109,109,25,40,40,114,114,124,24,40,50,50,85,85,85,85],"floor_reached":25,"playtime":484,"items_purged":["Defend_P","Strike_P"],"score":500,"play_id":"6fa92ccb-0cd2-497c-94a7-cdc38a830549","local_time":"20210101192853","is_ascension_mode":true,"campfire_choices":[{"data":"Eruption","floor":6.0,"key":"SMITH"},{"floor":12.0,"key":"RECALL"},{"data":"Adaptation","floor":15.0,"key":"SMITH"},{"floor":24,"key":"REST"}],"circlet_count":0,"master_deck":["AscendersBane","Strike_P","Strike_P","Strike_P","Defend_P","Defend_P","Defend_P","Eruption+1","Vigilance","Indignation","InnerPeace","WheelKick","Adaptation+1","Scrawl"],"relics":["Runic Pyramid","PreservedInsect","Pen Nib","Black Star","Toxic Egg 2","StoneCalendar"],"acts_visited":["Exordium","TheCity"],"potions_floor_usage":[23],"damage_taken":[{"damage":0.0,"enemies":"Cultist","floor":1.0,"turns":3.0},{"damage":4.0,"enemies":"Small Slimes","floor":2.0,"turns":3.0},{"damage":0.0,"enemies":"Jaw Worm","floor":3.0,"turns":3.0},{"damage":12.0,"enemies":"Exordium Wildlife","floor":5.0,"turns":2.0},{"damage":0.0,"enemies":"Lagavulin","floor":8.0,"turns":3.0},{"damage":10.0,"enemies":"Large Slime","floor":10.0,"turns":3.0},{"damage":0.0,"enemies":"Looter","floor":11.0,"turns":2.0},{"damage":0.0,"enemies":"2 Fungi Beasts","floor":14.0,"turns":2.0},{"damage":9.0,"enemies":"Slime Boss","floor":16.0,"turns":7.0},{"damage":0.0,"enemies":"Spheric Guardian","floor":18.0,"turns":2.0},{"damage":9.0,"enemies":"Shell Parasite","floor":20.0,"turns":3.0},{"damage":0.0,"enemies":"Snake Plant","floor":21.0,"turns":2.0},{"damage":46,"enemies":"Slavers","floor":23,"turns":6},{"damage":41,"enemies":"Book of Stabbing","floor":25,"turns":3}],"seed_played":"-1399331600264001523","potions_obtained":[{"floor":3.0,"key":"StancePotion"},{"floor":5.0,"key":"AttackPotion"},{"floor":10.0,"key":"DistilledChaos"},{"floor":16.0,"key":"StancePotion"},{"floor":20.0,"key":"StancePotion"}],"is_trial":false,"path_per_floor":["M","M","M","$","M","R","?","E","T","M","M","R","$","M","R","B",null,"M","$","M","M","?","E","R","E"],"character_chosen":"WATCHER","items_purchased":["Adaptation"],"campfire_rested":1,"item_purchase_floors":[13],"current_hp_per_floor":[61,57,57,57,45,45,45,45,45,35,35,35,35,35,35,26,58,58,58,49,49,49,3,23,0,0],"gold":85,"neow_bonus":"BOSS_RELIC","is_daily":false,"chose_seed":false,"campfire_upgraded":2,"win_rate":0.0,"timestamp":1609496933,"path_taken":["M","M","M","?","M","R","?","E","T","?","M","R","$","M","R","BOSS","M","$","M","M","?","E","R","E"],"items_purchased_type":["Card"],"build_version":"2020-12-22","purchased_purges":2,"victory":false,"max_hp_per_floor":[68,68,68,68,68,68,68,68,68,68,68,68,68,68,68,68,68,68,68,68,68,68,68,68,68,68],"card_choices":[{"not_picked":["FlyingSleeves","Meditate","EmptyFist"],"picked":"SKIP","floor":1.0},{"not_picked":["Consecrate","ForeignInfluence"],"picked":"Indignation","floor":2.0},{"not_picked":["CrushJoints","ThirdEye","JustLucky"],"picked":"SKIP","floor":3.0},{"not_picked":["CrushJoints","Prostrate"],"picked":"InnerPeace","floor":5.0},{"not_picked":["Prostrate","Indignation","Establishment"],"picked":"SKIP","floor":8.0},{"not_picked":["PathToVictory","BowlingBash"],"picked":"WheelKick","floor":10.0},{"not_picked":["JustLucky","CutThroughFate","Protect"],"picked":"SKIP","floor":11.0},{"not_picked":["SashWhip","Worship","CutThroughFate"],"picked":"SKIP","floor":14.0},{"not_picked":["Judgement","DeusExMachina"],"picked":"Scrawl","floor":16.0},{"not_picked":["PathToVictory","ForeignInfluence","Prostrate"],"picked":"SKIP","floor":18.0},{"not_picked":["DeceiveReality","Protect","EmptyFist"],"picked":"SKIP","floor":20.0},{"not_picked":["Pray","Swivel","Judgement"],"picked":"SKIP","floor":21.0},{"not_picked":["BowlingBash","Consecrate","ThirdEye+1"],"picked":"SKIP","floor":23}],"player_experience":2897893,"relics_obtained":[{"floor":8.0,"key":"PreservedInsect"},{"floor":9.0,"key":"Pen Nib"},{"floor":23,"key":"Toxic Egg 2"},{"floor":23,"key":"StoneCalendar"}],"event_choices":[{"damage_healed":0.0,"max_hp_gain":0.0,"max_hp_loss":0.0,"gold_gain":0.0,"event_name":"The Woman in Blue","player_choice":"Bought 2 Potions","floor":7.0,"gold_loss":0.0,"damage_taken":0.0},{"damage_healed":0.0,"max_hp_gain":0.0,"max_hp_loss":0.0,"gold_gain":0.0,"event_name":"The Mausoleum","player_choice":"Ignored","floor":22.0,"gold_loss":0.0,"damage_taken":0.0}],"is_beta":false,"boss_relics":[{"not_picked":["Coffee Dripper","Sozu"],"picked":"Black Star"}],"items_purged_floors":[4,19],"is_endless":false,"potions_floor_spawned":[3,5,10,11,16,20],"killed_by":"Book of Stabbing","ascension_level":20}}