{"host":"qwttrqaysb380yri","time":1609499831,"event":{"mods":["BaseMod","Custom Start","Minty Spire (QoL Compilation)","Permanent Neow","Puzzle Mod","Relic Stats","StSLib","The Hierophant"],"gold_per_floor":[116,126,126,151,176,176,210,223,223,223,150,150,185,34,34,124,124,138,156,8,8,8,8,49,64,88,88,3,44,56,107,119,131,131],"floor_reached":33,"playtime":1104,"items_purged":["Strike_G"],"score":632,"play_id":"262133de-23c6-471c-8952-76fcfe62d686","local_time":"20210101121711","is_ascension_mode":true,"campfire_choices":[{"data":"Skewer","floor":6,"key":"SMITH"},{"floor":10,"key":"REST"},{"floor":12,"key":"REST"},{"data":"Noxious Fumes","floor":15,"key":"SMITH"},{"floor":23,"key":"REST"},{"data":"Footwork","floor":27,"key":"SMITH"},{"data":"Night Terror","floor":32,"key":"SMITH"}],"circlet_count":0,"master_deck":["AscendersBane","Strike_G+1","Strike_G+1","Strike_G+1","Strike_G+1","Defend_G+1","Defend_G+1","Defend_G+1","Defend_G+1","Defend_G+1","Survivor","Neutralize","Skewer+1","Noxious Fumes+1","Deadly Poison","Predator","Deflect","Adrenaline+1","Night Terror+1","CurseOfTheBell","Bouncing Flask","Deflect+1","Footwork+1","Necronomicurse","Blur","Dodge and Roll+1","Well Laid Plans","Dodge and Roll"],"relics":["Sozu","Golden Idol","HornCleat","White Beast Statue","Matryoshka","PreservedInsect","Calling Bell","Potion Belt","Meat on the Bone","FossilizedHelix","Necronomicon","The Courier","Anchor","Boot","Orichalcum","MawBank","Pen Nib"],"acts_visited":["Exordium","TheCity"],"potions_floor_usage":[],"damage_taken":[{"damage":2,"enemies":"Jaw Worm","floor":1,"turns":4},{"damage":0,"enemies":"2 Louse","floor":2,"turns":3},{"damage":1,"enemies":"Cultist","floor":4,"turns":3},{"damage":16,"enemies":"Large Slime","floor":5,"turns":6},{"damage":30,"enemies":"Lagavulin","floor":7,"turns":7},{"damage":0,"enemies":"3 Louse","floor":8,"turns":3},{"damage":11,"enemies":"3 Sentries","floor":13,"turns":5},{"damage":29,"enemies":"Slime Boss","floor":16,"turns":11},{"damage":20,"enemies":"Shell Parasite","floor":18,"turns":6},{"damage":0,"enemies":"Spheric Guardian","floor":19,"turns":4},{"damage":15,"enemies":"Book of Stabbing","floor":24,"turns":4},{"damage":0,"enemies":"3 Cultists","floor":25,"turns":6},{"damage":0,"enemies":"Slavers","floor":29,"turns":5},{"damage":0,"enemies":"Book of Stabbing","floor":31,"turns":5},{"damage":24,"enemies":"Collector","floor":33,"turns":7}],"seed_played":"-1813369581859963608","potions_obtained":[],"is_trial":false,"path_per_floor":["M","M","?","M","M","R","E","M","T","R","?","R","E","$","R","B",null,"M","M","$","?","?","R","E","M","T","R","?","E","?","E","R","B"],"character_chosen":"THE_SILENT","items_purchased":["PreservedInsect","Footwork"],"campfire_rested":3,"item_purchase_floors":[14,20],"current_hp_per_floor":[57,57,57,56,40,40,10,10,10,28,28,46,35,35,35,6,47,39,39,39,18,18,36,33,33,33,33,33,33,33,33,33,9,9],"gold":131,"neow_bonus":"BOSS_RELIC","is_daily":false,"chose_seed":false,"campfire_upgraded":4,"win_rate":0.0,"timestamp":1609499831,"path_taken":["M","M","?","M","M","R","E","M","T","R","?","R","E","$","R","BOSS","M","M","$","?","?","R","E","?","T","R","?","E","?","E","R","BOSS"],"items_purchased_type":["Relic","Card"],"build_version":"2020-12-22","purchased_purges":1,"victory":false,"max_hp_per_floor":[66,66,60,60,60,60,60,60,60,60,60,60,60,60,60,60,60,60,60,60,60,60,60,60,60,60,60,60,60,60,60,60,60,60],"relic_stats":{"Sozu":12,"counters":[15,79],"Golden Idol":79,"PreservedInsect":127,"Pen Nib":[1],"Necronomicon":[11],"Orichalcum":[12],"Boot":[11],"MawBank":48,"obtain_stats":[{"Potion Belt":17,"Golden Idol":3,"PreservedInsect":14,"The Courier":24,"Pen Nib":31,"Orichalcum":28,"Boot":26,"MawBank":29,"White Beast Statue":9,"Sozu":0,"Calling Bell":17,"Anchor":26,"HornCleat":7,"Matryoshka":13,"Necronomicon":21,"FossilizedHelix":17,"Ring of the Snake":0,"Meat on the Bone":17},{"Potion Belt":8,"Golden Idol":2,"PreservedInsect":7,"The Courier":11,"Pen Nib":14,"Orichalcum":12,"Boot":12,"MawBank":13,"White Beast Statue":6,"Sozu":0,"Calling Bell":8,"Anchor":12,"HornCleat":5,"Matryoshka":7,"Necronomicon":10,"FossilizedHelix":8,"Ring of the Snake":0,"Meat on the Bone":8},{"Potion Belt":42,"Golden Idol":7,"PreservedInsect":31,"The Courier":56,"Pen Nib":72,"Orichalcum":62,"Boot":62,"MawBank":67,"White Beast Statue":26,"Sozu":0,"Calling Bell":42,"Anchor":62,"HornCleat":23,"Matryoshka":31,"Necronomicon":52,"FossilizedHelix":42,"Ring of the Snake":0,"Meat on the Bone":42}],"Meat on the Bone":24},"card_choices":[{"not_picked":["Catalyst","Backflip"],"picked":"Skewer","floor":1},{"not_picked":["Caltrops","Terror"],"picked":"Noxious Fumes","floor":2},{"not_picked":["Blur","Backflip","Footwork"],"picked":"SKIP","floor":4},{"not_picked":["Dagger Throw","Slice"],"picked":"Deadly Poison","floor":5},{"not_picked":["Footwork","Distraction"],"picked":"Predator","floor":7},{"not_picked":["Blur","Caltrops"],"picked":"Deflect","floor":8},{"not_picked":["Skewer","Well Laid Plans"],"picked":"Adrenaline","floor":13},{"not_picked":["Storm of Steel","Envenom"],"picked":"Night Terror","floor":16},{"not_picked":["Noxious Fumes","Flying Knee"],"picked":"Bouncing Flask","floor":18},{"not_picked":["Acrobatics+1","Flying Knee"],"picked":"Deflect+1","floor":19},{"not_picked":["All Out Attack","Underhanded Strike"],"picked":"Blur","floor":24},{"not_picked":["Blade Dance","Escape Plan"],"picked":"Dodge and Roll+1","floor":25},{"not_picked":["Expertise","Infinite Blades+1"],"picked":"Well Laid Plans","floor":29},{"not_picked":["Bane","Accuracy"],"picked":"Dodge and Roll","floor":31}],"player_experience":1971428,"relics_obtained":[{"floor":7,"key":"HornCleat"},{"floor":9,"key":"White Beast Statue"},{"floor":13,"key":"Matryoshka"},{"floor":17,"key":"Potion Belt"},{"floor":17,"key":"Meat on the Bone"},{"floor":17,"key":"FossilizedHelix"},{"floor":21,"key":"Necronomicon"},{"floor":24,"key":"The Courier"},{"floor":26,"key":"Anchor"},{"floor":26,"key":"Boot"},{"floor":29,"key":"MawBank"},{"floor":31,"key":"Pen Nib"}],"event_choices":[{"damage_healed":0,"gold_gain":0,"player_choice":"Lose Max HP","damage_taken":0,"relics_obtained":["Golden Idol"],"max_hp_gain":0,"max_hp_loss":6,"event_name":"Golden Idol","floor":3,"gold_loss":0},{"damage_healed":0,"gold_gain":0,"player_choice":"Left Gold","damage_taken":0,"max_hp_gain":0,"max_hp_loss":0,"event_name":"World of Goop","floor":11,"gold_loss":73},{"damage_healed":0,"gold_gain":0,"player_choice":"Obtained Book","damage_taken":21,"max_hp_gain":0,"max_hp_loss":0,"event_name":"Cursed Tome","floor":21,"gold_loss":0},{"damage_healed":0,"gold_gain":0,"player_choice":"Upgraded","damage_taken":0,"max_hp_gain":0,"max_hp_loss":0,"event_name":"Upgrade Shrine","floor":22,"gold_loss":0,"cards_upgraded":["Adrenaline"]},{"damage_healed":0,"gold_gain":0,"player_choice":"Obtained Relic","damage_taken":0,"relics_obtained":["Orichalcum"],"max_hp_gain":0,"max_hp_loss":0,"event_name":"Addict","floor":28,"gold_loss":85},{"damage_healed":0,"gold_gain":0,"player_choice":"Simplicity","damage_taken":0,"max_hp_gain":0,"max_hp_loss":0,"event_name":"Back to Basics","floor":30,"gold_loss":0,"cards_upgraded":["Strike_G","Strike_G","Strike_G","Strike_G","Defend_G","Defend_G","Defend_G","Defend_G","Defend_G"]}],"is_beta":false,"boss_relics":[{"not_picked":["SacredBark","Ectoplasm"],"picked":"Calling Bell"}],"items_purged_floors":[20],"is_endless":false,"potions_floor_spawned":[1,2,4,5,13,16,18,19,24,25,29,31],"killed_by":"Collector","ascension_level":15}}