{"host":"7z347kdhnquy3q4q","time":1609478050,"event":{"mods":["Act Like it!","Aspiration","BaseMod","Downfall","Hubris","Infinite Spire","Minty Spire (QoL Compilation)","MostiFishMod","Pale of the Ancients","Permanent Neow","Potionbrewer","Replay The Spire","Robot Space Explorer","Spicy Shops","StSLib","Wandering Minibosses","vexMod"],"gold_per_floor":[99,117,23,38,53,72,97,124,154,170,320,99,99,199,210,286,286,286,297,312,105,105,205,230,330,356,376,376,376,404,419,437,508,508,508,521,371,371,383,431,454,469,469,469,495,495,523,448,468,468],"floor_reached":51,"playtime":3131,"items_purged":["Doubt","RobotSpaceExplorer:Strike","hubris:Sloth"],"score":1761,"play_id":"d6c0c7ff-ad23-4b2f-bf3a-042feb07efc7","local_time":"20201231231410","is_ascension_mode":true,"campfire_choices":[{"data":"ReplayTheSpireMod:Brewmster","floor":1.0,"key":"SMITH"},{"data":"RobotSpaceExplorer:PlasmaMissile","floor":13.0,"key":"SMITH"},{"data":"RobotSpaceExplorer:Comet","floor":18.0,"key":"SMITH"},{"data":"ReplayTheSpireMod:Chaos Vortex","floor":35.0,"key":"SMITH"},{"data":"RobotSpaceExplorer:Accelerator","floor":44.0,"key":"SMITH"},{"data":"RobotSpaceExplorer:MiniDrones","floor":46,"key":"SMITH"},{"data":"RobotSpaceExplorer:Asteroid","floor":48,"key":"SMITH"}],"circlet_count":0,"master_deck":["AscendersBane","RobotSpaceExplorer:Strike","RobotSpaceExplorer:Strike","RobotSpaceExplorer:Defend+1","RobotSpaceExplorer:Defend+1","RobotSpaceExplorer:Defend","RobotSpaceExplorer:Scan","RobotSpaceExplorer:MiniLasers","ReplayTheSpireMod:Brewmster+1","RobotSpaceExplorer:PlasmaMissile+1","RobotSpaceExplorer:GearShield","RobotSpaceExplorer:Discharger","RobotSpaceExplorer:PowerGlove","RobotSpaceExplorer:MiniDrones","RobotSpaceExplorer:Autoloader","RobotSpaceExplorer:StunGrenade","RobotSpaceExplorer:FreezingShield+1","RobotSpaceExplorer:ScrapMissile","RobotSpaceExplorer:BigMissile","RobotSpaceExplorer:Comet+1","RobotSpaceExplorer:Reload+1","Replay:Dark Deal","RobotSpaceExplorer:MiniDrones+1","RobotSpaceExplorer:Pulsar","RobotSpaceExplorer:FranticSearch+1","RobotSpaceExplorer:JunkDive","RobotSpaceExplorer:ScrapMissile","J.A.X.","RobotSpaceExplorer:DualCore","RobotSpaceExplorer:DroneSwarm","RobotSpaceExplorer:SwiftStep","ReplayTheSpireMod:Chaos Vortex+1","ReplayTheSpireMod:Haul","RobotSpaceExplorer:StarLightning","RobotSpaceExplorer:Pulsar+1","RobotSpaceExplorer:Accelerator+1","RobotSpaceExplorer:ExhaustFan","expansioncontent:LastStand","RobotSpaceExplorer:StarLightning+1","Delirium","RobotSpaceExplorer:Pulsar+1","infinitespire:SealOfDarkness+","Pot Of Greed","Pot Of Greed","Pot Of Greed","Pot Of Greed","RobotSpaceExplorer:Comet","RobotSpaceExplorer:Asteroid+1","RobotSpaceExplorer:LaserBurst+1"],"relics":["RobotSpaceExplorer:RoboCore","DaveBox","GuanYuAspect","Regal Pillow","Bronze Scales","Odd Mushroom","potionbrewer:RamsHorn","downfall:GremlinWheel","ExusiaiGun","Membership Card","vexMod:PaidLearning","aspiration:TomeofQuesting","hubris:Towel","Blue Candle","Replay:Towering Pillar of Hats","Tiny Chest","MutagenicStrength","Mirror","hubris:FruitBowl","War Paint","aspiration:DSix","Cursed Key","Chemical X","Anchor","Strawberry","Grinning Jar","ReplayTheSpireMod:Shallot","Shuriken","downfall:HeartBlessingGreen","hubris:CuriousFeather"],"acts_visited":["Exordium","TheCity","TheBeyond"],"potions_floor_usage":[],"damage_taken":[{"damage":3.0,"enemies":"2 Louse","floor":2.0,"turns":4.0},{"damage":0.0,"enemies":"downfall:FleeingMerchant","floor":3.0,"turns":4.0},{"damage":0.0,"enemies":"Jaw Worm","floor":4.0,"turns":3.0},{"damage":0.0,"enemies":"Small Slimes","floor":5.0,"turns":1.0},{"damage":13.0,"enemies":"Exordium Thugs","floor":6.0,"turns":3.0},{"damage":22.0,"enemies":"3 Sentries","floor":8.0,"turns":6.0},{"damage":0.0,"enemies":"The Mushroom Lair","floor":9.0,"turns":3.0},{"damage":0.0,"enemies":"Exordium Wildlife","floor":10.0,"turns":2.0},{"damage":4.0,"enemies":"downfall:FleeingMerchant","floor":12.0,"turns":5.0},{"damage":11.0,"enemies":"downfall:FleeingMerchant","floor":14.0,"turns":4.0},{"damage":9.0,"enemies":"3 Louse","floor":15.0,"turns":4.0},{"damage":29.0,"enemies":"downfall:Silent","floor":16.0,"turns":8.0},{"damage":0.0,"enemies":"Spheric Guardian","floor":19.0,"turns":2.0},{"damage":1.0,"enemies":"Shelled Parasite and Fungi","floor":20.0,"turns":2.0},{"damage":0.0,"enemies":"downfall:FleeingMerchant","floor":21.0,"turns":4.0},{"damage":0.0,"enemies":"downfall:Defect","floor":23.0,"turns":1.0},{"damage":0.0,"enemies":"downfall:Augmenter","floor":25.0,"turns":2.0},{"damage":2.0,"enemies":"Nightmare","floor":26.0,"turns":4.0},{"damage":0.0,"enemies":"Snecko","floor":27.0,"turns":1.0},{"damage":0.0,"enemies":"Replay:Snechameleon","floor":30.0,"turns":3.0},{"damage":0.0,"enemies":"Snake Plant","floor":31.0,"turns":1.0},{"damage":0.0,"enemies":"Cultist and Chosen","floor":32.0,"turns":1.0},{"damage":3.0,"enemies":"downfall:Ironclad","floor":33.0,"turns":2.0},{"damage":0.0,"enemies":"Orb Walker","floor":36.0,"turns":1.0},{"damage":0.0,"enemies":"3 Darklings","floor":39.0,"turns":4.0},{"damage":0.0,"enemies":"4 Shapes","floor":42.0,"turns":1.0},{"damage":1.0,"enemies":"Giant Head","floor":45.0,"turns":4.0},{"damage":0,"enemies":"R_Hoarder","floor":47,"turns":3},{"damage":4,"enemies":"Transient","floor":49,"turns":5},{"damage":0,"enemies":"downfall:Watcher","floor":50,"turns":4}],"seed_played":"3971466942836543277","potions_obtained":[{"floor":9.0,"key":"Ancient Potion"},{"floor":16.0,"key":"potionbrewer:CleansingPotion"},{"floor":20.0,"key":"sneckomod:MuddlingPotion"},{"floor":32.0,"key":"Fire Potion"},{"floor":33.0,"key":"AttackPotion"},{"floor":42.0,"key":"Block Potion"}],"is_trial":false,"path_per_floor":["R","M","$","M","M","M","T","E","?","M","?","$","R","?","M","B",null,"R","M","M","$","?","?","T","?","NM","M","$","AVR","E","M","M","B",null,"R","M","$","?","M","T","T","M","AVR","R","E","R","E","R","M","B",null],"character_chosen":"RobotSpaceExplorer","items_purchased":["RobotSpaceExplorer:Discharger","potionbrewer:RamsHorn","Membership Card","vexMod:PaidLearning","Replay:Dark Deal","aspiration:TomeofQuesting","RobotSpaceExplorer:MiniDrones","RobotSpaceExplorer:Pulsar","hubris:FruitBowl","Chemical X","expansioncontent:LastStand"],"campfire_rested":0,"item_purchase_floors":[3,12,21,21,21,21,21,21,28,37,37],"current_hp_per_floor":[33,33,33,33,33,27,27,32,33,33,33,33,33,33,33,33,33,33,33,33,33,33,33,33,33,33,33,14,14,33,33,33,33,33,33,33,33,35,37,37,42,47,47,47,47,47,47,47,47,47],"gold":468,"neow_bonus":"RANDOM_COLORLESS_2","is_daily":false,"chose_seed":false,"campfire_upgraded":7,"win_rate":0.0,"timestamp":1609478050,"path_taken":["R","M","$","M","M","M","T","E","?","M","?","$","R","?","M","BOSS","R","M","M","$","?","?","T","?","NM","M","?","AVR","E","M","M","BOSS","R","M","$","?","M","?","T","M","AVR","R","E","R","E","R","M","BOSS"],"items_purchased_type":["Card","Relic","Relic","Relic","Card","Relic","Card","Card","Relic","Relic","Card"],"build_version":"2020-12-22","purchased_purges":3,"victory":true,"max_hp_per_floor":[33,33,33,33,33,33,33,33,33,33,33,33,33,33,33,33,33,33,33,33,33,33,33,33,33,33,33,33,33,33,33,33,33,33,33,33,33,37,37,37,47,47,47,47,47,47,47,47,47,47],"card_choices":[{"not_picked":["Master of Strategy","vexMod:StairwayStrike"],"picked":"ReplayTheSpireMod:Brewmster","floor":0.0},{"not_picked":["RobotSpaceExplorer:ShovelStrike","RobotSpaceExplorer:Electroshield"],"picked":"RobotSpaceExplorer:PlasmaMissile","floor":2.0},{"not_picked":["RobotSpaceExplorer:FrostMissile","RobotSpaceExplorer:BigMissile"],"picked":"RobotSpaceExplorer:GearShield","floor":3.0},{"not_picked":["RobotSpaceExplorer:Probe","RobotSpaceExplorer:SurgingStrike"],"picked":"RobotSpaceExplorer:PowerGlove","floor":4.0},{"not_picked":["RobotSpaceExplorer:SurgingStrike","RobotSpaceExplorer:ImprovisedAttack"],"picked":"RobotSpaceExplorer:MiniDrones","floor":5.0},{"not_picked":["RobotSpaceExplorer:ToxicBomb","RobotSpaceExplorer:ScrapShield"],"picked":"RobotSpaceExplorer:Autoloader","floor":6.0},{"not_picked":["RobotSpaceExplorer:ScrapMissile","RobotSpaceExplorer:SurgingStrike"],"picked":"RobotSpaceExplorer:StunGrenade","floor":8.0},{"not_picked":["RobotSpaceExplorer:Reload","RobotSpaceExplorer:FranticSearch"],"picked":"RobotSpaceExplorer:FreezingShield","floor":9.0},{"not_picked":["RobotSpaceExplorer:ScrapToss","RobotSpaceExplorer:StarDust"],"picked":"RobotSpaceExplorer:ScrapMissile","floor":10.0},{"not_picked":["RobotSpaceExplorer:Ammunition","RobotSpaceExplorer:ImprovisedAttack","RobotSpaceExplorer:SlimeMissile"],"picked":"SKIP","floor":12.0},{"not_picked":["RobotSpaceExplorer:MiniDrones","RobotSpaceExplorer:FreezingShield"],"picked":"RobotSpaceExplorer:BigMissile","floor":15.0},{"not_picked":["RobotSpaceExplorer:Scanner","RobotSpaceExplorer:Asteroid"],"picked":"RobotSpaceExplorer:Comet","floor":16.0},{"not_picked":["RobotSpaceExplorer:ImprovisedAttack","RobotSpaceExplorer:Electropulse+1","RobotSpaceExplorer:FranticSearch"],"picked":"SKIP","floor":19.0},{"not_picked":["RobotSpaceExplorer:GlueShot","RobotSpaceExplorer:Electroshield"],"picked":"RobotSpaceExplorer:Reload","floor":20.0},{"not_picked":["RobotSpaceExplorer:Ammunition","RobotSpaceExplorer:GlueShot","RobotSpaceExplorer:ShockKick"],"picked":"SKIP","floor":21.0},{"not_picked":["RobotSpaceExplorer:GlueShot","RobotSpaceExplorer:Pulsar"],"picked":"RobotSpaceExplorer:FranticSearch+1","floor":23.0},{"not_picked":[],"picked":"J.A.X.","floor":25.0},{"not_picked":["RobotSpaceExplorer:SurgingStrike","RobotSpaceExplorer:ImprovisedAttack"],"picked":"RobotSpaceExplorer:DualCore","floor":25.0},{"not_picked":["RobotSpaceExplorer:MetalStrike","RobotSpaceExplorer:SurgingStrike"],"picked":"RobotSpaceExplorer:DroneSwarm","floor":26.0},{"not_picked":["RobotSpaceExplorer:Ammunition","RobotSpaceExplorer:Probe"],"picked":"RobotSpaceExplorer:SwiftStep","floor":27.0},{"not_picked":["RobotSpaceExplorer:SurgingShield","RobotSpaceExplorer:Blitz+1"],"picked":"RobotSpaceExplorer:StarLightning","floor":30.0},{"not_picked":["RobotSpaceExplorer:SlimeMissile","RobotSpaceExplorer:DoubleFind","RobotSpaceExplorer:Smokescreen"],"picked":"SKIP","floor":31.0},{"not_picked":["RobotSpaceExplorer:BigMissile","RobotSpaceExplorer:SelfCleaning"],"picked":"RobotSpaceExplorer:Pulsar+1","floor":32.0},{"not_picked":["RobotSpaceExplorer:BlastShield","RobotSpaceExplorer:Multitool"],"picked":"RobotSpaceExplorer:Accelerator","floor":33.0},{"not_picked":["RobotSpaceExplorer:ScrapShield","RobotSpaceExplorer:ImprovisedAttack"],"picked":"RobotSpaceExplorer:ExhaustFan","floor":36.0},{"not_picked":["RobotSpaceExplorer:GearShield","RobotSpaceExplorer:SelfCleaning"],"picked":"RobotSpaceExplorer:StarLightning+1","floor":39.0},{"not_picked":["RobotSpaceExplorer:ScrapToss","RobotSpaceExplorer:Ammunition+1"],"picked":"RobotSpaceExplorer:Pulsar+1","floor":42.0},{"not_picked":["RobotSpaceExplorer:SelfCleaning+1","RobotSpaceExplorer:MakeshiftVolley"],"picked":"RobotSpaceExplorer:Comet","floor":45},{"not_picked":["RobotSpaceExplorer:ScrapMissile","RobotSpaceExplorer:GlueShot+1"],"picked":"RobotSpaceExplorer:Asteroid","floor":47},{"not_picked":["RobotSpaceExplorer:FranticSearch","RobotSpaceExplorer:SwiftStep"],"picked":"RobotSpaceExplorer:LaserBurst+1","floor":49}],"player_experience":1929515,"relics_obtained":[{"floor":7.0,"key":"Regal Pillow"},{"floor":8.0,"key":"Bronze Scales"},{"floor":9.0,"key":"Odd Mushroom"},{"floor":14.0,"key":"downfall:GremlinWheel"},{"floor":23.0,"key":"Blue Candle"},{"floor":23.0,"key":"Replay:Towering Pillar of Hats"},{"floor":24.0,"key":"Tiny Chest"},{"floor":25.0,"key":"MutagenicStrength"},{"floor":26.0,"key":"Mirror"},{"floor":30.0,"key":"aspiration:DSix"},{"floor":40.0,"key":"Anchor"},{"floor":41.0,"key":"Strawberry"},{"floor":45,"key":"ReplayTheSpireMod:Shallot"},{"floor":47,"key":"Shuriken"},{"floor":48,"key":"hubris:CuriousFeather"}],"event_choices":[{"damage_healed":0.0,"max_hp_gain":0.0,"max_hp_loss":0.0,"gold_gain":0.0,"event_name":"Mushrooms","player_choice":"Fought Mushrooms","floor":9.0,"gold_loss":0.0,"damage_taken":0.0},{"damage_healed":0,"gold_gain":0,"player_choice":"Relic","damage_taken":0,"max_hp_gain":0,"max_hp_loss":0,"event_name":"Wheel of Change","floor":48,"gold_loss":0}],"is_beta":false,"boss_relics":[{"not_picked":["vexMod:MegatonBomb","Replay:Drink Me"],"picked":"ExusiaiGun"},{"not_picked":["vexMod:MysteryBossChallenge","RhineFirstAidKit"],"picked":"Cursed Key"}],"items_purged_floors":[12,21,43],"is_endless":false,"potions_floor_spawned":[4,6,9,10,16,20,23,26,32,33,36,42,47],"ascension_level":16}}