{"host":"9ndbo4kgsfoemf7y","time":1609491451,"event":{"mods":["AchievementEnabler","BaseMod","Colored Map","DeckTracker","Keyboard Shortcuts","Minty Spire (QoL Compilation)","Permanent Neow","Quick Restart","Relic Stats","StSLib","SuperFastMode"],"gold_per_floor":[109,126,137,154,79,79,91,91,173,173,46,46,66,86,86,86,86],"floor_reached":16,"playtime":423,"items_purged":["Strike_G"],"score":203,"play_id":"5b08aae3-9157-429b-8e2c-fd4920815cae","local_time":"20210101175731","is_ascension_mode":true,"campfire_choices":[{"data":"Accuracy","floor":6,"key":"SMITH"},{"data":"Cloak And Dagger","floor":8,"key":"SMITH"},{"data":"Cloak And Dagger","floor":12,"key":"SMITH"},{"data":"Finisher","floor":15,"key":"SMITH"}],"circlet_count":0,"master_deck":["AscendersBane","Strike_G","Strike_G","Strike_G","Strike_G","Defend_G","Defend_G","Defend_G","Defend_G","Defend_G","Survivor","Neutralize","Cloak And Dagger+1","Cloak And Dagger+1","Accuracy+1","Reflex","Dagger Throw","Finisher+1"],"relics":["Coffee Dripper","Eternal Feather","Tiny Chest"],"acts_visited":["Exordium"],"potions_floor_usage":[10,16],"damage_taken":[{"damage":1,"enemies":"Cultist","floor":1,"turns":5},{"damage":5,"enemies":"2 Louse","floor":2,"turns":4},{"damage":5,"enemies":"Small Slimes","floor":3,"turns":4},{"damage":0,"enemies":"2 Fungi Beasts","floor":4,"turns":4},{"damage":13,"enemies":"Large Slime","floor":7,"turns":9},{"damage":0,"enemies":"Gremlin Nob","floor":10,"turns":2},{"damage":0,"enemies":"Gremlin Gang","floor":13,"turns":5},{"damage":0,"enemies":"Blue Slaver","floor":14,"turns":2},{"damage":53,"enemies":"The Guardian","floor":16,"turns":11}],"seed_played":"4002217808611799167","potions_obtained":[{"floor":7,"key":"SmokeBomb"},{"floor":14,"key":"SkillPotion"}],"is_trial":false,"path_per_floor":["M","M","M","M","$","R","M","R","T","E","?","R","M","M","R","B"],"character_chosen":"THE_SILENT","items_purchased":[],"campfire_rested":0,"item_purchase_floors":[],"current_hp_per_floor":[58,53,48,48,48,48,35,35,35,35,35,44,44,44,53,0,0],"gold":86,"neow_bonus":"BOSS_RELIC","is_daily":false,"chose_seed":false,"campfire_upgraded":4,"win_rate":0.0,"timestamp":1609491451,"path_taken":["M","?","M","M","$","R","M","R","T","E","?","R","?","M","R","BOSS"],"items_purchased_type":[],"build_version":"2020-12-22","purchased_purges":1,"victory":false,"max_hp_per_floor":[66,66,66,66,66,66,66,66,66,66,66,66,66,66,66,66,66],"relic_stats":{"counters":[9,46],"Eternal Feather":18,"Tiny Chest":0,"obtain_stats":[{"Eternal Feather":9,"Tiny Chest":11,"Coffee Dripper":0,"Ring of the Snake":0},{"Eternal Feather":5,"Tiny Chest":6,"Coffee Dripper":0,"Ring of the Snake":0},{"Eternal Feather":26,"Tiny Chest":28,"Coffee Dripper":0,"Ring of the Snake":0}]},"card_choices":[{"not_picked":["Dagger Spray","Bane"],"picked":"Cloak And Dagger","floor":1},{"not_picked":["Eviscerate","Deadly Poison"],"picked":"Cloak And Dagger","floor":2},{"not_picked":["Leg Sweep","Acrobatics"],"picked":"Accuracy","floor":3},{"not_picked":["Dagger Throw","Prepared"],"picked":"Reflex","floor":4},{"not_picked":["Endless Agony","Heel Hook"],"picked":"Dagger Throw","floor":7},{"not_picked":["Masterful Stab","Choke"],"picked":"Finisher","floor":13},{"not_picked":["Deadly Poison","Riddle With Holes","Dagger Throw"],"picked":"SKIP","floor":14}],"player_experience":765370,"relics_obtained":[{"floor":9,"key":"Eternal Feather"}],"event_choices":[{"damage_healed":0,"gold_gain":0,"player_choice":"Paid Gold","damage_taken":0,"relics_obtained":["Tiny Chest"],"max_hp_gain":0,"max_hp_loss":0,"event_name":"WeMeetAgain","floor":11,"gold_loss":127}],"is_beta":false,"boss_relics":[],"items_purged_floors":[5],"is_endless":false,"potions_floor_spawned":[7,10,14],"killed_by":"The Guardian","ascension_level":19}}