{"host":"1eo5f82aifdzd7pr","time":1609492641,"event":{"mods":["AchievementEnabler","BaseMod","Colored Map","Colored Powertips","DeckTracker","Minty Spire (QoL Compilation)","StSLib","SuperFastMode"],"gold_per_floor":[113,113,124,141,151,151,166,184,184,67,100,115,115,133,133,210,210,221,221,232,232,232,232],"floor_reached":22,"playtime":1391,"items_purged":["Strike_P"],"score":387,"play_id":"ce8bb9e8-f11b-434a-9a3f-b4791ab1ecb2","local_time":"20210101111721","is_ascension_mode":true,"campfire_choices":[{"data":"Eruption","floor":6.0,"key":"SMITH"},{"data":"TalkToTheHand","floor":13.0,"key":"SMITH"},{"data":"TalkToTheHand","floor":15.0,"key":"SMITH"}],"circlet_count":0,"master_deck":["AscendersBane","Strike_P","Strike_P","Defend_P","Defend_P","Defend_P","Defend_P","Eruption+1","Vigilance","FlurryOfBlows","Protect","WheelKick","EmptyMind","TalkToTheHand+1","FlurryOfBlows","InnerPeace","TalkToTheHand+1","CutThroughFate","Devotion","DeceiveReality+1"],"relics":["PureWater","Pear","Letter Opener","Black Star"],"acts_visited":["Exordium","TheCity"],"potions_floor_usage":[22,22],"damage_taken":[{"damage":2.0,"enemies":"Jaw Worm","floor":1.0,"turns":4.0},{"damage":0.0,"enemies":"Small Slimes","floor":3.0,"turns":2.0},{"damage":0.0,"enemies":"2 Louse","floor":4.0,"turns":2.0},{"damage":0.0,"enemies":"Large Slime","floor":5.0,"turns":1.0},{"damage":0.0,"enemies":"2 Fungi Beasts","floor":7.0,"turns":3.0},{"damage":0.0,"enemies":"3 Louse","floor":8.0,"turns":4.0},{"damage":0.0,"enemies":"3 Sentries","floor":11.0,"turns":5.0},{"damage":3.0,"enemies":"Exordium Thugs","floor":12.0,"turns":3.0},{"damage":3.0,"enemies":"Gremlin Gang","floor":14.0,"turns":5.0},{"damage":1.0,"enemies":"The Guardian","floor":16.0,"turns":8.0},{"damage":0.0,"enemies":"Chosen","floor":18.0,"turns":4.0},{"damage":12.0,"enemies":"Spheric Guardian","floor":20.0,"turns":4.0},{"damage":41,"enemies":"Masked Bandits","floor":22,"turns":5}],"seed_played":"-6728581602490299886","potions_obtained":[{"floor":1.0,"key":"BlessingOfTheForge"},{"floor":8.0,"key":"StancePotion"},{"floor":11.0,"key":"EntropicBrew"},{"floor":16.0,"key":"Weak Potion"},{"floor":20.0,"key":"Energy Potion"}],"is_trial":false,"path_per_floor":["M","?","M","M","M","R","M","M","T","$","E","M","R","M","R","B",null,"M","?","M","?","?"],"character_chosen":"WATCHER","items_purchased":["InnerPeace"],"campfire_rested":0,"item_purchase_floors":[10],"current_hp_per_floor":[59,59,59,59,59,59,59,59,69,69,69,66,66,63,63,62,74,74,52,40,40,0,0],"gold":232,"neow_bonus":"TRANSFORM_CARD","is_daily":false,"chose_seed":false,"campfire_upgraded":3,"win_rate":0.0,"timestamp":1609492641,"path_taken":["M","?","M","M","M","R","M","M","T","$","E","M","R","M","R","BOSS","M","?","M","?","?"],"items_purchased_type":["Card"],"build_version":"2020-12-22","purchased_purges":1,"victory":false,"max_hp_per_floor":[68,68,68,68,68,68,68,68,78,78,78,78,78,78,78,78,78,78,83,83,83,83,83],"card_choices":[{"not_picked":["Weave","ClearTheMind"],"picked":"FlurryOfBlows","floor":1.0},{"not_picked":["Consecrate","Pray"],"picked":"Protect","floor":3.0},{"not_picked":["ClearTheMind","Collect"],"picked":"WheelKick","floor":4.0},{"not_picked":["Worship","EmptyFist"],"picked":"EmptyMind","floor":5.0},{"not_picked":["Crescendo","FlyingSleeves"],"picked":"TalkToTheHand","floor":7.0},{"not_picked":["Crescendo","ThirdEye"],"picked":"FlurryOfBlows","floor":8.0},{"not_picked":["EmptyBody","CrushJoints","Crescendo"],"picked":"SKIP","floor":11.0},{"not_picked":["Indignation","Vengeance"],"picked":"TalkToTheHand","floor":12.0},{"not_picked":["Nirvana","LikeWater"],"picked":"CutThroughFate","floor":14.0},{"not_picked":["Establishment","ConjureBlade"],"picked":"Devotion","floor":16.0},{"not_picked":["Evaluate","ThirdEye","Swivel"],"picked":"SKIP","floor":18.0},{"not_picked":["FlyingSleeves","Fasting2"],"picked":"DeceiveReality+1","floor":20.0}],"player_experience":716345,"relics_obtained":[{"floor":9.0,"key":"Pear"},{"floor":11.0,"key":"Letter Opener"}],"event_choices":[{"cards_removed":["Alpha"],"damage_healed":0.0,"max_hp_gain":0.0,"max_hp_loss":0.0,"gold_gain":0.0,"event_name":"Living Wall","player_choice":"Forget","floor":2.0,"gold_loss":0.0,"damage_taken":0.0},{"damage_healed":0.0,"max_hp_gain":5.0,"max_hp_loss":0.0,"gold_gain":0.0,"event_name":"Forgotten Altar","player_choice":"Shed Blood","floor":19.0,"gold_loss":0.0,"damage_taken":27.0},{"damage_healed":0.0,"max_hp_gain":0.0,"max_hp_loss":0.0,"gold_gain":0.0,"event_name":"Ghosts","player_choice":"Ignored","floor":21.0,"gold_loss":0.0,"damage_taken":0.0},{"damage_healed":0,"gold_gain":0,"player_choice":"Fought Bandits","damage_taken":0,"max_hp_gain":0,"max_hp_loss":0,"event_name":"Masked Bandits","floor":22,"gold_loss":0}],"is_beta":false,"boss_relics":[{"not_picked":["Runic Dome","Ectoplasm"],"picked":"Black Star"}],"items_purged_floors":[10],"is_endless":false,"potions_floor_spawned":[1,8,11,16,18,20],"killed_by":"Masked Bandits","ascension_level":16}}