{"host":"1zjc08c6hob33401","time":1609544279,"event":{"mods":["AchievementEnabler","Act Like it!","Aspiration","BaseMod","Downfall","Energized Spire","Evolution","GifTheSpireLib","Hubris","Infinite Spire","Jedi Mod","Minty Spire (QoL Compilation)","Pale of the Ancients","Quick Restart","Replay The Spire","Retaliation","Shop Mod","StSLib","Stuff the Spire","The Blue Laboratory","Wandering Minibosses","vexMod"],"gold_per_floor":[114,129,129,149,168,168,202,202,202,230,241,268,268,250,250,353,353,373,373,373,373,389,414,427,427,427,446,475,475,488,500,500,600,600,613,613,624,624,636,671,671,698,698,725,743,743,761,778,778,778,791,810,810,86,86,96,96,96,96,96],"floor_reached":61,"playtime":6463,"items_purged":["Strike_B"],"score":1735,"play_id":"665f4d5e-4214-4bf0-98aa-cd23ab227d54","local_time":"20210102013759","is_ascension_mode":true,"campfire_choices":[{"data":"Genetic Algorithm","floor":6.0,"key":"SMITH"},{"data":"Self Repair","floor":8.0,"key":"SMITH"},{"data":"Venomology","floor":8.0,"key":"SMITH"},{"data":"FIFO Queue","floor":15.0,"key":"SMITH"},{"data":"StuffTheSpire:Coldhearted","floor":15.0,"key":"SMITH"},{"data":"infinitespire:Collect","floor":25.0,"key":"SMITH"},{"data":"Double Energy","floor":25.0,"key":"SMITH"},{"data":"Capacitor","floor":32.0,"key":"SMITH"},{"data":"Buffer","floor":32.0,"key":"SMITH"},{"data":"Core Surge","floor":41,"key":"SMITH"},{"data":"jedi:bruteforce","floor":41,"key":"SMITH"},{"data":"Loop","floor":46,"key":"SMITH"},{"data":"Reboot","floor":46,"key":"SMITH"},{"data":"jedi:meditation","floor":49,"key":"SMITH"},{"data":"StuffTheSpire:Coldhearted","floor":49,"key":"SMITH"},{"data":"Secret Technique","floor":55,"key":"SMITH"},{"data":"Finesse","floor":55,"key":"SMITH"},{"data":"Undo","floor":57,"key":"SMITH"},{"data":"Chill","floor":57,"key":"SMITH"}],"circlet_count":0,"master_deck":["jedi:BurstLightning","jedi:BurstLightning","Zap","Dualcast+1","StuffTheSpire:Coldhearted+1","Glacier","Undo+1","Venomology+1","Self Repair+1","Genetic Algorithm+1","Time Bomb","Double Energy+1","FIFO Queue+1","Capacitor+1","jedi:hex","ReplayTheSpireMod:Calculation Training","jedi:sharpshooter","infinitespire:Collect+1","jedi:reiji+1","StuffTheSpire:Coldhearted+1","StuffTheSpire:Coldhearted+1","Coolheaded+1","Ball Lightning+1","jedi:locknload","StuffTheSpire:Synthwave+1","Buffer+1","Compile Driver+1","Defragment+1","hubris:SpecializedCircuitry+1","Storm+1","Streamline+1","Self Repair+1","Core Surge+1","Time Bomb+1","aspiration:Polymerization","jedi:bruteforce+1","Self Repair","Reboot+1","Loop+1","jedi:hex+1","Static Discharge+1","Chill+1","jedi:overflow+1","StuffTheSpire:Synthwave+1","jedi:meditation+1","jedi:BurstLightning+1","White Noise","Doom and Gloom+1","BasicCrystalCard+1","Secret Technique+1","Finesse+1","BasicCrystalCard+1","Steam+1"],"relics":["Cracked Core","EVO:Axolotl","Replay:Arrowhead","Replay:WaspNest","Lantern","Bronze Scales","vexMod:CursedCompass","Prayer Wheel","Ring of Panic","Ring of Fury","jedi:crownofsimplicity","Empty Cage","TungstenRod","aspiration:EnhancedActuators","aspiration:DSix","ReplayFunnel","Honey Jar","hubris:SlimyHat","Replay:PocketPolymizer","infinitespire:Freezer","vexMod:Dragonfruit","Oddly Smooth Stone","paleoftheancients:Timepiece","paleoftheancients:KeyRelic","Orichalcum","Mercury Hourglass","paleoftheancients:SoulOfTheSilent","War Paint","TheAbacus","aspiration:Lifesprig","infinitespire:WardingShard"],"acts_visited":["Exordium","TheCity","TheBeyond","paleoftheancients:PaleOfTheAncients"],"potions_floor_usage":[42,47,50,50,51,52,52,60,60],"damage_taken":[{"damage":7.0,"enemies":"Jaw Worm","floor":1.0,"turns":3.0},{"damage":0.0,"enemies":"Cultist","floor":2.0,"turns":5.0},{"damage":1.0,"enemies":"Small Slimes","floor":4.0,"turns":4.0},{"damage":14.0,"enemies":"3 Louse","floor":5.0,"turns":3.0},{"damage":16.0,"enemies":"3 Sentries","floor":7.0,"turns":16.0},{"damage":2.0,"enemies":"Replay:BlueRogue","floor":10.0,"turns":6.0},{"damage":7.0,"enemies":"2 Fungi Beasts","floor":11.0,"turns":3.0},{"damage":57.0,"enemies":"Lagavulin","floor":12.0,"turns":7.0},{"damage":22.0,"enemies":"Exordium Thugs","floor":14.0,"turns":4.0},{"damage":25.0,"enemies":"The Guardian","floor":16.0,"turns":9.0},{"damage":7.0,"enemies":"Spheric Guardian","floor":18.0,"turns":5.0},{"damage":17.0,"enemies":"2 Thieves","floor":22.0,"turns":3.0},{"damage":8.0,"enemies":"Book of Stabbing","floor":23.0,"turns":4.0},{"damage":5.0,"enemies":"Chosen and Byrds","floor":24.0,"turns":6.0},{"damage":0.0,"enemies":"Centurion and Healer","floor":27.0,"turns":4.0},{"damage":10.0,"enemies":"Nightmare","floor":28.0,"turns":4.0},{"damage":0.0,"enemies":"Snecko","floor":30.0,"turns":2.0},{"damage":0.0,"enemies":"Shelled Parasite and Fungi","floor":31.0,"turns":3.0},{"damage":0.0,"enemies":"Pondfish","floor":33.0,"turns":6.0},{"damage":0.0,"enemies":"3 Darklings","floor":35.0,"turns":4.0},{"damage":6.0,"enemies":"Orb Walker","floor":37.0,"turns":3.0},{"damage":19.0,"enemies":"3 Darklings","floor":39.0,"turns":4.0},{"damage":0,"enemies":"Nightmare","floor":40,"turns":5},{"damage":2,"enemies":"R_Hoarder","floor":42,"turns":5},{"damage":0,"enemies":"Maw","floor":45,"turns":4},{"damage":19,"enemies":"Jaw Worm Horde","floor":47,"turns":2},{"damage":7,"enemies":"Writhing Mass","floor":48,"turns":3},{"damage":55,"enemies":"infinitespire:MassOfShapes","floor":50,"turns":6},{"damage":68,"enemies":"infinitespire:MassOfShapes","floor":51,"turns":4},{"damage":5,"enemies":"infinitespire:MassOfShapes","floor":52,"turns":7},{"damage":56,"enemies":"infinitespire:MassOfShapes","floor":56,"turns":7},{"damage":105,"enemies":"paleoftheancients:N","floor":60,"turns":8}],"seed_played":"-4259351096955144535","potions_obtained":[{"floor":1.0,"key":"DDmod:CleansePotion"},{"floor":5.0,"key":"blueLaboratory:PhilterOfMotion"},{"floor":10.0,"key":"FairyPotion"},{"floor":16.0,"key":"ColorlessPotion"},{"floor":24.0,"key":"blueLaboratory:SavagePotion"},{"floor":28.0,"key":"Fire Potion"},{"floor":33.0,"key":"Energy Potion"},{"floor":35.0,"key":"PotionOfCapacity"},{"floor":39.0,"key":"blueLaboratory:PhilterOfMotion"},{"floor":42,"key":"jedi:coolantleak"},{"floor":45,"key":"blueLaboratory:TeslaPotion"},{"floor":47,"key":"Ancient Potion"},{"floor":48,"key":"Venom Potion"},{"floor":51,"key":"blueLaboratory:PolymorphPotion"}],"is_trial":false,"path_per_floor":["M","M","?","M","M","R","E","R","T","E","M","E","?","M","R","B",null,"M","?","?","AVR","M","E","M","R","T","M","NM","?","M","M","R","B",null,"M","AVR","M","?","M","NM","R","E","T","T","M","R","M","M","R","B","M","M","?","$","R","M","R","T","?","B",null],"character_chosen":"DEFECT","items_purchased":["War Paint","TheAbacus","aspiration:Lifesprig","Secret Technique","Finesse"],"campfire_rested":0,"item_purchase_floors":[54,54,54,54,54],"current_hp_per_floor":[68,68,68,67,60,60,51,51,51,59,62,15,15,32,32,17,61,64,64,64,64,57,67,72,72,72,75,65,72,72,72,72,75,75,75,75,69,69,70,75,75,75,80,80,80,80,61,64,64,69,68,80,83,83,83,75,75,75,75,71],"gold":96,"neow_bonus":"TRANSFORM_CARD","is_daily":false,"chose_seed":false,"campfire_upgraded":19,"win_rate":0.0,"timestamp":1609544279,"path_taken":["M","M","?","M","M","R","E","R","T","E","M","E","?","M","R","BOSS","M","?","?","AVR","M","E","M","R","T","M","NM","?","M","M","R","BOSS","M","AVR","M","?","?","NM","R","E","T","?","M","R","M","M","R","BOSS","M","M","?","$","R","M","R","T","?","BOSS"],"items_purchased_type":["Relic","Relic","Relic","Card","Card"],"build_version":"2020-12-22","purchased_purges":1,"victory":true,"max_hp_per_floor":[75,75,75,75,75,75,75,75,75,75,75,75,75,75,75,75,75,75,75,75,75,75,75,75,75,75,75,75,75,75,75,75,75,75,75,75,75,75,75,75,75,75,80,80,80,80,80,80,80,80,80,80,83,83,83,83,83,83,83,83],"card_choices":[{"not_picked":["StuffTheSpire:Plugnplay","Streamline"],"picked":"Glacier","floor":1.0},{"not_picked":["ReplayTheSpireMod:System Scan","Stack"],"picked":"Undo","floor":2.0},{"not_picked":["StuffTheSpire:Synthwave","Sweeping Beam"],"picked":"Self Repair","floor":4.0},{"not_picked":["White Noise","Compile Driver"],"picked":"Genetic Algorithm","floor":5.0},{"not_picked":["Rebound","Compile Driver"],"picked":"Time Bomb","floor":7.0},{"not_picked":["Compile Driver","Sweeping Beam"],"picked":"Double Energy","floor":10.0},{"not_picked":["Gash","White Noise"],"picked":"FIFO Queue","floor":11.0},{"not_picked":["Heatsinks","Redo"],"picked":"Capacitor","floor":12.0},{"not_picked":["StuffTheSpire:Plugnplay","Stack"],"picked":"ReplayTheSpireMod:Calculation Training","floor":14.0},{"not_picked":["StuffTheSpire:LaunchingStrike","Fission"],"picked":"ReplayTheSpireMod:Fabricate Wheel","floor":16.0},{"not_picked":["jedi:overflow","jedi:BurstLightning"],"picked":"jedi:sharpshooter","floor":18.0},{"not_picked":["Hologram","Heatsinks","Sweeping Beam"],"picked":"SKIP","floor":18.0},{"not_picked":["StuffTheSpire:SnapShoot","Double Energy"],"picked":"jedi:reiji+1","floor":22.0},{"not_picked":["Barrage","ReplayTheSpireMod:System Scan"],"picked":"StuffTheSpire:Coldhearted","floor":22.0},{"not_picked":["Cold Snap+1","Fusion"],"picked":"StuffTheSpire:Coldhearted+1","floor":23.0},{"not_picked":["StuffTheSpire:SnapShoot","White Noise"],"picked":"Coolheaded+1","floor":24.0},{"not_picked":["Rebound+1","Beam Cell+1"],"picked":"Ball Lightning+1","floor":24.0},{"not_picked":["Rebound","Capacitor"],"picked":"Blizzard","floor":27.0},{"not_picked":["Stack+1","jedi:blockon"],"picked":"jedi:locknload","floor":27.0},{"not_picked":["Hologram","BasicCrystalCard"],"picked":"StuffTheSpire:Synthwave+1","floor":28.0},{"not_picked":["Melter","Chill"],"picked":"Buffer","floor":30.0},{"not_picked":["Panic Button","Go for the Eyes","Stack"],"picked":"SKIP","floor":30.0},{"not_picked":["Ball Lightning","Cold Snap"],"picked":"Compile Driver+1","floor":31.0},{"not_picked":["Capacitor","Rebound"],"picked":"Defragment+1","floor":31.0},{"not_picked":["ReplayTheSpireMod:Fabricate Wheel","StuffTheSpire:LaunchingStrike"],"picked":"hubris:SpecializedCircuitry","floor":33.0},{"not_picked":["Go for the Eyes","Loop","Coolheaded"],"picked":"Storm+1","floor":35.0},{"not_picked":["jedi:BurstLightning+1","Capacitor","StuffTheSpire:GlassShard"],"picked":"Streamline+1","floor":35.0},{"not_picked":["Skim","Stack+1","ReplaySort"],"picked":"Self Repair+1","floor":37.0},{"not_picked":["Sweeping Beam","Stack","Go for the Eyes"],"picked":"Core Surge","floor":37.0},{"not_picked":["Go for the Eyes","ReplayTheSpireMod:Fabricate Wheel","StuffTheSpire:LoadUp"],"picked":"Time Bomb","floor":39.0},{"not_picked":["Reprogram+1","Redo","jedi:BurstFrost"],"picked":"aspiration:Polymerization","floor":39.0},{"not_picked":["Redo","StuffTheSpire:ShieldGenerator","FTL+1"],"picked":"jedi:bruteforce","floor":40},{"not_picked":["Rebound+1","Go for the Eyes","FIFO Queue"],"picked":"Reboot","floor":42},{"not_picked":["jedi:BurstFrost","Auto Shields+1","Genetic Algorithm+1"],"picked":"Loop","floor":45},{"not_picked":["Compile Driver","Hologram","Leap+1"],"picked":"jedi:hex+1","floor":45},{"not_picked":["jedi:blockon","Force Field+1","Compile Driver+1"],"picked":"Static Discharge+1","floor":47},{"not_picked":["Sunder+1","ReplayTheSpireMod:Reroute Power+1","ReplayGash+1"],"picked":"Chill","floor":47},{"not_picked":["BasicCrystalCard+1","Leap+1","jedi:BurstFrost"],"picked":"jedi:overflow+1","floor":48},{"not_picked":["Stack+1","StuffTheSpire:NuclearReactor+1","Leap"],"picked":"StuffTheSpire:Synthwave+1","floor":48},{"not_picked":["Leap","Hologram+1","jedi:BurstFrost+1"],"picked":"jedi:BurstLightning+1","floor":51},{"not_picked":["Beam Cell+1","Steam+1","Fusion"],"picked":"White Noise","floor":51},{"not_picked":["jedi:BurstFrost","StuffTheSpire:NuclearReactor+1","Barrage+1"],"picked":"Doom and Gloom+1","floor":52},{"not_picked":["Sweeping Beam","StuffTheSpire:ShieldGenerator","jedi:darknesscall"],"picked":"BasicCrystalCard+1","floor":52},{"not_picked":["Steam+1","Gash","Stack+1"],"picked":"BasicCrystalCard+1","floor":56},{"not_picked":["jedi:blockon","ReplayTheSpireMod:System Scan","Reprogram+1"],"picked":"Steam+1","floor":56}],"player_experience":437207,"relics_obtained":[{"floor":7.0,"key":"Replay:Arrowhead"},{"floor":9.0,"key":"Replay:WaspNest"},{"floor":10.0,"key":"Lantern"},{"floor":12.0,"key":"Bronze Scales"},{"floor":19.0,"key":"Ring of Panic"},{"floor":19.0,"key":"Ring of Fury"},{"floor":20.0,"key":"jedi:crownofsimplicity"},{"floor":23.0,"key":"aspiration:EnhancedActuators"},{"floor":26.0,"key":"aspiration:DSix"},{"floor":28.0,"key":"ReplayFunnel"},{"floor":40,"key":"Replay:PocketPolymizer"},{"floor":42,"key":"infinitespire:Freezer"},{"floor":43,"key":"vexMod:Dragonfruit"},{"floor":44,"key":"Oddly Smooth Stone"},{"floor":51,"key":"paleoftheancients:SoulOfTheSilent"},{"floor":52,"key":"paleoftheancients:SoulOfTheWatcher"},{"floor":56,"key":"paleoftheancients:SoulOfTheDefect"},{"floor":58,"key":"infinitespire:WardingShard"}],"event_choices":[{"damage_healed":0.0,"max_hp_gain":0.0,"max_hp_loss":0.0,"gold_gain":0.0,"cards_transformed":["Acrobatics"],"event_name":"Transmorgrifier","player_choice":"Transformed","floor":13.0,"gold_loss":0.0,"damage_taken":0.0,"cards_obtained":["jedi:hex"]},{"damage_healed":0.0,"max_hp_gain":0.0,"max_hp_loss":0.0,"gold_gain":0.0,"event_name":"Accursed Blacksmith","player_choice":"Forge","floor":38.0,"gold_loss":0.0,"damage_taken":0.0,"cards_upgraded":["hubris:SpecializedCircuitry"]}],"is_beta":false,"boss_relics":[{"not_picked":["energizedSpire:SpiderWeb","energizedSpire:MagnifyingGlass"],"picked":"vexMod:CursedCompass"},{"not_picked":["vexMod:DeviousBotling","Runic Pyramid"],"picked":"Honey Jar"}],"items_purged_floors":[21],"is_endless":false,"potions_floor_spawned":[1,5,10,16,24,27,28,33,35,39,42,45,47,48,51],"ascension_level":5}}