{"host":"dcj2yvrgcvh5dl2s","time":1609467103,"event":{"mods":["BaseMod","Better Note","Block Reminder","Colored Powertips","DeckTracker","Minty Spire (QoL Compilation)","Quick Restart","Rare Cards Sparkle","Relic Stats","StSLib"],"gold_per_floor":[18,18,18,38,51,51,94,94,119,153,25,58,76,9,9,9,9],"floor_reached":16,"playtime":406,"items_purged":["Anger"],"score":224,"play_id":"99854ff7-9029-47fb-9104-0e25a58d79b5","local_time":"20210101121143","is_ascension_mode":true,"campfire_choices":[{"data":"Perfected Strike","floor":6,"key":"SMITH"},{"floor":8,"key":"REST"},{"floor":15,"key":"REST"}],"circlet_count":0,"master_deck":["AscendersBane","Strike_R","Strike_R","Strike_R","Strike_R","Strike_R","Defend_R","Defend_R","Bash","Perfected Strike+1","Pummel","Twin Strike","Battle Trance","Heavy Blade","Pommel Strike","Flex","Flex"],"relics":["Burning Blood","Golden Idol","Tiny Chest","Vajra","Bag of Preparation","Blood Vial"],"acts_visited":["Exordium"],"potions_floor_usage":[10,12,13],"damage_taken":[{"damage":6,"enemies":"Cultist","floor":1,"turns":3},{"damage":12,"enemies":"Jaw Worm","floor":4,"turns":2},{"damage":2,"enemies":"2 Louse","floor":5,"turns":2},{"damage":8,"enemies":"Gremlin Nob","floor":7,"turns":3},{"damage":25,"enemies":"3 Sentries","floor":10,"turns":5},{"damage":33,"enemies":"Lagavulin","floor":12,"turns":4},{"damage":0,"enemies":"Blue Slaver","floor":13,"turns":1},{"damage":47,"enemies":"Slime Boss","floor":16,"turns":6}],"seed_played":"-8814269816072782103","potions_obtained":[{"floor":3,"key":"SpeedPotion"},{"floor":3,"key":"FearPotion"},{"floor":5,"key":"ColorlessPotion"},{"floor":7,"key":"Dexterity Potion"},{"floor":12,"key":"Energy Potion"}],"is_trial":false,"path_per_floor":["M","?","?","M","M","R","E","R","T","E","$","E","M","?","R","B"],"character_chosen":"IRONCLAD","items_purchased":["Pommel Strike"],"campfire_rested":2,"item_purchase_floors":[11],"current_hp_per_floor":[68,42,42,36,40,40,38,60,60,41,41,14,22,22,44,0,0],"gold":9,"neow_bonus":"TRANSFORM_TWO_CARDS","is_daily":false,"chose_seed":false,"campfire_upgraded":1,"win_rate":0.0,"timestamp":1609467103,"path_taken":["M","?","?","M","M","R","E","R","T","E","$","E","?","?","R","BOSS"],"items_purchased_type":["Card"],"build_version":"2020-12-22","purchased_purges":1,"victory":false,"max_hp_per_floor":[75,75,75,75,75,75,75,75,75,75,75,75,75,75,75,75,75],"relic_stats":{"Blood Vial":4,"counters":[8,26],"Golden Idol":34,"Tiny Chest":0,"Bag of Preparation":[6],"obtain_stats":[{"Blood Vial":12,"Golden Idol":2,"Vajra":9,"Tiny Chest":7,"Bag of Preparation":10,"Burning Blood":0},{"Blood Vial":6,"Golden Idol":1,"Vajra":4,"Tiny Chest":4,"Bag of Preparation":5,"Burning Blood":0},{"Blood Vial":19,"Golden Idol":3,"Vajra":10,"Tiny Chest":10,"Bag of Preparation":15,"Burning Blood":0}],"Burning Blood":42},"card_choices":[{"not_picked":["Thunderclap","Iron Wave"],"picked":"Pummel","floor":1},{"not_picked":["Anger","Hemokinesis"],"picked":"Twin Strike","floor":4},{"not_picked":["Wild Strike","Thunderclap"],"picked":"Battle Trance","floor":5},{"not_picked":["Anger","Havoc","Dual Wield"],"picked":"SKIP","floor":7},{"not_picked":["Thunderclap","Intimidate"],"picked":"Heavy Blade","floor":10},{"not_picked":["Immolate","Heavy Blade"],"picked":"Flex","floor":12},{"not_picked":["Anger","Dark Embrace"],"picked":"Flex","floor":13}],"player_experience":2138997,"relics_obtained":[{"floor":7,"key":"Tiny Chest"},{"floor":9,"key":"Vajra"},{"floor":10,"key":"Bag of Preparation"},{"floor":12,"key":"Blood Vial"}],"event_choices":[{"damage_healed":0,"gold_gain":0,"player_choice":"Take Damage","damage_taken":26,"relics_obtained":["Golden Idol"],"max_hp_gain":0,"max_hp_loss":0,"event_name":"Golden Idol","floor":2,"gold_loss":0},{"damage_healed":0,"gold_gain":0,"player_choice":"Got Potions","damage_taken":0,"max_hp_gain":0,"max_hp_loss":0,"event_name":"Lab","floor":3,"gold_loss":0},{"damage_healed":0,"gold_gain":0,"player_choice":"Left Gold","damage_taken":0,"max_hp_gain":0,"max_hp_loss":0,"event_name":"World of Goop","floor":14,"gold_loss":67}],"is_beta":false,"boss_relics":[],"items_purged_floors":[11],"is_endless":false,"potions_floor_spawned":[5,7,12],"killed_by":"Slime Boss","ascension_level":18}}