{"host":"g01l53quoe6lrer0","time":1609523366,"event":{"mods":["2.2 Compatiblity","BaseMod","Colored Map","Highlight Path","Keyboard Shortcuts","Minty Spire (QoL Compilation)","Permanent Neow","Quick Restart","StSLib","everything is the same but u backflip on backflip"],"gold_per_floor":[113,113,38,57,75,101,101,134,134,152,184,204,220,240,240,343,343,361,377,476,489,503,536,536,567,567,582,596,596,607,620,620,722,772,790,790,790,790,805,805,831,831,831,831,831,849,899,899,899,899],"floor_reached":51,"playtime":2620,"items_purged":["Defend_R"],"score":827,"play_id":"50f1fd27-9bdc-4e85-8629-02d1ac8908b8","local_time":"20210102024926","is_ascension_mode":true,"campfire_choices":[{"data":"Fiend Fire","floor":7.0,"key":"SMITH"},{"data":"Bash","floor":15.0,"key":"SMITH"},{"floor":24.0,"key":"REST"},{"data":"Inflame","floor":29.0,"key":"SMITH"},{"floor":32.0,"key":"REST"},{"data":"Flex","floor":40.0,"key":"SMITH"},{"data":"Limit Break","floor":42.0,"key":"SMITH"},{"floor":45,"key":"REST"},{"floor":49,"key":"REST"}],"circlet_count":0,"master_deck":["Strike_R","Strike_R","Strike_R+1","Strike_R","Defend_R","Defend_R","Bash+1","Clumsy","Fiend Fire+1","Clash","Flex+1","Clothesline","Headbutt","True Grit","Offering","Thunderclap+1","Dropkick+1","Battle Trance","Intimidate","Offering","Second Wind","Clash+1","Feel No Pain+1","Heavy Blade+1","Sever Soul+1","Whirlwind+1","Shrug It Off+1","Inflame+1","Sword Boomerang+1","Disarm","Combust+1","Limit Break+1","Carnage+1","Dramatic Entrance+1","Clash+1","Inflame","Warcry+1","Blood for Blood+1","Shockwave","Fire Breathing+1"],"relics":["Black Blood","Ornamental Fan","Dream Catcher","Molten Egg 2","Nunchaku","Happy Flower","Regal Pillow","Bottled Tornado","Tiny House","Darkstone Periapt","Oddly Smooth Stone","Vajra","Unceasing Top","Incense Burner"],"acts_visited":["Exordium","TheCity","TheBeyond"],"potions_floor_usage":[46,50],"damage_taken":[{"damage":8.0,"enemies":"Jaw Worm","floor":1.0,"turns":3.0},{"damage":1.0,"enemies":"Cultist","floor":4.0,"turns":3.0},{"damage":2.0,"enemies":"Small Slimes","floor":5.0,"turns":3.0},{"damage":17.0,"enemies":"Gremlin Nob","floor":6.0,"turns":4.0},{"damage":31.0,"enemies":"Lagavulin","floor":8.0,"turns":5.0},{"damage":5.0,"enemies":"2 Fungi Beasts","floor":10.0,"turns":3.0},{"damage":10.0,"enemies":"Gremlin Nob","floor":11.0,"turns":3.0},{"damage":5.0,"enemies":"Looter","floor":12.0,"turns":2.0},{"damage":6.0,"enemies":"Blue Slaver","floor":13.0,"turns":2.0},{"damage":6.0,"enemies":"Large Slime","floor":14.0,"turns":3.0},{"damage":27.0,"enemies":"Slime Boss","floor":16.0,"turns":7.0},{"damage":7.0,"enemies":"Shell Parasite","floor":18.0,"turns":2.0},{"damage":16.0,"enemies":"3 Byrds","floor":19.0,"turns":5.0},{"damage":20.0,"enemies":"Centurion and Healer","floor":21.0,"turns":5.0},{"damage":30.0,"enemies":"Snake Plant","floor":22.0,"turns":5.0},{"damage":15.0,"enemies":"Slavers","floor":23.0,"turns":3.0},{"damage":24.0,"enemies":"Book of Stabbing","floor":25.0,"turns":4.0},{"damage":6.0,"enemies":"Sentry and Sphere","floor":27.0,"turns":3.0},{"damage":12.0,"enemies":"Snecko","floor":28.0,"turns":2.0},{"damage":6.0,"enemies":"Chosen and Byrds","floor":30.0,"turns":4.0},{"damage":37.0,"enemies":"Shelled Parasite and Fungi","floor":31.0,"turns":3.0},{"damage":75.0,"enemies":"Automaton","floor":33.0,"turns":7.0},{"damage":15.0,"enemies":"Orb Walker","floor":35.0,"turns":4.0},{"damage":20.0,"enemies":"3 Darklings","floor":39.0,"turns":4.0},{"damage":65.0,"enemies":"Reptomancer","floor":41.0,"turns":6.0},{"damage":15,"enemies":"Spire Growth","floor":46,"turns":4},{"damage":27,"enemies":"Mind Bloom Boss Battle","floor":47,"turns":7},{"damage":101,"enemies":"Donu and Deca","floor":50,"turns":7}],"seed_played":"-2714324276168551788","potions_obtained":[{"floor":1.0,"key":"FairyPotion"},{"floor":8.0,"key":"BloodPotion"},{"floor":10.0,"key":"PowerPotion"},{"floor":11.0,"key":"BloodPotion"},{"floor":13.0,"key":"SkillPotion"},{"floor":19.0,"key":"ColorlessPotion"},{"floor":22.0,"key":"Explosive Potion"},{"floor":23.0,"key":"LiquidMemories"},{"floor":25.0,"key":"Energy Potion"},{"floor":28.0,"key":"Explosive Potion"},{"floor":34.0,"key":"HeartOfIron"},{"floor":41.0,"key":"Weak Potion"},{"floor":47,"key":"Strength Potion"}],"is_trial":false,"path_per_floor":["M","?","$","M","M","E","R","E","T","M","E","M","M","M","R","B",null,"M","M","?","M","M","E","R","E","T","M","M","R","M","M","R","B",null,"M","?","?","T","M","R","E","R","T","?","R","M","?","T","R","B",null],"character_chosen":"IRONCLAD","items_purchased":[],"campfire_rested":4,"item_purchase_floors":[],"current_hp_per_floor":[78,78,78,80,80,69,69,44,44,45,57,74,74,74,74,53,80,80,76,76,68,50,47,71,59,59,65,65,65,71,46,80,17,85,82,82,82,82,74,74,21,21,21,21,61,58,43,43,83,24],"gold":899,"neow_bonus":"THREE_RARE_CARDS","is_daily":false,"chose_seed":false,"campfire_upgraded":5,"win_rate":0.0,"timestamp":1609523366,"path_taken":["M","?","?","M","M","E","R","E","T","M","E","M","M","?","R","BOSS","M","M","?","M","M","E","R","E","T","M","M","R","M","M","R","BOSS","M","?","?","?","M","R","E","R","T","?","R","?","?","?","R","BOSS"],"items_purchased_type":[],"build_version":"2020-12-22","purchased_purges":1,"victory":true,"max_hp_per_floor":[80,80,80,80,80,80,80,80,80,80,80,80,80,80,80,80,80,80,80,80,80,80,80,80,80,80,80,80,80,80,80,80,80,85,85,85,85,85,85,85,85,85,85,85,85,85,85,85,85,85],"card_choices":[{"not_picked":["Double Tap","Impervious"],"picked":"Fiend Fire","floor":0.0},{"not_picked":["True Grit","Heavy Blade"],"picked":"Clash","floor":1.0},{"not_picked":["Headbutt","Blood for Blood"],"picked":"Flex","floor":4.0},{"not_picked":["Clash","Perfected Strike"],"picked":"Clothesline","floor":5.0},{"not_picked":["Cleave","Flex"],"picked":"Headbutt","floor":6.0},{"not_picked":["Blood for Blood","Bloodletting"],"picked":"True Grit","floor":8.0},{"not_picked":["Rage","Dual Wield"],"picked":"Offering","floor":10.0},{"not_picked":["Clash+1","Bloodletting"],"picked":"Thunderclap+1","floor":11.0},{"not_picked":["Perfected Strike+1","Burning Pact"],"picked":"Dropkick+1","floor":12.0},{"not_picked":["Perfected Strike+1","Clothesline+1"],"picked":"Battle Trance","floor":13.0},{"not_picked":["Sword Boomerang+1","Flex"],"picked":"Intimidate","floor":14.0},{"not_picked":["Juggernaut","Barricade"],"picked":"Offering","floor":16.0},{"not_picked":["Shrug It Off+1","Cleave+1"],"picked":"Second Wind","floor":18.0},{"not_picked":["Second Wind","Perfected Strike+1"],"picked":"Clash+1","floor":19.0},{"not_picked":["Clash+1","Uppercut+1"],"picked":"Feel No Pain+1","floor":21.0},{"not_picked":["Cleave+1","Pommel Strike+1"],"picked":"Heavy Blade+1","floor":22.0},{"not_picked":["Shrug It Off","Searing Blow+1"],"picked":"Sever Soul+1","floor":23.0},{"not_picked":["Headbutt+1","Clash+1"],"picked":"Whirlwind+1","floor":24.0},{"not_picked":["Bludgeon+1","Clash+1"],"picked":"Shrug It Off+1","floor":25.0},{"not_picked":["Clothesline+1","Cleave+1"],"picked":"Inflame","floor":27.0},{"not_picked":["True Grit","Flex"],"picked":"Sword Boomerang+1","floor":28.0},{"not_picked":["Heavy Blade+1","Second Wind"],"picked":"Disarm","floor":30.0},{"not_picked":["Sword Boomerang+1","Berserk","Anger+1"],"picked":"SKIP","floor":31.0},{"not_picked":["Searing Blow+1","Intimidate+1"],"picked":"Combust+1","floor":32.0},{"not_picked":["Berserk","Bludgeon+1"],"picked":"Limit Break","floor":33.0},{"not_picked":["Iron Wave+1","Clothesline+1"],"picked":"Carnage+1","floor":34.0},{"not_picked":["Headbutt+1","Shrug It Off","Armaments"],"picked":"SKIP","floor":35.0},{"not_picked":["Jack Of All Trades","Madness"],"picked":"Dramatic Entrance+1","floor":36.0},{"not_picked":["Body Slam+1","Sever Soul+1"],"picked":"Clash+1","floor":39.0},{"not_picked":["Seeing Red","Armaments"],"picked":"Inflame","floor":41.0},{"not_picked":["Thunderclap+1","Seeing Red+1"],"picked":"Warcry+1","floor":45},{"not_picked":["Fiend Fire+1","Pommel Strike+1"],"picked":"Blood for Blood+1","floor":46},{"not_picked":["Sword Boomerang+1","Armaments"],"picked":"Shockwave","floor":47},{"not_picked":["True Grit+1","Clash+1"],"picked":"Fire Breathing+1","floor":49}],"player_experience":235,"relics_obtained":[{"floor":6.0,"key":"Ornamental Fan"},{"floor":8.0,"key":"Dream Catcher"},{"floor":9.0,"key":"Molten Egg 2"},{"floor":11.0,"key":"Nunchaku"},{"floor":23.0,"key":"Happy Flower"},{"floor":25.0,"key":"Regal Pillow"},{"floor":26.0,"key":"Bottled Tornado"},{"floor":38.0,"key":"Darkstone Periapt"},{"floor":41.0,"key":"Oddly Smooth Stone"},{"floor":43.0,"key":"Vajra"},{"floor":47,"key":"Unceasing Top"},{"floor":48,"key":"Incense Burner"}],"event_choices":[{"cards_removed":["Strike_R"],"damage_healed":0.0,"max_hp_gain":0.0,"max_hp_loss":0.0,"gold_gain":0.0,"event_name":"Living Wall","player_choice":"Forget","floor":2.0,"gold_loss":0.0,"damage_taken":0.0},{"damage_healed":0.0,"max_hp_gain":0.0,"max_hp_loss":0.0,"gold_gain":99.0,"event_name":"Nest","player_choice":"Stole From Cult","floor":20.0,"gold_loss":0.0,"damage_taken":0.0},{"damage_healed":0.0,"max_hp_gain":0.0,"max_hp_loss":0.0,"gold_gain":0.0,"event_name":"SensoryStone","player_choice":"Memory 1","floor":36.0,"gold_loss":0.0,"damage_taken":0.0},{"cards_removed":["Defend_R"],"damage_healed":0.0,"max_hp_gain":0.0,"max_hp_loss":0.0,"gold_gain":0.0,"event_name":"Falling","player_choice":"Removed Skill","floor":37.0,"gold_loss":0.0,"damage_taken":0.0},{"damage_healed":0,"gold_gain":0,"player_choice":"Ignored","damage_taken":0,"max_hp_gain":0,"max_hp_loss":0,"event_name":"Mysterious Sphere","floor":44,"gold_loss":0},{"damage_healed":0,"gold_gain":0,"player_choice":"Fight","damage_taken":0,"max_hp_gain":0,"max_hp_loss":0,"event_name":"MindBloom","floor":47,"gold_loss":0}],"is_beta":false,"boss_relics":[{"not_picked":["SlaversCollar","Coffee Dripper"],"picked":"Black Blood"},{"not_picked":["Fusion Hammer","Busted Crown"],"picked":"Tiny House"}],"items_purged_floors":[3],"is_endless":false,"potions_floor_spawned":[1,8,10,11,13,19,22,23,25,28,30,41,47],"ascension_level":1}}