{"host":"pfy6u49v5s5r680p","time":1609503914,"event":{"mods":["BaseMod","Colored Map","DeckTracker","Highlight Path","Keyboard Shortcuts","Minty Spire (QoL Compilation)","Permanent Neow","Quick Restart","StSLib","SuperFastMode","everything is the same but u backflip on backflip"],"gold_per_floor":[118,136,147,166,184,184,195,195,195,213,226,239,189,208,208,307,307,319,330,330,345,364,390,390,403,403,403,416,427,439,449,449,449,449],"floor_reached":33,"playtime":3185,"items_purged":[],"score":273,"play_id":"b93d731b-02d9-4b81-b775-8912834e29de","local_time":"20210101212514","is_ascension_mode":false,"campfire_choices":[{"data":"Judgement","floor":6.0,"key":"SMITH"},{"data":"TalkToTheHand","floor":8.0,"key":"SMITH"},{"data":"Brilliance","floor":15.0,"key":"SMITH"},{"data":"Ragnarok","floor":24.0,"key":"SMITH"},{"data":"EmptyFist","floor":27.0,"key":"SMITH"},{"floor":32.0,"key":"REST"}],"circlet_count":0,"master_deck":["Defend_P","Defend_P","Defend_P","Defend_P","Eruption","Vigilance","Judgement+1","TalkToTheHand+1","Crescendo","Consecrate","LikeWater","LikeWater","Scrawl","Halt","Consecrate","SashWhip","Brilliance+1","Ragnarok+1","EmptyFist+1","WindmillStrike+1","FlyingSleeves+1","EmptyFist+1","FlurryOfBlows","Consecrate","SignatureMove+1","FlurryOfBlows","EmptyBody+1","PathToVictory","SignatureMove+1","Evaluate"],"relics":["PureWater","Blood Vial","Astrolabe","Unceasing Top","Damaru"],"acts_visited":["Exordium","TheCity"],"potions_floor_usage":[33],"damage_taken":[{"damage":0.0,"enemies":"Small Slimes","floor":1.0,"turns":2.0},{"damage":0.0,"enemies":"Jaw Worm","floor":2.0,"turns":1.0},{"damage":0.0,"enemies":"Cultist","floor":3.0,"turns":2.0},{"damage":3.0,"enemies":"Gremlin Gang","floor":4.0,"turns":2.0},{"damage":2.0,"enemies":"2 Fungi Beasts","floor":5.0,"turns":3.0},{"damage":21.0,"enemies":"Lots of Slimes","floor":7.0,"turns":3.0},{"damage":3.0,"enemies":"Large Slime","floor":10.0,"turns":7.0},{"damage":0.0,"enemies":"3 Louse","floor":11.0,"turns":2.0},{"damage":0.0,"enemies":"Red Slaver","floor":12.0,"turns":3.0},{"damage":0.0,"enemies":"2 Fungi Beasts","floor":14.0,"turns":1.0},{"damage":16.0,"enemies":"Hexaghost","floor":16.0,"turns":14.0},{"damage":0.0,"enemies":"Spheric Guardian","floor":18.0,"turns":1.0},{"damage":8.0,"enemies":"Shell Parasite","floor":19.0,"turns":3.0},{"damage":1.0,"enemies":"3 Cultists","floor":21.0,"turns":3.0},{"damage":7.0,"enemies":"Chosen and Byrds","floor":22.0,"turns":5.0},{"damage":30.0,"enemies":"Slavers","floor":23.0,"turns":4.0},{"damage":0.0,"enemies":"Centurion and Healer","floor":25.0,"turns":3.0},{"damage":3.0,"enemies":"Shelled Parasite and Fungi","floor":28.0,"turns":2.0},{"damage":15.0,"enemies":"Snake Plant","floor":29.0,"turns":4.0},{"damage":2.0,"enemies":"Cultist and Chosen","floor":30.0,"turns":4.0},{"damage":3.0,"enemies":"Centurion and Healer","floor":31.0,"turns":3.0},{"damage":57,"enemies":"Automaton","floor":33,"turns":6}],"seed_played":"5141618958887585150","potions_obtained":[{"floor":3.0,"key":"Strength Potion"},{"floor":5.0,"key":"DistilledChaos"},{"floor":7.0,"key":"StancePotion"},{"floor":19.0,"key":"SteroidPotion"},{"floor":22.0,"key":"CultistPotion"},{"floor":30.0,"key":"Fire Potion"}],"is_trial":false,"path_per_floor":["M","M","M","M","M","R","M","R","T","M","M","M","?","M","R","B",null,"M","M","?","M","M","E","R","M","T","R","M","M","M","M","R","B"],"character_chosen":"WATCHER","items_purchased":[],"campfire_rested":1,"item_purchase_floors":[],"current_hp_per_floor":[72,72,72,69,67,67,46,46,46,45,47,49,49,51,51,37,72,72,64,64,65,60,32,32,34,34,34,33,20,20,19,40,0,0],"gold":449,"neow_bonus":"ONE_RANDOM_RARE_CARD","is_daily":false,"chose_seed":false,"campfire_upgraded":5,"win_rate":0.0,"timestamp":1609503914,"path_taken":["M","M","M","M","M","R","M","R","T","M","M","M","?","M","R","BOSS","M","M","?","M","M","E","R","M","T","R","M","M","?","M","R","BOSS"],"items_purchased_type":[],"build_version":"2020-12-22","purchased_purges":0,"victory":false,"max_hp_per_floor":[72,72,72,72,72,72,72,72,72,72,72,72,72,72,72,72,72,72,72,72,72,72,72,72,72,72,72,72,72,72,72,72,72,72],"card_choices":[{"not_picked":["Consecrate","EmptyFist"],"picked":"TalkToTheHand","floor":1.0},{"not_picked":["BowlingBash","TalkToTheHand"],"picked":"Crescendo","floor":2.0},{"not_picked":["EmptyFist","Crescendo"],"picked":"Consecrate","floor":3.0},{"not_picked":["Halt","TalkToTheHand"],"picked":"LikeWater","floor":4.0},{"not_picked":["InnerPeace","JustLucky"],"picked":"LikeWater","floor":5.0},{"not_picked":["CutThroughFate","FlyingSleeves"],"picked":"Scrawl","floor":7.0},{"not_picked":["FlurryOfBlows","EmptyBody"],"picked":"Halt","floor":10.0},{"not_picked":["Tantrum","FollowUp"],"picked":"Consecrate","floor":11.0},{"not_picked":["ThirdEye","FollowUp"],"picked":"SashWhip","floor":12.0},{"not_picked":["FlurryOfBlows","SashWhip"],"picked":"Brilliance","floor":14.0},{"not_picked":["DevaForm","DeusExMachina"],"picked":"Ragnarok","floor":16.0},{"not_picked":["Consecrate","EmptyBody"],"picked":"EmptyFist","floor":18.0},{"not_picked":["Evaluate","FollowUp"],"picked":"FlurryOfBlows","floor":19.0},{"not_picked":["FollowUp","Crescendo+1"],"picked":"Consecrate","floor":21.0},{"not_picked":["CutThroughFate","ConjureBlade"],"picked":"SignatureMove+1","floor":22.0},{"not_picked":["TalkToTheHand","Protect"],"picked":"FlurryOfBlows","floor":23.0},{"not_picked":["Fasting2","FlurryOfBlows"],"picked":"EmptyBody+1","floor":25.0},{"not_picked":["LikeWater+1","Consecrate","ReachHeaven+1"],"picked":"SKIP","floor":28.0},{"not_picked":["FlyingSleeves","JustLucky"],"picked":"PathToVictory","floor":29.0},{"not_picked":["FlurryOfBlows","EmptyBody"],"picked":"SignatureMove+1","floor":30.0},{"not_picked":["CarveReality+1","Conclude"],"picked":"Evaluate","floor":31.0}],"player_experience":91011,"relics_obtained":[{"floor":9.0,"key":"Blood Vial"},{"floor":23.0,"key":"Unceasing Top"},{"floor":26.0,"key":"Damaru"}],"event_choices":[{"cards_removed":["Strike_P"],"damage_healed":0.0,"max_hp_gain":0.0,"max_hp_loss":0.0,"gold_gain":0.0,"event_name":"The Cleric","player_choice":"Card Removal","floor":13.0,"gold_loss":50.0,"damage_taken":0.0},{"damage_healed":0.0,"max_hp_gain":0.0,"max_hp_loss":0.0,"gold_gain":0.0,"event_name":"N\u0027loth","player_choice":"Ignored","floor":20.0,"gold_loss":0.0,"damage_taken":0.0}],"is_beta":false,"boss_relics":[{"not_picked":["Busted Crown","Empty Cage"],"picked":"Astrolabe"}],"items_purged_floors":[],"is_endless":false,"potions_floor_spawned":[3,5,7,10,19,22,23,25,30],"killed_by":"Automaton","ascension_level":0}}