{"host":"wm071zykm6h74uqk","time":1609508757,"event":{"mods":["AchievementEnabler","Aspiration","BaseMod","Better Silent Start","Better Third Choice","BetterRewards","Colored Powertips","Custom Start","Defuse TimeMaze Blight","Downfall","Gold Saver","Humility","Hyrulean Relics","Infinite Spire","Minty Spire (QoL Compilation)","Quick Restart","Spicy Shops","StSLib","Wandering Minibosses"],"gold_per_floor":[99,112,112,128,20,20,43,53,53,70,104,124,74,25,36,36,36,36],"floor_reached":16,"playtime":656,"items_purged":[],"score":102,"play_id":"85f6dac3-2611-4ed9-9844-b35b2b537c43","local_time":"20210101144557","is_ascension_mode":false,"campfire_choices":[{"floor":1,"key":"RECALL"},{"floor":13,"key":"REST"}],"circlet_count":0,"master_deck":["Slimebound:Strike_Slimebound","Slimebound:Strike_Slimebound","Slimebound:Strike_Slimebound","Slimebound:Tackle","Slimebound:Defend_Slimebound","Slimebound:Defend_Slimebound+1","Slimebound:Defend_Slimebound","Slimebound:Split+1","Slimebound:CorrosiveSpit","Slimebound:ComboTackle","Slimebound:RollThrough","Slimebound:LevelUp","Slimebound:DisruptingSlam","Slimebound:LeechEnergy","Slimebound:LeechingTouch","Slimebound:LevelUp","Slimebound:Repurpose","Slimebound:LevelUp"],"relics":["Slimebound:AbsorbEndCombat","downfall:BrokenWingStatue","Slimebound:GreedOozeRelic","War Paint"],"acts_visited":["Exordium"],"potions_floor_usage":[11,12,16],"damage_taken":[{"damage":7,"enemies":"2 Louse","floor":2,"turns":3},{"damage":11,"enemies":"Jaw Worm","floor":4,"turns":4},{"damage":4,"enemies":"downfall:FleeingMerchant","floor":5,"turns":4},{"damage":10,"enemies":"Small Slimes","floor":8,"turns":3},{"damage":11,"enemies":"Red Slaver","floor":10,"turns":4},{"damage":39,"enemies":"3 Sentries","floor":11,"turns":6},{"damage":0,"enemies":"3 Louse","floor":12,"turns":3},{"damage":18,"enemies":"downfall:FleeingMerchant","floor":14,"turns":4},{"damage":17,"enemies":"Exordium Wildlife","floor":15,"turns":3},{"damage":38,"enemies":"downfall:Ironclad","floor":16,"turns":3}],"seed_played":"4355727079954590383","potions_obtained":[{"floor":8,"key":"Fire Potion"},{"floor":11,"key":"Fire Potion"},{"floor":12,"key":"LiquidMemories"},{"floor":15,"key":"Slimebound:SlimedPotion"}],"is_trial":false,"path_per_floor":["R","M","?","M","$","?","T","M","?","M","E","M","R","$","M","B"],"character_chosen":"SLIMEBOUND","items_purchased":["Slimebound:DisruptingSlam","Slimebound:LevelUp"],"campfire_rested":1,"item_purchase_floors":[5,14],"current_hp_per_floor":[66,65,65,59,63,63,63,57,57,52,17,19,38,30,25,0,0,0],"gold":36,"neow_bonus":"TEN_PERCENT_HP_BONUS","is_daily":false,"chose_seed":false,"campfire_upgraded":0,"win_rate":0.0,"timestamp":1609508757,"path_taken":["R","M","?","M","$","?","T","M","?","?","E","M","R","?","M","BOSS"],"items_purchased_type":["Card","Card"],"build_version":"2020-12-22","purchased_purges":0,"victory":false,"max_hp_per_floor":[66,66,66,66,66,66,66,66,66,66,66,66,66,66,66,66,66,66],"card_choices":[{"not_picked":["Slimebound:LivingWall","Slimebound:SamplingLick"],"picked":"Slimebound:ComboTackle","floor":2},{"not_picked":["Slimebound:Prepare","Slimebound:SplitLeeching"],"picked":"Slimebound:RollThrough","floor":4},{"not_picked":["Slimebound:ItLooksTasty","Slimebound:LeechingTouch"],"picked":"Slimebound:LevelUp","floor":5},{"not_picked":["Slimebound:SplitBruiser","Slimebound:Schlurp"],"picked":"Slimebound:LeechEnergy","floor":8},{"not_picked":["Slimebound:SplitBruiser","Slimebound:RainOfGoop","Slimebound:Prepare"],"picked":"SKIP","floor":10},{"not_picked":["Slimebound:LeechEnergy","Slimebound:FormOfPuddle"],"picked":"Slimebound:LevelUp","floor":11},{"not_picked":["Slimebound:RollThrough","Slimebound:GrowthPunch","Slimebound:DisruptingSlam"],"picked":"SKIP","floor":12},{"not_picked":["Slimebound:DisruptingSlam","Slimebound:SpikyOuterGoop"],"picked":"Slimebound:Repurpose","floor":14},{"not_picked":["Slimebound:FinishingTackle","Slimebound:SplitLeeching","Slimebound:SlimeSlap"],"picked":"SKIP","floor":15}],"player_experience":691948,"relics_obtained":[{"floor":11,"key":"War Paint"}],"event_choices":[{"damage_healed":0,"gold_gain":0,"cards_transformed":["Slimebound:Defend_Slimebound"],"player_choice":"Transformed","damage_taken":0,"max_hp_gain":0,"max_hp_loss":0,"event_name":"Transmorgrifier","floor":9,"gold_loss":0,"cards_obtained":["Slimebound:LeechingTouch"]}],"is_beta":false,"boss_relics":[],"items_purged_floors":[],"is_endless":false,"potions_floor_spawned":[8,11,12,15],"killed_by":"downfall:Ironclad","ascension_level":0}}