{"host":"1zfbckszmdcrhnfi","time":1609495989,"event":{"mods":["AchievementEnabler","BaseMod","Colored Map","Downfall","Minty Spire (QoL Compilation)","Quick Restart","Shop Mod","StSLib","The Cursed"],"gold_per_floor":[109,109,124,124,139,139,214,247,323,348,363,379,379,397,397,397,397],"floor_reached":16,"playtime":800,"items_purged":[],"score":109,"play_id":"6ac31b2e-d28a-419d-81f0-5165007aed2d","local_time":"20210101181309","is_ascension_mode":true,"campfire_choices":[{"floor":6.0,"key":"REST"},{"data":"Neutralize","floor":13.0,"key":"SMITH"},{"floor":15.0,"key":"RECALL"}],"circlet_count":0,"master_deck":["Strike_G","Strike_G","Strike_G","Strike_G","Strike_G","Defend_G","Defend_G","Defend_G","Defend_G","Defend_G","Survivor","Neutralize+1","CurseOfTheBell","Crippling Poison","Corpse Explosion","Choke","Endless Agony"],"relics":["Calling Bell","PreservedInsect","Meat on the Bone","Torii","Golden Idol","Juzu Bracelet","Bottled Lightning"],"acts_visited":["Exordium"],"potions_floor_usage":[16,16],"damage_taken":[{"damage":0.0,"enemies":"Small Slimes","floor":1.0,"turns":5.0},{"damage":2.0,"enemies":"Jaw Worm","floor":3.0,"turns":7.0},{"damage":1.0,"enemies":"2 Louse","floor":5.0,"turns":4.0},{"damage":51.0,"enemies":"Gremlin Nob","floor":8.0,"turns":6.0},{"damage":2.0,"enemies":"Blue Slaver","floor":10.0,"turns":6.0},{"damage":1.0,"enemies":"Exordium Thugs","floor":11.0,"turns":6.0},{"damage":2.0,"enemies":"Looter","floor":12.0,"turns":5.0},{"damage":7.0,"enemies":"Red Slaver","floor":14.0,"turns":4.0},{"damage":30,"enemies":"Slime Boss","floor":16,"turns":6}],"seed_played":"-2890245575660274802","potions_obtained":[{"floor":1.0,"key":"EssenceOfSteel"},{"floor":10.0,"key":"Swift Potion"},{"floor":11.0,"key":"SkillPotion"}],"is_trial":false,"path_per_floor":["M","?","M","?","M","R","?","E","T","M","M","M","R","M","R","B"],"character_chosen":"THE_SILENT","items_purchased":[],"campfire_rested":1,"item_purchase_floors":[],"current_hp_per_floor":[70,70,68,51,50,70,59,20,20,30,41,39,39,44,44,14,14],"gold":397,"neow_bonus":"BOSS_RELIC","is_daily":false,"chose_seed":false,"campfire_upgraded":1,"win_rate":0.0,"timestamp":1609495989,"path_taken":["M","?","M","?","M","R","?","E","T","M","M","M","R","M","R","BOSS"],"items_purchased_type":[],"build_version":"2020-12-22","purchased_purges":0,"victory":false,"max_hp_per_floor":[70,70,70,70,70,70,70,70,70,70,70,70,70,70,70,70,70],"card_choices":[{"not_picked":["Sucker Punch","Tactician","Slice"],"picked":"SKIP","floor":1.0},{"not_picked":["Glass Knife","Heel Hook","Masterful Stab"],"picked":"SKIP","floor":3.0},{"not_picked":["Blur","Quick Slash"],"picked":"Crippling Poison","floor":5.0},{"not_picked":["Dagger Spray","Tactician"],"picked":"Corpse Explosion","floor":8.0},{"not_picked":["Dagger Throw","Acrobatics"],"picked":"Choke","floor":10.0},{"not_picked":["Reflex","Quick Slash","Poisoned Stab"],"picked":"SKIP","floor":11.0},{"not_picked":["Heel Hook","Poisoned Stab","Prepared"],"picked":"SKIP","floor":12.0},{"not_picked":["Footwork","Prepared"],"picked":"Endless Agony","floor":14.0}],"player_experience":182794,"relics_obtained":[{"floor":0.0,"key":"PreservedInsect"},{"floor":0.0,"key":"Meat on the Bone"},{"floor":0.0,"key":"Torii"},{"floor":8.0,"key":"Juzu Bracelet"},{"floor":9.0,"key":"Bottled Lightning"}],"event_choices":[{"damage_healed":0.0,"max_hp_gain":0.0,"max_hp_loss":0.0,"gold_gain":0.0,"event_name":"Liars Game","player_choice":"Ignored","floor":2.0,"gold_loss":0.0,"damage_taken":0.0},{"damage_healed":0.0,"max_hp_gain":0.0,"max_hp_loss":0.0,"gold_gain":0.0,"event_name":"Golden Idol","player_choice":"Take Damage","floor":4.0,"gold_loss":0.0,"damage_taken":17.0,"relics_obtained":["Golden Idol"]},{"damage_healed":0.0,"max_hp_gain":0.0,"max_hp_loss":0.0,"gold_gain":75.0,"event_name":"World of Goop","player_choice":"Gather Gold","floor":7.0,"gold_loss":0.0,"damage_taken":11.0}],"is_beta":false,"boss_relics":[],"items_purged_floors":[],"is_endless":false,"potions_floor_spawned":[1,10,11,12,14],"killed_by":"Slime Boss","ascension_level":1}}