{"host":"56ghxnzsglgdq727","time":1609490585,"event":{"mods":["AchievementEnabler","BaseMod","Minty Spire (QoL Compilation)"],"gold_per_floor":[110,120,120,45,56,90,108,108,153,180,180,211,211,228,228,326,326,340,355,355,372,58,58,87,87,87,112,112,12,42,59,59,163,163,175,186,186,196,11,36,36,36,36,52,85,85,85,135,135,135],"floor_reached":51,"playtime":1833,"items_purged":["Defend_P","Strike_P"],"score":858,"play_id":"a3d7e284-3e9c-4ae6-809e-7c679c1b9fc3","local_time":"20210101034305","is_ascension_mode":true,"campfire_choices":[{"floor":8.0,"key":"REST"},{"floor":13.0,"key":"REST"},{"floor":15.0,"key":"REST"},{"floor":23.0,"key":"REST"},{"floor":25.0,"key":"REST"},{"floor":32.0,"key":"REST"},{"floor":42,"key":"REST"},{"floor":47,"key":"RECALL"},{"floor":49,"key":"REST"}],"circlet_count":0,"master_deck":["Defend_P","Vigilance","Finesse","Prostrate","PathToVictory+1","PathToVictory","Sanctity","ForeignInfluence","Vault","Pray","PathToVictory","Devotion+1","Brilliance","Perseverance","Alpha+1","EmptyBody+1","Brilliance+1","Indignation+1","PathToVictory","Prostrate+1","PathToVictory"],"relics":["HolyWater","InkBottle","Vajra","Odd Mushroom","Lantern","Torii","Regal Pillow","Frozen Egg 2","Akabeko","The Courier","Astrolabe","Membership Card","PreservedInsect","Centennial Puzzle","Question Card","Bottled Tornado","Thread and Needle"],"acts_visited":["Exordium","TheCity","TheBeyond"],"potions_floor_usage":[33,45,50,50],"damage_taken":[{"damage":14.0,"enemies":"Small Slimes","floor":1.0,"turns":3.0},{"damage":7.0,"enemies":"Cultist","floor":2.0,"turns":3.0},{"damage":0.0,"enemies":"2 Louse","floor":5.0,"turns":3.0},{"damage":37.0,"enemies":"3 Sentries","floor":6.0,"turns":14.0},{"damage":7.0,"enemies":"Large Slime","floor":7.0,"turns":3.0},{"damage":0.0,"enemies":"The Mushroom Lair","floor":10.0,"turns":5.0},{"damage":11.0,"enemies":"Lagavulin","floor":12.0,"turns":4.0},{"damage":8.0,"enemies":"Blue Slaver","floor":14.0,"turns":2.0},{"damage":10.0,"enemies":"Slime Boss","floor":16.0,"turns":6.0},{"damage":21.0,"enemies":"Spheric Guardian","floor":18.0,"turns":6.0},{"damage":8.0,"enemies":"Shell Parasite","floor":19.0,"turns":2.0},{"damage":36.0,"enemies":"Snake Plant","floor":21.0,"turns":2.0},{"damage":22.0,"enemies":"Slavers","floor":24.0,"turns":5.0},{"damage":14.0,"enemies":"Gremlin Leader","floor":27.0,"turns":6.0},{"damage":14.0,"enemies":"Slavers","floor":30.0,"turns":2.0},{"damage":13.0,"enemies":"Centurion and Healer","floor":31.0,"turns":4.0},{"damage":34,"enemies":"Collector","floor":33,"turns":7},{"damage":0,"enemies":"Orb Walker","floor":35,"turns":2},{"damage":1,"enemies":"3 Shapes","floor":36,"turns":3},{"damage":10,"enemies":"Sphere and 2 Shapes","floor":38,"turns":3},{"damage":48,"enemies":"Nemesis","floor":40,"turns":3},{"damage":1,"enemies":"3 Darklings","floor":44,"turns":4},{"damage":7,"enemies":"Giant Head","floor":45,"turns":4},{"damage":3,"enemies":"Mind Bloom Boss Battle","floor":48,"turns":3},{"damage":46,"enemies":"Time Eater","floor":50,"turns":6}],"seed_played":"-5899714334966799880","potions_obtained":[{"floor":5.0,"key":"DistilledChaos"},{"floor":6.0,"key":"LiquidMemories"},{"floor":7.0,"key":"EssenceOfSteel"},{"floor":14.0,"key":"Regen Potion"},{"floor":16.0,"key":"Fire Potion"},{"floor":18.0,"key":"EntropicBrew"},{"floor":19.0,"key":"FearPotion"},{"floor":24.0,"key":"SmokeBomb"},{"floor":30.0,"key":"Weak Potion"},{"floor":38,"key":"LiquidBronze"},{"floor":44,"key":"Energy Potion"},{"floor":45,"key":"Ambrosia"}],"is_trial":false,"path_per_floor":["M","M","?","$","M","E","M","R","T","?","?","E","R","M","R","B",null,"M","M","?","M","$","R","E","R","T","E","?","$","E","M","R","B",null,"M","M","?","M","$","E","$","R","T","M","E","$","R","?","R","B",null],"character_chosen":"WATCHER","items_purchased":["Torii","Membership Card","PreservedInsect"],"campfire_rested":8,"item_purchase_floors":[22,39,39],"current_hp_per_floor":[58,51,51,51,51,14,7,28,28,28,28,17,38,30,51,56,72,51,43,43,7,7,28,6,42,42,28,28,28,14,1,37,3,72,72,71,71,61,61,13,13,49,49,48,41,41,41,38,72,26],"gold":135,"neow_bonus":"RANDOM_COLORLESS","is_daily":false,"chose_seed":false,"campfire_upgraded":0,"win_rate":0.0,"timestamp":1609490585,"path_taken":["M","M","?","$","?","E","M","R","T","?","?","E","R","M","R","BOSS","M","M","?","M","$","R","E","R","T","E","?","?","E","?","R","BOSS","M","M","?","?","$","E","$","R","T","M","E","?","R","?","R","BOSS"],"items_purchased_type":["Relic","Relic","Relic"],"build_version":"2020-12-22","purchased_purges":2,"victory":true,"max_hp_per_floor":[72,72,72,72,72,72,72,72,72,72,72,72,72,72,72,72,72,72,72,72,72,72,72,72,72,72,72,72,72,72,72,72,72,72,72,72,72,72,72,72,72,72,72,72,72,72,72,72,72,72],"card_choices":[{"not_picked":["Mind Blast","Trip"],"picked":"Finesse","floor":0.0},{"not_picked":["Protect","Crescendo","Conclude"],"picked":"SKIP","floor":1.0},{"not_picked":["Swivel","Crescendo"],"picked":"Prostrate","floor":2.0},{"not_picked":["Judgement","CrushJoints"],"picked":"PathToVictory","floor":5.0},{"not_picked":["BowlingBash","Nirvana"],"picked":"PathToVictory","floor":6.0},{"not_picked":["ThirdEye","FlurryOfBlows","CutThroughFate"],"picked":"SKIP","floor":7.0},{"not_picked":["Consecrate","ReachHeaven"],"picked":"Sanctity","floor":10.0},{"not_picked":["EmptyFist","CutThroughFate"],"picked":"ForeignInfluence","floor":12.0},{"not_picked":["CrushJoints","Prostrate","Protect"],"picked":"SKIP","floor":14.0},{"not_picked":["ConjureBlade","DeusExMachina"],"picked":"Vault","floor":16.0},{"not_picked":["CrushJoints","Fasting2+1"],"picked":"Pray","floor":18.0},{"not_picked":["Consecrate+1","DeceiveReality","FlurryOfBlows"],"picked":"SKIP","floor":19.0},{"not_picked":["EmptyBody","ReachHeaven","FollowUp"],"picked":"SKIP","floor":21.0},{"not_picked":["SignatureMove","Wallop","CrushJoints"],"picked":"SKIP","floor":24.0},{"not_picked":["Meditate","Collect+1","SashWhip"],"picked":"SKIP","floor":27.0},{"not_picked":["Wish","Weave"],"picked":"Perseverance","floor":30.0},{"not_picked":["EmptyMind","ThirdEye","Crescendo"],"picked":"SKIP","floor":31.0},{"not_picked":["Omniscience","LessonLearned"],"picked":"Alpha","floor":33},{"not_picked":["EmptyBody","Meditate+1"],"picked":"PathToVictory","floor":35},{"not_picked":["TalkToTheHand","CutThroughFate","ThirdEye+1"],"picked":"SKIP","floor":36},{"not_picked":["Ragnarok","Pray"],"picked":"Prostrate+1","floor":38},{"not_picked":["Halt","FlyingSleeves+1","WaveOfTheHand+1"],"picked":"SKIP","floor":40},{"not_picked":["Crescendo","Consecrate+1","WheelKick","FlurryOfBlows+1"],"picked":"SKIP","floor":44},{"not_picked":["Tantrum+1","Conclude+1","SandsOfTime+1","Worship+1"],"picked":"SKIP","floor":45},{"not_picked":["FlurryOfBlows","SignatureMove","JustLucky+1"],"picked":"PathToVictory","floor":48}],"player_experience":78071,"relics_obtained":[{"floor":6.0,"key":"InkBottle"},{"floor":9.0,"key":"Vajra"},{"floor":10.0,"key":"Odd Mushroom"},{"floor":12.0,"key":"Lantern"},{"floor":24.0,"key":"Regal Pillow"},{"floor":26.0,"key":"Frozen Egg 2"},{"floor":27.0,"key":"Akabeko"},{"floor":30.0,"key":"The Courier"},{"floor":40,"key":"Centennial Puzzle"},{"floor":43,"key":"Question Card"},{"floor":45,"key":"Bottled Tornado"},{"floor":48,"key":"Thread and Needle"}],"event_choices":[{"cards_removed":["Eruption"],"damage_healed":0.0,"max_hp_gain":0.0,"max_hp_loss":0.0,"gold_gain":0.0,"event_name":"Bonfire Elementals","player_choice":"Offered Basic","floor":3.0,"gold_loss":0.0,"damage_taken":0.0},{"damage_healed":0.0,"max_hp_gain":0.0,"max_hp_loss":0.0,"gold_gain":0.0,"event_name":"Mushrooms","player_choice":"Fought Mushrooms","floor":10.0,"gold_loss":0.0,"damage_taken":0.0},{"damage_healed":0.0,"max_hp_gain":0.0,"max_hp_loss":0.0,"gold_gain":0.0,"event_name":"Living Wall","player_choice":"Grow","floor":11.0,"gold_loss":0.0,"damage_taken":0.0,"cards_upgraded":["PathToVictory"]},{"damage_healed":0.0,"max_hp_gain":0.0,"max_hp_loss":0.0,"gold_gain":0.0,"event_name":"The Library","player_choice":"Read","floor":20.0,"gold_loss":0.0,"damage_taken":0.0,"cards_obtained":["PathToVictory"]},{"damage_healed":0.0,"max_hp_gain":0.0,"max_hp_loss":0.0,"gold_gain":0.0,"cards_transformed":["Strike_P","Defend_P"],"event_name":"Drug Dealer","player_choice":"Became Test Subject","floor":28.0,"gold_loss":0.0,"damage_taken":0.0,"cards_obtained":["Devotion","Brilliance"]},{"damage_healed":0,"gold_gain":0,"player_choice":"Upgraded","damage_taken":0,"max_hp_gain":0,"max_hp_loss":0,"event_name":"Upgrade Shrine","floor":37,"gold_loss":0,"cards_upgraded":["Alpha"]},{"damage_healed":0,"gold_gain":0,"player_choice":"Fight","damage_taken":0,"max_hp_gain":0,"max_hp_loss":0,"event_name":"MindBloom","floor":48,"gold_loss":0}],"is_beta":false,"boss_relics":[{"not_picked":["Busted Crown","SlaversCollar"],"picked":"HolyWater"},{"not_picked":["Runic Pyramid","Snecko Eye"],"picked":"Astrolabe"}],"items_purged_floors":[4,29],"is_endless":false,"potions_floor_spawned":[5,6,7,14,16,18,19,24,30,38,44,45],"ascension_level":1}}