{"host":"2461dio7vetlq1z3","time":1609531782,"event":{"mods":["2.2 Compatiblity","AchievementEnabler","BaseMod","Better Third Choice","Friendly Minions","Infinite Spire","Minty Spire (QoL Compilation)","Relic Stats","Spicy Shops","StSLib","Waifu the Spire"],"gold_per_floor":[113,37,37,56,72,106,31,58,58,69,97,97,33,46,46,118,118,128,403,414,434,444,444,475,475,500,500,600,600,610,610,610,687,687,706,208,222,233,244,276,276,290,313,339,339,351,377,377,377,456,534,534,543,543,543,544,554,554],"floor_reached":57,"playtime":4595,"items_purged":["Havoc","Infernal Blade"],"score":2166,"play_id":"b87ca992-0492-4f51-9a71-45b471c13abe","local_time":"20210101210942","is_ascension_mode":true,"campfire_choices":[{"data":"Armaments","floor":12.0,"key":"SMITH"},{"floor":15.0,"key":"REST"},{"floor":23.0,"key":"REST"},{"data":"Feed","floor":25.0,"key":"SMITH"},{"data":"Demon Form","floor":32.0,"key":"SMITH"},{"data":"Armaments","floor":41,"key":"SMITH"},{"data":"Feel No Pain","floor":49,"key":"SMITH"}],"circlet_count":0,"master_deck":["AscendersBane","Bash+1","Feel No Pain+1","Impervious","Dropkick","Dual Wield","Dark Embrace","Dark Embrace","Cleave+1","Double Tap","Shrug It Off","Shrug It Off","Ghostly Armor","Clothesline","Armaments+1","Feed+1","Dropkick","Exhume","Second Wind","Demon Form+1","Sentinel","Whirlwind+1","Pommel Strike","infinitespire:Starlight","Barricade","Armaments+1","Disarm","Iron Wave+1","Impervious","Heavy Blade","infinitespire:SealOfDarkness+","Reaper","Juggernaut","infinitespire:NeuralNetwork","Reaper"],"relics":["Pandora\u0027s Box","Pear","Ornamental Fan","Letter Opener","Omamori","Snecko Eye","Tiny Chest","infinitespire:Satchel","Thread and Needle","Bottled Flame","Meat on the Bone","Torii","Mark of Pain","infinitespire:BottledMercury","Oddly Smooth Stone","Whetstone","Anchor","infinitespire:PuzzleCube","Vajra","Philosopher\u0027s Stone","Mummified Hand"],"acts_visited":["Exordium","TheCity","TheBeyond","Exordium"],"potions_floor_usage":[40,40],"damage_taken":[{"damage":12.0,"enemies":"2 Louse","floor":1.0,"turns":4.0},{"damage":12.0,"enemies":"Jaw Worm","floor":4.0,"turns":3.0},{"damage":0.0,"enemies":"Cultist","floor":5.0,"turns":3.0},{"damage":5.0,"enemies":"Gremlin Nob","floor":6.0,"turns":3.0},{"damage":12.0,"enemies":"Lagavulin","floor":8.0,"turns":5.0},{"damage":0.0,"enemies":"Looter","floor":10.0,"turns":4.0},{"damage":29.0,"enemies":"Gremlin Nob","floor":11.0,"turns":6.0},{"damage":22.0,"enemies":"Exordium Thugs","floor":14.0,"turns":8.0},{"damage":39.0,"enemies":"The Guardian","floor":16.0,"turns":13.0},{"damage":18.0,"enemies":"2 Thieves","floor":18.0,"turns":5.0},{"damage":0.0,"enemies":"Shell Parasite","floor":20.0,"turns":3.0},{"damage":15.0,"enemies":"Centurion and Healer","floor":21.0,"turns":4.0},{"damage":10.0,"enemies":"Shelled Parasite and Fungi","floor":22.0,"turns":3.0},{"damage":4.0,"enemies":"Nightmare","floor":24.0,"turns":7.0},{"damage":21.0,"enemies":"Colosseum Slavers","floor":28.0,"turns":5.0},{"damage":0.0,"enemies":"Colosseum Nobs","floor":28.0,"turns":3.0},{"damage":0.0,"enemies":"Snake Plant","floor":30.0,"turns":5.0},{"damage":0,"enemies":"Champ","floor":33,"turns":10},{"damage":1,"enemies":"3 Shapes","floor":35,"turns":6},{"damage":0,"enemies":"Orb Walker","floor":37,"turns":3},{"damage":8,"enemies":"4 Shapes","floor":38,"turns":4},{"damage":8,"enemies":"Jaw Worm Horde","floor":39,"turns":5},{"damage":114,"enemies":"Reptomancer","floor":40,"turns":14},{"damage":0,"enemies":"3 Darklings","floor":42,"turns":6},{"damage":8,"enemies":"Maw","floor":46,"turns":5},{"damage":0,"enemies":"Nightmare","floor":47,"turns":10},{"damage":2,"enemies":"Time Eater","floor":50,"turns":13},{"damage":35,"enemies":"Donu and Deca","floor":51,"turns":10},{"damage":0,"enemies":"2 Louse","floor":53,"turns":4},{"damage":0,"enemies":"Cultist","floor":56,"turns":4},{"damage":0,"enemies":"Small Slimes","floor":57,"turns":3}],"seed_played":"5300549405508843135","potions_obtained":[{"floor":1.0,"key":"BloodPotion"},{"floor":11.0,"key":"SteroidPotion"},{"floor":16.0,"key":"Fire Potion"},{"floor":28.0,"key":"ColorlessPotion"},{"floor":35,"key":"LiquidMemories"},{"floor":38,"key":"Weak Potion"},{"floor":46,"key":"Weak Potion"},{"floor":47,"key":"BlessingOfTheForge"},{"floor":56,"key":"DuplicationPotion"}],"is_trial":false,"path_per_floor":["M","$","?","M","M","E","$","E","T","M","E","R","?","M","R","B",null,"M","?","M","M","M","R","NM","R","T","?","?","T","M","AVR","R","B",null,"M","$","M","M","M","E","R","M","T","T","AVR","M","NM","?","R","B","B",null,"M","?","T","M","M"],"character_chosen":"IRONCLAD","items_purchased":["Shrug It Off","Feed","infinitespire:BottledMercury","Oddly Smooth Stone"],"campfire_rested":2,"item_purchase_floors":[2,7,36,36],"current_hp_per_floor":[56,56,56,44,44,49,49,40,40,40,14,14,14,16,45,10,78,63,63,66,57,55,91,91,91,91,52,43,43,59,59,59,93,136,147,147,166,178,182,95,95,119,119,119,119,130,149,149,149,206,202,211,215,215,215,222,222,222],"gold":554,"neow_bonus":"BOSS_RELIC","is_daily":false,"chose_seed":false,"campfire_upgraded":5,"win_rate":0.0,"timestamp":1609531782,"path_taken":["M","$","?","M","M","E","$","E","T","M","E","R","?","M","R","BOSS","M","?","M","M","?","R","NM","R","T","?","?","?","M","AVR","R","BOSS","M","$","M","M","M","E","R","M","T","?","AVR","?","NM","?","R","BOSS","BOSS","M","?","?","M","M"],"items_purchased_type":["Card","Card","Relic","Relic"],"build_version":"2020-12-22","purchased_purges":2,"victory":false,"max_hp_per_floor":[75,75,75,75,75,85,85,88,88,88,91,91,91,97,97,101,101,104,104,107,113,121,121,125,125,125,130,142,142,146,146,146,150,150,162,162,166,178,190,190,190,194,194,194,194,198,202,202,202,206,214,214,218,218,218,222,222,222],"relic_stats":{"Torii":8,"counters":[31,181],"Ornamental Fan":[172],"Mummified Hand":[14],"Snecko Eye":[289,262,265,287],"Pandora\u0027s Box":["Feel No Pain","Impervious","Dropkick","Dual Wield","Dark Embrace","Infernal Blade","Dark Embrace","Cleave","Double Tap"],"Tiny Chest":2,"Letter Opener":[312],"Whetstone":["Whirlwind","Cleave"],"obtain_stats":[{"infinitespire:BottledMercury":36,"Pear":6,"Torii":31,"Oddly Smooth Stone":36,"Vajra":47,"Thread and Needle":28,"Omamori":11,"Letter Opener":9,"Whetstone":40,"Burning Blood":0,"Bottled Flame":28,"Anchor":43,"Ornamental Fan":8,"Mummified Hand":55,"Snecko Eye":17,"infinitespire:Satchel":26,"Pandora\u0027s Box":0,"Tiny Chest":24,"Philosopher\u0027s Stone":52,"Mark of Pain":34,"infinitespire:PuzzleCube":45,"Meat on the Bone":29},{"infinitespire:BottledMercury":19,"Pear":4,"Torii":17,"Oddly Smooth Stone":19,"Vajra":26,"Thread and Needle":16,"Omamori":7,"Letter Opener":5,"Whetstone":23,"Burning Blood":0,"Bottled Flame":16,"Anchor":24,"Ornamental Fan":5,"Mummified Hand":29,"Snecko Eye":9,"infinitespire:Satchel":14,"Pandora\u0027s Box":0,"Tiny Chest":14,"Philosopher\u0027s Stone":28,"Mark of Pain":18,"infinitespire:PuzzleCube":24,"Meat on the Bone":16},{"infinitespire:BottledMercury":100,"Pear":13,"Torii":84,"Oddly Smooth Stone":100,"Vajra":147,"Thread and Needle":79,"Omamori":28,"Letter Opener":18,"Whetstone":126,"Burning Blood":0,"Bottled Flame":79,"Anchor":132,"Ornamental Fan":18,"Mummified Hand":174,"Snecko Eye":49,"infinitespire:Satchel":71,"Pandora\u0027s Box":0,"Tiny Chest":71,"Philosopher\u0027s Stone":170,"Mark of Pain":94,"infinitespire:PuzzleCube":132,"Meat on the Bone":79}],"Meat on the Bone":24},"card_choices":[{"not_picked":["Clothesline","Shockwave"],"picked":"Shrug It Off","floor":1.0},{"not_picked":["Twin Strike","Clash"],"picked":"Ghostly Armor","floor":4.0},{"not_picked":["Intimidate","Perfected Strike"],"picked":"Clothesline","floor":5.0},{"not_picked":["Second Wind","Bloodletting"],"picked":"Armaments","floor":6.0},{"not_picked":["Wild Strike","Pommel Strike"],"picked":"Dropkick","floor":8.0},{"not_picked":["Heavy Blade","Searing Blow","Headbutt"],"picked":"SKIP","floor":10.0},{"not_picked":["Thunderclap","Heavy Blade"],"picked":"Exhume","floor":11.0},{"not_picked":["Clash","Searing Blow"],"picked":"Second Wind","floor":14.0},{"not_picked":["Exhume","Double Tap"],"picked":"Demon Form","floor":16.0},{"not_picked":["Thunderclap","Second Wind","Seeing Red"],"picked":"SKIP","floor":18.0},{"not_picked":["Shrug It Off","Wild Strike","Cleave"],"picked":"SKIP","floor":20.0},{"not_picked":["Metallicize","Cleave","Heavy Blade"],"picked":"SKIP","floor":21.0},{"not_picked":["Headbutt","True Grit"],"picked":"Sentinel","floor":22.0},{"not_picked":["Fire Breathing","Evolve"],"picked":"Whirlwind","floor":24.0},{"not_picked":["Warcry","Armaments"],"picked":"Pommel Strike","floor":28.0},{"not_picked":["Cleave","Dropkick"],"picked":"Havoc","floor":30.0},{"not_picked":["Demon Form","Offering"],"picked":"Barricade","floor":33},{"not_picked":["Rampage","Headbutt"],"picked":"Armaments","floor":35},{"not_picked":["Sword Boomerang+1","Pommel Strike+1","Twin Strike"],"picked":"SKIP","floor":37},{"not_picked":["Armaments","Wild Strike"],"picked":"Disarm","floor":38},{"not_picked":["Bloodletting+1","Anger"],"picked":"Iron Wave+1","floor":39},{"not_picked":["Thunderclap","Clash"],"picked":"Impervious","floor":40},{"not_picked":["Sword Boomerang","Whirlwind"],"picked":"Heavy Blade","floor":42},{"not_picked":["Sword Boomerang+1","Clothesline","Warcry"],"picked":"SKIP","floor":46},{"not_picked":["Sword Boomerang","Body Slam"],"picked":"Reaper","floor":47},{"not_picked":["Demon Form","Immolate"],"picked":"Juggernaut","floor":50},{"not_picked":["infinitespire:Punishment","infinitespire:Collect"],"picked":"infinitespire:NeuralNetwork","floor":51},{"not_picked":["Offering","Exhume"],"picked":"Reaper","floor":51},{"not_picked":["Headbutt","Bloodletting","Seeing Red"],"picked":"SKIP","floor":53},{"not_picked":["Infernal Blade","Clothesline","Twin Strike"],"picked":"SKIP","floor":56},{"not_picked":["Seeing Red","Heavy Blade","Flame Barrier"],"picked":"SKIP","floor":57}],"player_experience":987646,"relics_obtained":[{"floor":6.0,"key":"Pear"},{"floor":8.0,"key":"Ornamental Fan"},{"floor":9.0,"key":"Letter Opener"},{"floor":11.0,"key":"Omamori"},{"floor":24.0,"key":"Tiny Chest"},{"floor":26.0,"key":"infinitespire:Satchel"},{"floor":28.0,"key":"Thread and Needle"},{"floor":28.0,"key":"Bottled Flame"},{"floor":29.0,"key":"Meat on the Bone"},{"floor":40,"key":"Whetstone"},{"floor":43,"key":"Anchor"},{"floor":47,"key":"Vajra"},{"floor":55,"key":"Mummified Hand"}],"event_choices":[{"damage_healed":0.0,"max_hp_gain":0.0,"max_hp_loss":0.0,"gold_gain":0.0,"event_name":"Living Wall","player_choice":"Grow","floor":3.0,"gold_loss":0.0,"damage_taken":0.0,"cards_upgraded":["Bash"]},{"damage_healed":0.0,"max_hp_gain":0.0,"max_hp_loss":0.0,"gold_gain":0.0,"event_name":"betterThird:BetterGoop","player_choice":"Left","floor":13.0,"gold_loss":64.0,"damage_taken":0.0},{"damage_healed":0.0,"max_hp_gain":0.0,"max_hp_loss":0.0,"gold_gain":275.0,"event_name":"Golden Shrine","player_choice":"Desecrate","floor":19.0,"gold_loss":0.0,"damage_taken":0.0,"cards_obtained":["Regret"]},{"damage_healed":0.0,"max_hp_gain":5.0,"max_hp_loss":0.0,"gold_gain":0.0,"event_name":"Forgotten Altar","player_choice":"Shed Blood","floor":27.0,"gold_loss":0.0,"damage_taken":44.0},{"damage_healed":0.0,"max_hp_gain":0.0,"max_hp_loss":0.0,"gold_gain":0.0,"event_name":"Colosseum","player_choice":"Fight","floor":28.0,"gold_loss":0.0,"damage_taken":0.0},{"damage_healed":0.0,"max_hp_gain":0.0,"max_hp_loss":0.0,"gold_gain":0.0,"event_name":"Colosseum","player_choice":"Fought Nobs","floor":28.0,"gold_loss":0.0,"damage_taken":0.0},{"damage_healed":0,"gold_gain":0,"player_choice":"Ignored","damage_taken":0,"max_hp_gain":0,"max_hp_loss":0,"event_name":"Tomb of Lord Red Mask","floor":48,"gold_loss":0}],"is_beta":false,"boss_relics":[{"not_picked":["Astrolabe","Cursed Key"],"picked":"Snecko Eye"},{"not_picked":["SacredBark","SlaversCollar"],"picked":"Mark of Pain"},{"not_picked":["Runic Cube","Velvet Choker"],"picked":"Philosopher\u0027s Stone"}],"items_purged_floors":[31,36],"is_endless":true,"potions_floor_spawned":[1,11,16,20,22,24,28,35,38,46,47,56,57],"killed_by":"Small Slimes","ascension_level":20}}