{"host":"2e5gbsni44p3458r","time":1609485554,"event":{"mods":["Bard","BaseMod","Colored Map","Downfall","Hermit","Hubris","Minty Spire (QoL Compilation)","Replay The Spire","StSLib","The Cursed"],"gold_per_floor":[99,115,134,134,44,70,70,70,70,85,109,134,59,89,101,206,306,231,248,262,454,466,483,483,494,510,526,552,315,315,415,430,531,531,581,598,598,598,613,625,625,658,678,678,678,678,678],"floor_reached":46,"playtime":3788,"items_purged":["sneckomod:TailWhip"],"score":833,"play_id":"b9812904-6572-4567-b3bb-3f780dc4eda7","local_time":"20210101161914","is_ascension_mode":true,"campfire_choices":[{"floor":1.0,"key":"RECALL"},{"data":"sneckomod:Unknown","floor":13.0,"key":"SMITH"},{"data":"sneckomod:SerpentMind","floor":18.0,"key":"SMITH"},{"data":"sneckomod:Mudshield","floor":30.0,"key":"SMITH"},{"data":"sneckomod:SoulExchange","floor":44,"key":"SMITH"}],"circlet_count":0,"master_deck":["sneckomod:Strike","sneckomod:Strike","sneckomod:Strike","sneckomod:Defend","sneckomod:Defend","sneckomod:Defend","sneckomod:SnekBite","sneckomod:Unknown+1","sneckomod:Unknown+1","sneckomod:UnknownExhaust+1","sneckomod:UnknownClassTHE_CHAMP_GRAY","sneckomod:Unknown1Cost","sneckomod:UnknownStrike","sneckomod:UnknownStrike","sneckomod:UnknownClassTHE_CURSED_PURPLE","sneckomod:SoulRoll","sneckomod:UnknownDexterity","sneckomod:SerpentMind+1","CurseOfTheBell","sneckomod:UnknownClassDEFAULT_GRAY_COLOR","sneckomod:UnknownCommonAttack","sneckomod:SoulDraw","sneckomod:UnknownClassTHE_CURSED_PURPLE","sneckomod:DefensiveFlair+1","Madness","sneckomod:Unknown1Cost+1","sneckomod:SerpentIdol","sneckomod:Mudshield+1","sneckomod:Unknown2Cost+1","sneckomod:UnknownBlock+1","sneckomod:UnknownVulnerable","sneckomod:DangerNoodle","sneckomod:UnknownEthereal+1","sneckomod:SoulExchange+1","hubris:Gluttony","Injury","Looming Evil","sneckomod:SoulDraw","Madness","sneckomod:SoulExchange+1","sneckomod:UnknownUncommonSkill+1","sneckomod:SoulDraw+1","sneckomod:SoulDraw+1","sneckomod:UnknownVulnerable","Amnesia"],"relics":["sneckomod:SuperSneckoSoul","hubris:Icosahedron","Juzu Bracelet","hubris:ToyBattleship","Odd Mushroom","downfall:HeartBlessingRed","Bag of Preparation","Replay:Grab Bag","Replay:Wanted Poster","hubris:VirtuousBlindfold","Calling Bell","Lantern","hubris:Metronome","Calipers","downfall:HeartBlessingBlue","Iron Hammer","Letter Opener","Torii","Replay:Ancient Bell","Replay:Rubber Ducky","hubris:MysteriousPyramids","Gambling Chip","hubris:Zylophone","Anchor","Toy Ornithopter","ReplayTheSpireMod:Ring of Collecting"],"acts_visited":["Exordium","TheCity","TheBeyond"],"potions_floor_usage":[],"damage_taken":[{"damage":0.0,"enemies":"2 Louse","floor":2.0,"turns":3.0},{"damage":2.0,"enemies":"Small Slimes","floor":3.0,"turns":2.0},{"damage":0.0,"enemies":"downfall:FleeingMerchant","floor":5.0,"turns":4.0},{"damage":31.0,"enemies":"Replay:BlueRogue","floor":6.0,"turns":5.0},{"damage":1.0,"enemies":"Cultist","floor":10.0,"turns":3.0},{"damage":0.0,"enemies":"The Mushroom Lair","floor":11.0,"turns":2.0},{"damage":18.0,"enemies":"Lagavulin","floor":14.0,"turns":3.0},{"damage":0.0,"enemies":"Exordium Wildlife","floor":15.0,"turns":2.0},{"damage":20.0,"enemies":"downfall:Watcher","floor":16.0,"turns":10.0},{"damage":18.0,"enemies":"Spheric Guardian","floor":19.0,"turns":4.0},{"damage":29.0,"enemies":"3 Byrds","floor":20.0,"turns":4.0},{"damage":0.0,"enemies":"Centurion and Healer","floor":22.0,"turns":2.0},{"damage":18.0,"enemies":"Chosen and Byrds","floor":23.0,"turns":5.0},{"damage":0.0,"enemies":"Snake Plant","floor":25.0,"turns":3.0},{"damage":2.0,"enemies":"Sentry and Sphere","floor":26.0,"turns":4.0},{"damage":4.0,"enemies":"Shelled Parasite and Fungi","floor":27.0,"turns":2.0},{"damage":10.0,"enemies":"Gremlin Leader","floor":28.0,"turns":5.0},{"damage":2.0,"enemies":"downfall:FleeingMerchant","floor":29.0,"turns":4.0},{"damage":1.0,"enemies":"3 Cultists","floor":32.0,"turns":4.0},{"damage":13.0,"enemies":"downfall:Defect","floor":33.0,"turns":7.0},{"damage":0.0,"enemies":"2 Orb Walkers","floor":35.0,"turns":3.0},{"damage":1.0,"enemies":"3 Darklings","floor":36.0,"turns":5.0},{"damage":6.0,"enemies":"3 Shapes","floor":39.0,"turns":2.0},{"damage":0.0,"enemies":"Maw","floor":40.0,"turns":8.0},{"damage":19.0,"enemies":"Reptomancer","floor":42.0,"turns":6.0},{"damage":0,"enemies":"Jaw Worm Horde","floor":43,"turns":3},{"damage":0,"enemies":"Transient","floor":46,"turns":1}],"seed_played":"5897760704042694232","potions_obtained":[{"floor":3.0,"key":"Elixir"},{"floor":9.0,"key":"CultistPotion"},{"floor":9.0,"key":"LiquidBronze"},{"floor":14.0,"key":"ColorlessPotion"},{"floor":23.0,"key":"sneckomod:DiceRollPotion"},{"floor":26.0,"key":"SpeedPotion"},{"floor":28.0,"key":"hexamod:EctoCoolerPotion"},{"floor":32.0,"key":"Adrenaline Potion"},{"floor":33.0,"key":"Milkshake"},{"floor":36.0,"key":"Weak Potion"}],"is_trial":false,"path_per_floor":["R","M","M","?","$","E","T","?","?","M","?","T","R","E","M","B",null,"R","M","M","?","M","M","T","M","M","M","E","$","R","?","M","B",null,"R_BF","M","?","?","M","M","T","E","M","R","?","M"],"character_chosen":"THE_SNECKO","items_purchased":["Torii","sneckomod:UnknownBlock+1","sneckomod:UnknownVulnerable","sneckomod:DangerNoodle"],"campfire_rested":0,"item_purchase_floors":[29,29,29,29],"current_hp_per_floor":[90,91,92,92,93,63,63,63,63,63,64,64,64,50,51,46,115,125,107,78,28,28,10,10,10,8,4,12,34,34,34,35,25,125,125,124,124,124,118,118,118,103,103,103,103,103,103],"gold":678,"neow_bonus":"UPGRADE_CARD","is_daily":false,"chose_seed":false,"campfire_upgraded":4,"win_rate":0.0,"timestamp":1609485554,"path_taken":["R","M","M","?","$","E","T","?","?","M","?","?","R","E","M","BOSS","R","M","M","?","M","M","T","M","M","M","E","$","R","?","M","BOSS","R_BF","M","?","?","M","M","T","E","M","R","?","M"],"items_purchased_type":["Relic","Card","Card","Card"],"build_version":"2020-12-22","purchased_purges":1,"victory":false,"max_hp_per_floor":[90,91,92,92,93,94,94,94,94,95,96,96,96,96,97,97,115,125,125,125,125,125,125,125,125,125,125,125,125,125,125,125,125,125,125,125,125,125,125,125,125,125,125,125,125,125,125],"card_choices":[{"not_picked":["sneckomod:RainOfDice","sneckomod:DefensiveFlair"],"picked":"sneckomod:UnknownExhaust","floor":2.0},{"not_picked":["sneckomod:UnknownClassBLUE","sneckomod:UnknownCommonSkill"],"picked":"sneckomod:UnknownClassTHE_CHAMP_GRAY","floor":3.0},{"not_picked":["sneckomod:QuickBite","sneckomod:DiceBlock"],"picked":"sneckomod:Unknown1Cost","floor":5.0},{"not_picked":["sneckomod:QuickBite","sneckomod:UnknownClassCHRONO_GOLD"],"picked":"sneckomod:UnknownStrike","floor":6.0},{"not_picked":["sneckomod:UnknownBlock","sneckomod:RainOfDice"],"picked":"sneckomod:UnknownStrike","floor":10.0},{"not_picked":["sneckomod:WideSting","sneckomod:RainOfDice"],"picked":"sneckomod:UnknownClassTHE_CURSED_PURPLE","floor":11.0},{"not_picked":["sneckomod:UnknownClassCHRONO_GOLD","sneckomod:Unknown0Cost"],"picked":"sneckomod:SoulRoll","floor":14.0},{"not_picked":["sneckomod:DiceCrush","sneckomod:UnknownClassTHE_CURSED_PURPLE"],"picked":"sneckomod:UnknownDexterity","floor":15.0},{"not_picked":["sneckomod:DangerNoodle","sneckomod:UnknownRareAttack"],"picked":"sneckomod:SerpentMind","floor":16.0},{"not_picked":["sneckomod:DiceCrush+1","sneckomod:UnknownClassGREEN"],"picked":"sneckomod:UnknownClassDEFAULT_GRAY_COLOR","floor":19.0},{"not_picked":["sneckomod:IronFang","sneckomod:WideSting"],"picked":"sneckomod:UnknownCommonAttack","floor":20.0},{"not_picked":["sneckomod:UnknownBlock","sneckomod:WideSting"],"picked":"sneckomod:SoulDraw","floor":21.0},{"not_picked":["sneckomod:RainOfDice+1","sneckomod:QuickMove"],"picked":"sneckomod:UnknownClassTHE_CURSED_PURPLE","floor":22.0},{"not_picked":["sneckomod:UnknownStrike","sneckomod:Unknown1Cost"],"picked":"sneckomod:DefensiveFlair+1","floor":23.0},{"not_picked":["sneckomod:SerpentMind","sneckomod:UnknownX"],"picked":"sneckomod:UnknownClassCHRONO_GOLD","floor":25.0},{"not_picked":["sneckomod:QuickBite","sneckomod:IronFang"],"picked":"sneckomod:Unknown1Cost+1","floor":26.0},{"not_picked":["sneckomod:UnknownCommonSkill","sneckomod:UnknownVulnerable"],"picked":"sneckomod:SerpentIdol","floor":27.0},{"not_picked":["sneckomod:SoulCleanse","sneckomod:Unknown1Cost"],"picked":"sneckomod:Mudshield","floor":28.0},{"not_picked":["sneckomod:UnknownUncommonSkill","sneckomod:IronFang"],"picked":"sneckomod:Unknown2Cost+1","floor":29.0},{"not_picked":["sneckomod:UnknownClassCHRONO_GOLD","sneckomod:UnknownClassRED"],"picked":"sneckomod:UnknownEthereal+1","floor":32.0},{"not_picked":["sneckomod:UnknownRareSkill","sneckomod:Mudshield"],"picked":"sneckomod:SoulExchange","floor":33.0},{"not_picked":["Pain","Amnesia"],"picked":"hubris:Gluttony","floor":34.0},{"not_picked":["hubris:Despair","Guardian:Aged"],"picked":"Injury","floor":34.0},{"not_picked":["hubris:Sloth","Parasite"],"picked":"Looming Evil","floor":34.0},{"not_picked":["sneckomod:DangerNoodle","sneckomod:UnknownCommonSkill"],"picked":"sneckomod:SoulDraw","floor":35.0},{"not_picked":["sneckomod:UnknownUncommonSkill+1","sneckomod:UnknownClassGREEN"],"picked":"sneckomod:UnknownClassWHITE","floor":36.0},{"not_picked":["sneckomod:Nope+1","sneckomod:UnknownClassWHITE"],"picked":"sneckomod:UnknownUncommonSkill+1","floor":39.0},{"not_picked":["sneckomod:RainOfDice","sneckomod:UnknownClassGUARDIAN+1"],"picked":"sneckomod:SoulDraw+1","floor":40.0},{"not_picked":["sneckomod:Unknown0Cost","sneckomod:QuickMove"],"picked":"sneckomod:SoulDraw+1","floor":42.0},{"not_picked":["sneckomod:DiceBlock","sneckomod:SoulDraw+1"],"picked":"sneckomod:UnknownVulnerable","floor":43}],"player_experience":752727,"relics_obtained":[{"floor":6.0,"key":"Juzu Bracelet"},{"floor":7.0,"key":"hubris:ToyBattleship"},{"floor":11.0,"key":"Odd Mushroom"},{"floor":14.0,"key":"Bag of Preparation"},{"floor":17.0,"key":"Lantern"},{"floor":17.0,"key":"hubris:Metronome"},{"floor":17.0,"key":"Calipers"},{"floor":24.0,"key":"Iron Hammer"},{"floor":28.0,"key":"Letter Opener"},{"floor":35.0,"key":"hubris:Zylophone"},{"floor":41.0,"key":"Anchor"},{"floor":42.0,"key":"Toy Ornithopter"},{"floor":45,"key":"ReplayTheSpireMod:Ring of Collecting"}],"event_choices":[{"damage_healed":0.0,"max_hp_gain":0.0,"max_hp_loss":0.0,"gold_gain":0.0,"event_name":"Lab","player_choice":"Got Potions","floor":9.0,"gold_loss":0.0,"damage_taken":0.0},{"damage_healed":0.0,"max_hp_gain":0.0,"max_hp_loss":0.0,"gold_gain":0.0,"event_name":"Mushrooms","player_choice":"Fought Mushrooms","floor":11.0,"gold_loss":0.0,"damage_taken":0.0},{"damage_healed":0.0,"max_hp_gain":0.0,"max_hp_loss":0.0,"gold_gain":0.0,"event_name":"Mysterious Sphere","player_choice":"Fight","floor":35.0,"gold_loss":0.0,"damage_taken":0.0}],"is_beta":false,"boss_relics":[{"not_picked":["Replay:Drink Me","Coffee Dripper"],"picked":"Replay:Grab Bag"},{"not_picked":["downfall:Hecktoplasm","Runic Dome"],"picked":"Replay:Wanted Poster"},{"not_picked":["Busted Crown","Fusion Hammer"],"picked":"hubris:VirtuousBlindfold"},{"not_picked":["hubris:ScarierMask","SlaversCollar"],"picked":"Calling Bell"},{"not_picked":["SacredBark","Empty Cage"],"picked":"sneckomod:SuperSneckoSoul"},{"not_picked":["Ring of Chaos","Astrolabe"],"picked":"Replay:Ancient Bell"},{"not_picked":["Pen Nib","Nunchaku"],"picked":"Replay:Rubber Ducky"},{"not_picked":["Singing Bowl","hubris:PeanutButter"],"picked":"hubris:MysteriousPyramids"},{"not_picked":["Turnip","Shovel"],"picked":"Gambling Chip"}],"items_purged_floors":[5],"is_endless":false,"potions_floor_spawned":[3,10,14,15,23,26,28,32,33,36,39],"killed_by":"Transient","ascension_level":2}}