{"host":"rag04wbrzwiojxfu","time":1609521833,"event":{"mods":["AchievementEnabler","Alarm Clock","BaseMod","Bestiary","Block Reminder","Colored Map","Colored Powertips","Highlight Path","Minty Spire (QoL Compilation)","Quick Restart","Relic Sorter","Relic Stats","Shop Mod","StSLib"],"gold_per_floor":[114,129,129,148,73,73,73,73,96,123,123,123,135,135,135,135,135],"floor_reached":16,"playtime":1033,"items_purged":["Poisoned Stab"],"score":155,"play_id":"c98d2ecc-219d-45c0-8568-5dbd282c0852","local_time":"20210101112353","daily_mods":["SealedDeck","Colorless Cards","Heirloom","Flight","Elite Swarm"],"is_ascension_mode":true,"campfire_choices":[{"data":"Noxious Fumes","floor":6,"key":"PURGE"},{"data":"Terror","floor":7,"key":"PURGE"},{"data":"Purity","floor":8,"key":"PURGE"},{"data":"Storm of Steel","floor":12,"key":"SMITH"},{"data":"Injury","floor":15,"key":"PURGE"}],"circlet_count":0,"master_deck":["Slice+1","Prepared","Deep Breath","Accuracy","Deadly Poison","PiercingWail","Blade Dance","Storm of Steel+1"],"relics":["Ring of the Snake","Peace Pipe","Whetstone","Centennial Puzzle","Frozen Egg 2","Golden Idol"],"acts_visited":["Exordium"],"potions_floor_usage":[16,16],"damage_taken":[{"damage":11,"enemies":"Jaw Worm","floor":1,"turns":2},{"damage":0,"enemies":"Cultist","floor":2,"turns":2},{"damage":1,"enemies":"Small Slimes","floor":4,"turns":2},{"damage":18,"enemies":"Gremlin Nob","floor":10,"turns":3},{"damage":10,"enemies":"Looter","floor":13,"turns":2},{"damage":35,"enemies":"The Guardian","floor":16,"turns":3}],"seed_played":"5702330652881062317","potions_obtained":[{"floor":1,"key":"FearPotion"},{"floor":13,"key":"BlessingOfTheForge"}],"is_trial":true,"path_per_floor":["M","M","?","M","$","R","R","R","T","E","T","R","M","?","R","B"],"character_chosen":"THE_SILENT","items_purchased":[],"campfire_rested":0,"item_purchase_floors":[],"current_hp_per_floor":[59,59,59,58,58,58,58,58,58,40,40,40,30,30,30,0,0],"gold":135,"neow_bonus":"","is_daily":false,"chose_seed":false,"campfire_upgraded":1,"win_rate":0.0,"timestamp":1609521833,"path_taken":["M","M","?","M","$","R","R","R","T","E","?","R","?","?","R","BOSS"],"items_purchased_type":[],"build_version":"2020-12-22","purchased_purges":1,"victory":false,"max_hp_per_floor":[70,70,70,70,70,70,70,70,70,70,70,70,70,70,70,70,70],"relic_stats":{"Peace Pipe":4,"Centennial Puzzle":[6],"counters":[6,14],"Golden Idol":0,"Whetstone":["Slice"],"obtain_stats":[{"Peace Pipe":0,"Centennial Puzzle":10,"Golden Idol":14,"Whetstone":9,"Frozen Egg 2":11,"Ring of the Snake":0},{"Peace Pipe":0,"Centennial Puzzle":4,"Golden Idol":5,"Whetstone":3,"Frozen Egg 2":4,"Ring of the Snake":0},{"Peace Pipe":0,"Centennial Puzzle":9,"Golden Idol":11,"Whetstone":6,"Frozen Egg 2":9,"Ring of the Snake":0}],"Ring of the Snake":[12]},"card_choices":[{"not_picked":["Heel Hook","Footwork","Sucker Punch"],"picked":"SKIP","floor":1},{"not_picked":["Dramatic Entrance","Purity","Deflect"],"picked":"SKIP","floor":2},{"not_picked":["Mind Blast","Sucker Punch"],"picked":"Noxious Fumes","floor":4},{"not_picked":["Phantasmal Killer","Night Terror"],"picked":"Storm of Steel","floor":10},{"not_picked":["Backflip","Masterful Stab","Acrobatics"],"picked":"SKIP","floor":13}],"player_experience":189508,"relics_obtained":[{"floor":9,"key":"Whetstone"},{"floor":10,"key":"Centennial Puzzle"},{"floor":11,"key":"Frozen Egg 2"}],"event_choices":[{"damage_healed":0,"gold_gain":0,"player_choice":"Ignored","damage_taken":0,"max_hp_gain":0,"max_hp_loss":0,"event_name":"Liars Game","floor":3,"gold_loss":0},{"damage_healed":0,"gold_gain":0,"player_choice":"Take Wound","damage_taken":0,"relics_obtained":["Golden Idol"],"max_hp_gain":0,"max_hp_loss":0,"event_name":"Golden Idol","floor":14,"gold_loss":0,"cards_obtained":["Injury"]}],"is_beta":false,"boss_relics":[],"items_purged_floors":[5],"is_endless":true,"potions_floor_spawned":[1,13],"killed_by":"The Guardian","ascension_level":1}}