{"host":"msmkw03x1o7nq45i","time":1609534631,"event":{"mods":["BaseMod","Bestiary","Colored Powertips","GifTheSpireLib","Highlight Path","Minty Spire (QoL Compilation)","Random Character Button","StSLib","everything is the same but u backflip on backflip"],"gold_per_floor":[112,125,136,155,155,155,188,188,188,163,175,209,288,302,302,402,402,422,432,432,448,19,19,52,52,101,116,136,136,149,159,159,262,262,276,292,304,322,322,322,40,40,40,58,72,89,89,89],"floor_reached":47,"playtime":3760,"items_purged":["Defend_G","Pain"],"score":674,"play_id":"22a32eea-c12d-457b-895a-57c85d3e5afa","local_time":"20210101225711","is_ascension_mode":true,"campfire_choices":[{"data":"Die Die Die","floor":6,"key":"SMITH"},{"data":"Skewer","floor":8,"key":"SMITH"},{"data":"Neutralize","floor":15,"key":"SMITH"},{"data":"Wraith Form v2","floor":23,"key":"SMITH"},{"data":"Envenom","floor":29,"key":"SMITH"},{"floor":32,"key":"REST"},{"floor":40,"key":"RECALL"}],"circlet_count":0,"master_deck":["Strike_G","Strike_G","Strike_G","Strike_G+1","Strike_G","Defend_G","Defend_G","Defend_G","Defend_G","Survivor","Neutralize+1","Endless Agony+1","Cloak And Dagger","Die Die Die+1","Skewer+1","Envenom+1","Burst","CurseOfTheBell","Wraith Form v2+1","Noxious Fumes","Wraith Form v2+1","Malaise","PiercingWail","Escape Plan+1","Prepared+1","Finisher+1","Secret Weapon","Pain","Phantasmal Killer","Acrobatics+1"],"relics":["Ring of the Snake","Toy Ornithopter","Blood Vial","StrikeDummy","HornCleat","Calling Bell","Ancient Tea Set","Sundial","Mango","Happy Flower","Bag of Preparation","Regal Pillow","Cursed Key","WarpedTongs","Eternal Feather"],"acts_visited":["Exordium","TheCity","TheBeyond"],"potions_floor_usage":[11,12,16,18,21,24,24,33,45,47,47,47],"damage_taken":[{"damage":4,"enemies":"Small Slimes","floor":1,"turns":7},{"damage":1,"enemies":"2 Louse","floor":2,"turns":4},{"damage":2,"enemies":"Jaw Worm","floor":3,"turns":5},{"damage":7,"enemies":"Blue Slaver","floor":4,"turns":4},{"damage":22,"enemies":"Gremlin Nob","floor":7,"turns":4},{"damage":4,"enemies":"Gremlin Gang","floor":11,"turns":3},{"damage":14,"enemies":"Lagavulin","floor":12,"turns":7},{"damage":0,"enemies":"2 Fungi Beasts","floor":14,"turns":1},{"damage":12,"enemies":"Slime Boss","floor":16,"turns":7},{"damage":3,"enemies":"3 Byrds","floor":18,"turns":3},{"damage":6,"enemies":"Spheric Guardian","floor":19,"turns":4},{"damage":62,"enemies":"Cultist and Chosen","floor":21,"turns":11},{"damage":2,"enemies":"Gremlin Leader","floor":24,"turns":5},{"damage":0,"enemies":"Centurion and Healer","floor":27,"turns":7},{"damage":0,"enemies":"Snake Plant","floor":28,"turns":4},{"damage":0,"enemies":"Snecko","floor":30,"turns":4},{"damage":9,"enemies":"3 Cultists","floor":31,"turns":5},{"damage":36,"enemies":"Collector","floor":33,"turns":11},{"damage":3,"enemies":"3 Darklings","floor":35,"turns":5},{"damage":5,"enemies":"Orb Walker","floor":36,"turns":5},{"damage":2,"enemies":"Maw","floor":37,"turns":11},{"damage":2,"enemies":"3 Darklings","floor":38,"turns":5},{"damage":13,"enemies":"Writhing Mass","floor":44,"turns":8},{"damage":22,"enemies":"Spire Growth","floor":45,"turns":5},{"damage":4,"enemies":"Jaw Worm Horde","floor":46,"turns":7},{"damage":56,"enemies":"Reptomancer","floor":47,"turns":9}],"seed_played":"-2934039309643114834","potions_obtained":[{"floor":3,"key":"BlessingOfTheForge"},{"floor":7,"key":"Weak Potion"},{"floor":11,"key":"LiquidBronze"},{"floor":12,"key":"Strength Potion"},{"floor":16,"key":"LiquidBronze"},{"floor":18,"key":"Dexterity Potion"},{"floor":24,"key":"DuplicationPotion"},{"floor":27,"key":"BlessingOfTheForge"},{"floor":28,"key":"DistilledChaos"},{"floor":37,"key":"SpeedPotion"},{"floor":45,"key":"FearPotion"}],"is_trial":false,"path_per_floor":["M","M","M","M","?","R","E","R","T","?","M","E","T","M","R","B",null,"M","M","?","M","$","R","E","?","T","M","M","R","M","M","R","B",null,"M","M","M","M","?","R","$","?","T","M","M","M","E"],"character_chosen":"THE_SILENT","items_purchased":["Noxious Fumes","Happy Flower","DistilledChaos","FearPotion","Secret Weapon"],"campfire_rested":1,"item_purchase_floors":[22,22,22,22,41],"current_hp_per_floor":[59,58,56,49,35,35,13,13,13,13,16,9,9,11,11,6,68,72,68,68,13,13,13,23,23,23,25,27,27,29,22,62,33,71,70,67,67,67,67,67,67,67,67,56,41,39,0,0],"gold":89,"neow_bonus":"ONE_RANDOM_RARE_CARD","is_daily":false,"chose_seed":false,"campfire_upgraded":5,"win_rate":0.0,"timestamp":1609534631,"path_taken":["M","M","M","M","?","R","E","R","T","?","M","E","?","M","R","BOSS","M","M","?","M","$","R","E","?","T","M","M","R","M","?","R","BOSS","M","M","M","M","?","R","?","?","T","M","?","M","E"],"items_purchased_type":["Card","Relic","Potion","Potion","Card"],"build_version":"2020-12-22","purchased_purges":2,"victory":false,"max_hp_per_floor":[70,70,70,70,70,70,70,70,70,70,70,70,70,70,70,70,84,84,84,84,84,84,84,84,84,84,84,84,84,84,84,84,84,84,84,84,84,84,84,84,84,84,84,84,84,84,84,84],"card_choices":[{"not_picked":["Dodge and Roll","Slice"],"picked":"Endless Agony","floor":1},{"not_picked":["Outmaneuver","Expertise"],"picked":"Cloak And Dagger","floor":2},{"not_picked":["Dagger Spray","Crippling Poison"],"picked":"Die Die Die","floor":3},{"not_picked":["Cloak And Dagger","Deadly Poison"],"picked":"Skewer","floor":4},{"not_picked":["Poisoned Stab","Concentrate"],"picked":"Envenom","floor":7},{"not_picked":["Flechettes","Cloak And Dagger","Bane"],"picked":"SKIP","floor":11},{"not_picked":["All Out Attack","Slice","Setup"],"picked":"SKIP","floor":12},{"not_picked":["Deadly Poison","Backflip","Heel Hook"],"picked":"SKIP","floor":14},{"not_picked":["Storm of Steel","Unload"],"picked":"Burst","floor":16},{"not_picked":["Outmaneuver","Underhanded Strike+1","Prepared"],"picked":"SKIP","floor":18},{"not_picked":["Slice","Deadly Poison","Dodge and Roll+1"],"picked":"SKIP","floor":19},{"not_picked":["Prepared","Acrobatics","Tactician+1"],"picked":"SKIP","floor":21},{"not_picked":["Dash","Deadly Poison","Flying Knee"],"picked":"SKIP","floor":24},{"not_picked":["Terror","Slice+1","Storm of Steel"],"picked":"SKIP","floor":27},{"not_picked":["Endless Agony","Bane+1","Reflex"],"picked":"SKIP","floor":28},{"not_picked":["Distraction","Poisoned Stab","Slice+1"],"picked":"SKIP","floor":30},{"not_picked":["Prepared","Endless Agony+1","Reflex"],"picked":"SKIP","floor":31},{"not_picked":["Doppelganger","A Thousand Cuts"],"picked":"Malaise","floor":33},{"not_picked":["Acrobatics","Expertise"],"picked":"PiercingWail","floor":35},{"not_picked":["Flying Knee+1","Outmaneuver"],"picked":"Escape Plan+1","floor":36},{"not_picked":["Deflect+1","Cloak And Dagger+1"],"picked":"Prepared+1","floor":37},{"not_picked":["Dagger Throw","Bouncing Flask"],"picked":"Finisher+1","floor":38},{"not_picked":["Poisoned Stab+1","Dagger Throw+1","Dodge and Roll+1"],"picked":"SKIP","floor":44},{"not_picked":["Outmaneuver","Distraction"],"picked":"Phantasmal Killer","floor":45},{"not_picked":["Sucker Punch","Flechettes+1"],"picked":"Acrobatics+1","floor":46}],"player_experience":332818,"relics_obtained":[{"floor":7,"key":"Toy Ornithopter"},{"floor":9,"key":"Blood Vial"},{"floor":12,"key":"StrikeDummy"},{"floor":13,"key":"HornCleat"},{"floor":17,"key":"Ancient Tea Set"},{"floor":17,"key":"Sundial"},{"floor":17,"key":"Mango"},{"floor":24,"key":"Bag of Preparation"},{"floor":26,"key":"Regal Pillow"}],"event_choices":[{"damage_healed":0,"gold_gain":0,"player_choice":"Entered Light","damage_taken":14,"max_hp_gain":0,"max_hp_loss":0,"event_name":"Shining Light","floor":5,"gold_loss":0,"cards_upgraded":["Endless Agony","Strike_G"]},{"damage_healed":0,"gold_gain":0,"player_choice":"Left Gold","damage_taken":0,"max_hp_gain":0,"max_hp_loss":0,"event_name":"World of Goop","floor":10,"gold_loss":25},{"damage_healed":0,"gold_gain":0,"player_choice":"Read","damage_taken":0,"max_hp_gain":0,"max_hp_loss":0,"event_name":"The Library","floor":20,"gold_loss":0,"cards_obtained":["Wraith Form v2"]},{"damage_healed":0,"gold_gain":0,"player_choice":"Copied","damage_taken":0,"max_hp_gain":0,"max_hp_loss":0,"event_name":"Duplicator","floor":25,"gold_loss":0,"cards_obtained":["Wraith Form v2"]},{"damage_healed":0,"gold_gain":0,"player_choice":"Rummage","damage_taken":0,"relics_obtained":["WarpedTongs"],"max_hp_gain":0,"max_hp_loss":0,"event_name":"Accursed Blacksmith","floor":39,"gold_loss":0,"cards_obtained":["Pain"]},{"cards_removed":["Doppelganger"],"damage_healed":0,"gold_gain":0,"player_choice":"Gave Card","damage_taken":0,"relics_obtained":["Eternal Feather"],"max_hp_gain":0,"max_hp_loss":0,"event_name":"WeMeetAgain","floor":42,"gold_loss":0}],"is_beta":false,"boss_relics":[{"not_picked":["Snecko Eye","Fusion Hammer"],"picked":"Calling Bell"},{"not_picked":["Runic Dome","WristBlade"],"picked":"Cursed Key"}],"items_purged_floors":[22,41],"is_endless":false,"potions_floor_spawned":[3,7,11,12,16,18,24,27,28,37,38,45],"killed_by":"Reptomancer","ascension_level":9}}