{"host":"s9mizfpm0ux1oq2e","time":1609484082,"event":{"mods":["Aspiration","BaseMod","Downfall","Minty Spire (QoL Compilation)","Permanent Neow","Replay The Spire","StSLib","SuperFastMode"],"gold_per_floor":[99,99,112,128,146,158,204,218,236,236,253,253,271,32,51,152,152,77,88,28,41,26,43,43,59,59,75,60,79,79,94,105,105,105,105],"floor_reached":33,"playtime":2856,"items_purged":["Guardian:Defend_Guardian"],"score":249,"play_id":"06eb5bf6-598c-4a6c-8e8a-5f797ecae737","local_time":"25640101135442","is_ascension_mode":false,"campfire_choices":[{"data":"Guardian:TwinSlam","floor":1,"key":"SMITH"},{"data":"Guardian:ChargeUp","floor":10,"key":"SMITH"},{"data":"Guardian:ChargeUp","floor":12,"key":"SMITH"},{"data":"Guardian:StasisField","floor":30,"key":"SMITH"}],"circlet_count":0,"master_deck":["Guardian:Strike_Guardian","Guardian:Strike_Guardian","Guardian:Strike_Guardian","Guardian:Defend_Guardian","Guardian:Defend_Guardian","Guardian:Defend_Guardian","Guardian:CurlUp+1","Guardian:TwinSlam+1","Guardian:StasisField+1","Guardian:ChargeUp+1","Guardian:ChargeUp+1","Guardian:MultiBeam","Guardian:ExploitGems+1","Guardian:StasisStrike","Guardian:ChargeUp","Guardian:Preprogram","Guardian:Emergency","Guardian:TimeSifter","Guardian:SentryBeam+1","Guardian:EvasiveProtocol+1"],"relics":["Guardian:ModeShifter","Black Star","downfall:HeartBlessingBlue","Potion Belt"],"acts_visited":["Exordium","TheCity"],"potions_floor_usage":[16,29,32,33,33],"damage_taken":[{"damage":4,"enemies":"Small Slimes","floor":3,"turns":3},{"damage":2,"enemies":"Cultist","floor":4,"turns":4},{"damage":2,"enemies":"Jaw Worm","floor":5,"turns":4},{"damage":4,"enemies":"2 Fungi Beasts","floor":6,"turns":4},{"damage":0,"enemies":"Lots of Slimes","floor":8,"turns":4},{"damage":0,"enemies":"Exordium Wildlife","floor":9,"turns":3},{"damage":0,"enemies":"Blue Slaver","floor":11,"turns":4},{"damage":13,"enemies":"Exordium Thugs","floor":13,"turns":5},{"damage":0,"enemies":"downfall:FleeingMerchant","floor":14,"turns":4},{"damage":0,"enemies":"Exordium Wildlife","floor":15,"turns":4},{"damage":10,"enemies":"downfall:Silent","floor":16,"turns":8},{"damage":5,"enemies":"Chosen","floor":19,"turns":6},{"damage":6,"enemies":"Shell Parasite","floor":21,"turns":6},{"damage":0,"enemies":"downfall:FleeingMerchant","floor":22,"turns":4},{"damage":1,"enemies":"Centurion and Healer","floor":23,"turns":7},{"damage":1,"enemies":"Snecko","floor":25,"turns":6},{"damage":17,"enemies":"Chosen and Byrds","floor":27,"turns":7},{"damage":0,"enemies":"downfall:FleeingMerchant","floor":28,"turns":4},{"damage":25,"enemies":"Snake Plant","floor":29,"turns":4},{"damage":3,"enemies":"Shelled Parasite and Fungi","floor":31,"turns":5},{"damage":6,"enemies":"Snecko","floor":32,"turns":7},{"damage":28,"enemies":"downfall:Ironclad","floor":33,"turns":10}],"seed_played":"5220010274339720654","potions_obtained":[{"floor":5,"key":"Weak Potion"},{"floor":6,"key":"EssenceOfSteel"},{"floor":8,"key":"Doom Potion"},{"floor":11,"key":"Fire Potion"},{"floor":21,"key":"SkillPotion"},{"floor":25,"key":"Fire Potion"},{"floor":29,"key":"BlessingOfTheForge"},{"floor":32,"key":"Explosive Potion"}],"is_trial":false,"path_per_floor":["R","?","M","M","M","M","T","M","M","R","M","R","M","$","M","B",null,"R","M","?","M","$","M","T","M","?","M","$","M","R","M","M","B"],"character_chosen":"GUARDIAN","items_purchased":["Guardian:ExploitGems"],"campfire_rested":0,"item_purchase_floors":[14],"current_hp_per_floor":[80,80,76,74,72,68,68,68,68,68,68,68,55,55,55,45,80,90,85,85,79,79,78,78,77,77,60,60,35,35,32,26,0,0,0],"gold":105,"neow_bonus":"UPGRADE_CARD","is_daily":false,"chose_seed":false,"campfire_upgraded":4,"win_rate":0.0,"timestamp":1609484082,"path_taken":["R","?","?","M","?","M","T","?","M","R","M","R","M","$","M","BOSS","R","M","?","M","$","M","T","M","?","M","$","M","R","M","M","BOSS"],"items_purchased_type":["Card"],"build_version":"2020-12-22","purchased_purges":1,"victory":false,"max_hp_per_floor":[80,80,80,80,80,80,80,80,80,80,80,80,80,80,80,80,80,90,90,90,90,90,90,90,90,90,90,90,90,90,90,90,90,90,90],"card_choices":[{"not_picked":["Guardian:Gem_Lightblue","Guardian:Orbwalk"],"picked":"Guardian:Gem_Cyan","floor":3},{"not_picked":["Guardian:ShieldCharger","Guardian:Recover","Guardian:TemporalStrike"],"picked":"SKIP","floor":4},{"not_picked":["Guardian:RefractedBeam","Guardian:ChargeCore"],"picked":"Guardian:Gem_Fragmented","floor":5},{"not_picked":["Guardian:CrystalBeam","Guardian:Planning"],"picked":"Guardian:StasisField","floor":6},{"not_picked":["Guardian:Clone","Guardian:PiercingHide","Guardian:Recover"],"picked":"SKIP","floor":8},{"not_picked":["Guardian:TemporalStrike","Guardian:Gem_Cyan"],"picked":"Guardian:ChargeUp","floor":9},{"not_picked":["Guardian:Gem_Cyan","Guardian:Recover"],"picked":"Guardian:ChargeUp","floor":11},{"not_picked":["Guardian:Gem_Lightblue","Guardian:RollAttack"],"picked":"Guardian:MultiBeam","floor":13},{"not_picked":["Guardian:Gem_Green","Guardian:Planning","Guardian:PiercingHide"],"picked":"SKIP","floor":14},{"not_picked":["Guardian:Recover","Guardian:Gem_Green","Guardian:TemporalShield"],"picked":"SKIP","floor":15},{"not_picked":["Guardian:GemFire","Guardian:RevengeProtocol"],"picked":"Guardian:StasisStrike","floor":16},{"not_picked":["Guardian:TemporalStrike","Guardian:Orbwalk+1"],"picked":"Guardian:Gem_Red","floor":19},{"not_picked":["Guardian:TemporalShield","Guardian:PiercingHide","Guardian:Orbwalk"],"picked":"SKIP","floor":21},{"not_picked":["Guardian:Orbwalk+1","Guardian:VentSteam+1"],"picked":"Guardian:Gem_Cyan","floor":22},{"not_picked":["Guardian:Orbwalk","Guardian:SentryBeam"],"picked":"Guardian:ChargeUp","floor":23},{"not_picked":["Guardian:ArmoredProtocol+1","Guardian:PrimingBeam"],"picked":"Guardian:Preprogram","floor":25},{"not_picked":["Guardian:PrimingBeam","Guardian:CrystalBeam","Guardian:TemporalShield+1"],"picked":"SKIP","floor":27},{"not_picked":["Guardian:PrismaticBarrier","Guardian:Orbwalk"],"picked":"Guardian:Emergency","floor":28},{"not_picked":["Guardian:Gem_Lightblue","Guardian:ArmoredProtocol"],"picked":"Guardian:TimeSifter","floor":29},{"not_picked":["Guardian:BronzeArmor","Guardian:Suspension"],"picked":"Guardian:SentryBeam+1","floor":31},{"not_picked":["Guardian:ShieldSpikes","Guardian:PiercingHide+1"],"picked":"Guardian:EvasiveProtocol+1","floor":32}],"player_experience":150516,"relics_obtained":[{"floor":24,"key":"Potion Belt"}],"event_choices":[{"cards_removed":["Guardian:Strike_Guardian"],"damage_healed":0,"gold_gain":0,"player_choice":"Card Removal","damage_taken":0,"max_hp_gain":0,"max_hp_loss":0,"event_name":"Wheel of Change","floor":26,"gold_loss":0}],"is_beta":false,"boss_relics":[{"not_picked":["SlaversCollar","Replay:Drink Me"],"picked":"Black Star"}],"items_purged_floors":[14],"is_endless":false,"potions_floor_spawned":[5,6,8,11,13,21,25,29,32],"killed_by":"downfall:Ironclad","ascension_level":0}}