{"host":"k85tjwrh7mjrrc9a","time":1609524154,"event":{"mods":["AchievementEnabler","BaseMod","Colored Powertips","Highlight Path","Minty Spire (QoL Compilation)","Rare Cards Sparkle","StSLib"],"gold_per_floor":[115,115,131,131,147,160,160,185,210,229,229,229,256,256,256,357,357,371,73,172,172,182,182,182],"floor_reached":23,"playtime":961,"items_purged":["Strike_B"],"score":209,"play_id":"cfd83cd0-0f0e-4cbe-a750-09e55dd046ff","local_time":"20210101130234","is_ascension_mode":true,"campfire_choices":[{"data":"Genetic Algorithm","floor":7,"key":"SMITH"},{"floor":11,"key":"REST"},{"floor":15,"key":"REST"}],"circlet_count":0,"master_deck":["Strike_B","Strike_B","Defend_B","Defend_B","Defend_B","Defend_B","Zap","Dualcast","Steam","Genetic Algorithm+1","Ball Lightning","Redo","Electrodynamics","Consume","Hologram","Creative AI","CurseOfTheBell","Compile Driver","Coolheaded+1"],"relics":["Cracked Core","Centennial Puzzle","Ancient Tea Set","Smiling Mask","Ornamental Fan","Calling Bell","Nunchaku","InkBottle","Prayer Wheel","Bottled Tornado","Vajra"],"acts_visited":["Exordium","TheCity"],"potions_floor_usage":[23,23],"damage_taken":[{"damage":10,"enemies":"Small Slimes","floor":1,"turns":3},{"damage":0,"enemies":"Cultist","floor":3,"turns":4},{"damage":6,"enemies":"Jaw Worm","floor":5,"turns":3},{"damage":7,"enemies":"Blue Slaver","floor":6,"turns":3},{"damage":33,"enemies":"Gremlin Nob","floor":8,"turns":4},{"damage":4,"enemies":"2 Fungi Beasts","floor":10,"turns":3},{"damage":9,"enemies":"Lagavulin","floor":13,"turns":7},{"damage":42,"enemies":"Slime Boss","floor":16,"turns":8},{"damage":38,"enemies":"Spheric Guardian","floor":18,"turns":6},{"damage":17,"enemies":"3 Byrds","floor":22,"turns":4},{"damage":27,"enemies":"Gremlin Leader","floor":23,"turns":4}],"seed_played":"4420225553675752763","potions_obtained":[{"floor":3,"key":"PowerPotion"},{"floor":5,"key":"Energy Potion"},{"floor":16,"key":"SteroidPotion"},{"floor":22,"key":"Explosive Potion"}],"is_trial":false,"path_per_floor":["M","?","M","?","M","M","R","E","T","M","R","?","E","T","R","B",null,"M","$","?","T","M","E"],"character_chosen":"DEFECT","items_purchased":["Bottled Tornado"],"campfire_rested":2,"item_purchase_floors":[19],"current_hp_per_floor":[65,58,58,58,52,45,45,12,12,8,30,30,21,21,43,1,75,37,37,37,37,20,0,0],"gold":182,"neow_bonus":"REMOVE_CARD","is_daily":false,"chose_seed":false,"campfire_upgraded":1,"win_rate":0.0,"timestamp":1609524154,"path_taken":["M","?","?","?","M","M","R","E","T","M","R","?","E","?","R","BOSS","M","$","?","?","M","E"],"items_purchased_type":["Relic"],"build_version":"2020-12-22","purchased_purges":1,"victory":false,"max_hp_per_floor":[75,75,75,75,75,75,75,75,75,75,75,75,75,75,75,75,75,75,75,75,75,75,75,75],"card_choices":[{"not_picked":["Beam Cell","Darkness"],"picked":"Steam","floor":1},{"not_picked":["Steam","Beam Cell"],"picked":"Genetic Algorithm","floor":3},{"not_picked":["Loop","Reprogram"],"picked":"Ball Lightning","floor":5},{"not_picked":["Double Energy","Scrape"],"picked":"Redo","floor":6},{"not_picked":["Self Repair","Coolheaded"],"picked":"Electrodynamics","floor":8},{"not_picked":["Steam","Barrage"],"picked":"Consume","floor":10},{"not_picked":["Redo","Ball Lightning"],"picked":"Hologram","floor":13},{"not_picked":["Core Surge","All For One"],"picked":"Creative AI","floor":16},{"not_picked":["Ball Lightning","Barrage"],"picked":"Compile Driver","floor":18},{"not_picked":["Leap+1","Sweeping Beam","Gash"],"picked":"SKIP","floor":18},{"not_picked":["Genetic Algorithm+1","Sweeping Beam"],"picked":"Coolheaded+1","floor":22},{"not_picked":["Barrage","Ball Lightning","Gash"],"picked":"SKIP","floor":22}],"player_experience":109641,"relics_obtained":[{"floor":8,"key":"Centennial Puzzle"},{"floor":9,"key":"Ancient Tea Set"},{"floor":13,"key":"Smiling Mask"},{"floor":14,"key":"Ornamental Fan"},{"floor":17,"key":"Nunchaku"},{"floor":17,"key":"InkBottle"},{"floor":17,"key":"Prayer Wheel"},{"floor":21,"key":"Vajra"}],"event_choices":[{"damage_healed":0,"gold_gain":0,"player_choice":"Damaged","damage_taken":7,"max_hp_gain":0,"max_hp_loss":0,"event_name":"Wheel of Change","floor":2,"gold_loss":0},{"damage_healed":0,"gold_gain":0,"player_choice":"Leave","damage_taken":0,"max_hp_gain":0,"max_hp_loss":0,"event_name":"The Cleric","floor":4,"gold_loss":0},{"damage_healed":0,"gold_gain":0,"player_choice":"Ignored","damage_taken":0,"max_hp_gain":0,"max_hp_loss":0,"event_name":"Shining Light","floor":12,"gold_loss":0},{"damage_healed":0,"gold_gain":99,"player_choice":"Stole From Cult","damage_taken":0,"max_hp_gain":0,"max_hp_loss":0,"event_name":"Nest","floor":20,"gold_loss":0}],"is_beta":false,"boss_relics":[{"not_picked":["Runic Pyramid","Empty Cage"],"picked":"Calling Bell"}],"items_purged_floors":[19],"is_endless":false,"potions_floor_spawned":[3,5,16,22],"killed_by":"Gremlin Leader","ascension_level":1}}