{"host":"tzyzz5n7hg2ni9q2","time":1609491822,"event":{"mods":["BaseMod","Minty Spire (QoL Compilation)","Quick Restart"],"gold_per_floor":[109,35,46,46,46,73,148,47,47,77,77,89,109,109,109,213,213,233,245,261,272,284,284,284,284],"floor_reached":24,"playtime":782,"items_purged":["Strike_R"],"score":233,"play_id":"990d245c-e6c7-485c-8d8e-a91cccb304bd","local_time":"20210101100342","is_ascension_mode":false,"campfire_choices":[{"data":"True Grit","floor":11.0,"key":"SMITH"},{"data":"Spot Weakness","floor":15.0,"key":"SMITH"},{"data":"Body Slam","floor":23,"key":"SMITH"}],"circlet_count":0,"master_deck":["Strike_R","Strike_R+1","Strike_R","Strike_R","Defend_R+1","Defend_R","Defend_R","Defend_R","Bash","Headbutt","Cleave","True Grit+1","Body Slam+1","Reaper","Shrug It Off","Spot Weakness+1","Sentinel","Ghostly Armor+1"],"relics":["Burning Blood","NeowsBlessing","Lizard Tail","Du-Vu Doll","InkBottle","Strawberry","Omamori","Sozu"],"acts_visited":["Exordium","TheCity"],"potions_floor_usage":[16,24],"damage_taken":[{"damage":0.0,"enemies":"2 Louse","floor":1.0,"turns":1.0},{"damage":0.0,"enemies":"Jaw Worm","floor":3.0,"turns":1.0},{"damage":0.0,"enemies":"Gremlin Nob","floor":6.0,"turns":1.0},{"damage":33.0,"enemies":"3 Sentries","floor":10.0,"turns":8.0},{"damage":1.0,"enemies":"Cultist","floor":12.0,"turns":5.0},{"damage":4.0,"enemies":"Blue Slaver","floor":13.0,"turns":5.0},{"damage":54,"enemies":"Hexaghost","floor":16,"turns":13},{"damage":24,"enemies":"Shell Parasite","floor":18,"turns":5},{"damage":28,"enemies":"Spheric Guardian","floor":19,"turns":6},{"damage":9,"enemies":"Cultist and Chosen","floor":20,"turns":6},{"damage":29,"enemies":"3 Cultists","floor":21,"turns":6},{"damage":18,"enemies":"Chosen and Byrds","floor":22,"turns":6},{"damage":52,"enemies":"Book of Stabbing","floor":24,"turns":8}],"seed_played":"-8802751088216894416","potions_obtained":[{"floor":6.0,"key":"EssenceOfSteel"},{"floor":10.0,"key":"DuplicationPotion"},{"floor":13.0,"key":"ColorlessPotion"}],"is_trial":false,"path_per_floor":["M","$","M","?","?","E","?","$","T","E","R","M","M","T","R","B",null,"M","M","M","M","M","R","E"],"character_chosen":"IRONCLAD","items_purchased":["Cleave","True Grit","Shrug It Off"],"campfire_rested":0,"item_purchase_floors":[2,2,8],"current_hp_per_floor":[80,80,80,64,46,52,41,41,41,33,33,42,48,48,48,49,87,69,47,52,53,47,47,3,3],"gold":284,"neow_bonus":"THREE_ENEMY_KILL","is_daily":false,"chose_seed":false,"campfire_upgraded":3,"win_rate":0.0,"timestamp":1609491822,"path_taken":["M","$","M","?","?","E","?","$","T","E","R","M","M","?","R","BOSS","M","M","M","M","M","R","E"],"items_purchased_type":["Card","Card","Card"],"build_version":"2020-12-22","purchased_purges":1,"victory":false,"max_hp_per_floor":[80,80,80,80,80,80,80,80,80,87,87,87,87,87,87,87,87,87,87,87,87,87,87,87,87],"card_choices":[{"not_picked":["Armaments","Sword Boomerang"],"picked":"Headbutt","floor":1.0},{"not_picked":["Wild Strike","Burning Pact"],"picked":"Body Slam","floor":3.0},{"not_picked":["Clash","Flex"],"picked":"Reaper","floor":6.0},{"not_picked":["Pommel Strike","Thunderclap","Havoc"],"picked":"SKIP","floor":10.0},{"not_picked":["Flex","Pommel Strike","Body Slam"],"picked":"SKIP","floor":12.0},{"not_picked":["Seeing Red","Reckless Charge"],"picked":"Spot Weakness","floor":13.0},{"not_picked":["Clash","Burning Pact","Iron Wave"],"picked":"SKIP","floor":18},{"not_picked":["Sword Boomerang","Perfected Strike+1","Dual Wield"],"picked":"SKIP","floor":19},{"not_picked":["Infernal Blade+1","Armaments"],"picked":"Sentinel","floor":20},{"not_picked":["Spot Weakness+1","Sentinel+1","Havoc"],"picked":"SKIP","floor":21},{"not_picked":["Metallicize+1","Body Slam+1"],"picked":"Ghostly Armor+1","floor":22}],"player_experience":212390,"relics_obtained":[{"floor":6.0,"key":"Du-Vu Doll"},{"floor":9.0,"key":"InkBottle"},{"floor":10.0,"key":"Strawberry"},{"floor":14.0,"key":"Omamori"}],"event_choices":[{"damage_healed":0.0,"max_hp_gain":0.0,"max_hp_loss":0.0,"gold_gain":0.0,"event_name":"Shining Light","player_choice":"Entered Light","floor":4.0,"gold_loss":0.0,"damage_taken":16.0,"cards_upgraded":["Defend_R","Strike_R"]},{"damage_healed":0.0,"max_hp_gain":0.0,"max_hp_loss":0.0,"gold_gain":0.0,"event_name":"Scrap Ooze","player_choice":"Success","floor":5.0,"gold_loss":0.0,"damage_taken":18.0,"relics_obtained":["Lizard Tail"]},{"damage_healed":0.0,"max_hp_gain":0.0,"max_hp_loss":0.0,"gold_gain":75.0,"event_name":"World of Goop","player_choice":"Gather Gold","floor":7.0,"gold_loss":0.0,"damage_taken":11.0}],"is_beta":false,"boss_relics":[{"not_picked":["Runic Pyramid","Mark of Pain"],"picked":"Sozu"}],"items_purged_floors":[8],"is_endless":false,"potions_floor_spawned":[6,10,13,21],"killed_by":"Book of Stabbing","ascension_level":0}}