{"host":"s1gi8xs3so6zkrm7","time":1609540372,"event":{"mods":["BaseMod","Filter the Spire","Minty Spire (QoL Compilation)"],"gold_per_floor":[115,115,129,5,24,24,24,55,55,84,10,10,10,29,29,134,134,146,146,146,166,183,183,198,217,217,229,229,16,16,16,16,115,115,126,126,126,143,143,143],"floor_reached":39,"playtime":3193,"items_purged":["Writhe"],"score":453,"play_id":"5fbd44c3-9df6-4214-a242-b1f5a512b947","local_time":"20210101163252","is_ascension_mode":true,"campfire_choices":[{"floor":6.0,"key":"REST"},{"floor":13,"key":"REST"},{"floor":15,"key":"REST"},{"floor":23,"key":"REST"},{"floor":32,"key":"REST"}],"circlet_count":0,"master_deck":["Eruption","Vigilance","Alpha+1","WindmillStrike","Worship","MasterReality","DevaForm","Protect","EmptyBody","DeceiveReality","DeceiveReality","Prostrate","Collect","Parasite","Scrawl","DeusExMachina+1","Protect+1","Ghostly","Ghostly","Ghostly","Ghostly","Ghostly","Perseverance+1","JustLucky+1","Sanctity","ClearTheMind","LessonLearned","FlyingSleeves","Crescendo","SignatureMove"],"relics":["Pandora\u0027s Box","White Beast Statue","Damaru","Oddly Smooth Stone","HornCleat","Astrolabe","Juzu Bracelet","Nunchaku","CultistMask","SlaversCollar"],"acts_visited":["Exordium","TheCity","TheBeyond"],"potions_floor_usage":[10,39,39,39,39,39],"damage_taken":[{"damage":28.0,"enemies":"Small Slimes","floor":1.0,"turns":4.0},{"damage":10.0,"enemies":"Cultist","floor":3.0,"turns":4.0},{"damage":0.0,"enemies":"Jaw Worm","floor":5.0,"turns":4.0},{"damage":11.0,"enemies":"3 Sentries","floor":8.0,"turns":4.0},{"damage":29,"enemies":"Gremlin Nob","floor":10,"turns":5},{"damage":14,"enemies":"3 Louse","floor":14,"turns":3},{"damage":4,"enemies":"Hexaghost","floor":16,"turns":8},{"damage":17,"enemies":"2 Thieves","floor":18,"turns":4},{"damage":34,"enemies":"Chosen","floor":21,"turns":8},{"damage":0,"enemies":"3 Cultists","floor":22,"turns":5},{"damage":1,"enemies":"Sentry and Sphere","floor":24,"turns":6},{"damage":1,"enemies":"Centurion and Healer","floor":25,"turns":5},{"damage":0,"enemies":"Snake Plant","floor":27,"turns":6},{"damage":1,"enemies":"Collector","floor":33,"turns":9},{"damage":22,"enemies":"3 Darklings","floor":35,"turns":7},{"damage":18,"enemies":"Orb Walker","floor":38,"turns":4},{"damage":0,"enemies":"Writhing Mass","floor":39,"turns":3}],"seed_played":"2549458734828641397","potions_obtained":[{"floor":3.0,"key":"SpeedPotion"},{"floor":5.0,"key":"Ancient Potion"},{"floor":8.0,"key":"BlessingOfTheForge"},{"floor":10,"key":"SteroidPotion"},{"floor":20,"key":"FairyPotion"},{"floor":20,"key":"EntropicBrew"},{"floor":22,"key":"ColorlessPotion"},{"floor":27,"key":"CultistPotion"}],"is_trial":false,"path_per_floor":["M","?","M","$","M","R","?","E","T","E","$","?","R","M","R","B",null,"M","?","?","M","M","R","M","M","T","M","?","$","?","?","R","B",null,"M","?","?","M","M"],"character_chosen":"WATCHER","items_purchased":["EmptyBody","DeceiveReality","Collect","LessonLearned"],"campfire_rested":5,"item_purchase_floors":[4,4,11,29],"current_hp_per_floor":[44,44,34,34,34,55,55,44,44,15,15,33,54,40,61,57,72,55,36,36,2,2,12,11,10,10,10,10,10,10,10,20,19,36,14,14,14,9,9,9],"gold":143,"neow_bonus":"BOSS_RELIC","is_daily":false,"chose_seed":false,"campfire_upgraded":0,"win_rate":0.0,"timestamp":1609540372,"path_taken":["M","?","M","?","?","R","?","E","T","E","?","?","R","M","R","BOSS","M","?","?","M","?","R","M","M","T","M","?","$","?","?","R","BOSS","M","?","?","M","M"],"items_purchased_type":["Card","Card","Card","Card"],"build_version":"2020-12-22","purchased_purges":1,"victory":false,"max_hp_per_floor":[72,72,72,72,72,72,72,72,72,72,72,72,72,72,72,72,72,72,36,36,36,36,36,36,36,36,36,36,36,36,36,36,36,36,36,36,36,36,36,36],"card_choices":[{"not_picked":["EmptyFist","PathToVictory","FlurryOfBlows"],"picked":"SKIP","floor":1.0},{"not_picked":["SashWhip","Conclude"],"picked":"Protect","floor":3.0},{"not_picked":["InnerPeace","Adaptation"],"picked":"DeceiveReality","floor":5.0},{"not_picked":["Brilliance","Conclude"],"picked":"Prostrate","floor":8.0},{"not_picked":["CutThroughFate","Meditate"],"picked":"CrushJoints","floor":10},{"not_picked":["EmptyFist","CrushJoints","FollowUp"],"picked":"SKIP","floor":14},{"not_picked":["Vault","Judgement"],"picked":"Scrawl","floor":16},{"not_picked":["Consecrate","Vengeance+1"],"picked":"Protect+1","floor":18},{"not_picked":["ThirdEye+1","FearNoEvil"],"picked":"Perseverance+1","floor":21},{"not_picked":["Meditate+1","EmptyFist+1"],"picked":"JustLucky+1","floor":22},{"not_picked":["Swivel","SashWhip"],"picked":"Sanctity","floor":24},{"not_picked":["Consecrate+1","Crescendo"],"picked":"ClearTheMind","floor":25},{"not_picked":["EmptyFist","Evaluate","WindmillStrike"],"picked":"SKIP","floor":27},{"not_picked":["EmptyFist","Evaluate","WindmillStrike"],"picked":"SKIP","floor":27},{"not_picked":["Tantrum","Prostrate+1","FlurryOfBlows+1"],"picked":"SKIP","floor":35},{"not_picked":["PathToVictory","SashWhip+1"],"picked":"SignatureMove","floor":38}],"player_experience":237091,"relics_obtained":[{"floor":2.0,"key":"White Beast Statue"},{"floor":8.0,"key":"Damaru"},{"floor":9.0,"key":"Oddly Smooth Stone"},{"floor":10,"key":"HornCleat"},{"floor":26,"key":"Juzu Bracelet"}],"event_choices":[{"damage_healed":0.0,"max_hp_gain":0.0,"max_hp_loss":0.0,"gold_gain":0.0,"event_name":"Wheel of Change","player_choice":"Relic","floor":2.0,"gold_loss":0.0,"damage_taken":0.0},{"damage_healed":0.0,"max_hp_gain":0.0,"max_hp_loss":0.0,"gold_gain":0.0,"event_name":"Living Wall","player_choice":"Grow","floor":7.0,"gold_loss":0.0,"damage_taken":0.0,"cards_upgraded":["Alpha"]},{"damage_healed":18,"gold_gain":0,"player_choice":"Healed and dodged fight","damage_taken":0,"max_hp_gain":0,"max_hp_loss":0,"event_name":"Mushrooms","floor":12,"gold_loss":0,"cards_obtained":["Parasite"]},{"damage_healed":0,"gold_gain":0,"player_choice":"Became a Ghost","damage_taken":0,"max_hp_gain":0,"max_hp_loss":36,"event_name":"Ghosts","floor":19,"gold_loss":0,"cards_obtained":["Ghostly","Ghostly","Ghostly","Ghostly","Ghostly"]},{"damage_healed":0,"gold_gain":0,"player_choice":"Got Potions","damage_taken":0,"max_hp_gain":0,"max_hp_loss":0,"event_name":"Lab","floor":20,"gold_loss":0},{"damage_healed":0,"gold_gain":0,"player_choice":"Opened","damage_taken":0,"relics_obtained":["Nunchaku"],"max_hp_gain":0,"max_hp_loss":0,"event_name":"The Mausoleum","floor":28,"gold_loss":0,"cards_obtained":["Writhe"]},{"damage_healed":0,"gold_gain":0,"player_choice":"Trade","damage_taken":0,"relics_obtained":["CultistMask"],"max_hp_gain":0,"max_hp_loss":0,"event_name":"FaceTrader","floor":30,"gold_loss":0},{"damage_healed":0,"gold_gain":0,"cards_transformed":["SandsOfTime","MentalFortress"],"player_choice":"Became Test Subject","damage_taken":0,"max_hp_gain":0,"max_hp_loss":0,"event_name":"Drug Dealer","floor":31,"gold_loss":0,"cards_obtained":["FlyingSleeves","Crescendo"]},{"cards_removed":["DevaForm"],"damage_healed":0,"gold_gain":0,"player_choice":"Removed Power","damage_taken":0,"max_hp_gain":0,"max_hp_loss":0,"event_name":"Falling","floor":36,"gold_loss":0},{"damage_healed":0,"gold_gain":0,"player_choice":"Memory 1","damage_taken":0,"max_hp_gain":0,"max_hp_loss":0,"event_name":"SensoryStone","floor":37,"gold_loss":0}],"is_beta":false,"boss_relics":[{"not_picked":["Snecko Eye","Tiny House"],"picked":"Astrolabe"},{"not_picked":["Velvet Choker","SacredBark"],"picked":"SlaversCollar"}],"items_purged_floors":[29],"is_endless":false,"potions_floor_spawned":[3,5,8,10,14,16,18,21,22,24,25,27,33,35,38],"killed_by":"Writhing Mass","ascension_level":2}}