{"host":"a5zr8hf2yymwt50u","time":1609477345,"event":{"mods":["BaseMod","Colored Map","Minty Spire (QoL Compilation)","StSLib"],"gold_per_floor":[11,11,11,34,57,57,57,57,57,57,93,93,114,135,135,264,264,289,289,303,228,228,266,266,68,148,148,186,206,81,122,122,245,245,263,286,286,649,662,662,27,60,105,105,119,119,119,162,162,162],"floor_reached":51,"playtime":2696,"items_purged":["Strike_R","Defend_R","Strike_R"],"score":1084,"play_id":"2e99e3ce-5793-461b-bfaa-b5d1def8051f","local_time":"20210101140225","is_ascension_mode":true,"campfire_choices":[{"data":"Uppercut","floor":6,"key":"SMITH"},{"floor":10,"key":"REST"},{"data":"Iron Wave","floor":15,"key":"SMITH"},{"data":"Disarm","floor":24,"key":"SMITH"},{"data":"Anger","floor":27,"key":"SMITH"},{"data":"Dropkick","floor":32,"key":"SMITH"},{"data":"Double Tap","floor":40,"key":"SMITH"},{"data":"Iron Wave","floor":44,"key":"SMITH"},{"floor":46,"key":"REST"},{"floor":49,"key":"REST"}],"circlet_count":0,"master_deck":["Strike_R","Strike_R+1","Defend_R","Defend_R","Bash+1","Anger+1","Uppercut+1","Iron Wave+1","Iron Wave+1","Disarm+1","Demon Form+1","Headbutt+1","Twin Strike+1","Dropkick+1","Flex+1","Double Tap+1","Sword Boomerang+1","Heavy Blade+1","Madness","Madness","Pummel+1","Dropkick+1","Iron Wave+1","Uppercut+1","Seeing Red+1"],"relics":["Burning Blood","Turnip","Golden Idol","Art of War","Pocketwatch","Question Card","Frozen Egg 2","SlaversCollar","PreservedInsect","Vajra","Pear","Self Forming Clay","Blood Vial","Philosopher\u0027s Stone","Old Coin","Paper Frog","Lizard Tail","Pantograph","Nunchaku","Toy Ornithopter"],"acts_visited":["Exordium","TheCity","TheBeyond"],"potions_floor_usage":[11,20,23,25,28,28,36,36,41,45,45,50,50],"damage_taken":[{"damage":9,"enemies":"Jaw Worm","floor":1,"turns":6},{"damage":12,"enemies":"Small Slimes","floor":5,"turns":3},{"damage":6,"enemies":"Gremlin Nob","floor":11,"turns":3},{"damage":0,"enemies":"Cultist","floor":13,"turns":3},{"damage":8,"enemies":"Large Slime","floor":14,"turns":4},{"damage":10,"enemies":"The Guardian","floor":16,"turns":10},{"damage":11,"enemies":"Shell Parasite","floor":18,"turns":5},{"damage":7,"enemies":"Chosen","floor":20,"turns":4},{"damage":10,"enemies":"Book of Stabbing","floor":23,"turns":3},{"damage":0,"enemies":"Slavers","floor":28,"turns":2},{"damage":4,"enemies":"3 Cultists","floor":29,"turns":5},{"damage":0,"enemies":"Gremlin Leader","floor":31,"turns":3},{"damage":37,"enemies":"Automaton","floor":33,"turns":6},{"damage":4,"enemies":"Orb Walker","floor":35,"turns":2},{"damage":16,"enemies":"3 Darklings","floor":36,"turns":5},{"damage":0,"enemies":"Mind Bloom Boss Battle","floor":38,"turns":2},{"damage":0,"enemies":"Transient","floor":39,"turns":5},{"damage":14,"enemies":"Giant Head","floor":42,"turns":4},{"damage":61,"enemies":"Sphere and 2 Shapes","floor":45,"turns":5},{"damage":24,"enemies":"Reptomancer","floor":48,"turns":4},{"damage":53,"enemies":"Time Eater","floor":50,"turns":6}],"seed_played":"-447178518052782709","potions_obtained":[{"floor":5,"key":"FearPotion"},{"floor":14,"key":"Fire Potion"},{"floor":16,"key":"Regen Potion"},{"floor":18,"key":"Explosive Potion"},{"floor":23,"key":"Explosive Potion"},{"floor":31,"key":"Fire Potion"},{"floor":33,"key":"SpeedPotion"},{"floor":35,"key":"AttackPotion"},{"floor":36,"key":"BlessingOfTheForge"},{"floor":42,"key":"BlessingOfTheForge"},{"floor":45,"key":"Dexterity Potion"}],"is_trial":false,"path_per_floor":["M","?","?","T","M","R","?","?","T","R","E","?","M","M","R","B",null,"M","T","M","$","?","E","R","$","T","R","E","M","$","E","R","B",null,"M","M","?","?","M","R","$","E","T","R","M","R","$","E","R","B",null],"character_chosen":"IRONCLAD","items_purchased":["Fruit Juice","Paper Frog","Lizard Tail","Fruit Juice"],"campfire_rested":3,"item_purchase_floors":[25,41,41,41],"current_hp_per_floor":[69,49,33,33,27,27,20,20,20,44,44,44,50,48,48,44,71,66,66,77,77,77,73,73,78,88,88,94,95,95,95,95,64,87,91,83,71,79,87,87,92,86,86,86,33,63,63,47,77,53],"gold":162,"neow_bonus":"ONE_RARE_RELIC","is_daily":false,"chose_seed":false,"campfire_upgraded":7,"win_rate":0.0,"timestamp":1609477345,"path_taken":["M","?","?","?","?","R","?","?","T","R","E","?","M","M","R","BOSS","M","?","?","$","?","E","R","?","T","R","E","M","$","E","R","BOSS","M","M","?","?","M","R","$","E","T","R","M","R","?","E","R","BOSS"],"items_purchased_type":["Potion","Relic","Relic","Potion"],"build_version":"2020-12-22","purchased_purges":3,"victory":true,"max_hp_per_floor":[80,80,80,80,80,80,80,80,80,80,80,80,80,80,80,80,80,80,80,80,80,80,80,80,85,95,95,95,95,95,95,95,95,95,95,95,95,95,95,95,100,100,100,100,100,100,100,100,100,100],"card_choices":[{"not_picked":["Disarm","Body Slam"],"picked":"Anger","floor":1},{"not_picked":["Body Slam","Intimidate"],"picked":"Uppercut","floor":5},{"not_picked":["Second Wind","Clothesline","Warcry"],"picked":"Iron Wave","floor":11},{"not_picked":["Ghostly Armor","Thunderclap","Power Through"],"picked":"Iron Wave","floor":13},{"not_picked":["Body Slam","Impervious","Sword Boomerang"],"picked":"Disarm","floor":14},{"not_picked":["Juggernaut+1","Impervious","Offering"],"picked":"Demon Form+1","floor":16},{"not_picked":["Havoc","Body Slam","Dual Wield"],"picked":"Headbutt+1","floor":18},{"not_picked":["Shrug It Off","Battle Trance","Anger"],"picked":"Twin Strike+1","floor":20},{"not_picked":["Dark Embrace+1","Seeing Red","Sever Soul","True Grit"],"picked":"SKIP","floor":23},{"not_picked":["Searing Blow+1","Warcry","Barricade+1"],"picked":"Dropkick","floor":28},{"not_picked":["Disarm","Shrug It Off","Clash"],"picked":"Flex+1","floor":29},{"not_picked":["Evolve+1","Wild Strike","Perfected Strike+1","Hemokinesis+1"],"picked":"SKIP","floor":31},{"not_picked":["Demon Form+1","Bludgeon","Impervious"],"picked":"Double Tap","floor":33},{"not_picked":["Headbutt","Infernal Blade+1","Heavy Blade+1"],"picked":"Sword Boomerang+1","floor":35},{"not_picked":["Burning Pact+1","Feel No Pain+1","Shrug It Off"],"picked":"Heavy Blade+1","floor":36},{"not_picked":["Limit Break","Rampage+1","Shockwave"],"picked":"Pummel+1","floor":38},{"not_picked":["Metallicize+1","Pummel","Uppercut+1"],"picked":"Dropkick+1","floor":39},{"not_picked":["Reckless Charge","Entrench","Shrug It Off+1"],"picked":"Iron Wave","floor":42},{"not_picked":["Iron Wave","Rupture+1","Body Slam"],"picked":"Uppercut+1","floor":45},{"not_picked":["Second Wind+1","Flame Barrier","Havoc+1"],"picked":"Seeing Red+1","floor":48}],"player_experience":244094,"relics_obtained":[{"floor":4,"key":"Art of War"},{"floor":9,"key":"Question Card"},{"floor":11,"key":"Frozen Egg 2"},{"floor":19,"key":"PreservedInsect"},{"floor":23,"key":"Vajra"},{"floor":26,"key":"Pear"},{"floor":28,"key":"Self Forming Clay"},{"floor":31,"key":"Blood Vial"},{"floor":38,"key":"Old Coin"},{"floor":42,"key":"Pantograph"},{"floor":43,"key":"Nunchaku"},{"floor":48,"key":"Toy Ornithopter"}],"event_choices":[{"damage_healed":0,"gold_gain":0,"player_choice":"Take Damage","damage_taken":20,"relics_obtained":["Golden Idol"],"max_hp_gain":0,"max_hp_loss":0,"event_name":"Golden Idol","floor":2,"gold_loss":0},{"damage_healed":0,"gold_gain":0,"player_choice":"Entered Light","damage_taken":16,"max_hp_gain":0,"max_hp_loss":0,"event_name":"Shining Light","floor":3,"gold_loss":0,"cards_upgraded":["Strike_R","Bash"]},{"damage_healed":0,"gold_gain":0,"player_choice":"Success","damage_taken":7,"relics_obtained":["Pocketwatch"],"max_hp_gain":0,"max_hp_loss":0,"event_name":"Scrap Ooze","floor":7,"gold_loss":0},{"cards_removed":["Strike_R"],"damage_healed":0,"gold_gain":0,"player_choice":"Forget","damage_taken":0,"max_hp_gain":0,"max_hp_loss":0,"event_name":"Living Wall","floor":8,"gold_loss":0},{"cards_removed":["Defend_R"],"damage_healed":0,"gold_gain":0,"player_choice":"Offered Basic","damage_taken":0,"max_hp_gain":0,"max_hp_loss":0,"event_name":"Bonfire Elementals","floor":12,"gold_loss":0},{"damage_healed":0,"gold_gain":0,"player_choice":"Upgraded","damage_taken":0,"max_hp_gain":0,"max_hp_loss":0,"event_name":"Upgrade Shrine","floor":22,"gold_loss":0,"cards_upgraded":["Iron Wave"]},{"damage_healed":0,"gold_gain":0,"player_choice":"Embrace Madness","damage_taken":12,"max_hp_gain":0,"max_hp_loss":0,"event_name":"Winding Halls","floor":37,"gold_loss":0,"cards_obtained":["Madness","Madness"]},{"damage_healed":0,"gold_gain":0,"player_choice":"Fight","damage_taken":0,"max_hp_gain":0,"max_hp_loss":0,"event_name":"MindBloom","floor":38,"gold_loss":0}],"is_beta":false,"boss_relics":[{"not_picked":["Black Blood","Calling Bell"],"picked":"SlaversCollar"},{"not_picked":["Empty Cage","Sozu"],"picked":"Philosopher\u0027s Stone"}],"items_purged_floors":[21,25,30],"is_endless":false,"potions_floor_spawned":[5,14,16,18,23,31,33,35,36,42,45],"ascension_level":6}}