{"host":"3vgzk5mhz751jdrj","time":1609498136,"event":{"mods":["2.2 Compatiblity","AchievementEnabler","Act Like it!","Aspiration","BaseMod","Better Match","Better Note","Better Sensory Stone","Better Skull","Better Third Choice","Block Reminder","Colored Map","Conspire","Displayed Cursed Tome","Downfall","Downfall-Rebalance","Friendly Minions","GifTheSpireLib","Halation","Hubris","Marked Mod","Mimic Mod","Minty Spire (QoL Compilation)","Quick Restart","Rare Cards Sparkle","Replay The Spire","Reworked Bosses","Shop Mod","Spicy Shops","Spikes Relics","StSLib","Stuff the Spire","The Marked","Trackpad","vexMod"],"gold_per_floor":[110,126,140,140,152,178,178,178,230,261,261,281,281,300,300,404,404,423,423,523,470,470,470,103,180,180,205,205,3,3,5,5,21,21],"floor_reached":33,"playtime":1312,"items_purged":["theMarked:Strike","theMarked:Defend","theMarked:Strike"],"score":253,"play_id":"ec5f7ad4-9888-4b72-8352-9285a8a34998","local_time":"20210101054856","is_ascension_mode":false,"campfire_choices":[{"data":"theMarked:ComboAttacks","floor":11,"key":"SMITH"},{"floor":13,"key":"DIG"},{"floor":15,"key":"DIG"},{"data":"theMarked:DeterminationOfTheMarked","floor":28,"key":"SMITH"},{"data":"theMarked:EternalStudent","floor":30,"key":"SMITH"},{"floor":32,"key":"DIG"}],"circlet_count":0,"master_deck":["theMarked:Strike","theMarked:Strike","theMarked:Defend","theMarked:Defend","theMarked:Defend+1","theMarked:SoldierOfQuellstein+1","theMarked:BanishingStrike","theMarked:Aftermath","theMarked:AttractMetal+1","theMarked:WardOff","theMarked:ComboAttacks+1","theMarked:DeterminationOfTheMarked+1","theMarked:Defy","theMarked:WardOff+1","theMarked:BanishingStrike","theMarked:EternalStudent+1"],"relics":["theMarked:ArtifactOfAir","NeowsBlessing","Shovel","Anchor","Replay:Multitool","vexMod:MemoryStick","StuffTheSpire:Gunfinga","War Paint","Replay:Bandana","Omamori","Replay:Bottled Snecko"],"acts_visited":["Exordium","TheCity"],"potions_floor_usage":[5,10,12,14,16,27,31],"damage_taken":[{"damage":0,"enemies":"Cultist","floor":1,"turns":1},{"damage":0,"enemies":"Jaw Worm","floor":2,"turns":1},{"damage":0,"enemies":"2 Louse","floor":3,"turns":1},{"damage":4,"enemies":"Lots of Slimes","floor":5,"turns":5},{"damage":9,"enemies":"3 Sentries","floor":6,"turns":10},{"damage":16,"enemies":"Lagavulin","floor":10,"turns":7},{"damage":0,"enemies":"2 Fungi Beasts","floor":12,"turns":3},{"damage":4,"enemies":"Large Slime","floor":14,"turns":5},{"damage":36,"enemies":"Hexaghost","floor":16,"turns":10},{"damage":26,"enemies":"Spheric Guardian","floor":18,"turns":6},{"damage":0,"enemies":"Shell Parasite","floor":27,"turns":2},{"damage":0,"enemies":"Snecko","floor":31,"turns":2},{"damage":49,"enemies":"bossMod:newCollector","floor":33,"turns":5}],"seed_played":"4936747551765903270","potions_obtained":[{"floor":1,"key":"SteroidPotion"},{"floor":6,"key":"Cursed Concoction"},{"floor":10,"key":"Adrenaline Potion"},{"floor":12,"key":"Fire Potion"},{"floor":14,"key":"ColorlessPotion"},{"floor":25,"key":"SmokeBomb"},{"floor":25,"key":"SkillPotion"}],"is_trial":false,"path_per_floor":["M","M","M","?","M","E","?","?","T","E","R","M","R","M","R","B",null,"M","?","?","?","?","R","$","?","T","M","R","$","R","M","R","B"],"character_chosen":"THE_DEFAULT","items_purchased":["Replay:Bandana","theMarked:BanishingStrike","theMarked:EternalStudent"],"campfire_rested":0,"item_purchase_floors":[24,24,29],"current_hp_per_floor":[70,70,70,70,66,57,57,57,57,41,41,41,41,37,37,1,70,44,44,44,44,44,65,65,48,48,48,48,48,48,48,48,0,0],"gold":21,"neow_bonus":"THREE_ENEMY_KILL","is_daily":false,"chose_seed":false,"campfire_upgraded":3,"win_rate":0.0,"timestamp":1609498136,"path_taken":["M","M","?","?","?","E","?","?","T","E","R","?","R","M","R","BOSS","M","?","?","?","?","R","$","?","T","?","R","$","R","M","R","BOSS"],"items_purchased_type":["Relic","Card","Card"],"build_version":"2020-12-22","purchased_purges":3,"victory":false,"max_hp_per_floor":[70,70,70,70,70,70,70,70,70,70,70,70,70,70,70,70,70,70,70,70,70,70,70,70,70,70,70,70,70,70,70,70,70,70],"card_choices":[{"not_picked":["theMarked:Overcharge","theMarked:WardOff"],"picked":"theMarked:BanishingStrike","floor":1},{"not_picked":["theMarked:EmpowerWeapon","theMarked:WastefulAttack"],"picked":"theMarked:Aftermath","floor":2},{"not_picked":["theMarked:StartUp","theMarked:Aftermath"],"picked":"theMarked:AttractMetal","floor":3},{"not_picked":["theMarked:Convert","theMarked:ReduceFriction"],"picked":"theMarked:WardOff","floor":5},{"not_picked":["theMarked:GodGivenPower","theMarked:Frustration"],"picked":"theMarked:ComboAttacks","floor":6},{"not_picked":["theMarked:SwordAndMagic","theMarked:Static","theMarked:Standoff"],"picked":"SKIP","floor":10},{"not_picked":["theMarked:Panic","theMarked:FavorableWinds","theMarked:TwofoldDefense"],"picked":"SKIP","floor":12},{"not_picked":["theMarked:WardOff","theMarked:Reabsorb"],"picked":"theMarked:DeterminationOfTheMarked","floor":14},{"not_picked":["theMarked:DispelDoubt","theMarked:Challenge"],"picked":"theMarked:Defy","floor":16},{"not_picked":["theMarked:Aftermath+1","theMarked:MaelstromOfLightning+1"],"picked":"theMarked:WardOff","floor":18},{"not_picked":["theMarked:MuscleMemory","theMarked:Improvise","theMarked:LightningStrikesTwice"],"picked":"SKIP","floor":27}],"player_experience":403449,"relics_obtained":[{"floor":6,"key":"Shovel"},{"floor":9,"key":"Anchor"},{"floor":10,"key":"Replay:Multitool"},{"floor":13,"key":"vexMod:MemoryStick"},{"floor":15,"key":"StuffTheSpire:Gunfinga"},{"floor":25,"key":"Omamori"},{"floor":32,"key":"Replay:Bottled Snecko"}],"event_choices":[{"damage_healed":0,"gold_gain":0,"cards_transformed":["theMarked:Strike"],"player_choice":"Transformed","damage_taken":0,"max_hp_gain":0,"max_hp_loss":0,"event_name":"Transmorgrifier","floor":4,"gold_loss":0,"cards_obtained":["theMarked:TunnelVision"]},{"cards_removed":["theMarked:TunnelVision"],"damage_healed":0,"gold_gain":0,"player_choice":"Purged","damage_taken":0,"max_hp_gain":0,"max_hp_loss":0,"event_name":"Purifier","floor":8,"gold_loss":0},{"damage_healed":0,"gold_gain":0,"player_choice":"Forge","damage_taken":0,"max_hp_gain":0,"max_hp_loss":0,"event_name":"Accursed Blacksmith","floor":19,"gold_loss":0,"cards_upgraded":["theMarked:AttractMetal"]},{"damage_healed":0,"gold_gain":100,"player_choice":"Pray","damage_taken":0,"max_hp_gain":0,"max_hp_loss":0,"event_name":"Golden Shrine","floor":20,"gold_loss":0},{"damage_healed":0,"gold_gain":0,"player_choice":"Paid Gold","damage_taken":0,"relics_obtained":["War Paint"],"max_hp_gain":0,"max_hp_loss":0,"event_name":"WeMeetAgain","floor":21,"gold_loss":53}],"is_beta":false,"boss_relics":[{"not_picked":["Replay:Wanted Poster","vexMod:CursedCompass","Busted Crown"]}],"items_purged_floors":[24,24,29],"is_endless":false,"potions_floor_spawned":[1,6,10,12,14,31],"killed_by":"bossMod:newCollector","ascension_level":0}}