{"host":"sfkslwp4t49i7lrt","time":1609514004,"event":{"mods":["Act Like it!","Arknights The Spire","Astrologer","BaseMod","Bestiary","Block Reminder","Downfall","Friendly Minions","Gensokyo","Hermit","Highlight Path","Jorbs\u0027s Wanderer Trilogy","Mari Mod (Legacy)","Mari\u0027s V1 Patch","Marisa????????","Minty Spire (QoL Compilation)","Reimu??????","Relic Stats","Robot Space Explorer","StSLib","The Disciple","The Florist","The Gatherer","The Mystic","The Poker Player","The Runesmith","The Servant 0.9.4","everything is the same but u backflip on backflip","slay the spire mod where everything is the same but ironclad has a cowboy hat"],"gold_per_floor":[114,64,64,77,94,94,119,119,199,215,234,234,251,251,251,251,251],"floor_reached":16,"playtime":782,"items_purged":[],"score":102,"play_id":"c309a9b4-6303-42e2-a89c-ef53c91fa77d","local_time":"20210101221324","is_ascension_mode":false,"campfire_choices":[{"data":"ats:Shell Defense","floor":6,"key":"SMITH"},{"floor":8,"key":"REST"},{"data":"ats:Part Time Job","floor":15,"key":"SMITH"}],"circlet_count":0,"master_deck":["ats:Strike C","ats:Strike S","ats:Armor Crushing Shot","ats:Defend+1","ats:Defend","ats:Defend","ats:Defend","ats:Emotion Absorption","ats:Curse Doll+1","ats:Shell Defense+1","ats:Apocalypse","ats:Part Time Job+1","ats:Consecutive Shot Auto","ats:Neurotoxin","ats:Hammer On"],"relics":["ats:Sanity","NeowsBlessing","ats:Originium","PreservedInsect","Blue Candle"],"acts_visited":["Exordium"],"potions_floor_usage":[],"damage_taken":[{"damage":0,"enemies":"2 Louse","floor":1,"turns":2},{"damage":0,"enemies":"Small Slimes","floor":4,"turns":1},{"damage":0,"enemies":"Cultist","floor":5,"turns":1},{"damage":49,"enemies":"Gremlin Nob","floor":7,"turns":6},{"damage":14,"enemies":"2 Fungi Beasts","floor":10,"turns":6},{"damage":20,"enemies":"3 Louse","floor":11,"turns":4},{"damage":0,"enemies":"Blue Slaver","floor":13,"turns":5},{"damage":61,"enemies":"Slime Boss","floor":16,"turns":6}],"seed_played":"8375788251983695835","potions_obtained":[{"floor":4,"key":"SteroidPotion"},{"floor":7,"key":"DuplicationPotion"},{"floor":13,"key":"GrandPatriotsElixir:ReiMu"}],"is_trial":false,"path_per_floor":["M","?","?","M","M","R","E","R","T","M","M","?","M","?","R","B"],"character_chosen":"DOCTOR_CLASS","items_purchased":[],"campfire_rested":1,"item_purchase_floors":[],"current_hp_per_floor":[72,72,58,58,58,58,12,33,33,38,32,32,43,43,43,0,0],"gold":251,"neow_bonus":"THREE_ENEMY_KILL","is_daily":false,"chose_seed":false,"campfire_upgraded":2,"win_rate":0.0,"timestamp":1609514004,"path_taken":["M","?","?","M","M","R","E","R","T","M","M","?","M","?","R","BOSS"],"items_purchased_type":[],"build_version":"2020-12-22","purchased_purges":0,"victory":false,"max_hp_per_floor":[72,72,72,72,72,72,72,72,72,72,72,72,72,72,72,72,72],"relic_stats":{"counters":[8,31],"Blue Candle":[0],"PreservedInsect":0,"obtain_stats":[{"NeowsBlessing":0,"ats:Originium":7,"Blue Candle":9,"PreservedInsect":7,"ats:Sanity":0},{"NeowsBlessing":0,"ats:Originium":4,"Blue Candle":4,"PreservedInsect":4,"ats:Sanity":0},{"NeowsBlessing":0,"ats:Originium":10,"Blue Candle":10,"PreservedInsect":10,"ats:Sanity":0}]},"card_choices":[{"not_picked":["ats:Composite Medical Shells","ats:Flexible Camouflage"],"picked":"ats:Curse Doll","floor":1},{"not_picked":["ats:Powerful Strike","ats:Consecutive Shot Auto"],"picked":"ats:Shell Defense","floor":4},{"not_picked":["ats:Shadow Assault","ats:Poison Spread"],"picked":"ats:Apocalypse","floor":5},{"not_picked":["ats:Hook Shot","ats:Flame Of Heaven"],"picked":"ats:Part Time Job","floor":7},{"not_picked":["ats:Curse Doll","ats:Shell Defense"],"picked":"ats:Consecutive Shot Auto","floor":10},{"not_picked":["ats:Flexible Camouflage","ats:Chain Hook"],"picked":"ats:Neurotoxin","floor":11},{"not_picked":["ats:Assault Order","ats:Burning Ground"],"picked":"ats:Hammer On","floor":13}],"player_experience":495630,"relics_obtained":[{"floor":7,"key":"ats:Originium"},{"floor":7,"key":"PreservedInsect"},{"floor":9,"key":"Blue Candle"}],"event_choices":[{"cards_removed":["ats:Strike V"],"damage_healed":0,"gold_gain":0,"player_choice":"Card Removal","damage_taken":0,"max_hp_gain":0,"max_hp_loss":0,"event_name":"The Cleric","floor":2,"gold_loss":50},{"damage_healed":0,"gold_gain":0,"player_choice":"Entered Light","damage_taken":14,"max_hp_gain":0,"max_hp_loss":0,"event_name":"Shining Light","floor":3,"gold_loss":0,"cards_upgraded":["ats:Curse Doll","ats:Defend"]},{"damage_healed":0,"gold_gain":0,"player_choice":"Ignored","damage_taken":0,"max_hp_gain":0,"max_hp_loss":0,"event_name":"Golden Wing","floor":12,"gold_loss":0},{"cards_removed":["ats:Strike G"],"damage_healed":0,"gold_gain":0,"player_choice":"Offered Basic","damage_taken":0,"max_hp_gain":0,"max_hp_loss":0,"event_name":"Bonfire Elementals","floor":14,"gold_loss":0}],"is_beta":false,"boss_relics":[],"items_purged_floors":[],"is_endless":false,"potions_floor_spawned":[4,7,13],"killed_by":"Slime Boss","ascension_level":0}}