{"host":"lkyw40t68mxhwfjf","time":1609504543,"event":{"mods":["2.2 Compatiblity","Act Like it!","Arknights The Spire","BaseMod","Hallownest","HololiveMod","Hubris","Koishi","Lobotomy","Marisa¡]Ãú«B¡@Å]²z¨F¡^","Minty Spire (QoL Compilation)","Prisma Mod","Reimu¡]³Õ???¡^","Remilia¡]Á¢¦Ì²ú?¡^","Replay The Spire","RumiaBox-ÅS¦Ì?ªº¯«¯µ²°¤l","StSLib","The Animator","The Servant 0.9.4","TheSwordswoman","WarShipGirlsR/??¤Ö¤kR mod","Youmu¡]»î¾z§¯?¡^","Yuyuko"],"gold_per_floor":[211,251,251,267,280,280,310,310],"floor_reached":7,"playtime":263,"items_purged":[],"score":41,"play_id":"e912b5e8-bb9d-44de-9600-f45028e111a9","local_time":"20210101203543","is_ascension_mode":false,"campfire_choices":[{"floor":6,"key":"RECALL"}],"circlet_count":0,"master_deck":["ats:Strike C","ats:Strike G","ats:Strike S","ats:Strike V","ats:Armor Crushing Shot","ats:Defend","ats:Defend","ats:Defend","ats:Defend","ats:Emotion Absorption+1","ats:Rapid Magazine","ats:Automatic Cover","ats:Flexible Camouflage","ats:Shell Defense"],"relics":["ats:Sanity","Baka","hubris:MedicalManual"],"acts_visited":["Exordium"],"potions_floor_usage":[7],"damage_taken":[{"damage":6,"enemies":"Jaw Worm","floor":1,"turns":3},{"damage":10,"enemies":"Small Slimes","floor":4,"turns":3},{"damage":0,"enemies":"2 Louse","floor":5,"turns":2},{"damage":75,"enemies":"Gremlin Nob","floor":7,"turns":6}],"seed_played":"-819668104289426744","potions_obtained":[{"floor":1,"key":"SteroidPotion"},{"floor":2,"key":"MagicPotion:ReiMu"},{"floor":2,"key":"Regen Potion"}],"is_trial":false,"path_per_floor":["M","?","?","M","M","R","E"],"character_chosen":"DOCTOR_CLASS","items_purchased":[],"campfire_rested":0,"item_purchase_floors":[],"current_hp_per_floor":[66,66,60,50,50,50,0,0],"gold":310,"neow_bonus":"HUNDRED_GOLD","is_daily":false,"chose_seed":false,"campfire_upgraded":0,"win_rate":0.0,"timestamp":1609504543,"path_taken":["M","?","?","M","M","R","E"],"items_purchased_type":[],"build_version":"2020-12-22","purchased_purges":0,"victory":false,"max_hp_per_floor":[72,72,72,72,72,72,72,72],"card_choices":[{"not_picked":["ats:Spore Proliferation","ats:Directed Diagnosis"],"picked":"ats:Rapid Magazine","floor":1},{"not_picked":["ats:Consecutive Shot Auto","ats:Cat Scratch"],"picked":"ats:Automatic Cover","floor":2},{"not_picked":["ats:Spore Proliferation","ats:Shadow Raid"],"picked":"ats:Flexible Camouflage","floor":4},{"not_picked":["ats:Consecutive Shot Auto","ats:Guardian Obelisk"],"picked":"ats:Shell Defense","floor":5}],"player_experience":388689,"relics_obtained":[{"floor":1,"key":"Baka"},{"floor":4,"key":"hubris:MedicalManual"}],"event_choices":[],"is_beta":false,"boss_relics":[],"items_purged_floors":[],"is_endless":false,"potions_floor_spawned":[1,4],"killed_by":"Gremlin Nob","ascension_level":0}}