{"host":"szp1d6dso4pv7ddl","time":1609462134,"event":{"mods":["AchievementEnabler","Alarm Clock","BaseMod","Bestiary","Block Reminder","Colored Map","Colored Powertips","Curses Come First","Displayed Cursed Tome","Highlight Path","Minty Spire (QoL Compilation)","Permanent Neow","Quick Restart","Relic Sorter","Relic Stats","StSLib","Synergy Search"],"gold_per_floor":[111,121,39,51,51,76,1,1,1,1,1,1,1,11,11,110,110,127,127,127,147,98,98,98],"floor_reached":23,"playtime":891,"items_purged":["Bash"],"score":290,"play_id":"c6b1e922-862d-4171-bf97-89387d9ad855","local_time":"20201231164854","is_ascension_mode":true,"campfire_choices":[{"data":"Uppercut","floor":8,"key":"SMITH"},{"floor":11,"key":"REST"},{"data":"Perfected Strike","floor":13,"key":"SMITH"},{"floor":15,"key":"REST"}],"circlet_count":0,"master_deck":["AscendersBane","Strike_R+1","Strike_R+1","Strike_R+1","Strike_R+1","Strike_R+1","Defend_R+1","Defend_R+1","Defend_R+1","Twin Strike","Perfected Strike+1","Headbutt","Uppercut+1","Thunderclap","Juggernaut","Headbutt","Iron Wave","Double Tap+1","Shrug It Off+1","Shrug It Off+1"],"relics":["Black Blood","Akabeko","TungstenRod","Toxic Egg 2","MealTicket","Nilry\u0027s Codex"],"acts_visited":["Exordium","TheCity"],"potions_floor_usage":[23,23],"damage_taken":[{"damage":11,"enemies":"Cultist","floor":1,"turns":4},{"damage":0,"enemies":"Small Slimes","floor":2,"turns":3},{"damage":3,"enemies":"2 Louse","floor":4,"turns":3},{"damage":55,"enemies":"Lagavulin","floor":6,"turns":8},{"damage":7,"enemies":"Looter","floor":14,"turns":2},{"damage":53,"enemies":"The Guardian","floor":16,"turns":9},{"damage":25,"enemies":"Shell Parasite","floor":18,"turns":5},{"damage":37,"enemies":"2 Thieves","floor":21,"turns":4},{"damage":46,"enemies":"Book of Stabbing","floor":23,"turns":5}],"seed_played":"905585233673245402","potions_obtained":[{"floor":1,"key":"ElixirPotion"},{"floor":4,"key":"SteroidPotion"},{"floor":6,"key":"EssenceOfSteel"}],"is_trial":false,"path_per_floor":["M","M","$","M","T","E","$","R","T","?","R","?","R","M","R","B",null,"M","?","?","M","$","E"],"character_chosen":"IRONCLAD","items_purchased":["Uppercut","Shrug It Off+1"],"campfire_rested":2,"item_purchase_floors":[3,22],"current_hp_per_floor":[67,73,73,76,76,27,27,27,27,18,42,42,42,41,65,18,65,52,40,40,15,30,0,0],"gold":98,"neow_bonus":"THREE_CARDS","is_daily":false,"chose_seed":false,"campfire_upgraded":2,"win_rate":0.0,"timestamp":1609462134,"path_taken":["M","M","$","M","?","E","$","R","T","?","R","?","R","M","R","BOSS","M","?","?","M","$","E"],"items_purchased_type":["Card","Card"],"build_version":"2020-12-22","purchased_purges":1,"victory":false,"max_hp_per_floor":[80,80,80,80,80,80,80,80,80,80,80,80,80,80,80,80,80,80,80,80,80,80,80,80],"relic_stats":{"counters":[9,43],"Black Blood":60,"MealTicket":15,"obtain_stats":[{"Nilry\u0027s Codex":19,"Black Blood":17,"MealTicket":10,"Toxic Egg 2":9,"Burning Blood":0,"Akabeko":5,"TungstenRod":6},{"Nilry\u0027s Codex":7,"Black Blood":6,"MealTicket":4,"Toxic Egg 2":4,"Burning Blood":0,"Akabeko":3,"TungstenRod":4},{"Nilry\u0027s Codex":34,"Black Blood":29,"MealTicket":18,"Toxic Egg 2":18,"Burning Blood":0,"Akabeko":10,"TungstenRod":18}],"TungstenRod":35},"card_choices":[{"not_picked":["Armaments","Headbutt"],"picked":"Twin Strike","floor":0},{"not_picked":["Pummel","Headbutt"],"picked":"Perfected Strike","floor":1},{"not_picked":["Ghostly Armor","Rupture"],"picked":"Headbutt","floor":2},{"not_picked":["Searing Blow","Warcry"],"picked":"Thunderclap","floor":4},{"not_picked":["Intimidate","Perfected Strike"],"picked":"Juggernaut","floor":6},{"not_picked":["Intimidate+1","Warcry+1"],"picked":"Iron Wave","floor":14},{"not_picked":["Offering+1","Demon Form"],"picked":"Double Tap+1","floor":16},{"not_picked":["Havoc+1","Perfected Strike"],"picked":"Shrug It Off+1","floor":18},{"not_picked":["Reckless Charge","Havoc+1","Pommel Strike"],"picked":"SKIP","floor":21}],"player_experience":1088631,"relics_obtained":[{"floor":5,"key":"Akabeko"},{"floor":6,"key":"TungstenRod"},{"floor":9,"key":"Toxic Egg 2"}],"event_choices":[{"damage_healed":0,"gold_gain":0,"player_choice":"Success","damage_taken":12,"relics_obtained":["MealTicket"],"max_hp_gain":0,"max_hp_loss":0,"event_name":"Scrap Ooze","floor":10,"gold_loss":0},{"damage_healed":0,"gold_gain":0,"cards_transformed":["Defend_R"],"player_choice":"Change","damage_taken":0,"max_hp_gain":0,"max_hp_loss":0,"event_name":"Living Wall","floor":12,"gold_loss":0,"cards_obtained":["Headbutt"]},{"damage_healed":0,"gold_gain":0,"player_choice":"Obtained Book","damage_taken":16,"max_hp_gain":0,"max_hp_loss":0,"event_name":"Cursed Tome","floor":19,"gold_loss":0},{"damage_healed":0,"gold_gain":0,"player_choice":"Simplicity","damage_taken":0,"max_hp_gain":0,"max_hp_loss":0,"event_name":"Back to Basics","floor":20,"gold_loss":0,"cards_upgraded":["Strike_R","Strike_R","Strike_R","Strike_R","Strike_R","Defend_R","Defend_R","Defend_R"]}],"is_beta":false,"boss_relics":[{"not_picked":["Calling Bell","Velvet Choker"],"picked":"Black Blood"}],"items_purged_floors":[7],"is_endless":false,"potions_floor_spawned":[1,4,6,14],"killed_by":"Book of Stabbing","ascension_level":11}}