{"host":"56ghxnzsglgdq727","time":1609467641,"event":{"mods":["AchievementEnabler","BaseMod","Minty Spire (QoL Compilation)"],"gold_per_floor":[114,114,114,128,146,146,165,182,206,131,131,161,7,23,23,123,123,135,150,50,325,325,325],"floor_reached":22,"playtime":587,"items_purged":["Shame","Dualcast"],"score":195,"play_id":"5222e8e1-6132-4370-b8b6-27b13c087234","local_time":"20201231212041","is_ascension_mode":true,"campfire_choices":[{"data":"Mayhem","floor":6,"key":"SMITH"},{"floor":11,"key":"REST"},{"data":"Streamline","floor":15,"key":"SMITH"}],"circlet_count":0,"master_deck":["Strike_B","Strike_B","Strike_B","Strike_B","Defend_B","Defend_B","Defend_B+1","Defend_B+1","Zap","Mayhem+1","Streamline+1","Streamline","Thunder Strike","Thunder Strike"],"relics":["Cracked Core","War Paint","Omamori","Happy Flower","Tiny Chest","Sozu"],"acts_visited":["Exordium","TheCity"],"potions_floor_usage":[4,8,8,14,14],"damage_taken":[{"damage":11,"enemies":"Jaw Worm","floor":1,"turns":4},{"damage":2,"enemies":"Small Slimes","floor":4,"turns":4},{"damage":0,"enemies":"Cultist","floor":5,"turns":4},{"damage":0,"enemies":"3 Louse","floor":7,"turns":3},{"damage":13,"enemies":"Lots of Slimes","floor":8,"turns":3},{"damage":24,"enemies":"Gremlin Nob","floor":12,"turns":4},{"damage":0,"enemies":"Blue Slaver","floor":14,"turns":3},{"damage":47,"enemies":"Slime Boss","floor":16,"turns":10},{"damage":8,"enemies":"Spheric Guardian","floor":18,"turns":4},{"damage":28,"enemies":"2 Thieves","floor":19,"turns":4},{"damage":0,"enemies":"3 Cultists","floor":22,"turns":1}],"seed_played":"-7921737257049584573","potions_obtained":[{"floor":3,"key":"LiquidMemories"},{"floor":3,"key":"Regen Potion"},{"floor":3,"key":"Swift Potion"},{"floor":5,"key":"Energy Potion"},{"floor":7,"key":"EssenceOfSteel"},{"floor":12,"key":"Energy Potion"}],"is_trial":false,"path_per_floor":["M","?","?","M","M","R","M","M","T","$","R","E","$","M","R","B",null,"M","M","$","?","M"],"character_chosen":"DEFECT","items_purchased":["Tiny Chest"],"campfire_rested":1,"item_purchase_floors":[13],"current_hp_per_floor":[64,57,57,67,67,67,67,54,54,54,75,51,51,51,51,4,75,67,39,39,39,39,39],"gold":325,"neow_bonus":"RANDOM_COLORLESS_2","is_daily":false,"chose_seed":false,"campfire_upgraded":2,"win_rate":0.0,"timestamp":1609467641,"path_taken":["M","?","?","M","M","R","M","?","T","$","R","E","$","M","R","BOSS","M","M","$","?","M"],"items_purchased_type":["Relic"],"build_version":"2020-12-22","purchased_purges":2,"victory":false,"max_hp_per_floor":[75,75,75,75,75,75,75,75,75,75,75,75,75,75,75,75,75,75,75,75,75,75,75],"card_choices":[{"not_picked":["Sadistic Nature","Panache"],"picked":"Mayhem","floor":0},{"not_picked":["Sweeping Beam","Reinforced Body","Chaos"],"picked":"SKIP","floor":1},{"not_picked":["Steam","Compile Driver"],"picked":"Streamline","floor":4},{"not_picked":["Sunder","Rip and Tear"],"picked":"Streamline","floor":5},{"not_picked":["Recycle","Hello World","Turbo"],"picked":"SKIP","floor":7},{"not_picked":["Ball Lightning","Auto Shields","Turbo"],"picked":"SKIP","floor":8},{"not_picked":["Coolheaded","Compile Driver"],"picked":"Thunder Strike","floor":12},{"not_picked":["Steam Power","Rebound","Tempest"],"picked":"SKIP","floor":14},{"not_picked":["Meteor Strike","All For One"],"picked":"Thunder Strike","floor":16},{"not_picked":["Capacitor+1","Loop+1","Streamline"],"picked":"SKIP","floor":18},{"not_picked":["Undo+1","Aggregate","Go for the Eyes"],"picked":"SKIP","floor":19}],"player_experience":74314,"relics_obtained":[{"floor":9,"key":"Omamori"},{"floor":12,"key":"Happy Flower"}],"event_choices":[{"damage_healed":0,"gold_gain":0,"player_choice":"Success","damage_taken":7,"relics_obtained":["War Paint"],"max_hp_gain":0,"max_hp_loss":0,"event_name":"Scrap Ooze","floor":2,"gold_loss":0},{"damage_healed":0,"gold_gain":0,"player_choice":"Got Potions","damage_taken":0,"max_hp_gain":0,"max_hp_loss":0,"event_name":"Lab","floor":3,"gold_loss":0},{"damage_healed":0,"gold_gain":275,"player_choice":"Desecrate","damage_taken":0,"max_hp_gain":0,"max_hp_loss":0,"event_name":"Golden Shrine","floor":21,"gold_loss":0,"cards_obtained":["Regret"]}],"is_beta":false,"boss_relics":[{"not_picked":["Nuclear Battery","Busted Crown"],"picked":"Sozu"}],"items_purged_floors":[10,20],"is_endless":false,"potions_floor_spawned":[5,7,12,18,19],"killed_by":"3 Cultists","ascension_level":1}}