{"host":"wy23tj84iquxuyyu","time":1609488666,"event":{"mods":["Aspiration","BaseMod","Better Note","Colored Map","Fireblade Mod","Hermit","Marked Mod","Minty Spire (QoL Compilation)","Random Character Button","Rare Cards Sparkle","Relic Stats","Replay The Spire","Retaliation","Shade Mod","Spicy Shops","StSLib","The Cursed","The Death Knight","The Necromancer","Trackpad"],"gold_per_floor":[117,82,82,82,7,39,59,59,105,122,151,168,200,219,219,319,319,329,30,46,60,80,80,106,106,106,106,123,152,168,168,168,263,263,279,298,309,60,60,60,91,91,167,187,187,187],"floor_reached":45,"playtime":2572,"items_purged":["Regret","Shade:SkeletonArmy+1"],"score":680,"play_id":"a51f6785-80c2-4a8d-96cd-4d9cea40c84a","local_time":"20210101031106","is_ascension_mode":false,"campfire_choices":[{"floor":8.0,"key":"REST"},{"floor":15.0,"key":"REST"},{"floor":23.0,"key":"REST"},{"floor":25.0,"key":"REST"},{"data":"Mayhem","floor":32.0,"key":"SMITH"},{"data":"Summon_Undead","floor":40,"key":"SMITH"},{"floor":42,"key":"REST"}],"circlet_count":0,"master_deck":["Strike_W+1","Strike_W","Strike_W","Strike_W","Defend_W","Defend_W","Defend_W","Defend_W","Negative_Energy_Arrows+1","Bone_Wall+1","Summon_Death_Knight+1","Corrupt","Consume_Illness","Uncharnel","Siphon_Strength","Summon_Undead+1","Summon_Undead_Army","Mayhem+1","Spectral_Walk","Summon_Lich","Havoc+1","Intimidate+1","Spectral_Walk","Consume_Illness+1","Disarm"],"relics":["Vampire_Amulet","aspiration:SeaSaltIceCream","White Beast Statue","Potion Belt","Whetstone","Smiling Mask","Replay:Bottled Eggs","aspiration:SecretTechniqueScroll","aspiration:FrozenJewel","The Courier","Eternal Feather","Centennial Puzzle","aspiration:IroncladSkillbook","Orrery","Gremlin Food","Bronze Scales","Ornamental Fan"],"acts_visited":["Exordium","TheCity","TheBeyond"],"potions_floor_usage":[37,41,41,45,45],"damage_taken":[{"damage":1.0,"enemies":"Jaw Worm","floor":1.0,"turns":4.0},{"damage":29.0,"enemies":"Lagavulin","floor":6.0,"turns":12.0},{"damage":1.0,"enemies":"2 Louse","floor":7.0,"turns":4.0},{"damage":6.0,"enemies":"Small Slimes","floor":10.0,"turns":4.0},{"damage":19.0,"enemies":"Gremlin Nob","floor":11.0,"turns":5.0},{"damage":7.0,"enemies":"Blue Slaver","floor":12.0,"turns":5.0},{"damage":18.0,"enemies":"Lagavulin","floor":13.0,"turns":9.0},{"damage":13.0,"enemies":"Lots of Slimes","floor":14.0,"turns":3.0},{"damage":15.0,"enemies":"Fading Forest","floor":16.0,"turns":11.0},{"damage":4.0,"enemies":"2 Thieves","floor":18.0,"turns":4.0},{"damage":1.0,"enemies":"Chosen","floor":20.0,"turns":5.0},{"damage":11.0,"enemies":"Shelled Parasite and Fungi","floor":21.0,"turns":6.0},{"damage":25.0,"enemies":"Centurion and Healer","floor":22.0,"turns":7.0},{"damage":32.0,"enemies":"Book of Stabbing","floor":24.0,"turns":9.0},{"damage":5.0,"enemies":"3 Cultists","floor":28.0,"turns":8.0},{"damage":46.0,"enemies":"Slavers","floor":29.0,"turns":6.0},{"damage":1.0,"enemies":"Chosen and Byrds","floor":30.0,"turns":7.0},{"damage":8.0,"enemies":"Pondfish","floor":33.0,"turns":9.0},{"damage":15.0,"enemies":"3 Shapes","floor":35.0,"turns":6.0},{"damage":4.0,"enemies":"3 Darklings","floor":36.0,"turns":6.0},{"damage":15,"enemies":"Writhing Mass","floor":37,"turns":6},{"damage":32,"enemies":"Giant Head","floor":41,"turns":9},{"damage":43,"enemies":"4 Shapes","floor":44,"turns":5},{"damage":60,"enemies":"Transient","floor":45,"turns":5}],"seed_played":"602715371022750019","potions_obtained":[{"floor":1.0,"key":"PowerPotion"},{"floor":6.0,"key":"LiquidBronze"},{"floor":7.0,"key":"Reflective Coating"},{"floor":10.0,"key":"AttackPotion"},{"floor":11.0,"key":"Explosive Potion"},{"floor":12.0,"key":"Milkshake"},{"floor":13.0,"key":"Swift Potion"},{"floor":14.0,"key":"LifebloodPotion"},{"floor":16.0,"key":"EntropicBrew"},{"floor":18.0,"key":"GamblersBrew"},{"floor":20.0,"key":"SpeedPotion"},{"floor":21.0,"key":"DeathKnight:RimePotion"},{"floor":22.0,"key":"Ancient Potion"},{"floor":24.0,"key":"Weak Potion"},{"floor":29.0,"key":"Strength Potion"},{"floor":30.0,"key":"Regen Potion"},{"floor":33.0,"key":"AttackPotion"},{"floor":36.0,"key":"DistilledChaos"},{"floor":37,"key":"Swift Potion"},{"floor":41,"key":"DeathKnight:BottledBloodEchoes"},{"floor":44,"key":"Explosive Potion"}],"is_trial":false,"path_per_floor":["M","?","?","?","$","E","M","R","T","M","E","M","E","M","R","B",null,"M","$","M","M","M","R","E","R","T","?","M","E","M","?","R","B",null,"M","M","M","$","?","R","E","R","T","M","M"],"character_chosen":"NECROMANCER","items_purchased":["Summon_Undead_Army","Mayhem","Orrery","Gremlin Food"],"campfire_rested":5,"item_purchase_floors":[19,19,38,38],"current_hp_per_floor":[55,73,73,73,73,46,49,71,71,71,57,52,36,33,55,65,75,73,73,74,70,61,75,45,67,67,67,68,28,34,69,69,68,69,64,69,63,63,63,69,43,69,69,38,0,0],"gold":187,"neow_bonus":"THREE_RARE_CARDS","is_daily":false,"chose_seed":false,"campfire_upgraded":2,"win_rate":0.0,"timestamp":1609488666,"path_taken":["M","?","?","?","$","E","?","R","T","M","E","M","E","M","R","BOSS","M","$","M","M","M","R","E","R","T","?","M","E","?","?","R","BOSS","M","M","M","$","?","R","E","R","T","M","M"],"items_purchased_type":["Card","Card","Relic","Relic"],"build_version":"2020-12-22","purchased_purges":2,"victory":false,"max_hp_per_floor":[75,75,75,75,75,75,75,75,75,75,75,75,75,75,75,75,75,75,75,75,75,75,75,75,75,75,75,75,75,75,69,69,69,69,69,69,69,69,69,69,69,69,69,69,69,69],"relic_stats":{"Centennial Puzzle":[24],"counters":[24,155],"Ornamental Fan":[4],"Bronze Scales":[27],"Eternal Feather":21,"Whetstone":["Negative_Energy_Arrows","Strike_W"],"Smiling Mask":50,"obtain_stats":[{"Potion Belt":6,"Gremlin Food":38,"Eternal Feather":27,"The Courier":26,"aspiration:SeaSaltIceCream":3,"Whetstone":9,"aspiration:SecretTechniqueScroll":17,"Smiling Mask":11,"White Beast Statue":3,"aspiration:FrozenJewel":24,"aspiration:IroncladSkillbook":34,"Centennial Puzzle":29,"Ornamental Fan":43,"Bronze Scales":41,"Orrery":38,"Vampire_Amulet":0,"Replay:Bottled Eggs":13},{"Potion Belt":2,"Gremlin Food":21,"Eternal Feather":14,"The Courier":14,"aspiration:SeaSaltIceCream":1,"Whetstone":3,"aspiration:SecretTechniqueScroll":9,"Smiling Mask":5,"White Beast Statue":1,"aspiration:FrozenJewel":14,"aspiration:IroncladSkillbook":18,"Centennial Puzzle":16,"Ornamental Fan":22,"Bronze Scales":22,"Orrery":21,"Vampire_Amulet":0,"Replay:Bottled Eggs":7},{"Potion Belt":16,"Gremlin Food":136,"Eternal Feather":88,"The Courier":88,"aspiration:SeaSaltIceCream":4,"Whetstone":20,"aspiration:SecretTechniqueScroll":57,"Smiling Mask":29,"White Beast Statue":4,"aspiration:FrozenJewel":88,"aspiration:IroncladSkillbook":118,"Centennial Puzzle":102,"Ornamental Fan":145,"Bronze Scales":145,"Orrery":136,"Vampire_Amulet":0,"Replay:Bottled Eggs":43}]},"card_choices":[{"not_picked":["Blood_Magic","Negative_Energy_Bomb"],"picked":"Summon_Death_Knight","floor":0.0},{"not_picked":["Life_Tap","Vampiric_Strike"],"picked":"Corrupt","floor":1.0},{"not_picked":["Vampiric_Strike","Bones_to_Steel"],"picked":"Consume_Illness","floor":6.0},{"not_picked":["Bone_Armory","Bone_Spikes","Blood_Curse"],"picked":"SKIP","floor":7.0},{"not_picked":["Negative_Energy_Burst","Blood_for_Blood","Vampiric_Strike"],"picked":"SKIP","floor":10.0},{"not_picked":["Grasp_Heart","Negative_Energy_Javelin"],"picked":"Uncharnel","floor":11.0},{"not_picked":["Exploit","Bone_Spikes","Bone_Armor"],"picked":"SKIP","floor":12.0},{"not_picked":["Negative_Energy_Javelin","Plague_Bolt"],"picked":"Siphon_Strength","floor":13.0},{"not_picked":["Scare","Bone_Shift"],"picked":"Summon_Undead","floor":14.0},{"not_picked":["Blood_Whip","Negative_Energy_Javelin+1","Exploit"],"picked":"SKIP","floor":18.0},{"not_picked":["Epidemic","Bones_to_Steel+1","Necrotic_Claws+1"],"picked":"SKIP","floor":20.0},{"not_picked":["Bone_Bullets","Bone_Armory","Shackles_Of_Pain+1"],"picked":"SKIP","floor":21.0},{"not_picked":["Bone_Armor","Negative_Energy_Shield"],"picked":"Spectral_Walk","floor":22.0},{"not_picked":["Consume_Illness","Strike_from_Beyond","Death_Knell"],"picked":"SKIP","floor":24.0},{"not_picked":["Epidemic","Toxic_Smoke_Screen","Necromantic_Selection+1"],"picked":"SKIP","floor":28.0},{"not_picked":["Bones_to_Steel","Blood_Is_Power","Scare"],"picked":"SKIP","floor":29.0},{"not_picked":["Scare","Thousand_Bone_Knives"],"picked":"Summon_Lich","floor":30.0},{"not_picked":["Plague_Bolt","Replay:Undeath\u0027s Touch","Chill_Blood"],"picked":"Havoc+1","floor":35.0},{"not_picked":["Negative_Energy_Sphere+1","Iron Wave+1","Death_Knell+1","Combust"],"picked":"SKIP","floor":36.0},{"not_picked":["Flame Barrier","ReplayTheSpireMod:Strike From Hell+1","Wild Strike"],"picked":"Intimidate+1","floor":37},{"not_picked":["True Grit","Rampage+1","Flame Barrier"],"picked":"Spectral_Walk","floor":38},{"not_picked":["Shade_Step","Dark Embrace+1","Disarm"],"picked":"Consume_Illness+1","floor":38},{"not_picked":["Shackles_Of_Pain+1","Iron Wave+1","ReplayReversal"],"picked":"Disarm","floor":38},{"not_picked":["Hemogenesis","Thousand_Bone_Knives+1","Death_March_Dance+1","Armaments"],"picked":"SKIP","floor":41},{"not_picked":["Blood_for_Blood+1","Clash+1","Finger_Of_Death+1","Bone_Bullets+1"],"picked":"SKIP","floor":44}],"player_experience":869518,"relics_obtained":[{"floor":6.0,"key":"Potion Belt"},{"floor":9.0,"key":"Whetstone"},{"floor":11.0,"key":"Smiling Mask"},{"floor":13.0,"key":"Replay:Bottled Eggs"},{"floor":24.0,"key":"aspiration:FrozenJewel"},{"floor":26.0,"key":"The Courier"},{"floor":27.0,"key":"Eternal Feather"},{"floor":29.0,"key":"Centennial Puzzle"},{"floor":41,"key":"Bronze Scales"},{"floor":43,"key":"Ornamental Fan"}],"event_choices":[{"damage_healed":18.0,"max_hp_gain":0.0,"max_hp_loss":0.0,"gold_gain":0.0,"event_name":"The Cleric","player_choice":"Healed","floor":2.0,"gold_loss":35.0,"damage_taken":0.0},{"damage_healed":0.0,"max_hp_gain":0.0,"max_hp_loss":0.0,"gold_gain":0.0,"event_name":"Big Fish","player_choice":"Box","floor":3.0,"gold_loss":0.0,"damage_taken":0.0,"relics_obtained":["aspiration:SeaSaltIceCream"],"cards_obtained":["Regret"]},{"cards_removed":["Corrupt"],"damage_healed":0.0,"max_hp_gain":0.0,"max_hp_loss":0.0,"gold_gain":0.0,"event_name":"betterNote:BetterNote","player_choice":"Take \u0026 Give","floor":4.0,"gold_loss":0.0,"damage_taken":0.0,"cards_obtained":["Shade:SkeletonArmy"]},{"damage_healed":0.0,"max_hp_gain":0.0,"max_hp_loss":0.0,"gold_gain":0.0,"event_name":"Wheel of Change","player_choice":"Relic","floor":27.0,"gold_loss":0.0,"damage_taken":0.0}],"is_beta":false,"boss_relics":[{"not_picked":["Replay:Ancient Bell","Replay:Bronze Core"],"picked":"aspiration:SecretTechniqueScroll"},{"not_picked":["trackpad:Trackpad","aspiration:WatcherSkillbook"],"picked":"aspiration:IroncladSkillbook"}],"items_purged_floors":[5,19],"is_endless":false,"potions_floor_spawned":[1,6,7,10,11,12,13,14,16,18,20,21,22,24,28,29,30,33,35,36,37,41,44],"killed_by":"Transient","ascension_level":0}}