{"host":"wha9hktbkslqvblg","time":1609462488,"event":{"mods":["BaseMod","Colored Map","Minty Spire (QoL Compilation)","Relic Stats","SuperFastMode","everything is the same but u backflip on backflip"],"gold_per_floor":[109,184,203,4,4,30,30,44,113,113,113,142,161,175,175,253,253,265,265,265,265],"floor_reached":20,"playtime":368,"items_purged":[],"score":414,"play_id":"e36e3bb4-e4d0-4f92-9a3e-4c7918d5f357","local_time":"20210101095448","is_ascension_mode":true,"campfire_choices":[{"data":"Shrug It Off","floor":7,"key":"SMITH"},{"data":"Fire Breathing","floor":15,"key":"SMITH"}],"circlet_count":0,"master_deck":["AscendersBane","Strike_R","Strike_R","Strike_R","Strike_R","Defend_R","Defend_R","Defend_R","Defend_R","Bash","Pommel Strike","Body Slam+1","Fire Breathing+1","Shrug It Off+1","Corruption","Entrench","Power Through","Barricade"],"relics":["Burning Blood","NeowsBlessing","Medical Kit","Toy Ornithopter","Matryoshka","PreservedInsect","Runic Dome","Peace Pipe"],"acts_visited":["Exordium","TheCity"],"potions_floor_usage":[12,20],"damage_taken":[{"damage":0,"enemies":"Jaw Worm","floor":1,"turns":1},{"damage":0,"enemies":"Small Slimes","floor":3,"turns":1},{"damage":0,"enemies":"Lagavulin","floor":6,"turns":1},{"damage":1,"enemies":"Cultist","floor":8,"turns":3},{"damage":14,"enemies":"3 Sentries","floor":12,"turns":5},{"damage":27,"enemies":"Large Slime","floor":13,"turns":8},{"damage":12,"enemies":"Looter","floor":14,"turns":4},{"damage":33,"enemies":"Slime Boss","floor":16,"turns":8},{"damage":43,"enemies":"Shell Parasite","floor":18,"turns":6},{"damage":38,"enemies":"Chosen","floor":20,"turns":3}],"seed_played":"-6591906530633634643","potions_obtained":[{"floor":3,"key":"ColorlessPotion"},{"floor":13,"key":"SpeedPotion"},{"floor":16,"key":"EntropicBrew"}],"is_trial":false,"path_per_floor":["M","?","M","$","?","E","R","M","T","?","?","E","M","M","R","B",null,"M","?","M"],"character_chosen":"IRONCLAD","items_purchased":["Medical Kit","Fire Breathing"],"campfire_rested":0,"item_purchase_floors":[4,4],"current_hp_per_floor":[74,63,69,69,69,75,75,75,75,80,80,72,51,45,45,18,65,28,28,0,0],"gold":265,"neow_bonus":"THREE_ENEMY_KILL","is_daily":false,"chose_seed":false,"campfire_upgraded":2,"win_rate":0.0,"timestamp":1609462488,"path_taken":["M","?","M","$","?","E","R","?","T","?","?","E","M","M","R","BOSS","M","?","?"],"items_purchased_type":["Relic","Card"],"build_version":"2020-12-22","purchased_purges":0,"victory":false,"max_hp_per_floor":[75,75,75,75,75,75,75,75,75,80,80,80,80,80,80,80,80,80,80,80,80],"relic_stats":{"Peace Pipe":0,"counters":[10,40],"PreservedInsect":0,"Medical Kit":[3],"obtain_stats":[{"Peace Pipe":19,"Runic Dome":17,"Matryoshka":9,"NeowsBlessing":0,"PreservedInsect":12,"Medical Kit":4,"Burning Blood":0,"Toy Ornithopter":6},{"Peace Pipe":9,"Runic Dome":8,"Matryoshka":4,"NeowsBlessing":0,"PreservedInsect":5,"Medical Kit":2,"Burning Blood":0,"Toy Ornithopter":3},{"Peace Pipe":37,"Runic Dome":31,"Matryoshka":6,"NeowsBlessing":0,"PreservedInsect":11,"Medical Kit":2,"Burning Blood":0,"Toy Ornithopter":3}],"Burning Blood":49,"Toy Ornithopter":5},"card_choices":[{"not_picked":["Warcry","Shrug It Off"],"picked":"Pommel Strike","floor":1},{"not_picked":["Infernal Blade","Headbutt"],"picked":"Body Slam","floor":3},{"not_picked":["Searing Blow","True Grit"],"picked":"Shrug It Off","floor":6},{"not_picked":["Clash","Pummel","Havoc"],"picked":"SKIP","floor":8},{"not_picked":["Spot Weakness","Exhume"],"picked":"Entrench","floor":12},{"not_picked":["Clothesline","Cleave","Spot Weakness"],"picked":"SKIP","floor":13},{"not_picked":["Iron Wave","Flex"],"picked":"Power Through","floor":14},{"not_picked":["Brutality","Demon Form"],"picked":"Barricade","floor":16},{"not_picked":["Rampage","Clash+1","Headbutt"],"picked":"SKIP","floor":18}],"player_experience":912976,"relics_obtained":[{"floor":6,"key":"Toy Ornithopter"},{"floor":9,"key":"Matryoshka"},{"floor":12,"key":"PreservedInsect"}],"event_choices":[{"damage_healed":0,"gold_gain":75,"player_choice":"Gather Gold","damage_taken":11,"max_hp_gain":0,"max_hp_loss":0,"event_name":"World of Goop","floor":2,"gold_loss":0},{"damage_healed":0,"gold_gain":0,"player_choice":"Upgraded","damage_taken":0,"max_hp_gain":0,"max_hp_loss":0,"event_name":"Upgrade Shrine","floor":5,"gold_loss":0,"cards_upgraded":["Body Slam"]},{"damage_healed":0,"gold_gain":0,"player_choice":"Donut","damage_taken":0,"max_hp_gain":5,"max_hp_loss":0,"event_name":"Big Fish","floor":10,"gold_loss":0},{"damage_healed":0,"gold_gain":0,"cards_transformed":["Strike_R"],"player_choice":"Change","damage_taken":0,"max_hp_gain":0,"max_hp_loss":0,"event_name":"Living Wall","floor":11,"gold_loss":0,"cards_obtained":["Corruption"]},{"damage_healed":0,"gold_gain":0,"player_choice":"Gave Potion","damage_taken":0,"relics_obtained":["Peace Pipe"],"max_hp_gain":0,"max_hp_loss":0,"event_name":"WeMeetAgain","floor":19,"gold_loss":0}],"is_beta":false,"boss_relics":[{"not_picked":["Black Blood","Ectoplasm"],"picked":"Runic Dome"}],"items_purged_floors":[],"is_endless":false,"potions_floor_spawned":[3,13,16],"killed_by":"Chosen","ascension_level":20}}