{"host":"yludllxm6rzdxpbb","time":1609521650,"event":{"mods":["AchievementEnabler","BaseMod","Better Third Choice","BetterRewards","Colored Map","Colored Powertips","Hermit","Hubris","Infinite Spire","Minty Spire (QoL Compilation)","Quick Restart","Replay The Spire","StSLib","The Hierophant","The Necromancer"],"gold_per_floor":[109,127,69,88,88,88,100,132,179,179,179,192,192,209,209,209,209],"floor_reached":16,"playtime":739,"items_purged":[],"score":160,"play_id":"e57d5815-1d71-40f7-a8f2-496f0a3e25fe","local_time":"20210101202050","is_ascension_mode":true,"campfire_choices":[{"floor":6,"key":"RECALL"},{"data":"Metallicize","floor":10,"key":"SMITH"},{"data":"Metallicize","floor":15,"key":"SMITH"}],"circlet_count":0,"master_deck":["Strike_R","Strike_R","Strike_R","Strike_R","Strike_R","Defend_R","Defend_R","Defend_R","Defend_R","Perfected Strike","Combust","Bloodletting","Thunderclap","Twin Strike","Metallicize+1","Metallicize+1","Burning Pact","Survivor","Neutralize","Iron Wave+1","Disarm","Offering","PiercingWail"],"relics":["Burning Blood","hubris:DisguiseKit","Dream Catcher","hubris:Icosahedron"],"acts_visited":["Exordium"],"potions_floor_usage":[16,16],"damage_taken":[{"damage":7,"enemies":"2 Louse","floor":1,"turns":3},{"damage":0,"enemies":"Small Slimes","floor":2,"turns":3},{"damage":4,"enemies":"Jaw Worm","floor":4,"turns":3},{"damage":8,"enemies":"Large Slime","floor":7,"turns":7},{"damage":12,"enemies":"3 Sentries","floor":8,"turns":8},{"damage":2,"enemies":"Blue Slaver","floor":12,"turns":4},{"damage":10,"enemies":"3 Louse","floor":14,"turns":3},{"damage":68,"enemies":"Fading Forest","floor":16,"turns":9}],"seed_played":"588736843306774141","potions_obtained":[{"floor":4,"key":"SpeedPotion"},{"floor":8,"key":"Strength Potion"},{"floor":14,"key":"Strength Potion"}],"is_trial":false,"path_per_floor":["M","M","$","M","?","R","M","E","T","R","?","M","?","M","R","B"],"character_chosen":"IRONCLAD","items_purchased":["hubris:DisguiseKit","Perfected Strike","Combust","Bloodletting","Metallicize"],"campfire_rested":0,"item_purchase_floors":[0,0,0,0,3],"current_hp_per_floor":[64,70,70,72,72,72,70,64,64,64,64,68,68,64,64,0,0],"gold":209,"neow_bonus":"","is_daily":false,"chose_seed":false,"campfire_upgraded":2,"win_rate":0.0,"timestamp":1609521650,"path_taken":["M","M","$","M","?","R","M","E","T","R","?","M","?","M","R","BOSS"],"items_purchased_type":["Relic","Card","Card","Card","Card"],"build_version":"2020-12-22","purchased_purges":0,"victory":false,"max_hp_per_floor":[80,80,80,80,80,80,80,80,80,80,80,80,80,80,80,80,80],"card_choices":[{"not_picked":["Replay:Undeath\u0027s Touch","Combust","Quick Slash"],"picked":"Thunderclap","floor":1},{"not_picked":["Wild Strike","Sentinel","Slice"],"picked":"Twin Strike","floor":2},{"not_picked":["Shockwave","Sword Boomerang","hubris:SlightOfHand"],"picked":"Burning Pact","floor":4},{"not_picked":["Havoc","Brutality","Flying Knee"],"picked":"Iron Wave","floor":7},{"not_picked":["Headbutt","ReplayTheSpireMod:Strike From Hell","Masterful Stab"],"picked":"Disarm","floor":8},{"not_picked":["ReplayTheSpireMod:Strike From Hell","Armaments","Heel Hook"],"picked":"Offering","floor":12},{"not_picked":["Clash","Twin Strike","Abandon"],"picked":"PiercingWail","floor":14}],"player_experience":322584,"relics_obtained":[{"floor":8,"key":"Dream Catcher"}],"event_choices":[],"is_beta":false,"boss_relics":[],"items_purged_floors":[],"is_endless":false,"potions_floor_spawned":[4,8,14],"killed_by":"Fading Forest","ascension_level":1}}