{"host":"kiauivt48syq9iz6","time":1609530141,"event":{"mods":["A Magickal Journey","BaseMod","Conspire","Downfall","Hermit","Minty Spire (QoL Compilation)","Replay The Spire","SIMod","Somnambulant","StSLib","The Animator","The Construct","The Cursed","The Disciple","The Forsaken","The Judge","The Marked","The Runesmith","The Servant 0.9.4","The Spell Scribe"],"gold_per_floor":[117,117,131,181,2,2,15,29,29,29,58,261,211,227,227,332,332,354,378,378],"floor_reached":19,"playtime":1142,"items_purged":[],"score":261,"play_id":"0db6310b-bd51-4f33-a1ce-30f4736d2803","local_time":"20210101124221","is_ascension_mode":false,"campfire_choices":[{"data":"theScribe:CapacitanceScroll","floor":6,"key":"SMITH"},{"data":"theScribe:FrostvenomToxin","floor":10,"key":"SMITH"},{"floor":15,"key":"REST"}],"circlet_count":0,"master_deck":["theScribe:StarterAttack","theScribe:StarterAttack","theScribe:LightningStrike","theScribe:LightningStrike","theScribe:StarterDefend","theScribe:StarterDefend","theScribe:StarterDefend","theScribe:IcyDefend","theScribe:IcyDefend","theScribe:StarterModifier","theScribe:EnchantedStrike","theScribe:Dark+1","theScribe:FrostvenomToxin+1","theScribe:CapacitanceScroll+1","theScribe:StaticSeries","theScribe:LightningBolt","theScribe:FranticSearch","ReplayTheSpireMod:Splinters","Pain","Looming Evil","theScribe:Incendio","conspire:SpireCoStock","theScribe:MirrorImage","theScribe:RecurringRime","Sickly","Injury","animator:Curse_Greed","Amnesia","theScribe:InvigoratingStrike+1","theScribe:WeirdToxin+1"],"relics":["theScribe:StarterRelic1","ReplayTheSpireMod:Ring of Challenge","Ring of Greed","MealTicket","Blue Doll","Bottled Lightning","Replay:Ancient Bell","Dream Catcher","Sundial","TungstenRod"],"acts_visited":["Exordium","TheCity"],"potions_floor_usage":[8,16,18],"damage_taken":[{"damage":1,"enemies":"2 Louse","floor":1,"turns":4},{"damage":0,"enemies":"Small Slimes","floor":3,"turns":5},{"damage":0,"enemies":"conspire:RoseBush","floor":7,"turns":3},{"damage":7,"enemies":"Looter","floor":8,"turns":3},{"damage":6,"enemies":"Blue Slaver","floor":11,"turns":3},{"damage":14,"enemies":"Gremlin Gang","floor":14,"turns":5},{"damage":54,"enemies":"The Guardian","floor":16,"turns":13},{"damage":36,"enemies":"Spheric Guardian","floor":18,"turns":6},{"damage":43,"enemies":"Chosen","floor":19,"turns":9}],"seed_played":"-1668861977555849310","potions_obtained":[{"floor":3,"key":"DistilledChaos"},{"floor":7,"key":"Elixir"},{"floor":16,"key":"AttackPotion"},{"floor":19,"key":"BlessingOfTheForge"}],"is_trial":false,"path_per_floor":["M","?","M","?","$","R","M","M","T","R","M","?","?","M","R","B",null,"M","M"],"character_chosen":"THE_SCRIBE","items_purchased":["theScribe:Dark+1","theScribe:FrostvenomToxin","theScribe:CapacitanceScroll"],"campfire_rested":1,"item_purchase_floors":[5,5,5],"current_hp_per_floor":[81,86,86,86,87,87,87,80,80,80,74,74,74,60,86,32,87,51,8,8],"gold":378,"neow_bonus":"TEN_PERCENT_HP_BONUS","is_daily":false,"chose_seed":false,"campfire_upgraded":2,"win_rate":0.0,"timestamp":1609530141,"path_taken":["M","?","M","?","$","R","M","M","T","R","M","?","?","M","R","BOSS","M","M"],"items_purchased_type":["Card","Card","Card"],"build_version":"2020-12-22","purchased_purges":0,"victory":false,"max_hp_per_floor":[82,87,87,87,87,87,87,87,87,87,87,87,87,87,87,87,87,87,87,87],"card_choices":[{"not_picked":["theScribe:InvigoratingStrike","theScribe:Dark"],"picked":"theScribe:EnchantedStrike","floor":1},{"not_picked":["theScribe:AmplifyingSpellstone","theScribe:FocusingBlow","theScribe:PiercingBolts"],"picked":"SKIP","floor":3},{"not_picked":["theScribe:PriceOfKnowledge","theScribe:Divination"],"picked":"theScribe:StaticSeries","floor":7},{"not_picked":["theScribe:GatherComponents","theScribe:Thunder"],"picked":"theScribe:LightningBolt","floor":8},{"not_picked":["theScribe:Divination","theScribe:ForkedBolt"],"picked":"theScribe:FranticSearch","floor":11},{"not_picked":["theScribe:BarrierOfLight","theScribe:SanguineSurge"],"picked":"theScribe:Incendio","floor":12},{"not_picked":["theScribe:Dark","theScribe:Thunder"],"picked":"theScribe:MirrorImage","floor":14},{"not_picked":["theScribe:ForkedBolt","theScribe:TimeDilation"],"picked":"theScribe:RecurringRime","floor":16},{"not_picked":["Replay:Hysterical Blindness","conspire:Blindness"],"picked":"Sickly","floor":17},{"not_picked":["animator:Curse_Dizziness","SwitchThreat"],"picked":"Injury","floor":17},{"not_picked":["ReplayTheSpireMod:Splinters","Decay"],"picked":"animator:Curse_Greed","floor":17},{"not_picked":["theScribe:FranticSearch","theScribe:GlaciesSpellstone"],"picked":"theScribe:InvigoratingStrike+1","floor":18},{"not_picked":["theScribe:FrostvenomToxin+1","theScribe:AmplifyingSpellstone+1"],"picked":"theScribe:WeirdToxin+1","floor":19}],"player_experience":127431,"relics_obtained":[{"floor":4,"key":"ReplayTheSpireMod:Ring of Challenge"},{"floor":4,"key":"Ring of Greed"},{"floor":4,"key":"MealTicket"},{"floor":4,"key":"Blue Doll"},{"floor":9,"key":"Bottled Lightning"}],"event_choices":[{"damage_healed":0,"gold_gain":0,"player_choice":"Donut","damage_taken":0,"max_hp_gain":5,"max_hp_loss":0,"event_name":"Big Fish","floor":2,"gold_loss":0},{"damage_healed":0,"gold_gain":0,"player_choice":"Invest 1","damage_taken":0,"max_hp_gain":0,"max_hp_loss":0,"event_name":"conspire:Investor","floor":13,"gold_loss":0}],"is_beta":false,"boss_relics":[{"not_picked":["theForsaken:PaleLantern","Calling Bell"],"picked":"Replay:Ancient Bell"},{"not_picked":["War Paint","theForsaken:Gavel"],"picked":"Dream Catcher"},{"not_picked":["theForsaken:ScaryMask","conspire:Dentures"],"picked":"Sundial"},{"not_picked":["construct:RocketBooster","conspire:GiftBox"],"picked":"TungstenRod"}],"items_purged_floors":[],"is_endless":false,"potions_floor_spawned":[3,7,16,19],"killed_by":"Chosen","ascension_level":0}}