{"host":"y6s8mw1hb3jg98nz","time":1609524815,"event":{"mods":["Aspiration","BaseMod","Better Match","Better Note","Better Third Choice","BetterRewards","Colored Map","Colored Powertips","Googly Eyes","Halation","Minty Spire (QoL Compilation)","Quick Restart","Rare Cards Sparkle","Relic Stats","Replay The Spire","Shop Mod","Spicy Shops","StSLib"],"gold_per_floor":[112,124,224,22,35,67,84,97,97,109,122,122,134,149,149,251,251,265,277,277,277,287,318,346,358,424,456,468,480,432,444,444],"floor_reached":31,"playtime":2860,"items_purged":[],"score":263,"play_id":"2d0d84bf-2baf-481c-bb1a-20299760fcb9","local_time":"20210102044335","is_ascension_mode":false,"campfire_choices":[{"floor":15.0,"key":"REST"}],"circlet_count":1,"master_deck":["Strike_G","Strike_G","Strike_G","Strike_G","Strike_G","Defend_G","Defend_G","Defend_G","Defend_G","Defend_G","Survivor","Neutralize","Prepared","Dodge and Roll","Accuracy","Backflip","Dash","Flying Knee","Deadly Poison","Noxious Fumes+1","Poisoned Stab","Dagger Throw","Deadly Poison","Night Terror","Acrobatics+1","Catalyst+1","Dagger Spray","Quick Slash","Calculated Gamble","Hallucinations"],"relics":["Ring of the Snake","NeowsBlessing","aspiration:Nostalgia","Burning Blood","Bottled Flame","Circlet","halation:SmartPhone","GremlinMask","MawBank","Blood Vial","aspiration:FetidBarrel","Ring of Hypnosis","ReplayTheSpireMod:Ring of Exchange"],"acts_visited":["Exordium","TheCity"],"potions_floor_usage":[16,16,22,31],"damage_taken":[{"damage":0.0,"enemies":"Jaw Worm","floor":1.0,"turns":1.0},{"damage":0.0,"enemies":"Cultist","floor":2.0,"turns":1.0},{"damage":0.0,"enemies":"Small Slimes","floor":5.0,"turns":1.0},{"damage":51.0,"enemies":"3 Sentries","floor":6.0,"turns":19.0},{"damage":8.0,"enemies":"3 Louse","floor":7.0,"turns":6.0},{"damage":11.0,"enemies":"Exordium Wildlife","floor":8.0,"turns":5.0},{"damage":2.0,"enemies":"Blue Slaver","floor":10.0,"turns":6.0},{"damage":7.0,"enemies":"Large Slime","floor":11.0,"turns":6.0},{"damage":7.0,"enemies":"Gremlin Gang","floor":13.0,"turns":5.0},{"damage":3.0,"enemies":"Blue Slaver","floor":14.0,"turns":3.0},{"damage":50,"enemies":"Fading Forest","floor":16,"turns":11},{"damage":17,"enemies":"Chosen","floor":18,"turns":5},{"damage":11,"enemies":"3 Byrds","floor":19,"turns":6},{"damage":13,"enemies":"Cultist and Chosen","floor":22,"turns":6},{"damage":25,"enemies":"Replay:Snechameleon","floor":23,"turns":5},{"damage":13,"enemies":"Chosen and Byrds","floor":24,"turns":6},{"damage":20,"enemies":"Snake Plant","floor":27,"turns":4},{"damage":20,"enemies":"Centurion and Healer","floor":31,"turns":2}],"seed_played":"1733672517549997699","potions_obtained":[{"floor":2.0,"key":"Fruit Juice"},{"floor":8.0,"key":"Explosive Potion"},{"floor":11.0,"key":"SpeedPotion"},{"floor":13.0,"key":"Weak Potion"},{"floor":14.0,"key":"Strength Potion"},{"floor":16,"key":"Swift Potion"},{"floor":19,"key":"EssenceOfSteel"},{"floor":24,"key":"Dexterity Potion"}],"is_trial":false,"path_per_floor":["M","M","?","$","M","E","M","M","T","M","M","?","M","M","R","B",null,"M","M","?","?","M","E","M","?","T","M","?","?","?","M"],"character_chosen":"THE_SILENT","items_purchased":["aspiration:Nostalgia","SkillPotion","Accuracy"],"campfire_rested":1,"item_purchase_floors":[4,4,4],"current_hp_per_floor":[70,75,75,75,75,30,28,23,23,27,26,26,25,28,50,28,75,57,52,75,75,68,49,40,40,40,21,21,14,14,0,0],"gold":444,"neow_bonus":"THREE_ENEMY_KILL","is_daily":false,"chose_seed":false,"campfire_upgraded":0,"win_rate":0.0,"timestamp":1609524815,"path_taken":["M","M","?","$","M","E","M","M","T","M","?","?","M","M","R","BOSS","M","M","?","?","M","E","M","?","T","?","?","?","?","M"],"items_purchased_type":["Relic","Potion","Card"],"build_version":"2020-12-22","purchased_purges":0,"victory":false,"max_hp_per_floor":[70,75,75,75,75,75,75,75,75,75,75,75,75,75,75,75,75,75,75,75,75,75,75,75,75,75,75,75,75,75,75,75],"relic_stats":{"Blood Vial":4,"counters":[24,120],"MawBank":96,"obtain_stats":[{"halation:SmartPhone":17,"ReplayTheSpireMod:Ring of Exchange":29,"NeowsBlessing":0,"Ring of Hypnosis":29,"Golden Idol":4,"aspiration:Nostalgia":4,"aspiration:FetidBarrel":28,"Dead Branch":6,"Circlet":0,"GremlinMask":21,"Smiling Mask":7,"MawBank":23,"Burning Blood":4,"Blood Vial":26,"BranchBurnRelic":15,"Bottled Flame":9,"Ring of the Snake":0},{"halation:SmartPhone":17,"ReplayTheSpireMod:Ring of Exchange":23,"NeowsBlessing":0,"Ring of Hypnosis":23,"Golden Idol":3,"aspiration:Nostalgia":8,"aspiration:FetidBarrel":23,"Dead Branch":10,"Circlet":0,"GremlinMask":19,"Smiling Mask":5,"MawBank":21,"Burning Blood":8,"Blood Vial":22,"BranchBurnRelic":16,"Bottled Flame":12,"Ring of the Snake":0},{"halation:SmartPhone":86,"ReplayTheSpireMod:Ring of Exchange":118,"NeowsBlessing":0,"Ring of Hypnosis":118,"Golden Idol":3,"aspiration:Nostalgia":24,"aspiration:FetidBarrel":118,"Dead Branch":44,"Circlet":0,"GremlinMask":97,"Smiling Mask":18,"MawBank":108,"Burning Blood":24,"Blood Vial":114,"BranchBurnRelic":75,"Bottled Flame":55,"Ring of the Snake":0}],"Burning Blood":84,"Ring of the Snake":[48]},"card_choices":[{"not_picked":["Dodge and Roll","Cloak And Dagger"],"picked":"Prepared","floor":1.0},{"not_picked":["Predator","Choke"],"picked":"Dodge and Roll","floor":2.0},{"not_picked":["Bane","Prepared"],"picked":"Backflip","floor":5.0},{"not_picked":["Envenom","Sneak Up"],"picked":"Dash","floor":6.0},{"not_picked":["Accuracy","Outmaneuver"],"picked":"Flying Knee","floor":7.0},{"not_picked":["Accuracy","Prepared"],"picked":"Deadly Poison","floor":8.0},{"not_picked":["ReplayTheSpireMod:The Works","Sucker Punch"],"picked":"Noxious Fumes","floor":10.0},{"not_picked":["Replay:Bag of Tricks","Bane"],"picked":"Poisoned Stab","floor":11.0},{"not_picked":["Dash","Skewer"],"picked":"Dagger Throw","floor":13.0},{"not_picked":["Underhanded Strike","Hidden Blade"],"picked":"Deadly Poison","floor":14.0},{"not_picked":["Wraith Form v2","ReplayTheSpireMod:From All Sides"],"picked":"Night Terror","floor":16},{"not_picked":["Dodge and Roll","Bane"],"picked":"Acrobatics+1","floor":18},{"not_picked":["Flying Knee","Sucker Punch"],"picked":"Heel Hook","floor":19},{"not_picked":["Acrobatics","Dagger Spray"],"picked":"Catalyst+1","floor":22},{"not_picked":["Slice","Flechettes+1"],"picked":"Dagger Spray","floor":23},{"not_picked":["Blade Dance","Distraction"],"picked":"Quick Slash","floor":24},{"not_picked":["Dodge and Roll","Hidden Blade"],"picked":"Calculated Gamble","floor":27}],"player_experience":136987,"relics_obtained":[{"floor":6.0,"key":"Dead Branch"},{"floor":9.0,"key":"Bottled Flame"},{"floor":23,"key":"MawBank"},{"floor":26,"key":"Blood Vial"},{"floor":28,"key":"aspiration:FetidBarrel"},{"floor":29,"key":"Ring of Hypnosis"},{"floor":29,"key":"ReplayTheSpireMod:Ring of Exchange"}],"event_choices":[{"damage_healed":0.0,"max_hp_gain":0.0,"max_hp_loss":0.0,"gold_gain":100.0,"event_name":"Wheel of Change","player_choice":"Gold","floor":3.0,"gold_loss":0.0,"damage_taken":0.0},{"damage_healed":0.0,"max_hp_gain":0.0,"max_hp_loss":0.0,"gold_gain":0.0,"event_name":"Living Wall","player_choice":"Grow","floor":12.0,"gold_loss":0.0,"damage_taken":0.0,"cards_upgraded":["Noxious Fumes"]},{"cards_removed":["Heel Hook"],"damage_healed":23,"gold_gain":0,"player_choice":"Offered Uncommon","damage_taken":0,"max_hp_gain":0,"max_hp_loss":0,"event_name":"Bonfire Elementals","floor":20,"gold_loss":0},{"damage_healed":0,"gold_gain":0,"player_choice":"Trade","damage_taken":0,"relics_obtained":["GremlinMask"],"max_hp_gain":0,"max_hp_loss":0,"event_name":"FaceTrader","floor":21,"gold_loss":0},{"damage_healed":0,"gold_gain":0,"player_choice":"Bought 0 Potions","damage_taken":0,"max_hp_gain":0,"max_hp_loss":0,"event_name":"The Woman in Blue","floor":25,"gold_loss":0},{"damage_healed":0,"gold_gain":0,"player_choice":"Relic","damage_taken":0,"max_hp_gain":0,"max_hp_loss":0,"event_name":"Wheel of Change","floor":28,"gold_loss":0}],"is_beta":false,"boss_relics":[{"not_picked":["Cursed Key","halation:MonkeysPaw"],"picked":"halation:SmartPhone"}],"items_purged_floors":[],"is_endless":false,"potions_floor_spawned":[2,8,11,13,14,16,19,24],"killed_by":"Centurion and Healer","ascension_level":0}}