{"host":"5fpb1gzflhq9886n","time":1609472317,"event":{"mods":["AchievementEnabler","BaseMod","Colored Map","Colored Powertips","Minty Spire (QoL Compilation)","Permanent Neow"],"gold_per_floor":[212,69,344,354,373,373,399,399,399,79,29,29,47,80,80,183,183,194,204,9,9,22,50,50,75,123,123,134,153,178,195,195,195,195],"floor_reached":33,"playtime":2024,"items_purged":["Regret","Strike_B"],"score":378,"play_id":"7a29b124-f986-421a-9283-f961e92135d4","local_time":"20201231223837","is_ascension_mode":true,"campfire_choices":[{"data":"Hello World","floor":6.0,"key":"SMITH"},{"floor":8.0,"key":"REST"},{"data":"Biased Cognition","floor":15.0,"key":"SMITH"},{"data":"Loop","floor":24,"key":"SMITH"},{"floor":27,"key":"RECALL"},{"data":"Genetic Algorithm","floor":32,"key":"SMITH"}],"circlet_count":0,"master_deck":["Strike_B","Defend_B","Defend_B","Defend_B","Defend_B","Zap","Dualcast","Melter","Hello World+1","Leap","Conserve Battery","Sweeping Beam","Ball Lightning","Cold Snap","Cold Snap","Tempest","Ball Lightning+1","Auto Shields","Sunder+1","Biased Cognition+1","Seek","Chill","Self Repair+1","Loop+1","Echo Form","FTL+1","Machine Learning","Genetic Algorithm+1"],"relics":["Cracked Core","Molten Egg 2","Runic Capacitor","TungstenRod","Coffee Dripper","Membership Card","Nloth\u0027s Gift","Cables","Thread and Needle","Boot","Toy Ornithopter"],"acts_visited":["Exordium","TheCity"],"potions_floor_usage":[23,31,33,33],"damage_taken":[{"damage":2.0,"enemies":"Jaw Worm","floor":1.0,"turns":3.0},{"damage":3.0,"enemies":"Cultist","floor":4.0,"turns":3.0},{"damage":7.0,"enemies":"2 Louse","floor":5.0,"turns":2.0},{"damage":24.0,"enemies":"Gremlin Nob","floor":7.0,"turns":4.0},{"damage":9.0,"enemies":"Blue Slaver","floor":13.0,"turns":4.0},{"damage":10.0,"enemies":"3 Sentries","floor":14.0,"turns":4.0},{"damage":7.0,"enemies":"The Guardian","floor":16.0,"turns":8.0},{"damage":27.0,"enemies":"2 Thieves","floor":18.0,"turns":4.0},{"damage":0,"enemies":"Spheric Guardian","floor":19,"turns":2},{"damage":4,"enemies":"Chosen and Byrds","floor":22,"turns":5},{"damage":15,"enemies":"Gremlin Leader","floor":23,"turns":6},{"damage":32,"enemies":"Slavers","floor":25,"turns":4},{"damage":0,"enemies":"Cultist and Chosen","floor":28,"turns":5},{"damage":0,"enemies":"Sentry and Sphere","floor":29,"turns":3},{"damage":5,"enemies":"Book of Stabbing","floor":30,"turns":4},{"damage":12,"enemies":"Snake Plant","floor":31,"turns":4},{"damage":20,"enemies":"Automaton","floor":33,"turns":6}],"seed_played":"314776509305534355","potions_obtained":[{"floor":1.0,"key":"SmokeBomb"},{"floor":5.0,"key":"AttackPotion"},{"floor":13.0,"key":"SpeedPotion"},{"floor":22,"key":"Fruit Juice"},{"floor":30,"key":"EssenceOfDarkness"},{"floor":31,"key":"PotionOfCapacity"}],"is_trial":false,"path_per_floor":["M","$","?","M","M","R","E","R","T","$","?","?","M","E","R","B",null,"M","M","$","?","M","E","R","E","T","R","M","M","E","M","R","B"],"character_chosen":"DEFECT","items_purchased":["Orrery","Ball Lightning+1","Auto Shields","Runic Capacitor","Membership Card"],"campfire_rested":1,"item_purchase_floors":[2,10,10,10,20],"current_hp_per_floor":[73,73,73,70,63,63,39,61,61,61,61,61,52,42,42,35,75,48,48,48,48,44,44,44,22,22,22,22,22,17,10,10,0,0],"gold":195,"neow_bonus":"HUNDRED_GOLD","is_daily":false,"chose_seed":false,"campfire_upgraded":4,"win_rate":0.0,"timestamp":1609472317,"path_taken":["M","$","?","?","M","R","E","R","T","$","?","?","M","E","R","BOSS","M","?","$","?","?","E","R","E","T","R","M","M","E","M","R","BOSS"],"items_purchased_type":["Relic","Card","Card","Relic","Relic"],"build_version":"2020-12-22","purchased_purges":2,"victory":false,"max_hp_per_floor":[75,75,75,75,75,75,75,75,75,75,75,75,75,75,75,75,75,75,75,75,75,75,80,80,80,80,80,80,80,80,80,80,80,80],"card_choices":[{"not_picked":["Rip and Tear","Compile Driver"],"picked":"Melter","floor":1.0},{"not_picked":["Redo","Glacier"],"picked":"Hello World","floor":2.0},{"not_picked":["Heatsinks","Stack"],"picked":"Leap","floor":2.0},{"not_picked":["Compile Driver","Stack"],"picked":"Conserve Battery","floor":2.0},{"not_picked":["Multi-Cast","Stack"],"picked":"Sweeping Beam","floor":2.0},{"not_picked":["Fusion","Chaos"],"picked":"Ball Lightning","floor":2.0},{"not_picked":["Fusion","Redo"],"picked":"Cold Snap","floor":4.0},{"not_picked":["Doom and Gloom","Coolheaded"],"picked":"Cold Snap","floor":5.0},{"not_picked":["Conserve Battery","Reprogram"],"picked":"Tempest","floor":7.0},{"not_picked":["Stack","Force Field"],"picked":"Sunder+1","floor":13.0},{"not_picked":["Tempest","Go for the Eyes+1"],"picked":"Biased Cognition","floor":14.0},{"not_picked":["Fission","Machine Learning"],"picked":"Seek","floor":16.0},{"not_picked":["Rebound+1","Hologram"],"picked":"Chill","floor":18.0},{"not_picked":["Chill","Stack","Chaos"],"picked":"SKIP","floor":19},{"not_picked":["Core Surge+1","Creative AI"],"picked":"Self Repair+1","floor":22},{"not_picked":["Coolheaded","Sunder+1"],"picked":"Loop","floor":23},{"not_picked":["Biased Cognition","Turbo","Reprogram"],"picked":"SKIP","floor":25},{"not_picked":["Gash+1","Lockon+1"],"picked":"Echo Form","floor":28},{"not_picked":["Go for the Eyes+1","Gash+1"],"picked":"FTL+1","floor":29},{"not_picked":["Undo","Ball Lightning+1"],"picked":"Machine Learning","floor":30},{"not_picked":["Sunder+1","Redo+1"],"picked":"Genetic Algorithm","floor":31}],"player_experience":646304,"relics_obtained":[{"floor":7.0,"key":"Molten Egg 2"},{"floor":14.0,"key":"TungstenRod"},{"floor":23,"key":"Cables"},{"floor":25,"key":"Thread and Needle"},{"floor":26,"key":"Boot"},{"floor":30,"key":"Toy Ornithopter"}],"event_choices":[{"damage_healed":0.0,"max_hp_gain":0.0,"max_hp_loss":0.0,"gold_gain":275.0,"event_name":"Golden Shrine","player_choice":"Desecrate","floor":3.0,"gold_loss":0.0,"damage_taken":0.0,"cards_obtained":["Regret"]},{"cards_removed":["Strike_B"],"damage_healed":0.0,"max_hp_gain":0.0,"max_hp_loss":0.0,"gold_gain":0.0,"event_name":"The Cleric","player_choice":"Card Removal","floor":11.0,"gold_loss":50.0,"damage_taken":0.0},{"cards_removed":["Strike_B"],"damage_healed":0.0,"max_hp_gain":0.0,"max_hp_loss":0.0,"gold_gain":0.0,"event_name":"Bonfire Elementals","player_choice":"Offered Basic","floor":12.0,"gold_loss":0.0,"damage_taken":0.0},{"damage_healed":0,"gold_gain":0,"player_choice":"Traded Relic","damage_taken":0,"relics_obtained":["Nloth\u0027s Gift"],"max_hp_gain":0,"max_hp_loss":0,"event_name":"N\u0027loth","floor":21,"relics_lost":["Orrery"],"gold_loss":0}],"is_beta":false,"boss_relics":[{"not_picked":["Black Star","Empty Cage"],"picked":"Coffee Dripper"}],"items_purged_floors":[10,20],"is_endless":false,"potions_floor_spawned":[1,5,13,22,30,31],"killed_by":"Automaton","ascension_level":4}}