{"host":"BK","time":1609463535,"event":{"mods":["BaseMod","Highlight Path","Minty Spire (QoL Compilation)","StSLib"],"gold_per_floor":[13,33,33,52,71,71,88,88,88,88,121,121,134,162,162,162,162],"floor_reached":16,"playtime":599,"items_purged":[],"score":224,"play_id":"0965bfb4-8b8a-4520-bb72-90b06dc657e1","local_time":"20201231181215","is_ascension_mode":true,"campfire_choices":[{"data":"Riddle With Holes","floor":6,"key":"SMITH"},{"data":"Dagger Throw","floor":8,"key":"SMITH"},{"floor":12,"key":"REST"},{"data":"Deadly Poison","floor":15,"key":"SMITH"}],"circlet_count":0,"master_deck":["AscendersBane","Strike_G","Strike_G","Strike_G","Strike_G","Strike_G","Defend_G","Defend_G","Defend_G","Defend_G","Defend_G","Survivor","Neutralize","Die Die Die+1","Riddle With Holes+1","Dagger Throw+1","Backflip","Deadly Poison+1"],"relics":["Ring of the Snake","Snake Skull","Akabeko","Darkstone Periapt"],"acts_visited":["Exordium"],"potions_floor_usage":[11,16,16],"damage_taken":[{"damage":2,"enemies":"Jaw Worm","floor":1,"turns":5},{"damage":0,"enemies":"Small Slimes","floor":2,"turns":2},{"damage":0,"enemies":"Cultist","floor":4,"turns":3},{"damage":6,"enemies":"3 Louse","floor":5,"turns":3},{"damage":8,"enemies":"Blue Slaver","floor":7,"turns":4},{"damage":7,"enemies":"3 Sentries","floor":11,"turns":5},{"damage":2,"enemies":"2 Fungi Beasts","floor":13,"turns":3},{"damage":8,"enemies":"Gremlin Nob","floor":14,"turns":3},{"damage":53,"enemies":"Slime Boss","floor":16,"turns":7}],"seed_played":"-5899222752716157520","potions_obtained":[{"floor":1,"key":"Swift Potion"},{"floor":2,"key":"Strength Potion"},{"floor":11,"key":"FairyPotion"},{"floor":14,"key":"DuplicationPotion"}],"is_trial":false,"path_per_floor":["M","M","?","M","M","R","M","R","T","?","E","R","M","E","R","B"],"character_chosen":"THE_SILENT","items_purchased":[],"campfire_rested":1,"item_purchase_floors":[],"current_hp_per_floor":[57,57,57,57,51,51,43,43,43,43,36,55,53,45,45,0,0],"gold":162,"neow_bonus":"THREE_RARE_CARDS","is_daily":false,"chose_seed":false,"campfire_upgraded":3,"win_rate":0.0,"timestamp":1609463535,"path_taken":["M","M","?","M","M","R","M","R","T","?","E","R","?","E","R","BOSS"],"items_purchased_type":[],"build_version":"2020-12-18","purchased_purges":0,"victory":false,"max_hp_per_floor":[66,66,66,66,66,66,66,66,66,66,66,66,66,66,66,66,66],"card_choices":[{"not_picked":["After Image","Doppelganger"],"picked":"Die Die Die","floor":0},{"not_picked":["Endless Agony","Distraction"],"picked":"Riddle With Holes","floor":1},{"not_picked":["Slice","Deflect","Dodge and Roll"],"picked":"SKIP","floor":2},{"not_picked":["Bane","Deflect"],"picked":"Dagger Throw","floor":4},{"not_picked":["Setup","Dagger Spray","Calculated Gamble"],"picked":"SKIP","floor":5},{"not_picked":["Bane","Backstab","Terror"],"picked":"SKIP","floor":7},{"not_picked":["Dagger Spray","Acrobatics"],"picked":"Backflip","floor":11},{"not_picked":["Blade Dance","Deflect","Flying Knee"],"picked":"SKIP","floor":13},{"not_picked":["Setup","Grand Finale"],"picked":"Deadly Poison","floor":14}],"player_experience":2488916,"relics_obtained":[{"floor":9,"key":"Snake Skull"},{"floor":11,"key":"Akabeko"},{"floor":14,"key":"Darkstone Periapt"}],"event_choices":[{"damage_healed":0,"gold_gain":0,"player_choice":"Grow","damage_taken":0,"max_hp_gain":0,"max_hp_loss":0,"event_name":"Living Wall","floor":3,"gold_loss":0,"cards_upgraded":["Die Die Die"]},{"damage_healed":0,"gold_gain":0,"player_choice":"Got Potions","damage_taken":0,"max_hp_gain":0,"max_hp_loss":0,"event_name":"Lab","floor":10,"gold_loss":0}],"is_beta":true,"boss_relics":[],"items_purged_floors":[],"is_endless":false,"potions_floor_spawned":[1,2,7,11,14],"killed_by":"Slime Boss","ascension_level":20}}