{"host":"igj4vwc42ivwqexo","time":1609465121,"event":{"mods":["BaseMod","Better Third Choice","Koishi","Marisa????????","Minty Spire (QoL Compilation)","Shop Mod","StSLib","The Blue Laboratory","The Disciple","The Hierophant","The Servant 0.9.4"],"gold_per_floor":[117,128,303,303,315,315,328,355,380,380,409,409,409,434,434,530,530,547,561,561,573,588,618,618,618,618,647,647,694,722,722,722,819,819,833,875,925,950,962,962,991,991,1045,1110,1140,675,748,769,769,799],"floor_reached":51,"playtime":18574,"items_purged":["Doubt"],"score":917,"play_id":"7fc50b85-14a3-4e65-b887-7984b1904686","local_time":"20210101023841","is_ascension_mode":true,"campfire_choices":[{"data":"Eruption","floor":6,"key":"SMITH"},{"data":"ClearTheMind","floor":10,"key":"SMITH"},{"data":"Vigilance","floor":13,"key":"SMITH"},{"data":"SpiritShield","floor":15,"key":"SMITH"},{"data":"Wish","floor":24,"key":"SMITH"},{"data":"Crescendo","floor":28,"key":"SMITH"},{"data":"Establishment","floor":32,"key":"SMITH"},{"data":"Scrawl","floor":40,"key":"SMITH"},{"data":"Devotion","floor":42,"key":"SMITH"},{"data":"MentalFortress","floor":49,"key":"SMITH"}],"circlet_count":0,"master_deck":["Strike_P","Defend_P","Defend_P","Eruption+1","Vigilance+1","MentalFortress+1","CutThroughFate","Indignation","ClearTheMind+1","ThirdEye","CarveReality","SpiritShield+1","Devotion+1","Protect+1","Vault+1","InnerPeace+1","SandsOfTime","EmptyFist","Halt","FlurryOfBlows","CarveReality","Wish+1","Writhe","Crescendo+1","Establishment+1","Scrawl+1","Evaluate+1","DeceiveReality","EmptyFist","FearNoEvil+1","EmptyBody+1","Prostrate+1","InnerPeace+1"],"relics":["PureWater","Akabeko","Bronze Scales","Toy Ornithopter","HornCleat","Nunchaku","Astrolabe","Tiny Chest","White Beast Statue","Strawberry","InkBottle","Orichalcum","VioletLotus","Bird Faced Urn","Centennial Puzzle","Blood Vial","Regal Pillow","MawBank","Damaru","Ornamental Fan","CeramicFish"],"acts_visited":["Exordium","TheCity","TheBeyond"],"potions_floor_usage":[8,11,16,16,21,27,30,36,36,44,44,50,50,50,50],"damage_taken":[{"damage":1,"enemies":"2 Louse","floor":1,"turns":4},{"damage":7,"enemies":"Small Slimes","floor":2,"turns":3},{"damage":3,"enemies":"Jaw Worm","floor":5,"turns":3},{"damage":0,"enemies":"Large Slime","floor":7,"turns":2},{"damage":29,"enemies":"Lagavulin","floor":8,"turns":8},{"damage":17,"enemies":"Gremlin Nob","floor":11,"turns":5},{"damage":8,"enemies":"Lagavulin","floor":14,"turns":4},{"damage":16,"enemies":"The Guardian","floor":16,"turns":12},{"damage":0,"enemies":"Spheric Guardian","floor":18,"turns":5},{"damage":0,"enemies":"Shell Parasite","floor":19,"turns":4},{"damage":12,"enemies":"Snake Plant","floor":21,"turns":5},{"damage":4,"enemies":"Centurion and Healer","floor":22,"turns":5},{"damage":7,"enemies":"Book of Stabbing","floor":23,"turns":6},{"damage":12,"enemies":"Slavers","floor":27,"turns":7},{"damage":0,"enemies":"3 Cultists","floor":29,"turns":5},{"damage":3,"enemies":"Gremlin Leader","floor":30,"turns":6},{"damage":7,"enemies":"Champ","floor":33,"turns":9},{"damage":7,"enemies":"3 Darklings","floor":35,"turns":4},{"damage":25,"enemies":"3 Shapes","floor":36,"turns":4},{"damage":2,"enemies":"Mind Bloom Boss Battle","floor":37,"turns":9},{"damage":8,"enemies":"Sphere and 2 Shapes","floor":39,"turns":4},{"damage":7,"enemies":"Reptomancer","floor":41,"turns":8},{"damage":12,"enemies":"Nemesis","floor":44,"turns":3},{"damage":16,"enemies":"Spire Growth","floor":45,"turns":4},{"damage":0,"enemies":"Giant Head","floor":47,"turns":7},{"damage":0,"enemies":"Jaw Worm Horde","floor":48,"turns":4},{"damage":33,"enemies":"Awakened One","floor":50,"turns":18}],"seed_played":"8657706592769163688","potions_obtained":[{"floor":1,"key":"blueLaboratory:TrueEctoplasm"},{"floor":2,"key":"Dexterity Potion"},{"floor":8,"key":"blueLaboratory:BottledHope"},{"floor":11,"key":"Energy Potion"},{"floor":18,"key":"blueLaboratory:FruitPunch"},{"floor":19,"key":"Fire Potion"},{"floor":23,"key":"AttackPotion"},{"floor":27,"key":"SkillPotion"},{"floor":29,"key":"blueLaboratory:AbyssPotion"},{"floor":30,"key":"LiquidBronze"},{"floor":33,"key":"blueLaboratory:MidnightOil"},{"floor":36,"key":"blueLaboratory:LouseDecoction"},{"floor":37,"key":"EntropicBrew"},{"floor":41,"key":"ColorlessPotion"},{"floor":44,"key":"blueLaboratory:PhilterOfMotion"},{"floor":45,"key":"blueLaboratory:Moonshine"},{"floor":47,"key":"DistilledChaos"}],"is_trial":false,"path_per_floor":["M","M","?","?","M","R","M","E","T","R","E","?","R","E","R","B",null,"M","M","?","M","M","E","R","?","T","E","R","M","E","?","R","B",null,"M","M","?","T","M","R","E","R","T","E","M","$","E","M","R","B",null],"character_chosen":"WATCHER","items_purchased":["Damaru","Ornamental Fan"],"campfire_rested":0,"item_purchase_floors":[46,46],"current_hp_per_floor":[78,71,71,71,68,68,68,39,39,39,27,20,20,12,12,6,79,79,79,79,74,70,63,63,63,70,63,63,63,65,48,48,41,93,86,69,67,67,63,63,62,62,62,64,54,54,62,68,68,61],"gold":799,"neow_bonus":"TEN_PERCENT_HP_BONUS","is_daily":false,"chose_seed":false,"campfire_upgraded":10,"win_rate":0.0,"timestamp":1609465121,"path_taken":["M","M","?","?","M","R","M","E","T","R","E","?","R","E","R","BOSS","M","M","?","M","M","E","R","?","T","E","R","M","E","?","R","BOSS","M","M","?","?","M","R","E","R","T","E","M","$","E","M","R","BOSS"],"items_purchased_type":["Relic","Relic"],"build_version":"2020-12-22","purchased_purges":1,"victory":true,"max_hp_per_floor":[79,79,79,79,79,79,79,79,79,79,79,79,79,79,79,79,79,79,79,79,81,81,81,81,81,88,88,88,88,88,93,93,93,93,93,93,93,93,93,93,93,93,93,93,93,93,93,93,93,93],"card_choices":[{"not_picked":["Worship","FlurryOfBlows"],"picked":"MentalFortress","floor":1},{"not_picked":["FlyingSleeves","Conclude"],"picked":"CutThroughFate","floor":2},{"not_picked":["BowlingBash","Conclude"],"picked":"Indignation","floor":5},{"not_picked":["Halt","Prostrate"],"picked":"ClearTheMind","floor":7},{"not_picked":["FlyingSleeves","Swivel"],"picked":"ThirdEye","floor":8},{"not_picked":["FollowUp","Conclude"],"picked":"CarveReality","floor":11},{"not_picked":["Evaluate","PathToVictory"],"picked":"SpiritShield","floor":14},{"not_picked":["Judgement","DeusExMachina"],"picked":"Devotion","floor":16},{"not_picked":["FlurryOfBlows+1","Crescendo"],"picked":"SandsOfTime","floor":18},{"not_picked":["CutThroughFate","Meditate"],"picked":"EmptyFist","floor":19},{"not_picked":["Weave","PathToVictory","FlurryOfBlows"],"picked":"SKIP","floor":21},{"not_picked":["PathToVictory","Weave"],"picked":"CarveReality","floor":22},{"not_picked":["Blasphemy","Perseverance"],"picked":"Wish","floor":23},{"not_picked":["CrushJoints","FlyingSleeves"],"picked":"Crescendo","floor":27},{"not_picked":["CrushJoints","ThirdEye","JustLucky"],"picked":"SKIP","floor":29},{"not_picked":["InnerPeace","TalkToTheHand"],"picked":"Establishment","floor":30},{"not_picked":["SpiritShield","LessonLearned"],"picked":"Scrawl","floor":33},{"not_picked":["SashWhip+1","FollowUp","ThirdEye+1"],"picked":"SKIP","floor":35},{"not_picked":["FollowUp+1","Halt+1"],"picked":"Evaluate+1","floor":36},{"not_picked":["WheelKick+1","PathToVictory"],"picked":"DeceiveReality","floor":39},{"not_picked":["Omniscience","Crescendo"],"picked":"EmptyFist","floor":41},{"not_picked":["Sanctity+1","Prostrate+1"],"picked":"FearNoEvil+1","floor":44},{"not_picked":["Consecrate+1","Protect"],"picked":"EmptyBody+1","floor":45},{"not_picked":["SpiritShield","Crescendo"],"picked":"Prostrate+1","floor":47},{"not_picked":["Vengeance+1","FollowUp"],"picked":"InnerPeace+1","floor":48}],"player_experience":278346,"relics_obtained":[{"floor":8,"key":"Bronze Scales"},{"floor":9,"key":"Toy Ornithopter"},{"floor":11,"key":"HornCleat"},{"floor":14,"key":"Nunchaku"},{"floor":23,"key":"Tiny Chest"},{"floor":26,"key":"Strawberry"},{"floor":27,"key":"InkBottle"},{"floor":30,"key":"Orichalcum"},{"floor":37,"key":"Bird Faced Urn"},{"floor":38,"key":"Centennial Puzzle"},{"floor":41,"key":"Blood Vial"},{"floor":43,"key":"Regal Pillow"},{"floor":44,"key":"MawBank"},{"floor":47,"key":"CeramicFish"}],"event_choices":[{"damage_healed":0,"gold_gain":175,"player_choice":"AGREE","damage_taken":128,"max_hp_gain":0,"max_hp_loss":0,"event_name":"betterThird:BetterSerpent","floor":3,"gold_loss":0},{"damage_healed":0,"gold_gain":0,"player_choice":"Box","damage_taken":0,"relics_obtained":["Akabeko"],"max_hp_gain":0,"max_hp_loss":0,"event_name":"Big Fish","floor":4,"gold_loss":0,"cards_obtained":["Regret"]},{"cards_removed":["Regret"],"damage_healed":0,"gold_gain":0,"player_choice":"Card Removal","damage_taken":7,"max_hp_gain":0,"max_hp_loss":0,"event_name":"Golden Wing","floor":12,"gold_loss":0},{"damage_healed":0,"gold_gain":0,"cards_transformed":["Defend_P","Strike_P"],"player_choice":"Became Test Subject","damage_taken":0,"max_hp_gain":0,"max_hp_loss":0,"event_name":"Drug Dealer","floor":20,"gold_loss":0,"cards_obtained":["Halt","FlurryOfBlows"]},{"damage_healed":0,"gold_gain":0,"player_choice":"Opened","damage_taken":0,"relics_obtained":["White Beast Statue"],"max_hp_gain":0,"max_hp_loss":0,"event_name":"The Mausoleum","floor":25,"gold_loss":0,"cards_obtained":["Writhe"]},{"damage_healed":0,"gold_gain":0,"player_choice":"Shed Blood","damage_taken":22,"max_hp_gain":5,"max_hp_loss":0,"event_name":"Forgotten Altar","floor":31,"gold_loss":0},{"damage_healed":0,"gold_gain":0,"player_choice":"Fight","damage_taken":0,"max_hp_gain":0,"max_hp_loss":0,"event_name":"MindBloom","floor":37,"gold_loss":0}],"is_beta":false,"boss_relics":[{"not_picked":["SacredBark","Sozu"],"picked":"Astrolabe"},{"not_picked":["Snecko Eye","Pandora\u0027s Box"],"picked":"VioletLotus"}],"items_purged_floors":[46],"is_endless":false,"potions_floor_spawned":[1,2,8,11,18,19,23,27,29,30,33,35,36,37,39,41,44,45,47,48],"ascension_level":2}}