{"host":"9ac506c1ebg8floo","time":1609541929,"event":{"mods":["BaseMod","Colored Powertips","GifTheSpireLib","Gremlin Mod","Ironclad Rager","Minty Spire (QoL Compilation)","StSLib","The Cursed","The Necromancer"],"gold_per_floor":[20,30,42,56,70,70,89,120,120,140,170,245,281,281,281,385,385,403,403,416,366,394,419,429,447,528,543,476,476,476,490,490,490,490],"floor_reached":33,"playtime":3912,"items_purged":["Twin Strike","Bash"],"score":283,"play_id":"09242dee-6250-4cb8-b566-17df7672c36a","local_time":"20210101235849","is_ascension_mode":false,"campfire_choices":[{"data":"True Grit","floor":6,"key":"SMITH"},{"data":"Flex","floor":15,"key":"SMITH"},{"floor":29,"key":"REST"},{"floor":32,"key":"REST"}],"circlet_count":0,"master_deck":["Twin Strike","Twin Strike","Twin Strike","Twin Strike","Iron Wave","Iron Wave","Iron Wave","Iron Wave","True Grit+1","Clash","Flex+1","Exhume+1","Seeing Red+1","Clash"],"relics":["Burning Blood","Boot","Nunchaku","CeramicFish","Smiling Mask","Toxic Egg 2","Runic Pyramid","Potion Belt","Singing Bowl"],"acts_visited":["Exordium","TheCity"],"potions_floor_usage":[8,13,16,16,22,25,25,33],"damage_taken":[{"damage":0,"enemies":"Small Slimes","floor":1,"turns":2},{"damage":6,"enemies":"Cultist","floor":2,"turns":3},{"damage":1,"enemies":"2 Louse","floor":3,"turns":2},{"damage":0,"enemies":"Looter","floor":4,"turns":3},{"damage":8,"enemies":"Gremlin Gang","floor":5,"turns":4},{"damage":8,"enemies":"2 Fungi Beasts","floor":7,"turns":3},{"damage":10,"enemies":"Lagavulin","floor":8,"turns":4},{"damage":2,"enemies":"Blue Slaver","floor":10,"turns":3},{"damage":2,"enemies":"3 Sentries","floor":13,"turns":5},{"damage":32,"enemies":"Hexaghost","floor":16,"turns":6},{"damage":0,"enemies":"Chosen","floor":18,"turns":3},{"damage":15,"enemies":"3 Byrds","floor":20,"turns":4},{"damage":6,"enemies":"3 Cultists","floor":22,"turns":4},{"damage":49,"enemies":"Gremlin Leader","floor":23,"turns":5},{"damage":5,"enemies":"Cultist and Chosen","floor":24,"turns":6},{"damage":1,"enemies":"Snecko","floor":25,"turns":5},{"damage":17,"enemies":"Sentry and Sphere","floor":27,"turns":5},{"damage":23,"enemies":"Snake Plant","floor":31,"turns":4},{"damage":72,"enemies":"Automaton","floor":33,"turns":6}],"seed_played":"250794877017192940","potions_obtained":[{"floor":1,"key":"DuplicationPotion"},{"floor":4,"key":"Block Potion"},{"floor":8,"key":"Swift Potion"},{"floor":10,"key":"ColorlessPotion"},{"floor":13,"key":"Swift Potion"},{"floor":18,"key":"ColorlessPotion"},{"floor":24,"key":"Dexterity Potion"},{"floor":25,"key":"Ancient Potion"}],"is_trial":false,"path_per_floor":["M","M","M","M","M","R","M","E","T","M","?","?","E","?","R","B",null,"M","?","M","$","M","E","M","M","T","M","$","R","?","M","R","B"],"character_chosen":"IRONCLAD","items_purchased":["Clash"],"campfire_rested":2,"item_purchase_floors":[28],"current_hp_per_floor":[57,57,62,68,66,66,64,60,60,64,64,53,57,57,57,31,72,72,72,63,63,63,20,21,26,26,17,17,39,39,24,46,0,0],"gold":490,"neow_bonus":"IRONCLAD_BERSERKER","is_daily":false,"chose_seed":false,"campfire_upgraded":2,"win_rate":0.0,"timestamp":1609541929,"path_taken":["M","M","M","M","M","R","M","E","T","M","?","?","E","?","R","BOSS","M","?","M","$","M","E","M","?","T","M","$","R","?","M","R","BOSS"],"items_purchased_type":["Card"],"build_version":"2020-12-22","purchased_purges":2,"victory":false,"max_hp_per_floor":[72,72,72,72,72,72,72,72,72,72,72,72,72,72,72,72,72,72,72,72,72,72,72,72,72,72,74,74,74,74,76,76,76,76],"card_choices":[{"not_picked":["Wild Strike","Dark Embrace"],"picked":"True Grit","floor":1},{"not_picked":["Body Slam","Perfected Strike","Thunderclap"],"picked":"SKIP","floor":2},{"not_picked":["Bloodletting","Cleave","True Grit"],"picked":"SKIP","floor":3},{"not_picked":["Twin Strike","Burning Pact"],"picked":"Dropkick","floor":4},{"not_picked":["Havoc","Power Through"],"picked":"Clash","floor":5},{"not_picked":["Clothesline","Second Wind","Juggernaut"],"picked":"SKIP","floor":7},{"not_picked":["Whirlwind","Iron Wave","Pommel Strike"],"picked":"SKIP","floor":8},{"not_picked":["Metallicize","Anger","Rampage"],"picked":"SKIP","floor":10},{"not_picked":["Cleave","Shockwave"],"picked":"Flex","floor":13},{"not_picked":["Demon Form","Barricade"],"picked":"Exhume+1","floor":16},{"not_picked":["Spot Weakness+1","Searing Blow","Havoc+1"],"picked":"SKIP","floor":18},{"not_picked":["Shrug It Off+1","Spot Weakness+1","Armaments+1"],"picked":"SKIP","floor":20},{"not_picked":["Power Through+1","Warcry+1"],"picked":"Seeing Red+1","floor":22},{"not_picked":["True Grit+1","Twin Strike","Inflame+1"],"picked":"SKIP","floor":23},{"not_picked":["Rupture","Shockwave+1","Bludgeon"],"picked":"SKIP","floor":24},{"not_picked":["True Grit+1","Carnage","Perfected Strike"],"picked":"SKIP","floor":25},{"not_picked":["Iron Wave","True Grit+1","Body Slam"],"picked":"Singing Bowl","floor":27},{"not_picked":["Armaments+1","Sword Boomerang","Body Slam"],"picked":"Singing Bowl","floor":31}],"player_experience":368894,"relics_obtained":[{"floor":8,"key":"Boot"},{"floor":9,"key":"Nunchaku"},{"floor":13,"key":"Smiling Mask"},{"floor":14,"key":"Toxic Egg 2"},{"floor":23,"key":"Potion Belt"},{"floor":26,"key":"Singing Bowl"}],"event_choices":[{"damage_healed":0,"gold_gain":30,"player_choice":"Searched \u00273\u0027 times","damage_taken":0,"relics_obtained":["CeramicFish"],"max_hp_gain":0,"max_hp_loss":0,"event_name":"Dead Adventurer","floor":11,"gold_loss":0},{"damage_healed":0,"gold_gain":75,"player_choice":"Gather Gold","damage_taken":11,"max_hp_gain":0,"max_hp_loss":0,"event_name":"World of Goop","floor":12,"gold_loss":0},{"damage_healed":0,"gold_gain":0,"player_choice":"Relic","damage_taken":0,"max_hp_gain":0,"max_hp_loss":0,"event_name":"Wheel of Change","floor":14,"gold_loss":0},{"cards_removed":["Clumsy"],"damage_healed":0,"gold_gain":0,"player_choice":"Removed Curses","damage_taken":0,"max_hp_gain":0,"max_hp_loss":0,"event_name":"Fountain of Cleansing","floor":19,"gold_loss":0},{"cards_removed":["Dropkick"],"damage_healed":0,"gold_gain":0,"player_choice":"Elegance","damage_taken":0,"max_hp_gain":0,"max_hp_loss":0,"event_name":"Back to Basics","floor":30,"gold_loss":0}],"is_beta":false,"boss_relics":[{"not_picked":["Runic Dome","Calling Bell"],"picked":"Runic Pyramid"}],"items_purged_floors":[21,28],"is_endless":false,"potions_floor_spawned":[1,4,8,10,13,18,24,25],"killed_by":"Automaton","ascension_level":0}}