{"host":"ormi09wwzv7sq47a","time":1609525348,"event":{"mods":["2.2 Compatiblity","AchievementEnabler","Act Like it!","BaseMod","Bestiary","Better Altar","Better Note","Better Sensory Stone","Better Skull","Better Third Choice","Better Vampires","BetterRewards","Block Reminder","Card Forge","Colored Map","Colored Powertips","Curses Come First","DeckTracker","Downfall","Highlight Path","Minty Spire (QoL Compilation)","Permanent Neow","Quick Restart","Rare Cards Sparkle","Relic Stats","Shop Mod","StSLib","The Jungle","The Servant 0.9.4"],"gold_per_floor":[112,112,112,131,131,131,142,142,142,160,2,2,13,0,0,71,71,82,82,82,28,28,28,28,28,28],"floor_reached":24,"playtime":1103,"items_purged":["Guardian:Strike_Guardian"],"score":522,"play_id":"7dd8b0d7-49f0-4d2d-ac4f-67e5d006b1ba","local_time":"20210101152228","is_ascension_mode":true,"campfire_choices":[{"data":"Guardian:Strike_Guardian","floor":6.0,"key":"PURGE"},{"data":"Guardian:Strike_Guardian","floor":8.0,"key":"PURGE"},{"floor":15.0,"key":"REST"},{"data":"Guardian:CurlUp","floor":23,"key":"SMITH"}],"circlet_count":0,"master_deck":["AscendersBane","Guardian:CurlUp+1","Guardian:TwinSlam","Guardian:Planning","Guardian:PiercingHide","Guardian:GuardianWhirl","Guardian:RollAttack","Enlightenment","Guardian:TimeSifter","Guardian:SphericShield","Guardian:Incinerate","Guardian:Gem_Cyan","Ghostly","Ghostly","Ghostly"],"relics":["Guardian:ModeShifter","Hammer of Thor","Seething Fire","Anvil of the Gods","Orichalcum","Peace Pipe","Guardian:PickAxe","Matryoshka","Guardian:StasisUpgradeRelic","Bottled Lightning","Pandora\u0027s Box","Blood Vial"],"acts_visited":["Exordium","TheCity"],"potions_floor_usage":[18,24],"damage_taken":[{"damage":3.0,"enemies":"Small Slimes","floor":1.0,"turns":4.0},{"damage":13.0,"enemies":"Small Slimes","floor":3.0,"turns":6.0},{"damage":4.0,"enemies":"2 Louse","floor":4.0,"turns":4.0},{"damage":2.0,"enemies":"Jaw Worm","floor":7.0,"turns":6.0},{"damage":2.0,"enemies":"2 Fungi Beasts","floor":10.0,"turns":3.0},{"damage":0.0,"enemies":"Large Slime","floor":13.0,"turns":5.0},{"damage":14.0,"enemies":"Hexaghost","floor":16.0,"turns":9.0},{"damage":8,"enemies":"2 Thieves","floor":18,"turns":4},{"damage":46,"enemies":"Slavers","floor":24,"turns":5}],"seed_played":"653274175718193862","potions_obtained":[{"floor":4.0,"key":"champ:CounterPotion"},{"floor":10.0,"key":"GamblersBrew"},{"floor":13.0,"key":"Block Potion"},{"floor":18,"key":"champ:CounterPotion"}],"is_trial":false,"path_per_floor":["M","?","?","M","?","R","M","R","T","M","$","T","M","?","R","B",null,"M","?","?","$","?","R","E"],"character_chosen":"GUARDIAN","items_purchased":["Orichalcum","Guardian:StasisUpgradeRelic","Guardian:Gem_Red"],"campfire_rested":1,"item_purchase_floors":[0,11,21],"current_hp_per_floor":[55,33,20,16,16,16,14,14,14,12,12,12,12,18,41,27,65,57,33,33,33,33,33,0,0,0],"gold":28,"neow_bonus":"","is_daily":false,"chose_seed":false,"campfire_upgraded":1,"win_rate":0.0,"timestamp":1609525348,"path_taken":["M","?","?","M","?","R","M","R","T","M","$","?","M","?","R","BOSS","M","?","?","$","?","R","E"],"items_purchased_type":["Relic","Relic","Card"],"build_version":"2020-12-22","purchased_purges":1,"victory":false,"max_hp_per_floor":[72,72,72,72,72,72,72,72,72,72,72,72,72,78,78,78,78,78,78,39,39,39,39,39,39,39],"relic_stats":{"Peace Pipe":2,"Blood Vial":2,"counters":[199,909],"Pandora\u0027s Box":["Guardian:SphericShield","Guardian:Incinerate","Guardian:TimeSifter","Guardian:Gem_Crimson"],"Orichalcum":[24],"obtain_stats":[{"Calipers":30,"Gremlin Horn":26,"Nilry\u0027s Codex":25,"Vajra":31,"Hammer of Thor":0,"Ginger":0,"Sling":0,"Guardian:PickAxe":14,"Blood Vial":23,"Lizard Tail":0,"Centennial Puzzle":29,"HornCleat":22,"Sundial":30,"DollysMirror":31,"Strawberry":10,"Prayer Wheel":17,"MealTicket":0,"Philosopher\u0027s Stone":34,"Kunai":53,"Girya":10,"MerchantsRug":21,"Happy Flower":54,"Astrolabe":17,"Dead Branch":0,"Blue Candle":0,"Guardian:ModeShifter":0,"Oddly Smooth Stone":37,"Eternal Feather":9,"Pen Nib":44,"Guardian:PocketSentry":6,"War Paint":9,"Akabeko":0,"OrangePellets":0,"Bottled Flame":26,"Shuriken":26,"Anvil of the Gods":0,"Bronze Scales":0,"MutagenicStrength":22,"Pandora\u0027s Box":34,"Black Star":34,"Unceasing Top":7,"Pocketwatch":7,"Darkstone Periapt":17,"Guardian:StasisSlotReductionRelic":17,"Lantern":29,"Guardian:ModeShifterPlus":34,"Torii":12,"Guardian:StasisCodex":54,"StoneCalendar":38,"Incense Burner":7,"Bag of Preparation":21,"Juzu Bracelet":7,"Ancient Tea Set":26,"Smiling Mask":30,"Cursed Key":17,"Dream Catcher":14,"Nunchaku":0,"Matryoshka":9,"Mummified Hand":8,"Tiny Chest":25,"InkBottle":47,"Lee\u0027s Waffle":0,"Golden Idol":13,"PreservedInsect":17,"Omamori":46,"Seething Fire":0,"Orichalcum":43,"Frozen Egg 2":9,"Medical Kit":0,"White Beast Statue":21,"Mercury Hourglass":45,"Calling Bell":17,"Peace Pipe":0,"Guardian:StasisUpgradeRelic":53,"CaptainsWheel":9,"Anchor":9,"betterThird:SlimedRelic":2,"Turnip":0,"Bag of Marbles":48,"Art of War":48,"Bottled Lightning":26,"Membership Card":21,"hexamod:BolsterEngine":13,"FossilizedHelix":38,"Toy Ornithopter":44},{"Calipers":124,"Gremlin Horn":52,"Nilry\u0027s Codex":149,"Vajra":30,"Hammer of Thor":0,"Ginger":39,"Sling":39,"Guardian:PickAxe":24,"Blood Vial":51,"Lizard Tail":17,"Centennial Puzzle":53,"HornCleat":50,"Sundial":12,"DollysMirror":99,"Strawberry":90,"Prayer Wheel":25,"MealTicket":171,"Philosopher\u0027s Stone":186,"Kunai":109,"Girya":80,"MerchantsRug":96,"Happy Flower":110,"Astrolabe":47,"Dead Branch":111,"Blue Candle":136,"Guardian:ModeShifter":0,"Oddly Smooth Stone":32,"Eternal Feather":44,"Pen Nib":35,"Guardian:PocketSentry":44,"War Paint":69,"Akabeko":84,"OrangePellets":111,"Bottled Flame":123,"Shuriken":97,"Anvil of the Gods":0,"Bronze Scales":162,"MutagenicStrength":180,"Pandora\u0027s Box":14,"Black Star":100,"Unceasing Top":69,"Pocketwatch":116,"Darkstone Periapt":25,"Guardian:StasisSlotReductionRelic":7,"Lantern":29,"Guardian:ModeShifterPlus":55,"Torii":143,"Guardian:StasisCodex":65,"StoneCalendar":189,"Incense Burner":4,"Bag of Preparation":96,"Juzu Bracelet":168,"Ancient Tea Set":28,"Smiling Mask":99,"Cursed Key":177,"Dream Catcher":6,"Nunchaku":66,"Matryoshka":194,"Mummified Hand":141,"Tiny Chest":123,"InkBottle":37,"Lee\u0027s Waffle":162,"Golden Idol":5,"PreservedInsect":25,"Omamori":106,"Seething Fire":0,"Orichalcum":34,"Frozen Egg 2":89,"Medical Kit":66,"White Beast Statue":96,"Mercury Hourglass":157,"Calling Bell":25,"Peace Pipe":76,"Guardian:StasisUpgradeRelic":109,"CaptainsWheel":4,"Anchor":21,"betterThird:SlimedRelic":40,"Turnip":66,"Bag of Marbles":63,"Art of War":133,"Bottled Lightning":10,"Membership Card":96,"hexamod:BolsterEngine":45,"FossilizedHelix":58,"Toy Ornithopter":105},{"Calipers":565,"Gremlin Horn":274,"Nilry\u0027s Codex":664,"Vajra":154,"Hammer of Thor":0,"Ginger":211,"Sling":211,"Guardian:PickAxe":121,"Blood Vial":270,"Lizard Tail":91,"Centennial Puzzle":277,"HornCleat":266,"Sundial":61,"DollysMirror":485,"Strawberry":460,"Prayer Wheel":130,"MealTicket":775,"Philosopher\u0027s Stone":845,"Kunai":521,"Girya":426,"MerchantsRug":476,"Happy Flower":525,"Astrolabe":259,"Dead Branch":532,"Blue Candle":609,"Guardian:ModeShifter":0,"Oddly Smooth Stone":167,"Eternal Feather":237,"Pen Nib":184,"Guardian:PocketSentry":237,"War Paint":367,"Akabeko":446,"OrangePellets":532,"Bottled Flame":561,"Shuriken":479,"Anvil of the Gods":0,"Bronze Scales":727,"MutagenicStrength":815,"Pandora\u0027s Box":75,"Black Star":490,"Unceasing Top":367,"Pocketwatch":545,"Darkstone Periapt":130,"Guardian:StasisSlotReductionRelic":38,"Lantern":150,"Guardian:ModeShifterPlus":288,"Torii":640,"Guardian:StasisCodex":340,"StoneCalendar":861,"Incense Burner":18,"Bag of Preparation":476,"Juzu Bracelet":761,"Ancient Tea Set":145,"Smiling Mask":485,"Cursed Key":801,"Dream Catcher":28,"Nunchaku":349,"Matryoshka":883,"Mummified Hand":631,"Tiny Chest":561,"InkBottle":196,"Lee\u0027s Waffle":727,"Golden Idol":22,"PreservedInsect":130,"Omamori":510,"Seething Fire":0,"Orichalcum":177,"Frozen Egg 2":456,"Medical Kit":349,"White Beast Statue":476,"Mercury Hourglass":698,"Calling Bell":130,"Peace Pipe":412,"Guardian:StasisUpgradeRelic":521,"CaptainsWheel":18,"Anchor":107,"betterThird:SlimedRelic":214,"Turnip":349,"Bag of Marbles":326,"Art of War":591,"Bottled Lightning":50,"Membership Card":476,"hexamod:BolsterEngine":240,"FossilizedHelix":296,"Toy Ornithopter":504}]},"card_choices":[{"not_picked":["Guardian:ChargeCore","Guardian:Suspension"],"picked":"Guardian:Planning","floor":1.0},{"not_picked":["Guardian:FuturePlans","Guardian:PrismaticBarrier"],"picked":"Guardian:PiercingHide","floor":4.0},{"not_picked":["Guardian:Gem_Green","Guardian:EvasiveProtocol"],"picked":"Guardian:GuardianWhirl","floor":7.0},{"not_picked":["Guardian:ChargeCore","Guardian:RollAttack"],"picked":"Guardian:Gem_Fragmented","floor":10.0},{"not_picked":["Guardian:ChargeCore","Guardian:Preprogram"],"picked":"Guardian:RollAttack","floor":13.0},{"not_picked":["Guardian:Gem_Orange","Guardian:StasisStrike"],"picked":"Guardian:TimeSifter","floor":16.0},{"not_picked":["Guardian:TemporalStrike","Guardian:WalkerClaw"],"picked":"Guardian:Gem_Cyan","floor":18}],"player_experience":852245,"relics_obtained":[{"floor":9.0,"key":"Matryoshka"},{"floor":12.0,"key":"Bottled Lightning"}],"event_choices":[{"damage_healed":55.0,"max_hp_gain":0.0,"max_hp_loss":72.0,"gold_gain":0.0,"event_name":"betterThird:BetterShining","player_choice":"Upgrade","floor":2.0,"gold_loss":0.0,"damage_taken":22.0,"cards_upgraded":["Guardian:Defend_Guardian","Guardian:Defend_Guardian"]},{"cards_removed":["Guardian:Defend_Guardian"],"damage_healed":0.0,"max_hp_gain":0.0,"max_hp_loss":0.0,"gold_gain":0.0,"event_name":"Living Wall","player_choice":"Forget","floor":5.0,"gold_loss":0.0,"damage_taken":0.0},{"damage_healed":0.0,"max_hp_gain":0.0,"max_hp_loss":0.0,"gold_gain":0.0,"event_name":"betterThird:BetterSerpent","player_choice":"RENOUNCE","floor":14.0,"gold_loss":13.0,"damage_taken":13.0,"cards_obtained":["Enlightenment"]},{"damage_healed":0,"gold_gain":0,"player_choice":" Vial ","damage_taken":24,"relics_obtained":["Blood Vial"],"max_hp_gain":57,"max_hp_loss":33,"event_name":"betterAltar:BetterAltar","floor":19,"potions_obtained":[],"relics_lost":[],"gold_loss":0},{"damage_healed":0,"gold_gain":0,"player_choice":"Became a Ghost","damage_taken":0,"max_hp_gain":0,"max_hp_loss":39,"event_name":"Ghosts","floor":20,"gold_loss":0,"cards_obtained":["Ghostly","Ghostly","Ghostly"]},{"cards_removed":["Guardian:TimeSifter"],"damage_healed":0,"gold_gain":0,"player_choice":"Purged","damage_taken":0,"max_hp_gain":0,"max_hp_loss":0,"event_name":"Purifier","floor":22,"gold_loss":0}],"is_beta":false,"boss_relics":[{"not_picked":["Runic Dome","Ectoplasm"],"picked":"Pandora\u0027s Box"}],"items_purged_floors":[0],"is_endless":false,"potions_floor_spawned":[4,10,13,18],"killed_by":"Slavers","ascension_level":17}}