{"host":"lr086sr0tue94d8r","time":1609504955,"event":{"mods":["AchievementEnabler","Aspiration","BaseMod","BetterRewards","Colored Map","Colored Powertips","Conspire","Hubris","Infinite Spire","Minty Spire (QoL Compilation)","Permanent Neow","StSLib"],"gold_per_floor":[110,110,60,75,250,250,12,25,25,40,40,40,53,82,82,184,184,196,196,208,227,227,227,245,245,245,245,245,262,262,262],"floor_reached":30,"playtime":1459,"items_purged":[],"score":230,"play_id":"f0822816-3834-4542-aba1-9b598b4e23d2","local_time":"20210101231235","is_ascension_mode":false,"campfire_choices":[{"data":"Strike_R","floor":6,"key":"SMITH"},{"data":"Magnetism","floor":12,"key":"SMITH"},{"data":"Anger","floor":15,"key":"SMITH"},{"floor":23,"key":"REST"},{"data":"Searing Blow","floor":25,"key":"SMITH"},{"floor":27,"key":"REST"}],"circlet_count":0,"master_deck":["Strike_R+1","Strike_R","Strike_R","Strike_R","Defend_R","Magnetism+1","Shrug It Off","Anger+1","Regret","Cleave+1","Bloodletting+1","Hemokinesis+1","Rupture+1","Adrenaline","Expertise","Burst","Searing Blow+1"],"relics":["Ring of the Snake","aspiration:Nostalgia","Cracked Core","hubris:ToyBattleship","infinitespire:Cubic Diamond","Bag of Preparation","Astrolabe","aspiration:Lifesprig"],"acts_visited":["Exordium","TheCity"],"potions_floor_usage":[10,10,14,16,30,30],"damage_taken":[{"damage":1,"enemies":"Small Slimes","floor":1,"turns":3},{"damage":9,"enemies":"2 Louse","floor":4,"turns":4},{"damage":11,"enemies":"Jaw Worm","floor":8,"turns":4},{"damage":22,"enemies":"Gremlin Gang","floor":10,"turns":6},{"damage":0,"enemies":"Looter","floor":13,"turns":5},{"damage":23,"enemies":"Lagavulin","floor":14,"turns":6},{"damage":21,"enemies":"Slime Boss","floor":16,"turns":8},{"damage":24,"enemies":"2 Thieves","floor":18,"turns":5},{"damage":20,"enemies":"Chosen","floor":20,"turns":4},{"damage":17,"enemies":"Snecko","floor":21,"turns":4},{"damage":31,"enemies":"Snake Plant","floor":24,"turns":3},{"damage":24,"enemies":"Chosen and Byrds","floor":29,"turns":4},{"damage":16,"enemies":"Sentry and Sphere","floor":30,"turns":3}],"seed_played":"3393652539908653407","potions_obtained":[{"floor":1,"key":"SteroidPotion"},{"floor":8,"key":"EssenceOfSteel"},{"floor":10,"key":"Swift Potion"},{"floor":24,"key":"PowerPotion"},{"floor":29,"key":"Explosive Potion"}],"is_trial":false,"path_per_floor":["M","$","?","M","?","R","$","M","T","M","?","R","M","E","R","B",null,"M","AVR","M","M","?","R","M","R","T","R","?","M","M"],"character_chosen":"IRONCLAD","items_purchased":["Magnetism","Energy Potion"],"campfire_rested":2,"item_purchase_floors":[7,7],"current_hp_per_floor":[80,80,80,77,77,77,77,72,72,56,56,56,56,33,33,12,80,56,56,36,19,19,43,12,12,12,36,36,12,0,0],"gold":262,"neow_bonus":"NOSTALGIA","is_daily":false,"chose_seed":false,"campfire_upgraded":4,"win_rate":0.0,"timestamp":1609504955,"path_taken":["M","$","?","M","?","R","$","M","T","M","?","R","M","E","R","BOSS","M","AVR","M","M","?","R","M","R","T","R","?","?","M"],"items_purchased_type":["Card","Potion"],"build_version":"2020-12-22","purchased_purges":0,"victory":false,"max_hp_per_floor":[80,80,80,80,80,80,80,80,80,80,80,80,80,80,80,80,80,80,80,80,80,80,80,80,80,80,80,80,80,80,80],"card_choices":[{"not_picked":["Headbutt","Power Through","hubris:SharpeningStone"],"picked":"SKIP","floor":1},{"not_picked":["hubris:CleavingFinish","Perfected Strike","hubris:ReadiedAction"],"picked":"SKIP","floor":4},{"not_picked":["Headbutt","Intimidate"],"picked":"Shrug It Off","floor":8},{"not_picked":["Flex","Warcry","Feel No Pain"],"picked":"SKIP","floor":10},{"not_picked":["True Grit","Body Slam"],"picked":"Anger","floor":13},{"not_picked":["Cleave","Iron Wave"],"picked":"Inflame","floor":14},{"not_picked":["Twin Strike","Pommel Strike"],"picked":"Hemokinesis+1","floor":18},{"not_picked":["hubris:ReadiedAction","Uppercut"],"picked":"Rupture+1","floor":20},{"not_picked":["Clothesline","Flame Barrier","Rage"],"picked":"SKIP","floor":21},{"not_picked":["Burning Pact+1","infinitespire:OneForAll+1"],"picked":"Searing Blow","floor":24},{"not_picked":["Armaments","Sword Boomerang+1","hubris:ReadiedAction"],"picked":"SKIP","floor":29}],"player_experience":16041,"relics_obtained":[{"floor":9,"key":"hubris:ToyBattleship"},{"floor":14,"key":"Bag of Preparation"},{"floor":26,"key":"aspiration:Lifesprig"}],"event_choices":[{"cards_removed":["Bash"],"damage_healed":0,"gold_gain":0,"player_choice":"Card Removal","damage_taken":0,"max_hp_gain":0,"max_hp_loss":0,"event_name":"The Cleric","floor":3,"gold_loss":50},{"damage_healed":0,"gold_gain":175,"player_choice":"AGREE","damage_taken":0,"max_hp_gain":0,"max_hp_loss":0,"event_name":"Liars Game","floor":5,"gold_loss":0,"cards_obtained":["Doubt"]},{"damage_healed":0,"gold_gain":0,"player_choice":"0 cards matched","damage_taken":0,"max_hp_gain":0,"max_hp_loss":0,"event_name":"Match and Keep!","floor":28,"gold_loss":0,"cards_obtained":[]}],"is_beta":false,"boss_relics":[{"not_picked":["aspiration:RitualDagger","Runic Cube"],"picked":"Astrolabe"}],"items_purged_floors":[],"is_endless":false,"potions_floor_spawned":[1,8,10,24,29],"killed_by":"Sentry and Sphere","ascension_level":0}}