{"host":"yss3m9ygfcyke5zi","time":1609473212,"event":{"mods":["2.2 Compatiblity","BaseMod","Highlight Path","Minty Spire (QoL Compilation)","Permanent Neow"],"gold_per_floor":[110,129,142,19,19,48,48,74,101,135,135,135,150,50,50,151,151,163,103,113,127,195,211,236,236,236,250,11,11,27,57,57,155,155,173,223,223,223,243,257,267,267,267,294,307,327,337,126,126,126],"floor_reached":51,"playtime":5519,"items_purged":["Defend_B","Defend_B","Defend_B"],"score":739,"play_id":"15d0643d-d658-4cc7-ae62-0479bcbc744c","local_time":"20210101125332","is_ascension_mode":false,"campfire_choices":[{"data":"Coolheaded","floor":7,"key":"SMITH"},{"floor":11,"key":"REST"},{"data":"Blizzard","floor":15,"key":"SMITH"},{"floor":29,"key":"REST"},{"data":"Apotheosis","floor":32,"key":"SMITH"},{"floor":42,"key":"REST"},{"data":"Loop","floor":49,"key":"SMITH"}],"circlet_count":0,"master_deck":["Strike_B+1","Strike_B","Defend_B","Zap","Dualcast+1","Conserve Battery","Leap+1","Ball Lightning","Coolheaded+1","Cold Snap+1","Glacier","Chill","Blizzard+1","Skim","Compile Driver","Barrage+1","Apotheosis+1","Defragment","Loop+1","Hologram","Capacitor","Dark Shackles","Panacea","Forethought","Consume+1","Chaos+1","Defragment+1","Capacitor"],"relics":["FrozenCore","War Paint","Tiny Chest","Omamori","Whetstone","TungstenRod","Nuclear Battery","Meat on the Bone","Regal Pillow","InkBottle","Pantograph","Lizard Tail","Vajra","Question Card","Art of War"],"acts_visited":["Exordium","TheCity","TheBeyond"],"potions_floor_usage":[6,8,16,21,24,24,33,33,35,39,44,50,50],"damage_taken":[{"damage":1,"enemies":"Small Slimes","floor":1,"turns":4},{"damage":0,"enemies":"Jaw Worm","floor":2,"turns":4},{"damage":0,"enemies":"Cultist","floor":3,"turns":3},{"damage":34,"enemies":"Gremlin Nob","floor":6,"turns":5},{"damage":11,"enemies":"3 Sentries","floor":8,"turns":10},{"damage":12,"enemies":"Lagavulin","floor":10,"turns":6},{"damage":0,"enemies":"3 Louse","floor":13,"turns":3},{"damage":0,"enemies":"Hexaghost","floor":16,"turns":9},{"damage":0,"enemies":"3 Byrds","floor":18,"turns":4},{"damage":0,"enemies":"Chosen","floor":20,"turns":5},{"damage":7,"enemies":"Sentry and Sphere","floor":21,"turns":6},{"damage":8,"enemies":"Snake Plant","floor":23,"turns":4},{"damage":3,"enemies":"Slavers","floor":24,"turns":5},{"damage":0,"enemies":"3 Cultists","floor":27,"turns":4},{"damage":0,"enemies":"Centurion and Healer","floor":30,"turns":6},{"damage":10,"enemies":"Gremlin Leader","floor":31,"turns":7},{"damage":33,"enemies":"Automaton","floor":33,"turns":11},{"damage":0,"enemies":"3 Shapes","floor":35,"turns":4},{"damage":10,"enemies":"Mind Bloom Boss Battle","floor":36,"turns":10},{"damage":0,"enemies":"3 Darklings","floor":39,"turns":6},{"damage":0,"enemies":"Maw","floor":40,"turns":10},{"damage":3,"enemies":"Spire Growth","floor":41,"turns":6},{"damage":7,"enemies":"Reptomancer","floor":44,"turns":6},{"damage":13,"enemies":"Jaw Worm Horde","floor":45,"turns":6},{"damage":0,"enemies":"Writhing Mass","floor":46,"turns":6},{"damage":0,"enemies":"3 Darklings","floor":47,"turns":6},{"damage":17,"enemies":"Time Eater","floor":50,"turns":8}],"seed_played":"2310346222354884630","potions_obtained":[{"floor":1,"key":"EntropicBrew"},{"floor":8,"key":"FairyPotion"},{"floor":13,"key":"BlessingOfTheForge"},{"floor":20,"key":"AttackPotion"},{"floor":23,"key":"PowerPotion"},{"floor":24,"key":"Swift Potion"},{"floor":27,"key":"SkillPotion"},{"floor":33,"key":"LiquidMemories"},{"floor":35,"key":"Fruit Juice"},{"floor":40,"key":"Dexterity Potion"},{"floor":41,"key":"Energy Potion"},{"floor":46,"key":"FearPotion"}],"is_trial":false,"path_per_floor":["M","M","M","$","?","E","R","E","T","E","R","?","M","$","R","B",null,"M","?","M","M","T","M","E","?","T","M","$","R","M","E","R","B",null,"M","?","?","T","M","M","M","R","T","E","M","M","M","$","R","B",null],"character_chosen":"DEFECT","items_purchased":["Cold Snap","Apotheosis","Defragment","Capacitor","FocusPotion"],"campfire_rested":3,"item_purchase_floors":[4,28,28,48,48],"current_hp_per_floor":[74,74,74,74,74,40,40,29,29,17,39,39,39,39,39,39,75,75,75,75,68,68,60,57,57,57,57,57,75,75,65,65,42,75,80,70,61,61,61,61,58,80,80,73,60,60,60,60,60,63],"gold":126,"neow_bonus":"THREE_CARDS","is_daily":false,"chose_seed":false,"campfire_upgraded":4,"win_rate":0.0,"timestamp":1609473212,"path_taken":["M","M","M","$","?","E","R","E","T","E","R","?","?","$","R","BOSS","M","?","M","M","?","M","E","?","T","M","$","R","M","E","R","BOSS","M","?","?","?","M","M","M","R","T","E","M","?","M","$","R","BOSS"],"items_purchased_type":["Card","Card","Card","Card","Potion"],"build_version":"2020-12-22","purchased_purges":3,"victory":true,"max_hp_per_floor":[75,75,75,75,75,75,75,75,75,75,75,75,75,75,75,75,75,75,75,75,75,75,75,75,75,75,75,75,75,75,75,75,75,75,80,80,80,80,80,80,80,80,80,80,80,80,80,80,80,80],"card_choices":[{"not_picked":["Hologram","Skim"],"picked":"Conserve Battery","floor":0},{"not_picked":["Genetic Algorithm","Hello World"],"picked":"Leap","floor":1},{"not_picked":["Skim","Heatsinks"],"picked":"Ball Lightning","floor":2},{"not_picked":["Sweeping Beam","Compile Driver"],"picked":"Coolheaded","floor":3},{"not_picked":["Darkness","Amplify"],"picked":"Glacier","floor":6},{"not_picked":["Redo","Aggregate"],"picked":"Chill","floor":8},{"not_picked":["Sweeping Beam","Reinforced Body"],"picked":"Blizzard","floor":10},{"not_picked":["Doom and Gloom","White Noise","Stack"],"picked":"SKIP","floor":13},{"not_picked":["FTL","Beam Cell"],"picked":"Skim","floor":18},{"not_picked":["Steam","Go for the Eyes+1","Glacier+1"],"picked":"SKIP","floor":20},{"not_picked":["Rebound","BootSequence"],"picked":"Compile Driver","floor":21},{"not_picked":["BootSequence","FTL","Leap"],"picked":"SKIP","floor":23},{"not_picked":["Conserve Battery","Doom and Gloom+1"],"picked":"Barrage+1","floor":24},{"not_picked":["Gash","Conserve Battery","Reprogram+1"],"picked":"SKIP","floor":27},{"not_picked":["Scrape","All For One"],"picked":"Loop","floor":30},{"not_picked":["Aggregate","Sweeping Beam"],"picked":"Hologram","floor":31},{"not_picked":["Stack+1","Force Field+1","Undo+1"],"picked":"SKIP","floor":35},{"not_picked":["Chill","Ball Lightning"],"picked":"Capacitor","floor":36},{"not_picked":["HandOfGreed","Finesse"],"picked":"Dark Shackles","floor":37},{"not_picked":["Deep Breath","Enlightenment"],"picked":"Panacea","floor":37},{"not_picked":["Panache","Finesse"],"picked":"Forethought","floor":37},{"not_picked":["Static Discharge+1","Barrage","Beam Cell"],"picked":"SKIP","floor":39},{"not_picked":["Stack","Blizzard+1"],"picked":"Consume+1","floor":40},{"not_picked":["Go for the Eyes","Reprogram+1","Steam Power+1"],"picked":"SKIP","floor":41},{"not_picked":["All For One","Melter+1","Hologram","Rebound"],"picked":"SKIP","floor":44},{"not_picked":["Streamline","Double Energy+1","Hello World"],"picked":"Chaos+1","floor":45},{"not_picked":["Storm+1","Barrage+1","Gash+1","Hologram"],"picked":"SKIP","floor":46},{"not_picked":["Doom and Gloom","Coolheaded","Rebound+1"],"picked":"Defragment+1","floor":47}],"player_experience":158821,"relics_obtained":[{"floor":6,"key":"Tiny Chest"},{"floor":8,"key":"Omamori"},{"floor":9,"key":"Whetstone"},{"floor":10,"key":"TungstenRod"},{"floor":22,"key":"Meat on the Bone"},{"floor":24,"key":"Regal Pillow"},{"floor":26,"key":"InkBottle"},{"floor":31,"key":"Pantograph"},{"floor":36,"key":"Lizard Tail"},{"floor":38,"key":"Vajra"},{"floor":43,"key":"Question Card"},{"floor":44,"key":"Art of War"}],"event_choices":[{"damage_healed":0,"gold_gain":0,"player_choice":"Box","damage_taken":0,"relics_obtained":["War Paint"],"max_hp_gain":0,"max_hp_loss":0,"event_name":"Big Fish","floor":5,"gold_loss":0,"cards_obtained":["Regret"]},{"cards_removed":["Regret"],"damage_healed":0,"gold_gain":0,"player_choice":"Purged","damage_taken":0,"max_hp_gain":0,"max_hp_loss":0,"event_name":"Purifier","floor":12,"gold_loss":0},{"cards_removed":["Strike_B"],"damage_healed":0,"gold_gain":0,"player_choice":"Single Remove","damage_taken":0,"max_hp_gain":0,"max_hp_loss":0,"event_name":"Designer","floor":19,"gold_loss":60},{"cards_removed":["Strike_B"],"damage_healed":0,"gold_gain":0,"player_choice":"Elegance","damage_taken":0,"max_hp_gain":0,"max_hp_loss":0,"event_name":"Back to Basics","floor":25,"gold_loss":0},{"damage_healed":0,"gold_gain":0,"player_choice":"Fight","damage_taken":0,"max_hp_gain":0,"max_hp_loss":0,"event_name":"MindBloom","floor":36,"gold_loss":0},{"damage_healed":0,"gold_gain":0,"player_choice":"Memory 3","damage_taken":10,"max_hp_gain":0,"max_hp_loss":0,"event_name":"SensoryStone","floor":37,"gold_loss":0}],"is_beta":false,"boss_relics":[{"not_picked":["Coffee Dripper","Runic Dome"],"picked":"Nuclear Battery"},{"not_picked":["Tiny House","Runic Pyramid"],"picked":"FrozenCore"}],"items_purged_floors":[4,14,48],"is_endless":false,"potions_floor_spawned":[1,8,13,20,23,24,27,31,33,35,40,41,46],"ascension_level":0}}