{"host":"ktoxvvst1mwxww91","time":1609492158,"event":{"mods":["BaseMod","Hermit","Minty Spire (QoL Compilation)","StSLib","The Hierophant"],"gold_per_floor":[114,128,128,128,303,303,343,364,417,417,435,435,455,72,72,196,196,214,91,91,116,141,141,159,73,97,97,97],"floor_reached":27,"playtime":955,"items_purged":["Doubt","Strike_R","Strike_R"],"score":309,"play_id":"70d5def1-533d-41a7-bb17-4f98f9d3cb33","local_time":"20210101100918","is_ascension_mode":true,"campfire_choices":[{"data":"Anger","floor":6,"key":"SMITH"},{"data":"Bash","floor":10,"key":"SMITH"},{"data":"Spot Weakness","floor":12,"key":"SMITH"},{"data":"Berserk","floor":15,"key":"SMITH"},{"data":"True Grit","floor":23,"key":"SMITH"}],"circlet_count":0,"master_deck":["Strike_R","Defend_R","Defend_R","Defend_R","Defend_R","Bash+1","Twin Strike","Anger+1","Spot Weakness+1","Dropkick","Cleave","Berserk+1","Pommel Strike","Limit Break","Intimidate+1","Feel No Pain","Uppercut","Power Through","True Grit+1","Whirlwind+1","Shrug It Off"],"relics":["Burning Blood","Golden Idol","Orichalcum","Akabeko","Membership Card","Torii","Runic Pyramid","Pen Nib","Boot"],"acts_visited":["Exordium","TheCity"],"potions_floor_usage":[8,11,16,18,24],"damage_taken":[{"damage":0,"enemies":"2 Louse","floor":1,"turns":4},{"damage":10,"enemies":"Small Slimes","floor":2,"turns":4},{"damage":62,"enemies":"Lagavulin","floor":7,"turns":7},{"damage":2,"enemies":"Jaw Worm","floor":8,"turns":3},{"damage":9,"enemies":"Lots of Slimes","floor":11,"turns":4},{"damage":6,"enemies":"Exordium Wildlife","floor":13,"turns":3},{"damage":1,"enemies":"Hexaghost","floor":16,"turns":7},{"damage":30,"enemies":"2 Thieves","floor":18,"turns":4},{"damage":22,"enemies":"3 Byrds","floor":21,"turns":4},{"damage":1,"enemies":"Centurion and Healer","floor":22,"turns":7},{"damage":7,"enemies":"Cultist and Chosen","floor":24,"turns":6},{"damage":34,"enemies":"Snecko","floor":27,"turns":6}],"seed_played":"-908704092362282441","potions_obtained":[{"floor":7,"key":"ColorlessPotion"},{"floor":8,"key":"Dexterity Potion"},{"floor":13,"key":"EssenceOfSteel"},{"floor":16,"key":"SneckoOil"},{"floor":21,"key":"DuplicationPotion"}],"is_trial":false,"path_per_floor":["M","M","?","?","?","R","E","M","T","R","M","R","M","$","R","B",null,"M","$","?","M","M","R","M","$","T","M"],"character_chosen":"IRONCLAD","items_purchased":["Membership Card","Pommel Strike","Torii","Feel No Pain","Uppercut","Shrug It Off"],"campfire_rested":0,"item_purchase_floors":[14,14,14,19,19,25],"current_hp_per_floor":[78,74,74,74,74,74,18,22,22,22,19,19,19,19,19,24,62,38,38,38,22,27,27,26,26,26,0,0],"gold":97,"neow_bonus":"REMOVE_CARD","is_daily":false,"chose_seed":false,"campfire_upgraded":5,"win_rate":0.0,"timestamp":1609492158,"path_taken":["M","M","?","?","?","R","E","M","T","R","M","R","?","$","R","BOSS","M","$","?","M","M","R","M","$","T","M"],"items_purchased_type":["Relic","Card","Relic","Card","Card","Card"],"build_version":"2020-12-22","purchased_purges":3,"victory":false,"max_hp_per_floor":[80,80,74,74,74,74,74,74,74,74,74,74,74,74,74,74,74,74,74,74,74,74,74,74,74,74,74,74],"card_choices":[{"not_picked":["Clash","Cleave"],"picked":"Twin Strike","floor":1},{"not_picked":["Havoc","Power Through"],"picked":"Anger","floor":2},{"not_picked":["Clash","Reckless Charge"],"picked":"Spot Weakness","floor":7},{"not_picked":["Perfected Strike","Sever Soul"],"picked":"Dropkick","floor":8},{"not_picked":["Searing Blow","Dual Wield"],"picked":"Cleave","floor":11},{"not_picked":["Iron Wave","Body Slam"],"picked":"Berserk","floor":13},{"not_picked":["Juggernaut","Immolate"],"picked":"Limit Break","floor":16},{"not_picked":["Dark Embrace+1","Heavy Blade"],"picked":"Intimidate+1","floor":18},{"not_picked":["Sever Soul","Havoc"],"picked":"Power Through","floor":21},{"not_picked":["Sword Boomerang","Searing Blow"],"picked":"True Grit","floor":22},{"not_picked":["Iron Wave","Wild Strike"],"picked":"Whirlwind+1","floor":24}],"player_experience":876029,"relics_obtained":[{"floor":7,"key":"Orichalcum"},{"floor":9,"key":"Akabeko"},{"floor":26,"key":"Boot"}],"event_choices":[{"damage_healed":0,"gold_gain":0,"player_choice":"Lose Max HP","damage_taken":0,"relics_obtained":["Golden Idol"],"max_hp_gain":0,"max_hp_loss":6,"event_name":"Golden Idol","floor":3,"gold_loss":0},{"cards_removed":["Strike_R"],"damage_healed":0,"gold_gain":0,"player_choice":"Forget","damage_taken":0,"max_hp_gain":0,"max_hp_loss":0,"event_name":"Living Wall","floor":4,"gold_loss":0},{"damage_healed":0,"gold_gain":175,"player_choice":"AGREE","damage_taken":0,"max_hp_gain":0,"max_hp_loss":0,"event_name":"Liars Game","floor":5,"gold_loss":0,"cards_obtained":["Doubt"]},{"damage_healed":0,"gold_gain":0,"player_choice":"Opened","damage_taken":0,"relics_obtained":["Pen Nib"],"max_hp_gain":0,"max_hp_loss":0,"event_name":"The Mausoleum","floor":20,"gold_loss":0}],"is_beta":false,"boss_relics":[{"not_picked":["Pandora\u0027s Box","Runic Dome"],"picked":"Runic Pyramid"}],"items_purged_floors":[14,19,25],"is_endless":false,"potions_floor_spawned":[7,8,13,16,21],"killed_by":"Snecko","ascension_level":9}}