{"host":"obl22cu6uafq1ffx","time":1609469248,"event":{"mods":["BaseMod","Colored Map","Hubris","Hunter ¡‘»À","KinomotoSakuraMod(ƒæ÷Æ±æ”£)","Lobotomy","Minty Spire (QoL Compilation)","Pikachu Mod","Shop Mod","Small Relic Pack","StSLib","The Poker Player","The Saiyan","TheHero","[IsaacMod]“‘»ˆº‚À˛","vexMod","°æ“≈ŒÔø®≈∆°øREMEMod"],"gold_per_floor":[115,131,149,161,236,236,236,236],"floor_reached":7,"playtime":319,"items_purged":[],"score":43,"play_id":"d4eb1ae7-a21f-4179-b2d0-220b2a844e5d","local_time":"20210101104728","is_ascension_mode":false,"campfire_choices":[{"floor":6,"key":"REST"}],"circlet_count":0,"master_deck":["animeID:Deku","animeID:Bakugo","animeID:Smash","animeID:Smash","animeID:Smash","animeID:Smash","animeID:DefendMH","animeID:DefendMH","animeID:DefendMH","animeID:DefendMH","BloodyBrimstone","animeID:MirioTogata","Good Instincts","ClowCardTheSand","animeID:FullCowl","PokerPlayerMod:CloakAndDiamond","animeID:Tomura"],"relics":["animeID:HeroCostume","HushsDoor","REME_ComplimentaryCards","PunchingBag"],"acts_visited":["Exordium"],"potions_floor_usage":[],"damage_taken":[{"damage":0,"enemies":"Cultist","floor":1,"turns":2},{"damage":1,"enemies":"Jaw Worm","floor":2,"turns":2},{"damage":7,"enemies":"2 Louse","floor":3,"turns":4},{"damage":24,"enemies":"Exordium Thugs","floor":4,"turns":3},{"damage":0,"enemies":"Gremlin Nob","floor":7,"turns":2}],"seed_played":"-9029567288167807484","potions_obtained":[{"floor":1,"key":"LiquidBronze"},{"floor":3,"key":"Energy Potion"}],"is_trial":false,"path_per_floor":["M","M","M","M","?","R","E"],"character_chosen":"THE_HERO","items_purchased":[],"campfire_rested":1,"item_purchase_floors":[],"current_hp_per_floor":[72,69,62,40,40,59,61,61],"gold":236,"neow_bonus":"RANDOM_COLORLESS","is_daily":false,"chose_seed":false,"campfire_upgraded":0,"win_rate":0.0,"timestamp":1609469248,"path_taken":["M","?","M","M","?","R","E"],"items_purchased_type":[],"build_version":"2020-12-22","purchased_purges":0,"victory":false,"max_hp_per_floor":[72,69,69,66,66,66,66,66],"card_choices":[{"not_picked":[],"picked":"BloodyBrimstone","floor":0},{"not_picked":["BettingIsNotGood","REME_TwoStrings"],"picked":"Good Instincts","floor":0},{"not_picked":["ClowCardTheLoop","Pikachu:QuickAttack"],"picked":"ClowCardTheSand","floor":1},{"not_picked":["Burning Pact Giant","PokerPlayerMod:ClubShade"],"picked":"animeID:FullCowl","floor":2},{"not_picked":["Duplicate Hand","Pikachu:Cut"],"picked":"PokerPlayerMod:CloakAndDiamond","floor":3},{"not_picked":["animeID:Hawks","PokerPlayerMod:Configure"],"picked":"animeID:Tomura","floor":4}],"player_experience":24617,"relics_obtained":[],"event_choices":[{"damage_healed":0,"gold_gain":75,"player_choice":"Gained Gold","damage_taken":0,"max_hp_gain":0,"max_hp_loss":0,"event_name":"Golden Wing","floor":5,"gold_loss":0}],"is_beta":false,"boss_relics":[],"items_purged_floors":[],"is_endless":false,"potions_floor_spawned":[1,3],"killed_by":"Gremlin Nob","ascension_level":0}}