{"host":"vmo6qas4tfa0p776","time":1609517922,"event":{"mods":["AchievementEnabler","BaseMod","Bestiary","Better Altar","Better Match","Better Note","Better Sensory Stone","Better Skull","Better Third Choice","Colored Map","Downfall","Minty Spire (QoL Compilation)","Relic Stats","Robot Space Explorer","Spicy Shops","StSLib","The Marked"],"gold_per_floor":[99,199,199,199,199,233,258,258,288,298,28,28,22,43,71,71,71],"floor_reached":16,"playtime":851,"items_purged":[],"score":131,"play_id":"adb1e8cd-d352-4e26-bfc8-5409f45f33f7","local_time":"20210101111842","is_ascension_mode":false,"campfire_choices":[{"data":"sneckomod:SnekBite","floor":1,"key":"SMITH"}],"circlet_count":0,"master_deck":["sneckomod:Strike+1","sneckomod:Strike+1","sneckomod:Strike","sneckomod:Defend","sneckomod:Defend+1","sneckomod:Defend","sneckomod:TailWhip","sneckomod:SnekBite+1","sneckomod:Unknown","sneckomod:Unknown","sneckomod:UnknownUncommonPower","sneckomod:SoulRoll","sneckomod:UnknownColorless","Doubt","sneckomod:QuickBite","sneckomod:SerpentIdol","sneckomod:Nope","sneckomod:SnekBite+1","sneckomod:QuickBite","sneckomod:IronFang","sneckomod:UnknownBlock","sneckomod:UnknownRareSkill","sneckomod:ImprovisedAttack"],"relics":["sneckomod:SneckoSoul","downfall:HeartsMalice","Smiling Mask","Akabeko","Bag of Marbles","DollysMirror","CeramicFish"],"acts_visited":["Exordium"],"potions_floor_usage":[16],"damage_taken":[{"damage":0,"enemies":"2 Louse","floor":4,"turns":1},{"damage":0,"enemies":"Jaw Worm","floor":5,"turns":1},{"damage":0,"enemies":"Gremlin Nob","floor":6,"turns":1},{"damage":47,"enemies":"Lagavulin","floor":9,"turns":10},{"damage":0,"enemies":"Cultist","floor":10,"turns":3},{"damage":0,"enemies":"downfall:FleeingMerchant","floor":11,"turns":4},{"damage":15,"enemies":"downfall:FleeingMerchant","floor":13,"turns":4},{"damage":0,"enemies":"Exordium Wildlife","floor":14,"turns":3},{"damage":10,"enemies":"Lots of Slimes","floor":15,"turns":3},{"damage":28,"enemies":"downfall:Silent","floor":16,"turns":4}],"seed_played":"-1220479510136666425","potions_obtained":[{"floor":6,"key":"SmokeBomb"},{"floor":14,"key":"SmokeBomb"},{"floor":15,"key":"Weak Potion"}],"is_trial":false,"path_per_floor":["R","?","?","M","M","E","T","?","E","M","$","T","$","M","M","B"],"character_chosen":"THE_SNECKO","items_purchased":["DollysMirror","sneckomod:QuickBite","sneckomod:IronFang"],"campfire_rested":0,"item_purchase_floors":[11,11,11],"current_hp_per_floor":[90,90,90,91,91,92,92,92,45,45,45,45,31,32,22,0,0],"gold":71,"neow_bonus":"THREE_ENEMY_KILL","is_daily":false,"chose_seed":false,"campfire_upgraded":1,"win_rate":0.0,"timestamp":1609517922,"path_taken":["R","?","?","M","?","E","T","?","E","M","?","?","$","M","M","BOSS"],"items_purchased_type":["Relic","Card","Card"],"build_version":"2020-12-22","purchased_purges":0,"victory":false,"max_hp_per_floor":[90,90,90,91,91,92,92,92,92,92,92,92,93,94,94,94,94],"relic_stats":{"counters":[10,31],"CeramicFish":27,"Smiling Mask":0,"obtain_stats":[{"DollysMirror":11,"CeramicFish":12,"downfall:HeartsMalice":0,"Bag of Marbles":9,"sneckomod:SneckoSoul":0,"Smiling Mask":6,"Akabeko":7},{"DollysMirror":6,"CeramicFish":6,"downfall:HeartsMalice":0,"Bag of Marbles":4,"sneckomod:SneckoSoul":0,"Smiling Mask":3,"Akabeko":3},{"DollysMirror":17,"CeramicFish":17,"downfall:HeartsMalice":0,"Bag of Marbles":10,"sneckomod:SneckoSoul":0,"Smiling Mask":0,"Akabeko":0}]},"card_choices":[{"not_picked":["sneckomod:TrashToTreasure","sneckomod:UnknownClassSLIMEBOUND"],"picked":"sneckomod:UnknownUncommonPower","floor":4},{"not_picked":["sneckomod:UnknownCommonAttack","sneckomod:UnknownUncommonPower"],"picked":"sneckomod:SoulRoll","floor":5},{"not_picked":["sneckomod:SoulDraw","sneckomod:Unknown0Cost"],"picked":"sneckomod:UnknownColorless","floor":6},{"not_picked":["sneckomod:UnknownClassROBOT_ORANGE_COLOR","sneckomod:DiceBlock"],"picked":"sneckomod:QuickBite","floor":9},{"not_picked":["sneckomod:Unknown1Cost","sneckomod:SnakeSap"],"picked":"sneckomod:SerpentIdol","floor":10},{"not_picked":["sneckomod:QuickMove","sneckomod:UnknownStrike"],"picked":"sneckomod:Nope","floor":11},{"not_picked":["sneckomod:IronFang","sneckomod:SoulRoll"],"picked":"sneckomod:UnknownBlock","floor":13},{"not_picked":["sneckomod:DiceBlock","sneckomod:UnknownClassPURPLE"],"picked":"sneckomod:UnknownRareSkill","floor":14},{"not_picked":["sneckomod:UnknownClassDEFAULT_GRAY_COLOR","sneckomod:IronFang"],"picked":"sneckomod:ImprovisedAttack","floor":15}],"player_experience":233666,"relics_obtained":[{"floor":6,"key":"Smiling Mask"},{"floor":7,"key":"Akabeko"},{"floor":9,"key":"Bag of Marbles"},{"floor":12,"key":"CeramicFish"}],"event_choices":[{"damage_healed":0,"gold_gain":0,"cards_transformed":["Regret"],"player_choice":"Transformed","damage_taken":0,"max_hp_gain":0,"max_hp_loss":0,"event_name":"Transmorgrifier","floor":8,"gold_loss":0,"cards_obtained":["Doubt"]}],"is_beta":false,"boss_relics":[],"items_purged_floors":[],"is_endless":false,"potions_floor_spawned":[6,14,15],"killed_by":"downfall:Silent","ascension_level":0}}