{"host":"8m3txu8mcyu46pv6","time":1609518072,"event":{"mods":["ATMod(°¢èªMod)","BaseMod","Minty Spire (QoL Compilation)","StSLib"],"gold_per_floor":[163,163,163,113,125,125,150,150,174,188,208,208,133,151,151,254,254,272,286,286,303,322,355,355,375,444,359,104,104,117,150,150,250,250,264,282,33,47,93,122,122,149,225,235,266,294,344,344,344,344,344,344,142,175,175],"floor_reached":56,"playtime":1906,"items_purged":["Strike_R","Strike_R","Strike_R"],"score":2233,"play_id":"32926491-1ff7-415b-b4b2-f208af0087dd","local_time":"20210102002112","is_ascension_mode":true,"campfire_choices":[{"data":"AT_ShrugMaster","floor":6.0,"key":"SMITH"},{"data":"AT_BodySlamDance","floor":8.0,"key":"SMITH"},{"floor":15.0,"key":"RECALL"},{"floor":24.0,"key":"REST"},{"data":"Exhume","floor":32.0,"key":"SMITH"},{"data":"Power Through","floor":41.0,"key":"SMITH"},{"floor":49,"key":"REST"},{"data":"Defend_R","floor":52,"key":"SMITH"}],"circlet_count":0,"master_deck":["AscendersBane","Defend_R+1","Defend_R+1","Defend_R+1","Defend_R+1","Bash+1","AT_ShrugMaster+1","AT_FamilyPortrait+1","AT_BodySlamDance+1","Power Through+1","AT_DiedThrough+1","Exhume+1","AT_BodySlamDance+1","Impervious+1","Master of Strategy+1","Dark Embrace+1"],"relics":["AT_ATBox","Tiny House","AT_ImmortalShieldbow","Ice Cream","Omamori","Mark of Pain","Strawberry","Singing Bowl","MutagenicStrength","Toxic Egg 2","Black Star","WingedGreaves","Sundial","AT_ChloranthyRing","AT_SilvercatRing","AT_GuinsooRageblade","Blue Candle","Bronze Scales","AT_LudenTempest","Juzu Bracelet","Mummified Hand","Incense Burner","Anchor","Pen Nib"],"acts_visited":["Exordium","TheCity","TheBeyond","TheEnding"],"potions_floor_usage":[],"damage_taken":[{"damage":13.0,"enemies":"Small Slimes","floor":1.0,"turns":4.0},{"damage":0.0,"enemies":"2 Louse","floor":5.0,"turns":1.0},{"damage":4.0,"enemies":"Lagavulin","floor":7.0,"turns":5.0},{"damage":4.0,"enemies":"Jaw Worm","floor":10.0,"turns":2.0},{"damage":3.0,"enemies":"3 Louse","floor":11.0,"turns":3.0},{"damage":0.0,"enemies":"Exordium Wildlife","floor":14.0,"turns":2.0},{"damage":0.0,"enemies":"Hexaghost","floor":16.0,"turns":6.0},{"damage":0.0,"enemies":"3 Byrds","floor":18.0,"turns":4.0},{"damage":9.0,"enemies":"Spheric Guardian","floor":19.0,"turns":3.0},{"damage":2.0,"enemies":"Snecko","floor":21.0,"turns":4.0},{"damage":23.0,"enemies":"Shelled Parasite and Fungi","floor":22.0,"turns":4.0},{"damage":0.0,"enemies":"Gremlin Leader","floor":23.0,"turns":2.0},{"damage":5.0,"enemies":"3 Cultists","floor":25.0,"turns":5.0},{"damage":0.0,"enemies":"Cultist and Chosen","floor":30.0,"turns":3.0},{"damage":0.0,"enemies":"Slavers","floor":31.0,"turns":2.0},{"damage":10.0,"enemies":"Collector","floor":33.0,"turns":6.0},{"damage":0.0,"enemies":"3 Shapes","floor":35.0,"turns":3.0},{"damage":8.0,"enemies":"Orb Walker","floor":36.0,"turns":5.0},{"damage":23.0,"enemies":"Jaw Worm Horde","floor":38.0,"turns":2.0},{"damage":0.0,"enemies":"2 Orb Walkers","floor":39.0,"turns":2.0},{"damage":0.0,"enemies":"Nemesis","floor":40.0,"turns":3.0},{"damage":0.0,"enemies":"Giant Head","floor":42.0,"turns":1.0},{"damage":0.0,"enemies":"4 Shapes","floor":44.0,"turns":2.0},{"damage":1.0,"enemies":"Reptomancer","floor":45.0,"turns":1.0},{"damage":1.0,"enemies":"Giant Head","floor":46.0,"turns":2.0},{"damage":0.0,"enemies":"Mind Bloom Boss Battle","floor":47.0,"turns":2.0},{"damage":11,"enemies":"Awakened One","floor":50,"turns":3},{"damage":0,"enemies":"Shield and Spear","floor":54,"turns":2},{"damage":20,"enemies":"The Heart","floor":55,"turns":5}],"seed_played":"-8758959440417049461","potions_obtained":[{"floor":0.0,"key":"GamblersBrew"},{"floor":10.0,"key":"SteroidPotion"},{"floor":14.0,"key":"FairyPotion"},{"floor":16.0,"key":"ColorlessPotion"},{"floor":18.0,"key":"Fire Potion"},{"floor":22.0,"key":"BlessingOfTheForge"},{"floor":23.0,"key":"Weak Potion"},{"floor":35.0,"key":"BlessingOfTheForge"},{"floor":38.0,"key":"DistilledChaos"},{"floor":40.0,"key":"HeartOfIron"},{"floor":45.0,"key":"LiquidMemories"}],"is_trial":false,"path_per_floor":["M","?","?","?","M","R","E","R","T","M","M","?","$","M","R","B",null,"M","M","?","M","M","E","R","M","T","?","$","?","M","E","R","B",null,"M","M","$","M","?","E","R","E","T","M","E","E","?","?","R","B",null,"R","$","E","B",null],"character_chosen":"IRONCLAD","items_purchased":["Exhume","Impervious+1","Master of Strategy+1","Dark Embrace"],"campfire_rested":2,"item_purchase_floors":[28,37,37,53],"current_hp_per_floor":[64,46,29,29,29,29,37,37,37,33,30,30,30,30,30,30,71,71,62,46,44,61,68,97,92,92,92,92,92,94,96,96,88,99,101,93,93,72,74,76,76,78,78,80,81,82,84,84,120,109,118,118,118,120,100],"gold":175,"neow_bonus":"BOSS_RELIC","is_daily":false,"chose_seed":false,"campfire_upgraded":5,"win_rate":0.0,"timestamp":1609518072,"path_taken":["M","?","?","?","M","R","E","R","T","M","?","?","?","M","R","BOSS","M","M","?","M","M","E","R","M","T","?","$","?","M","E","R","BOSS","M","M","$","M","?","E","R","E","T","M","E","E","?","?","R","BOSS","R","$","E","BOSS"],"items_purchased_type":["Card","Card","Card","Card"],"build_version":"2020-12-22","purchased_purges":3,"victory":true,"max_hp_per_floor":[85,85,85,85,85,85,85,85,85,85,85,85,85,85,85,85,85,85,85,90,90,90,97,97,97,97,97,97,97,99,101,101,103,103,105,105,105,107,109,111,111,113,113,115,117,119,121,121,121,121,121,121,121,123,123],"card_choices":[{"not_picked":["Body Slam","Shrug It Off"],"picked":"AT_ShrugMaster","floor":0.0},{"not_picked":["Pummel","Shockwave"],"picked":"AT_BodySlamDance","floor":1.0},{"not_picked":["Heavy Blade","Intimidate","Wild Strike"],"picked":"SKIP","floor":5.0},{"not_picked":["Shrug It Off","Sword Boomerang","Heavy Blade"],"picked":"SKIP","floor":7.0},{"not_picked":["Heavy Blade","True Grit","Flex"],"picked":"SKIP","floor":10.0},{"not_picked":["AT_Dispersion","Thunderclap","Havoc"],"picked":"SKIP","floor":11.0},{"not_picked":["Flex","Body Slam","Iron Wave"],"picked":"SKIP","floor":14.0},{"not_picked":["Havoc","Reckless Charge+1","Rage"],"picked":"SKIP","floor":18.0},{"not_picked":["Shrug It Off","AT_GerminateFire"],"picked":"Power Through","floor":19.0},{"not_picked":["AT_IchimonjiDouble","Fire Breathing+1","Clothesline"],"picked":"SKIP","floor":21.0},{"not_picked":["Heavy Blade","Clothesline"],"picked":"AT_DiedThrough+1","floor":22.0},{"not_picked":["Uppercut","Iron Wave","Carnage"],"picked":"SKIP","floor":23.0},{"not_picked":["Armaments","Twin Strike","Iron Wave"],"picked":"SKIP","floor":25.0},{"not_picked":["Clash","Heavy Blade","Shockwave"],"picked":"Singing Bowl","floor":30.0},{"not_picked":["AT_IchimonjiDouble","Headbutt","Wild Strike"],"picked":"Singing Bowl","floor":31.0},{"not_picked":["Limit Break+1","Corruption","Demon Form"],"picked":"Singing Bowl","floor":33.0},{"not_picked":["Pommel Strike","Perfected Strike","AT_GerminateFire+1"],"picked":"Singing Bowl","floor":35.0},{"not_picked":["Inflame","Burning Pact+1"],"picked":"AT_BodySlamDance+1","floor":36.0},{"not_picked":["Evolve+1","Combust+1","Wild Strike"],"picked":"Singing Bowl","floor":38.0},{"not_picked":["Heavy Blade","Warcry+1","Wild Strike"],"picked":"Singing Bowl","floor":39.0},{"not_picked":["AT_BodySlamDance+1","AT_ShrugMaster","Wild Strike"],"picked":"Singing Bowl","floor":40.0},{"not_picked":["Wild Strike+1","Iron Wave","Corruption"],"picked":"Singing Bowl","floor":42.0},{"not_picked":["Twin Strike","Thunderclap","AT_GerminateFire+1"],"picked":"Singing Bowl","floor":44.0},{"not_picked":["AT_IchimonjiDouble","Uppercut","Perfected Strike"],"picked":"Singing Bowl","floor":45.0},{"not_picked":["Cleave+1","AT_BodySlamDance+1","Carnage+1"],"picked":"Singing Bowl","floor":46.0},{"not_picked":["Dropkick+1","True Grit+1","Fire Breathing"],"picked":"Singing Bowl","floor":47.0},{"not_picked":["Sentinel+1","Infernal Blade+1","Shockwave+1"],"picked":"Singing Bowl","floor":54}],"player_experience":47534,"relics_obtained":[{"floor":7.0,"key":"Ice Cream"},{"floor":9.0,"key":"Omamori"},{"floor":23.0,"key":"Strawberry"},{"floor":31.0,"key":"Toxic Egg 2"},{"floor":39.0,"key":"WingedGreaves"},{"floor":40.0,"key":"Sundial"},{"floor":40.0,"key":"AT_ChloranthyRing"},{"floor":42.0,"key":"AT_SilvercatRing"},{"floor":42.0,"key":"AT_GuinsooRageblade"},{"floor":43.0,"key":"Blue Candle"},{"floor":45.0,"key":"Bronze Scales"},{"floor":45.0,"key":"AT_LudenTempest"},{"floor":46.0,"key":"Juzu Bracelet"},{"floor":46.0,"key":"Mummified Hand"},{"floor":47.0,"key":"Incense Burner"},{"floor":54,"key":"Anchor"},{"floor":54,"key":"Pen Nib"}],"event_choices":[{"damage_healed":0.0,"max_hp_gain":0.0,"max_hp_loss":0.0,"gold_gain":0.0,"event_name":"Scrap Ooze","player_choice":"Success","floor":2.0,"gold_loss":0.0,"damage_taken":18.0,"relics_obtained":["AT_ImmortalShieldbow"]},{"damage_healed":0.0,"max_hp_gain":0.0,"max_hp_loss":0.0,"gold_gain":0.0,"event_name":"Shining Light","player_choice":"Entered Light","floor":3.0,"gold_loss":0.0,"damage_taken":17.0,"cards_upgraded":["Defend_R","Defend_R"]},{"cards_removed":["Strike_R"],"damage_healed":0.0,"max_hp_gain":0.0,"max_hp_loss":0.0,"gold_gain":0.0,"event_name":"The Cleric","player_choice":"Card Removal","floor":4.0,"gold_loss":50.0,"damage_taken":0.0},{"damage_healed":0.0,"max_hp_gain":0.0,"max_hp_loss":0.0,"gold_gain":0.0,"event_name":"Living Wall","player_choice":"Grow","floor":12.0,"gold_loss":0.0,"damage_taken":0.0,"cards_upgraded":["AT_FamilyPortrait"]},{"damage_healed":0.0,"max_hp_gain":5.0,"max_hp_loss":0.0,"gold_gain":0.0,"event_name":"Forgotten Altar","player_choice":"Shed Blood","floor":20.0,"gold_loss":0.0,"damage_taken":21.0},{"damage_healed":0.0,"max_hp_gain":0.0,"max_hp_loss":0.0,"gold_gain":0.0,"event_name":"Addict","player_choice":"Obtained Relic","floor":27.0,"gold_loss":85.0,"damage_taken":0.0,"relics_obtained":["Singing Bowl"]},{"damage_healed":0.0,"max_hp_gain":0.0,"max_hp_loss":0.0,"gold_gain":0.0,"event_name":"Drug Dealer","player_choice":"Inject Mutagens","floor":29.0,"gold_loss":0.0,"damage_taken":0.0,"relics_obtained":["MutagenicStrength"]},{"damage_healed":0.0,"max_hp_gain":0.0,"max_hp_loss":0.0,"gold_gain":0.0,"event_name":"Mysterious Sphere","player_choice":"Fight","floor":39.0,"gold_loss":0.0,"damage_taken":0.0},{"damage_healed":0.0,"max_hp_gain":0.0,"max_hp_loss":0.0,"gold_gain":0.0,"event_name":"MindBloom","player_choice":"Fight","floor":47.0,"gold_loss":0.0,"damage_taken":0.0},{"cards_removed":["Strike_R"],"damage_healed":0,"gold_gain":0,"player_choice":"Removed Attack","damage_taken":0,"max_hp_gain":0,"max_hp_loss":0,"event_name":"Falling","floor":48,"gold_loss":0}],"is_beta":false,"boss_relics":[{"not_picked":["Coffee Dripper","Runic Pyramid"],"picked":"Mark of Pain"},{"not_picked":["AT_MortalBlade","Runic Dome"],"picked":"Black Star"}],"items_purged_floors":[13,28,53],"is_endless":false,"potions_floor_spawned":[10,14,16,18,19,22,23,35,38,40,45,46,54],"ascension_level":10}}