{"host":"ry95t1gxi682w1un","time":1609465861,"event":{"mods":["BaseMod","Block Reminder","Downfall","Highlight Path","Minty Spire (QoL Compilation)","Random Character Button","StSLib"],"gold_per_floor":[99,118,131,131,150,600,600,633,650,650,669,744,744,764,781,886,886,886,898,207,222,107,107,131,131,131,131,150,179,179,213,233,331,331,256,273,292,292,292,323,323,334,367,217,242,260,260,260,280,280],"floor_reached":51,"playtime":2931,"items_purged":["Slimebound:Icky","Slimebound:Icky"],"score":1027,"play_id":"7ae46bc3-f94b-4db4-b76d-47e06b48d975","local_time":"20201231205101","is_ascension_mode":false,"campfire_choices":[{"data":"Guardian:TwinSlam","floor":1.0,"key":"SMITH"},{"data":"Guardian:CompilePackage","floor":13.0,"key":"SMITH"},{"floor":27.0,"key":"RECALL"},{"data":"Guardian:PrismaticBeam","floor":35.0,"key":"SMITH"},{"data":"Guardian:WalkerClaw","floor":44,"key":"SMITH"},{"data":"Guardian:TimeSifter","floor":47,"key":"SMITH"}],"circlet_count":0,"master_deck":["Guardian:Strike_Guardian","Guardian:Strike_Guardian","Guardian:Defend_Guardian","Guardian:Defend_Guardian","Guardian:Defend_Guardian","Guardian:CurlUp","Guardian:TwinSlam+1","Guardian:SentryBeam+1","Guardian:StasisStrike+1","Guardian:Incinerate","Guardian:Orbwalk","Guardian:ShieldSpikes","Slimebound:Icky","Guardian:TemporalShield","Guardian:CompilePackage+1","Guardian:PrismaticBeam+1","Guardian:TimeSifter+1","Guardian:WalkerClaw+1","Guardian:VentSteam","Guardian:DonusPower+1"],"relics":["Astrolabe","Mercury Hourglass","Darkstone Periapt","Busted Crown","Matryoshka","Turnip","Molten Egg 2","sneckomod:BlankCard","downfall:RedIOU","Blood Vial","Nilry\u0027s Codex","Centennial Puzzle","SlaversCollar","downfall:HeartBlessingRed","Anchor","CeramicFish","Pear","downfall:HeartBlessingGreen","downfall:HeartBlessingBlue","Akabeko"],"acts_visited":["Exordium","TheCity","TheBeyond"],"potions_floor_usage":[],"damage_taken":[{"damage":0.0,"enemies":"2 Louse","floor":2.0,"turns":2.0},{"damage":0.0,"enemies":"Small Slimes","floor":3.0,"turns":2.0},{"damage":8.0,"enemies":"Small Slimes","floor":4.0,"turns":3.0},{"damage":0.0,"enemies":"Cultist","floor":5.0,"turns":3.0},{"damage":19.0,"enemies":"3 Sentries","floor":8.0,"turns":5.0},{"damage":0.0,"enemies":"3 Louse","floor":9.0,"turns":3.0},{"damage":0.0,"enemies":"Blue Slaver","floor":11.0,"turns":3.0},{"damage":0.0,"enemies":"Large Slime","floor":14.0,"turns":4.0},{"damage":1.0,"enemies":"3 Louse","floor":15.0,"turns":2.0},{"damage":23.0,"enemies":"downfall:Defect","floor":16.0,"turns":5.0},{"damage":0.0,"enemies":"Spheric Guardian","floor":19.0,"turns":2.0},{"damage":0.0,"enemies":"downfall:FleeingMerchant","floor":20.0,"turns":4.0},{"damage":1.0,"enemies":"Shell Parasite","floor":21.0,"turns":4.0},{"damage":0.0,"enemies":"downfall:FleeingMerchant","floor":22.0,"turns":4.0},{"damage":1.0,"enemies":"Cultist and Chosen","floor":28.0,"turns":4.0},{"damage":23.0,"enemies":"Slavers","floor":29.0,"turns":4.0},{"damage":7.0,"enemies":"Gremlin Leader","floor":31.0,"turns":6.0},{"damage":9.0,"enemies":"Centurion and Healer","floor":32.0,"turns":4.0},{"damage":0.0,"enemies":"downfall:Silent","floor":33.0,"turns":5.0},{"damage":0.0,"enemies":"3 Shapes","floor":36.0,"turns":1.0},{"damage":0.0,"enemies":"Orb Walker","floor":37.0,"turns":2.0},{"damage":3,"enemies":"Reptomancer","floor":40,"turns":4},{"damage":0,"enemies":"Sphere and 2 Shapes","floor":42,"turns":3},{"damage":0,"enemies":"Giant Head","floor":43,"turns":6},{"damage":6,"enemies":"Reptomancer","floor":45,"turns":3},{"damage":6,"enemies":"Maw","floor":46,"turns":5},{"damage":16,"enemies":"Spire Growth","floor":49,"turns":3},{"damage":0,"enemies":"downfall:Ironclad","floor":50,"turns":5}],"seed_played":"-7764454690141496278","potions_obtained":[{"floor":5.0,"key":"DuplicationPotion"},{"floor":11.0,"key":"Block Potion"},{"floor":12.0,"key":"downfall:CursedFountainPotion"},{"floor":21.0,"key":"DuplicationPotion"},{"floor":36.0,"key":"Regen Potion"}],"is_trial":false,"path_per_floor":["R","M","M","?","M","?","T","E","M","?","M","?","R","M","M","B",null,"R","M","$","M","$","R","T","?","?","R","M","E","?","E","M","B",null,"R","M","M","?","?","E","T","M","E","R","E","M","R","?","M","B",null],"character_chosen":"GUARDIAN","items_purchased":["Matryoshka","Turnip","Guardian:WalkerClaw"],"campfire_rested":0,"item_purchase_floors":[20,20,20],"current_hp_per_floor":[80,80,80,60,60,60,60,41,41,41,41,80,80,80,79,56,80,80,80,80,79,79,79,79,79,79,79,78,55,39,34,27,29,80,80,80,80,80,80,77,77,79,90,100,94,90,90,90,76,78],"gold":280,"neow_bonus":"BOSS_RELIC","is_daily":false,"chose_seed":false,"campfire_upgraded":5,"win_rate":0.0,"timestamp":1609465861,"path_taken":["R","M","M","?","M","?","T","E","M","?","M","?","R","?","M","BOSS","R","M","$","M","$","R","T","?","?","R","M","E","?","E","M","BOSS","R","M","M","?","?","E","T","M","E","R","E","M","R","?","M","BOSS"],"items_purchased_type":["Relic","Relic","Card"],"build_version":"2020-12-22","purchased_purges":2,"victory":true,"max_hp_per_floor":[80,80,80,80,80,80,80,80,80,80,80,80,80,80,80,80,80,80,80,80,80,80,80,80,80,80,80,80,80,80,80,80,80,80,80,80,80,80,80,80,80,80,90,100,100,100,100,100,100,100],"card_choices":[{"not_picked":["Guardian:WalkerClaw","Guardian:Reroute"],"picked":"Guardian:Incinerate","floor":2.0},{"not_picked":["Guardian:Suspension","Guardian:RollAttack"],"picked":"Guardian:Orbwalk","floor":3.0},{"not_picked":["Guardian:TimeBomb","Guardian:Gem_Green"],"picked":"Guardian:ShieldSpikes","floor":5.0},{"not_picked":["Guardian:MultiBeam","Guardian:RollAttack"],"picked":"Guardian:TemporalShield","floor":8.0},{"not_picked":["Guardian:PiercingHide","Guardian:Gem_Lightblue"],"picked":"Guardian:CompilePackage","floor":9.0},{"not_picked":["Guardian:FloatingOrbs","Guardian:PiercingHide"],"picked":"Guardian:Gem_Blue","floor":11.0},{"not_picked":["Guardian:PiercingHide","Guardian:CrystalBeam"],"picked":"Guardian:PrismaticBeam","floor":14.0},{"not_picked":["Guardian:ChargeUp","Guardian:Preprogram","Guardian:PrimingBeam"],"picked":"SKIP","floor":15.0},{"not_picked":["Guardian:CompilePackage","Guardian:SphericShield"],"picked":"Guardian:TimeSifter","floor":16.0},{"not_picked":["Guardian:Gem_Lightblue"],"picked":"SKIP","floor":19.0},{"not_picked":["Guardian:Gem_Green"],"picked":"SKIP","floor":20.0},{"not_picked":["Guardian:EvasiveProtocol"],"picked":"SKIP","floor":21.0},{"not_picked":[],"picked":"Guardian:VentSteam","floor":22.0},{"not_picked":["Guardian:Clone+1"],"picked":"SKIP","floor":28.0},{"not_picked":["Guardian:Gem_Green"],"picked":"SKIP","floor":29.0},{"not_picked":["Guardian:Gem_Green"],"picked":"SKIP","floor":29.0},{"not_picked":[],"picked":"Guardian:Gem_Blue","floor":31.0},{"not_picked":["Guardian:Gem_Green"],"picked":"SKIP","floor":32.0},{"not_picked":["Guardian:VentSteam"],"picked":"SKIP","floor":36.0},{"not_picked":[],"picked":"Guardian:DonusPower+1","floor":37.0},{"not_picked":["Guardian:EvasiveProtocol+1"],"picked":"SKIP","floor":40},{"not_picked":["Guardian:Emergency+1"],"picked":"SKIP","floor":42},{"not_picked":["Guardian:Clone"],"picked":"SKIP","floor":43},{"not_picked":["Guardian:Recover+1"],"picked":"SKIP","floor":45},{"not_picked":["Guardian:SentryBeam+1"],"picked":"SKIP","floor":46},{"not_picked":["Guardian:Gem_Lightblue"],"picked":"SKIP","floor":49}],"player_experience":525915,"relics_obtained":[{"floor":7.0,"key":"Mercury Hourglass"},{"floor":8.0,"key":"Darkstone Periapt"},{"floor":24.0,"key":"Molten Egg 2"},{"floor":24.0,"key":"sneckomod:BlankCard"},{"floor":29.0,"key":"Blood Vial"},{"floor":30.0,"key":"Nilry\u0027s Codex"},{"floor":31.0,"key":"Centennial Puzzle"},{"floor":40,"key":"Anchor"},{"floor":41,"key":"CeramicFish"},{"floor":43,"key":"Pear"},{"floor":45,"key":"Akabeko"}],"event_choices":[{"damage_healed":0.0,"max_hp_gain":0.0,"max_hp_loss":0.0,"gold_gain":0.0,"event_name":"Ghosts","player_choice":"Ignored","floor":26.0,"gold_loss":0.0,"damage_taken":0.0}],"is_beta":false,"boss_relics":[{"not_picked":["Runic Dome","Coffee Dripper"],"picked":"Busted Crown"},{"not_picked":["expansioncontent:StudyCardRelic","Tiny House"],"picked":"SlaversCollar"}],"items_purged_floors":[20,22],"is_endless":false,"potions_floor_spawned":[5,11,15,16,21,28,32,36,40,46],"ascension_level":0}}