{"host":"wukocnei7dgudpva","time":1609503035,"event":{"mods":["AchievementEnabler","BaseMod","Colored Map","Minty Spire (QoL Compilation)","Permanent Neow","Relic Filter","Relic Stats","StSLib","SuperFastMode"],"gold_per_floor":[114,189,189,200,210,210,210],"floor_reached":6,"playtime":328,"items_purged":[],"score":36,"play_id":"340e2c15-fe46-4178-b3fa-a2ad73acb3eb","local_time":"20210101211035","is_ascension_mode":false,"campfire_choices":[],"circlet_count":0,"master_deck":["Strike_P","Strike_P","Strike_P","Defend_P","Defend_P","Defend_P","Defend_P","Eruption","Vigilance"],"relics":["VioletLotus"],"acts_visited":["Exordium"],"potions_floor_usage":[6,6],"damage_taken":[{"damage":2,"enemies":"Jaw Worm","floor":1,"turns":6},{"damage":0,"enemies":"Cultist","floor":4,"turns":4},{"damage":0,"enemies":"Small Slimes","floor":5,"turns":3},{"damage":65,"enemies":"3 Sentries","floor":6,"turns":8}],"seed_played":"-6803406455058959166","potions_obtained":[{"floor":1,"key":"SpeedPotion"},{"floor":5,"key":"LiquidMemories"}],"is_trial":false,"path_per_floor":["M","?","?","M","M","E"],"character_chosen":"WATCHER","items_purchased":[],"campfire_rested":0,"item_purchase_floors":[],"current_hp_per_floor":[70,59,59,59,59,0,0],"gold":210,"neow_bonus":"BOSS_RELIC","is_daily":false,"chose_seed":false,"campfire_upgraded":0,"win_rate":0.0,"timestamp":1609503035,"path_taken":["M","?","?","?","M","E"],"items_purchased_type":[],"build_version":"2020-12-22","purchased_purges":0,"victory":false,"max_hp_per_floor":[72,72,72,72,72,72,72],"relic_stats":{"counters":[4,21],"VioletLotus":[5],"obtain_stats":[{"VioletLotus":0,"PureWater":0},{"VioletLotus":0,"PureWater":0},{"VioletLotus":0,"PureWater":0}]},"card_choices":[{"not_picked":["DeceiveReality","Swivel","PathToVictory"],"picked":"SKIP","floor":1},{"not_picked":["Consecrate","WheelKick","WaveOfTheHand"],"picked":"SKIP","floor":4},{"not_picked":["SashWhip","EmptyFist","ThirdEye"],"picked":"SKIP","floor":5}],"player_experience":273974,"relics_obtained":[],"event_choices":[{"damage_healed":0,"gold_gain":75,"player_choice":"Gather Gold","damage_taken":11,"max_hp_gain":0,"max_hp_loss":0,"event_name":"World of Goop","floor":2,"gold_loss":0},{"cards_removed":["Strike_P"],"damage_healed":0,"gold_gain":0,"player_choice":"Purged","damage_taken":0,"max_hp_gain":0,"max_hp_loss":0,"event_name":"Purifier","floor":3,"gold_loss":0}],"is_beta":false,"boss_relics":[],"items_purged_floors":[],"is_endless":false,"potions_floor_spawned":[1,5],"killed_by":"3 Sentries","ascension_level":0}}