{"host":"2lrkmsuh7nz013qb","time":1609495597,"event":{"mods":["BaseMod","Colored Map","DeckTracker","Minty Spire (QoL Compilation)","SuperFastMode","everything is the same but u backflip on backflip"],"gold_per_floor":[110,126,143,143,143,143,143,162,162,176,176,176,188,207,207,207,207],"floor_reached":16,"playtime":246,"items_purged":[],"score":188,"play_id":"60e05676-066e-4984-a257-d096ca0d2ea9","local_time":"20210101190637","is_ascension_mode":true,"campfire_choices":[{"data":"Neutralize","floor":6,"key":"SMITH"},{"data":"Calculated Gamble","floor":15,"key":"SMITH"}],"circlet_count":0,"master_deck":["AscendersBane","Strike_G","Strike_G","Strike_G","Strike_G","Defend_G","Defend_G","Defend_G","Defend_G","Defend_G","Survivor","Neutralize+1","Backflip","Escape Plan","Calculated Gamble+1"],"relics":["Ring of the Snake","NeowsBlessing","Thread and Needle","Blue Candle"],"acts_visited":["Exordium"],"potions_floor_usage":[14],"damage_taken":[{"damage":0,"enemies":"Jaw Worm","floor":1,"turns":1},{"damage":0,"enemies":"Small Slimes","floor":2,"turns":1},{"damage":0,"enemies":"Cultist","floor":3,"turns":1},{"damage":0,"enemies":"Red Slaver","floor":8,"turns":5},{"damage":0,"enemies":"Looter","floor":10,"turns":5},{"damage":3,"enemies":"Large Slime","floor":13,"turns":10},{"damage":0,"enemies":"3 Louse","floor":14,"turns":6},{"damage":0,"enemies":"Hexaghost","floor":16,"turns":1}],"seed_played":"3274066576740521120","potions_obtained":[{"floor":2,"key":"Swift Potion"},{"floor":3,"key":"GhostInAJar"}],"is_trial":false,"path_per_floor":["M","M","M","$","?","R","$","M","T","M","?","?","M","M","R","B"],"character_chosen":"THE_SILENT","items_purchased":[],"campfire_rested":0,"item_purchase_floors":[],"current_hp_per_floor":[59,59,59,59,24,24,24,24,24,24,24,66,63,63,63,63,63],"gold":207,"neow_bonus":"THREE_ENEMY_KILL","is_daily":false,"chose_seed":false,"campfire_upgraded":2,"win_rate":0.0,"timestamp":1609495597,"path_taken":["M","M","M","$","?","R","$","M","T","M","?","?","M","M","R","BOSS"],"items_purchased_type":[],"build_version":"2020-12-22","purchased_purges":0,"victory":false,"max_hp_per_floor":[66,66,66,66,66,66,66,66,66,66,66,66,66,66,66,66,66],"card_choices":[{"not_picked":["Slice","Endless Agony","All Out Attack"],"picked":"SKIP","floor":1},{"not_picked":["Choke","Cloak And Dagger","Blade Dance"],"picked":"SKIP","floor":2},{"not_picked":["Outmaneuver","Flying Knee"],"picked":"Backflip","floor":3},{"not_picked":["Slice","Deflect"],"picked":"Escape Plan","floor":8},{"not_picked":["Flying Knee","Bane"],"picked":"Calculated Gamble","floor":10},{"not_picked":["Dagger Spray","Crippling Poison","Bane"],"picked":"SKIP","floor":13},{"not_picked":["Night Terror","Poisoned Stab","Dodge and Roll"],"picked":"SKIP","floor":14}],"player_experience":722495,"relics_obtained":[{"floor":9,"key":"Blue Candle"}],"event_choices":[{"damage_healed":0,"gold_gain":0,"player_choice":"Success","damage_taken":35,"relics_obtained":["Thread and Needle"],"max_hp_gain":0,"max_hp_loss":0,"event_name":"Scrap Ooze","floor":5,"gold_loss":0},{"damage_healed":0,"gold_gain":0,"cards_transformed":["Strike_G"],"player_choice":"Change","damage_taken":0,"max_hp_gain":0,"max_hp_loss":0,"event_name":"Living Wall","floor":11,"gold_loss":0,"cards_obtained":["Catalyst"]},{"cards_removed":["Catalyst"],"damage_healed":42,"gold_gain":0,"player_choice":"Offered Uncommon","damage_taken":0,"max_hp_gain":0,"max_hp_loss":0,"event_name":"Bonfire Elementals","floor":12,"gold_loss":0}],"is_beta":false,"boss_relics":[],"items_purged_floors":[],"is_endless":false,"potions_floor_spawned":[2,3,8,10],"killed_by":"Hexaghost","ascension_level":20}}