{"host":"873t0y8ybyo38pfq","time":1609532395,"event":{"mods":["BaseMod","Bestiary","Colored Map","Colored Powertips","Highlight Path","Minty Spire (QoL Compilation)","Quick Restart","RNG Fix","Rare Cards Sparkle","Relic Stats","StSLib"],"gold_per_floor":[111,127,19,35,54,54,54,54,135,166,186,186,186],"floor_reached":12,"playtime":725,"items_purged":[],"score":160,"play_id":"33263148-5f09-4e87-9e6a-5f5ebcf67056","local_time":"20210101151955","is_ascension_mode":true,"campfire_choices":[{"floor":6,"key":"REST"},{"data":"Zap","floor":8,"key":"SMITH"}],"circlet_count":0,"master_deck":["AscendersBane","Strike_B","Strike_B","Strike_B","Strike_B","Defend_B","Defend_B","Defend_B","Defend_B","Zap+1","Dualcast","Cold Snap","Coolheaded","Dramatic Entrance","Rebound","Compile Driver","Ball Lightning","Cold Snap"],"relics":["Cracked Core","Bag of Preparation","Kunai"],"acts_visited":["Exordium"],"potions_floor_usage":[5,12],"damage_taken":[{"damage":9,"enemies":"Jaw Worm","floor":1,"turns":4},{"damage":0,"enemies":"Small Slimes","floor":2,"turns":2},{"damage":0,"enemies":"2 Louse","floor":4,"turns":2},{"damage":22,"enemies":"Exordium Thugs","floor":5,"turns":6},{"damage":37,"enemies":"Lagavulin","floor":10,"turns":9},{"damage":3,"enemies":"Looter","floor":11,"turns":3},{"damage":13,"enemies":"3 Sentries","floor":12,"turns":2}],"seed_played":"2806227576549362811","potions_obtained":[{"floor":4,"key":"SpeedPotion"},{"floor":10,"key":"PotionOfCapacity"}],"is_trial":false,"path_per_floor":["M","M","$","M","M","R","?","R","T","E","M","E"],"character_chosen":"DEFECT","items_purchased":["Dramatic Entrance"],"campfire_rested":1,"item_purchase_floors":[3],"current_hp_per_floor":[51,51,51,51,29,54,49,49,49,12,9,0,0],"gold":186,"neow_bonus":"TWENTY_PERCENT_HP_BONUS","is_daily":false,"chose_seed":false,"campfire_upgraded":1,"win_rate":0.0,"timestamp":1609532395,"path_taken":["M","M","$","M","M","R","?","R","T","E","M","E"],"items_purchased_type":["Card"],"build_version":"2020-12-22","purchased_purges":0,"victory":false,"max_hp_per_floor":[85,85,85,85,85,85,85,85,85,85,85,85,85],"relic_stats":{"counters":[7,28],"Bag of Preparation":[6],"Kunai":[0],"obtain_stats":[{"Bag of Preparation":7,"Kunai":10,"Cracked Core":0},{"Bag of Preparation":4,"Kunai":5,"Cracked Core":0},{"Bag of Preparation":14,"Kunai":23,"Cracked Core":0}]},"card_choices":[{"not_picked":["BootSequence","Auto Shields"],"picked":"Cold Snap","floor":1},{"not_picked":["Gash","Skim"],"picked":"Coolheaded","floor":2},{"not_picked":["Turbo","Streamline"],"picked":"Rebound","floor":4},{"not_picked":["Turbo","Stack"],"picked":"Compile Driver","floor":5},{"not_picked":["Hello World","Stack"],"picked":"Ball Lightning","floor":10},{"not_picked":["Heatsinks","Streamline"],"picked":"Cold Snap","floor":11}],"player_experience":1467740,"relics_obtained":[{"floor":10,"key":"Kunai"}],"event_choices":[{"damage_healed":0,"gold_gain":0,"player_choice":"Success","damage_taken":5,"relics_obtained":["Bag of Preparation"],"max_hp_gain":0,"max_hp_loss":0,"event_name":"Scrap Ooze","floor":7,"gold_loss":0}],"is_beta":false,"boss_relics":[],"items_purged_floors":[],"is_endless":false,"potions_floor_spawned":[4,10],"killed_by":"3 Sentries","ascension_level":20}}