{"host":"tzyzz5n7hg2ni9q2","time":1609519249,"event":{"mods":["BaseMod","Minty Spire (QoL Compilation)","Quick Restart"],"gold_per_floor":[119,69,87,87,87,122,122,153,221,221,221,234,250,250,250,376,376,389,389,479,196,215,255,255,27,27,27,67,80,80,80,80,184,184,201,221,271,287,306,331,331,344,344,344,344],"floor_reached":44,"playtime":1636,"items_purged":[],"score":694,"play_id":"240c5804-5bd4-4cfd-8297-8bd12ba17118","local_time":"20210101174049","is_ascension_mode":true,"campfire_choices":[{"data":"Carnage","floor":7.0,"key":"SMITH"},{"floor":11.0,"key":"REST"},{"data":"Combust","floor":15.0,"key":"SMITH"},{"floor":24.0,"key":"RECALL"},{"data":"Barricade","floor":32.0,"key":"SMITH"},{"floor":41.0,"key":"REST"}],"circlet_count":0,"master_deck":["Strike_R+1","Strike_R","Strike_R+1","Strike_R","Defend_R","Defend_R","Defend_R","Defend_R","Bash","Carnage+1","Limit Break","Combust+1","Shrug It Off","Shrug It Off","Barricade+1","Body Slam","Disarm+1","Offering"],"relics":["Burning Blood","NeowsBlessing","The Courier","Akabeko","TungstenRod","StrikeDummy","Bloody Idol","Omamori","Busted Crown","Art of War","Centennial Puzzle","Juzu Bracelet","Oddly Smooth Stone","HandDrill","Lantern","Self Forming Clay","Matryoshka","Black Star","Calipers","Smiling Mask","Ancient Tea Set","Paper Frog"],"acts_visited":["Exordium","TheCity","TheBeyond"],"potions_floor_usage":[44],"damage_taken":[{"damage":0.0,"enemies":"Cultist","floor":1.0,"turns":1.0},{"damage":0.0,"enemies":"2 Louse","floor":3.0,"turns":1.0},{"damage":0.0,"enemies":"Gremlin Nob","floor":6.0,"turns":1.0},{"damage":35.0,"enemies":"Lagavulin","floor":8.0,"turns":4.0},{"damage":0.0,"enemies":"Jaw Worm","floor":12.0,"turns":1.0},{"damage":0.0,"enemies":"Large Slime","floor":13.0,"turns":4.0},{"damage":7.0,"enemies":"Slime Boss","floor":16.0,"turns":6.0},{"damage":3.0,"enemies":"Chosen","floor":18.0,"turns":6.0},{"damage":7.0,"enemies":"Shell Parasite","floor":22.0,"turns":4.0},{"damage":12.0,"enemies":"Slavers","floor":23.0,"turns":5.0},{"damage":8.0,"enemies":"Gremlin Leader","floor":28.0,"turns":7.0},{"damage":1.0,"enemies":"Centurion and Healer","floor":29.0,"turns":7.0},{"damage":13.0,"enemies":"Champ","floor":33.0,"turns":11.0},{"damage":5.0,"enemies":"3 Shapes","floor":35.0,"turns":5.0},{"damage":11.0,"enemies":"Orb Walker","floor":36.0,"turns":4.0},{"damage":5.0,"enemies":"Mind Bloom Boss Battle","floor":37.0,"turns":7.0},{"damage":5.0,"enemies":"Sphere and 2 Shapes","floor":38.0,"turns":5.0},{"damage":11.0,"enemies":"4 Shapes","floor":39.0,"turns":6.0},{"damage":63.0,"enemies":"Reptomancer","floor":40.0,"turns":12.0},{"damage":17.0,"enemies":"Maw","floor":42.0,"turns":10.0},{"damage":43,"enemies":"Giant Head","floor":44,"turns":9}],"seed_played":"-3217515339351938306","potions_obtained":[{"floor":3.0,"key":"BlessingOfTheForge"},{"floor":8.0,"key":"GamblersBrew"},{"floor":13.0,"key":"BlessingOfTheForge"},{"floor":18.0,"key":"Block Potion"},{"floor":23.0,"key":"BloodPotion"},{"floor":37.0,"key":"LiquidBronze"},{"floor":40.0,"key":"FearPotion"}],"is_trial":false,"path_per_floor":["M","?","M","?","T","E","R","E","T","?","R","M","M","?","R","B",null,"M","?","?","$","M","E","R","$","T","?","E","M","?","?","R","B",null,"M","M","?","M","M","E","R","M","T","E"],"character_chosen":"IRONCLAD","items_purchased":["Art of War","Centennial Puzzle","Body Slam","Oddly Smooth Stone","HandDrill"],"campfire_rested":2,"item_purchase_floors":[21,21,21,25,25],"current_hp_per_floor":[78,78,80,64,64,70,70,41,41,22,46,52,58,38,38,37,69,72,72,62,62,61,55,55,55,55,55,53,58,58,58,58,56,74,80,80,80,80,80,44,68,62,62,19,19],"gold":344,"neow_bonus":"THREE_ENEMY_KILL","is_daily":false,"chose_seed":false,"campfire_upgraded":3,"win_rate":0.0,"timestamp":1609519249,"path_taken":["M","?","M","?","?","E","R","E","T","?","R","?","M","?","R","BOSS","M","?","?","$","?","E","R","$","T","?","E","M","?","?","R","BOSS","M","M","?","M","M","E","R","M","T","E"],"items_purchased_type":["Relic","Relic","Card","Relic","Relic"],"build_version":"2020-12-22","purchased_purges":0,"victory":false,"max_hp_per_floor":[80,80,80,80,80,80,80,80,80,80,80,80,80,80,80,80,80,80,80,80,80,80,80,80,80,80,80,80,80,80,80,80,80,80,80,80,80,80,80,80,80,80,80,80,80],"card_choices":[{"not_picked":["Clash","Second Wind","Clothesline"],"picked":"SKIP","floor":1.0},{"not_picked":["Sword Boomerang","Shockwave"],"picked":"Carnage","floor":3.0},{"not_picked":["Carnage","Sentinel"],"picked":"Limit Break","floor":6.0},{"not_picked":["Shockwave","Searing Blow"],"picked":"Combust","floor":8.0},{"not_picked":["Metallicize","Pommel Strike"],"picked":"Shrug It Off","floor":12.0},{"not_picked":["Pommel Strike","Burning Pact"],"picked":"Shrug It Off","floor":13.0},{"not_picked":["Demon Form","Berserk"],"picked":"Barricade","floor":16.0},{"not_picked":["Wild Strike"],"picked":"SKIP","floor":18.0},{"not_picked":["Thunderclap+1"],"picked":"SKIP","floor":22.0},{"not_picked":["Sever Soul"],"picked":"SKIP","floor":23.0},{"not_picked":["Fiend Fire"],"picked":"SKIP","floor":28.0},{"not_picked":[],"picked":"Disarm+1","floor":29.0},{"not_picked":[],"picked":"Offering","floor":33.0},{"not_picked":["Perfected Strike+1"],"picked":"SKIP","floor":35.0},{"not_picked":["Rampage"],"picked":"SKIP","floor":36.0},{"not_picked":["Wild Strike+1"],"picked":"SKIP","floor":38.0},{"not_picked":["Rupture+1"],"picked":"SKIP","floor":39.0},{"not_picked":["Inflame"],"picked":"SKIP","floor":40.0},{"not_picked":["Havoc"],"picked":"SKIP","floor":42.0}],"player_experience":220510,"relics_obtained":[{"floor":5.0,"key":"The Courier"},{"floor":6.0,"key":"Akabeko"},{"floor":8.0,"key":"TungstenRod"},{"floor":9.0,"key":"StrikeDummy"},{"floor":23.0,"key":"Juzu Bracelet"},{"floor":26.0,"key":"Lantern"},{"floor":28.0,"key":"Matryoshka"},{"floor":37.0,"key":"Calipers"},{"floor":40.0,"key":"Smiling Mask"},{"floor":40.0,"key":"Ancient Tea Set"},{"floor":43.0,"key":"Paper Frog"}],"event_choices":[{"cards_removed":["Strike_R"],"damage_healed":0.0,"max_hp_gain":0.0,"max_hp_loss":0.0,"gold_gain":0.0,"event_name":"The Cleric","player_choice":"Card Removal","floor":2.0,"gold_loss":50.0,"damage_taken":0.0},{"damage_healed":0.0,"max_hp_gain":0.0,"max_hp_loss":0.0,"gold_gain":0.0,"event_name":"Shining Light","player_choice":"Entered Light","floor":4.0,"gold_loss":0.0,"damage_taken":16.0,"cards_upgraded":["Strike_R","Strike_R"]},{"damage_healed":0.0,"max_hp_gain":0.0,"max_hp_loss":0.0,"gold_gain":0.0,"event_name":"Golden Idol","player_choice":"Take Damage","floor":10.0,"gold_loss":0.0,"damage_taken":20.0,"relics_obtained":["Golden Idol"]},{"damage_healed":0.0,"max_hp_gain":0.0,"max_hp_loss":0.0,"gold_gain":0.0,"event_name":"Scrap Ooze","player_choice":"Success","floor":14.0,"gold_loss":0.0,"damage_taken":25.0,"relics_obtained":["Omamori"]},{"damage_healed":0.0,"max_hp_gain":0.0,"max_hp_loss":0.0,"gold_gain":0.0,"event_name":"Vampires","player_choice":"Ignored","floor":19.0,"gold_loss":0.0,"damage_taken":0.0},{"damage_healed":0.0,"max_hp_gain":0.0,"max_hp_loss":0.0,"gold_gain":90.0,"event_name":"Knowing Skull","player_choice":"GOLD ","floor":20.0,"potions_obtained":[],"gold_loss":0.0,"damage_taken":12.0,"cards_obtained":[]},{"damage_healed":0.0,"max_hp_gain":0.0,"max_hp_loss":0.0,"gold_gain":0.0,"event_name":"Addict","player_choice":"Stole Relic","floor":27.0,"gold_loss":0.0,"damage_taken":0.0,"relics_obtained":["Self Forming Clay"],"cards_obtained":["Shame"]},{"damage_healed":0.0,"max_hp_gain":0.0,"max_hp_loss":0.0,"gold_gain":0.0,"event_name":"Forgotten Altar","player_choice":"Gave Idol","floor":30.0,"relics_lost":["Golden Idol"],"gold_loss":0.0,"damage_taken":0.0,"relics_obtained":["Bloody Idol"]},{"damage_healed":0.0,"max_hp_gain":0.0,"max_hp_loss":0.0,"gold_gain":0.0,"event_name":"Ghosts","player_choice":"Ignored","floor":31.0,"gold_loss":0.0,"damage_taken":0.0},{"damage_healed":0.0,"max_hp_gain":0.0,"max_hp_loss":0.0,"gold_gain":0.0,"event_name":"MindBloom","player_choice":"Fight","floor":37.0,"gold_loss":0.0,"damage_taken":0.0}],"is_beta":false,"boss_relics":[{"not_picked":["Tiny House","Fusion Hammer"],"picked":"Busted Crown"},{"not_picked":["Snecko Eye","Astrolabe"],"picked":"Black Star"}],"items_purged_floors":[],"is_endless":false,"potions_floor_spawned":[3,8,13,18,22,23,37,38,40],"killed_by":"Giant Head","ascension_level":6}}