{"host":"jksa5rawk3m4gilz","time":1609502599,"event":{"mods":["BaseMod","Colored Map","Highlight Path","Minty Spire (QoL Compilation)","Quick Restart"],"gold_per_floor":[114,124,134,134,309,340,340,258,258,292,306,306,316,333,333,405,405,405,405],"floor_reached":18,"playtime":500,"items_purged":[],"score":292,"play_id":"e8fc36c4-8b0c-4192-8b3c-219b3e833ab0","local_time":"20210101130319","is_ascension_mode":true,"campfire_choices":[{"floor":7,"key":"REST"},{"floor":12,"key":"REST"},{"floor":15,"key":"REST"}],"circlet_count":0,"master_deck":["AscendersBane","Zap","Dualcast","Sunder","Fusion","White Noise","Doubt","Defragment","Chill","Darkness","Auto Shields","Cold Snap","Gash","Fission","Beam Cell","Rainbow","Genetic Algorithm","Hyperbeam","Meteor Strike","Seek","Recycle","Lockon"],"relics":["Cracked Core","NeowsBlessing","Letter Opener","Mummified Hand","Question Card","Ornamental Fan","Pandora\u0027s Box"],"acts_visited":["Exordium","TheCity"],"potions_floor_usage":[6],"damage_taken":[{"damage":0,"enemies":"Cultist","floor":1,"turns":1},{"damage":0,"enemies":"Jaw Worm","floor":2,"turns":1},{"damage":0,"enemies":"Small Slimes","floor":3,"turns":1},{"damage":20,"enemies":"3 Sentries","floor":6,"turns":6},{"damage":40,"enemies":"Gremlin Nob","floor":10,"turns":4},{"damage":9,"enemies":"Blue Slaver","floor":11,"turns":4},{"damage":19,"enemies":"Exordium Wildlife","floor":13,"turns":3},{"damage":8,"enemies":"2 Fungi Beasts","floor":14,"turns":3},{"damage":18,"enemies":"Slime Boss","floor":16,"turns":8},{"damage":17,"enemies":"Spheric Guardian","floor":18,"turns":3}],"seed_played":"-6609367976151310473","potions_obtained":[{"floor":1,"key":"DuplicationPotion"},{"floor":11,"key":"Regen Potion"},{"floor":14,"key":"Block Potion"},{"floor":16,"key":"Regen Potion"}],"is_trial":false,"path_per_floor":["M","M","M","?","?","E","R","$","T","E","M","R","M","M","R","B",null,"M"],"character_chosen":"DEFECT","items_purchased":["Chill"],"campfire_rested":3,"item_purchase_floors":[8],"current_hp_per_floor":[64,64,64,57,57,37,58,58,58,18,9,30,11,3,24,6,55,38,38],"gold":405,"neow_bonus":"THREE_ENEMY_KILL","is_daily":false,"chose_seed":false,"campfire_upgraded":0,"win_rate":0.0,"timestamp":1609502599,"path_taken":["M","?","M","?","?","E","R","?","T","E","M","R","M","M","R","BOSS","M"],"items_purchased_type":["Card"],"build_version":"2020-12-22","purchased_purges":0,"victory":false,"max_hp_per_floor":[71,71,71,71,71,71,71,71,71,71,71,71,71,71,71,71,71,71,71],"card_choices":[{"not_picked":["Static Discharge","Redo"],"picked":"Sunder","floor":1},{"not_picked":["Redo","Compile Driver"],"picked":"Fusion","floor":2},{"not_picked":["Blizzard","Rebound"],"picked":"White Noise","floor":3},{"not_picked":["Streamline","BootSequence"],"picked":"Defragment","floor":6},{"not_picked":["Sunder","Compile Driver","Sweeping Beam"],"picked":"Darkness","floor":10},{"not_picked":["Compile Driver","Streamline","Gash"],"picked":"Auto Shields","floor":11},{"not_picked":["Reprogram","Chaos","Streamline"],"picked":"Cold Snap","floor":13},{"not_picked":["Rebound","Leap","Redo"],"picked":"Gash","floor":14},{"not_picked":["Meteor Strike","Buffer","All For One"],"picked":"Fission","floor":16}],"player_experience":2104022,"relics_obtained":[{"floor":6,"key":"Mummified Hand"},{"floor":9,"key":"Question Card"},{"floor":10,"key":"Ornamental Fan"}],"event_choices":[{"damage_healed":0,"gold_gain":0,"player_choice":"Success","damage_taken":7,"relics_obtained":["Letter Opener"],"max_hp_gain":0,"max_hp_loss":0,"event_name":"Scrap Ooze","floor":4,"gold_loss":0},{"damage_healed":0,"gold_gain":175,"player_choice":"AGREE","damage_taken":0,"max_hp_gain":0,"max_hp_loss":0,"event_name":"Liars Game","floor":5,"gold_loss":0,"cards_obtained":["Doubt"]}],"is_beta":false,"boss_relics":[{"not_picked":["Philosopher\u0027s Stone","Calling Bell"],"picked":"Pandora\u0027s Box"}],"items_purged_floors":[],"is_endless":false,"potions_floor_spawned":[1,11,14,16],"killed_by":"Spheric Guardian","ascension_level":14}}