{"host":"k5r1bw2xsm891wjv","time":1609518607,"event":{"mods":["Act Like it!","BaseMod","Downfall","Minty Spire (QoL Compilation)","StSLib"],"gold_per_floor":[99,549,559,571,586,14,14,49,62,62,62,62],"floor_reached":10,"playtime":1278,"items_purged":[],"score":68,"play_id":"aacec748-32b5-433b-8dbf-cf3d39e0fa88","local_time":"20210101113007","is_ascension_mode":false,"campfire_choices":[{"floor":1,"key":"RECALL"}],"circlet_count":0,"master_deck":["champ:Strike","champ:Strike","champ:Strike","champ:Strike","champ:Defend","champ:Defend","champ:Defend","champ:Defend","champ:Execute","champ:Taunt","Slimebound:Icky","Slimebound:Icky","Slimebound:Icky","champ:CrookedStrike","champ:SkillfulDodge","champ:DefensiveShout","champ:AdrenalArmor","champ:Haymaker+1","champ:MurderStrike+1"],"relics":["champ:ChampionCrown","CaptainsWheel","Pantograph","Molten Egg 2","StoneCalendar"],"acts_visited":["Exordium"],"potions_floor_usage":[],"damage_taken":[{"damage":10,"enemies":"Small Slimes","floor":3,"turns":6},{"damage":17,"enemies":"Jaw Worm","floor":4,"turns":6},{"damage":5,"enemies":"2 Louse","floor":5,"turns":3},{"damage":10,"enemies":"downfall:FleeingMerchant","floor":6,"turns":4},{"damage":59,"enemies":"3 Sentries","floor":8,"turns":13},{"damage":32,"enemies":"Exordium Thugs","floor":9,"turns":7},{"damage":17,"enemies":"Gremlin Nob","floor":10,"turns":2}],"seed_played":"-5145816663488687536","potions_obtained":[{"floor":4,"key":"ColorlessPotion"},{"floor":8,"key":"Swift Potion"}],"is_trial":false,"path_per_floor":["R","?","M","M","M","$","T","E","M","E"],"character_chosen":"THE_CHAMP","items_purchased":["CaptainsWheel","Pantograph"],"campfire_rested":0,"item_purchase_floors":[6,6],"current_hp_per_floor":[99,99,94,77,77,77,77,29,2,0,0,0],"gold":62,"neow_bonus":"TEN_PERCENT_HP_BONUS","is_daily":false,"chose_seed":false,"campfire_upgraded":0,"win_rate":0.0,"timestamp":1609518607,"path_taken":["R","?","M","M","M","$","T","E","M","E"],"items_purchased_type":["Relic","Relic"],"build_version":"2020-12-22","purchased_purges":0,"victory":false,"max_hp_per_floor":[99,99,99,99,99,99,99,99,99,99,99,99],"card_choices":[{"not_picked":["champ:ShieldWall","champ:DefensiveShout"],"picked":"champ:CrookedStrike","floor":3},{"not_picked":["champ:BringItOn","champ:CalledShot"],"picked":"champ:SkillfulDodge","floor":4},{"not_picked":["champ:FocusedGladiator","champ:Circumvent"],"picked":"champ:DefensiveShout","floor":5},{"not_picked":["champ:FalseCounter","champ:FocusedBerserking"],"picked":"champ:AdrenalArmor","floor":6},{"not_picked":["champ:SkillfulDodge","champ:RapidStrikes+1"],"picked":"champ:Haymaker+1","floor":8},{"not_picked":["champ:HeartStrike+1","champ:BladeFlurry+1"],"picked":"champ:MurderStrike+1","floor":9}],"player_experience":280362,"relics_obtained":[{"floor":7,"key":"Molten Egg 2"},{"floor":8,"key":"StoneCalendar"}],"event_choices":[],"is_beta":false,"boss_relics":[],"items_purged_floors":[],"is_endless":false,"potions_floor_spawned":[4,8],"killed_by":"Gremlin Nob","ascension_level":0}}