{"host":"m77rrhbqzv44va4v","time":1609521576,"event":{"mods":["AchievementEnabler","BaseMod","Colored Map","DeckTracker","Keyboard Shortcuts","Minty Spire (QoL Compilation)","StSLib","SuperFastMode","everything is the same but u backflip on backflip"],"gold_per_floor":[115,127,146,146,163,189,25,37,37,37,2,41,41,80,80,80,80],"floor_reached":16,"playtime":281,"items_purged":[],"score":228,"play_id":"c1dc8803-d617-4c70-9faa-574f881d89b9","local_time":"20210102021936","is_ascension_mode":true,"campfire_choices":[{"data":"Blood for Blood","floor":10.0,"key":"SMITH"},{"data":"Armaments","floor":13.0,"key":"SMITH"},{"floor":15.0,"key":"REST"}],"circlet_count":0,"master_deck":["AscendersBane","Strike_R","Strike_R","Strike_R","Strike_R","Defend_R","Defend_R","Defend_R","Defend_R","Bash","Pommel Strike","Perfected Strike","Blood for Blood+1","Armaments+1","Impervious"],"relics":["Burning Blood","Self Forming Clay","Pen Nib","Matryoshka","CeramicFish","Torii"],"acts_visited":["Exordium"],"potions_floor_usage":[16],"damage_taken":[{"damage":1.0,"enemies":"Cultist","floor":1.0,"turns":3.0},{"damage":8.0,"enemies":"Small Slimes","floor":2.0,"turns":4.0},{"damage":4.0,"enemies":"2 Louse","floor":3.0,"turns":2.0},{"damage":8.0,"enemies":"2 Fungi Beasts","floor":5.0,"turns":4.0},{"damage":33.0,"enemies":"Lagavulin","floor":6.0,"turns":6.0},{"damage":13.0,"enemies":"Blue Slaver","floor":8.0,"turns":4.0},{"damage":20.0,"enemies":"3 Sentries","floor":12.0,"turns":5.0},{"damage":29.0,"enemies":"Gremlin Nob","floor":14.0,"turns":4.0},{"damage":67,"enemies":"Slime Boss","floor":16,"turns":9}],"seed_played":"1947217139754025887","potions_obtained":[{"floor":2.0,"key":"EssenceOfSteel"},{"floor":5.0,"key":"CultistPotion"},{"floor":6.0,"key":"PowerPotion"},{"floor":8.0,"key":"ElixirPotion"},{"floor":12.0,"key":"BloodPotion"}],"is_trial":false,"path_per_floor":["M","M","M","?","M","E","$","M","T","R","?","E","R","E","R","B"],"character_chosen":"IRONCLAD","items_purchased":["Pen Nib"],"campfire_rested":1,"item_purchase_floors":[7],"current_hp_per_floor":[80,78,80,73,71,44,44,37,37,37,57,43,43,20,44,0,0],"gold":80,"neow_bonus":"TEN_PERCENT_HP_BONUS","is_daily":false,"chose_seed":false,"campfire_upgraded":2,"win_rate":0.0,"timestamp":1609521576,"path_taken":["M","?","M","?","M","E","$","M","T","R","?","E","R","E","R","BOSS"],"items_purchased_type":["Relic"],"build_version":"2020-12-22","purchased_purges":0,"victory":false,"max_hp_per_floor":[82,82,82,82,82,82,82,82,82,82,82,82,82,82,82,82,82],"card_choices":[{"not_picked":["Clothesline","Sword Boomerang"],"picked":"Pommel Strike","floor":1.0},{"not_picked":["Dual Wield","Heavy Blade"],"picked":"Perfected Strike","floor":2.0},{"not_picked":["Iron Wave","Fire Breathing"],"picked":"Blood for Blood","floor":3.0},{"not_picked":["Heavy Blade","Clash","Cleave"],"picked":"SKIP","floor":5.0},{"not_picked":["Headbutt","Blood for Blood","Sentinel"],"picked":"SKIP","floor":6.0},{"not_picked":["Body Slam","Cleave","Perfected Strike"],"picked":"SKIP","floor":8.0},{"not_picked":["Uppercut","True Grit"],"picked":"Armaments","floor":12.0},{"not_picked":["Bloodletting","Barricade"],"picked":"Impervious","floor":14.0}],"player_experience":868546,"relics_obtained":[{"floor":6.0,"key":"Self Forming Clay"},{"floor":9.0,"key":"Matryoshka"},{"floor":12.0,"key":"CeramicFish"},{"floor":14.0,"key":"Torii"}],"event_choices":[{"cards_removed":["Strike_R"],"damage_healed":0.0,"max_hp_gain":0.0,"max_hp_loss":0.0,"gold_gain":0.0,"event_name":"Golden Wing","player_choice":"Card Removal","floor":4.0,"gold_loss":0.0,"damage_taken":7.0},{"damage_healed":20.0,"max_hp_gain":0.0,"max_hp_loss":0.0,"gold_gain":0.0,"event_name":"The Cleric","player_choice":"Healed","floor":11.0,"gold_loss":35.0,"damage_taken":0.0}],"is_beta":false,"boss_relics":[],"items_purged_floors":[],"is_endless":false,"potions_floor_spawned":[2,5,6,8,12],"killed_by":"Slime Boss","ascension_level":18}}