{"host":"g1wmg2w41xhsnw8g","time":1609490371,"event":{"mods":["2.2 Compatiblity","Act Like it!","Aspiration","BaseMod","Better Altar","Better Match","Better Note","Better Sensory Stone","Better Skull","Better Third Choice","BetterRewards","Booster Modes","CapriCore","ChefMod","Clawfect","Colored Map","Colored Powertips","Curses Come First","Defuse TimeMaze Blight","Displayed Cursed Tome","Evolution","Friendly Minions","GifTheSpireLib","Googly Eyes","Infinite Spire","Minty Spire (QoL Compilation)","Red Circlet Mod","Relic Sorter","SCP261 Mod","Shop Mod","Spicy Shops","StSLib","The Sage","Transform Curses","Wandering Minibosses","????"],"gold_per_floor":[115,115,126,139,139,174,174,203,203,213,225,75,75,75,75,75,75],"floor_reached":16,"playtime":913,"items_purged":[],"score":141,"play_id":"c5471a42-d8b1-4bc2-a5c5-6bfcc5904604","local_time":"20210101033930","daily_mods":["Specialized","Heirloom","Elite Swarm"],"is_ascension_mode":true,"campfire_choices":[{"floor":7,"key":"DIG"},{"floor":15,"key":"DIG"}],"circlet_count":0,"master_deck":["chefmod:Strike","chefmod:Strike","chefmod:Strike+1","chefmod:Strike","chefmod:Strike","chefmod:Defend","chefmod:Defend","chefmod:QuickThaw","chefmod:TodaysSpecial","chefmod:DeepFreeze","chefmod:DeepFreeze","chefmod:DeepFreeze","chefmod:DeepFreeze","chefmod:FireUp+1","chefmod:AlooGobi","chefmod:Mince","chefmod:OrderUp+1","chefmod:CayenneCloud","chefmod:Fillet","Storm+1","chefmod:PrepCook+1"],"relics":["chefmod:TrustyPot","EVO:Axolotl","Shovel","Pen Nib","Bronze Scales","Whetstone","Frozen Egg 2","Letter Opener","Blood Vial","aspiration:FrozenJewel"],"acts_visited":["Exordium"],"potions_floor_usage":[6,8,10,16],"damage_taken":[{"damage":1,"enemies":"Jaw Worm","floor":1,"turns":5},{"damage":2,"enemies":"Cultist","floor":3,"turns":4},{"damage":0,"enemies":"2 Louse","floor":4,"turns":2},{"damage":25,"enemies":"3 Sentries","floor":6,"turns":8},{"damage":14,"enemies":"Gremlin Nob","floor":8,"turns":4},{"damage":12,"enemies":"Blue Slaver","floor":10,"turns":3},{"damage":0,"enemies":"Large Slime","floor":11,"turns":4},{"damage":25,"enemies":"Hexaghost","floor":16,"turns":9}],"seed_played":"-7746303165603660181","potions_obtained":[{"floor":1,"key":"Strength Potion"},{"floor":6,"key":"SkillPotion"},{"floor":8,"key":"SCP261:SweetSwarmPotion"},{"floor":11,"key":"SCP261:ClockworkPotion"}],"is_trial":true,"path_per_floor":["M","?","M","M","?","E","R","E","T","M","M","$","?","?","R","B"],"character_chosen":"THE_CHEF","items_purchased":["Blood Vial"],"campfire_rested":0,"item_purchase_floors":[12],"current_hp_per_floor":[75,75,73,73,73,48,48,34,34,22,22,22,22,22,22,0,0],"gold":75,"neow_bonus":"","is_daily":false,"chose_seed":false,"campfire_upgraded":0,"win_rate":0.0,"timestamp":1609490370,"path_taken":["M","?","?","M","?","E","R","E","T","M","M","$","?","?","R","BOSS"],"items_purchased_type":["Relic"],"build_version":"2020-12-22","purchased_purges":0,"victory":false,"max_hp_per_floor":[76,76,76,76,76,76,76,76,76,76,76,76,76,76,76,76,76],"card_choices":[{"not_picked":["chefmod:NoSoupForYou","chefmod:MonsterBait"],"picked":"chefmod:FireUp","floor":1},{"not_picked":["chefmod:SliceAndDice","chefmod:SaveForLater"],"picked":"chefmod:AlooGobi","floor":3},{"not_picked":["chefmod:Bruschetta","chefmod:FreezerBurn","chefmod:SliceAndDice"],"picked":"SKIP","floor":4},{"not_picked":["chefmod:CandyBowl","chefmod:PrepCook"],"picked":"chefmod:Mince","floor":6},{"not_picked":["chefmod:RisingDough","chefmod:Mince"],"picked":"chefmod:OrderUp+1","floor":8},{"not_picked":["chefmod:Sorbet","chefmod:IcePick"],"picked":"chefmod:CayenneCloud","floor":10},{"not_picked":["chefmod:DinoKale","chefmod:BaoBuns"],"picked":"chefmod:Fillet","floor":11}],"player_experience":840551,"relics_obtained":[{"floor":6,"key":"Bronze Scales"},{"floor":7,"key":"Whetstone"},{"floor":8,"key":"Frozen Egg 2"},{"floor":9,"key":"Letter Opener"},{"floor":15,"key":"aspiration:FrozenJewel"}],"event_choices":[{"cards_removed":["chefmod:DeepFreeze"],"damage_healed":0,"gold_gain":0,"player_choice":"Gave Card","damage_taken":0,"relics_obtained":["Pen Nib"],"max_hp_gain":0,"max_hp_loss":0,"event_name":"WeMeetAgain","floor":2,"gold_loss":0},{"damage_healed":0,"gold_gain":1,"player_choice":"4","damage_taken":0,"max_hp_gain":0,"max_hp_loss":0,"event_name":"betterStone:BetterStone","floor":13,"gold_loss":0,"cards_obtained":["Storm"]},{"damage_healed":0,"gold_gain":0,"cards_transformed":["chefmod:Defend"],"player_choice":"Change","damage_taken":0,"max_hp_gain":0,"max_hp_loss":0,"event_name":"Living Wall","floor":14,"gold_loss":0,"cards_obtained":["chefmod:PrepCook"]}],"is_beta":false,"boss_relics":[],"items_purged_floors":[],"is_endless":false,"potions_floor_spawned":[1,6,8,11],"killed_by":"Hexaghost","ascension_level":1}}