{"host":"ds28d883r3sz42zs","time":1609543804,"event":{"mods":["2.2 Compatiblity","AchievementEnabler","Act Like it!","BaseMod","Bestiary","Better Match","Better Sensory Stone","Better Third Choice","Better-Laid Plans","BetterRewards","Block Reminder","Challenge The Spire","Colored Map","Colored Powertips","DeckTracker","Defuse TimeMaze Blight","Disable Question Mark Monsters","Displayed Cursed Tome","Emptier Cage","GifTheSpireLib","Gold Saver","Hallownest","Infinite Spire","Jedi Mod","Minty Spire (QoL Compilation)","Permanent Neow","Practice Mode","Quick Restart","Random Character Button","Rare Cards Sparkle","Relic Filter","Relic Sorter","Relic Stats","SacredBarkPlus","Shop Mod","StSLib","SuperFastMode","The Bug Knight","Uncapped","Unknown Chances"],"gold_per_floor":[284,359,371,389,389,389,417,440,467,467,467],"floor_reached":10,"playtime":263,"items_purged":[],"score":116,"play_id":"c5c14fff-d0ad-4220-906d-48ce252529b0","local_time":"20210101183004","is_ascension_mode":true,"campfire_choices":[{"data":"Sunder","floor":6.0,"key":"SMITH"}],"circlet_count":0,"master_deck":["AscendersBane","Strike_B","Strike_B","Strike_B","Defend_B","Defend_B","Defend_B","Defend_B","Zap+1","Dualcast","Sunder+1","Undo+1"],"relics":["Snecko Eye","Juzu Bracelet","Odd Mushroom","War Paint"],"acts_visited":["Exordium"],"potions_floor_usage":[10],"damage_taken":[{"damage":1.0,"enemies":"Cultist","floor":1.0,"turns":3.0},{"damage":4.0,"enemies":"2 Louse","floor":3.0,"turns":4.0},{"damage":22.0,"enemies":"Jaw Worm","floor":4.0,"turns":8.0},{"damage":5,"enemies":"3 Sentries","floor":7,"turns":3},{"damage":10,"enemies":"The Mushroom Lair","floor":8,"turns":4},{"damage":8,"enemies":"Gremlin Nob","floor":10,"turns":3}],"seed_played":"3418757272141412528","potions_obtained":[{"floor":4.0,"key":"LiquidBronze"},{"floor":8,"key":"DistilledChaos"}],"is_trial":false,"path_per_floor":["M","?","M","M","?","R","E","?","T","E"],"character_chosen":"DEFECT","items_purchased":[],"campfire_rested":0,"item_purchase_floors":[],"current_hp_per_floor":[63,52,48,26,19,19,14,4,4,0,0],"gold":467,"neow_bonus":"BOSS_RELIC","is_daily":false,"chose_seed":false,"campfire_upgraded":1,"win_rate":0.0,"timestamp":1609543804,"path_taken":["M","?","M","M","?","R","E","?","T","E"],"items_purchased_type":[],"build_version":"2020-12-22","purchased_purges":0,"victory":false,"max_hp_per_floor":[71,71,71,71,71,71,71,71,71,71,71],"relic_stats":{"counters":[6,25],"Snecko Eye":[31,42,48,38],"Juzu Bracelet":0,"War Paint":["Zap","Undo"],"obtain_stats":[{"Snecko Eye":0,"Juzu Bracelet":7,"Odd Mushroom":8,"War Paint":9,"Cracked Core":0},{"Snecko Eye":0,"Juzu Bracelet":4,"Odd Mushroom":5,"War Paint":5,"Cracked Core":0},{"Snecko Eye":0,"Juzu Bracelet":18,"Odd Mushroom":22,"War Paint":22,"Cracked Core":0}]},"card_choices":[{"not_picked":["Chill","Tempest","Chaos"],"picked":"SKIP","floor":1.0},{"not_picked":["Tempest","Loop","FTL"],"picked":"SKIP","floor":3.0},{"not_picked":["Streamline","FTL"],"picked":"Sunder","floor":4.0},{"not_picked":["FTL","Gash"],"picked":"Undo","floor":7}],"player_experience":758109,"relics_obtained":[{"floor":7,"key":"Juzu Bracelet"},{"floor":8,"key":"Odd Mushroom"},{"floor":9,"key":"War Paint"}],"event_choices":[{"damage_healed":0.0,"max_hp_gain":0.0,"max_hp_loss":0.0,"gold_gain":75.0,"event_name":"betterThird:BetterGoop","player_choice":"Gold","floor":2.0,"gold_loss":0.0,"damage_taken":11.0},{"cards_removed":["Strike_B"],"damage_healed":0.0,"max_hp_gain":0.0,"max_hp_loss":0.0,"gold_gain":0.0,"event_name":"Golden Wing","player_choice":"Card Removal","floor":5.0,"gold_loss":0.0,"damage_taken":7.0},{"damage_healed":0,"gold_gain":0,"player_choice":"Fought Mushrooms","damage_taken":0,"max_hp_gain":0,"max_hp_loss":0,"event_name":"Mushrooms","floor":8,"gold_loss":0}],"is_beta":false,"boss_relics":[],"items_purged_floors":[],"is_endless":false,"potions_floor_spawned":[4,8],"killed_by":"Gremlin Nob","ascension_level":15}}