{"host":"f6tqpspb2ou2a4h5","time":1609490278,"event":{"mods":["2.2 Compatiblity","Ascension Unlocker","BaseMod","Colored Map","DeckTracker","Highlight Path","KOR Keyword Fix","Keyboard Shortcuts","Minty Spire (QoL Compilation)","Permanent Neow","Quick Restart","Random Character Button","StSLib","SuperFastMode","everything is the same but u backflip on backflip"],"gold_per_floor":[114,132,132,152,168,168,199,199,199,209,96,112,123,151,151,254,254,267,267,267,284,296,296,296,296],"floor_reached":24,"playtime":924,"items_purged":["Strike_B"],"score":336,"play_id":"00fc6c8e-bb4e-4d8c-9fe1-284680509205","local_time":"20210101173758","is_ascension_mode":true,"campfire_choices":[{"data":"Zap","floor":6.0,"key":"SMITH"},{"floor":8,"key":"REST"},{"data":"Doom and Gloom","floor":15,"key":"SMITH"},{"floor":23,"key":"REST"}],"circlet_count":0,"master_deck":["AscendersBane","Strike_B","Strike_B","Strike_B","Defend_B","Defend_B","Defend_B","Defend_B","Zap+1","Dualcast","Doom and Gloom+1","Recycle","Cold Snap","Undo","Redo","Hello World+1","Loop+1","White Noise","Reinforced Body","Buffer+1","Storm+1"],"relics":["Cracked Core","Cables","Frozen Egg 2","Bottled Flame","Calipers","Nuclear Battery"],"acts_visited":["Exordium","TheCity"],"potions_floor_usage":[7,14,16,20],"damage_taken":[{"damage":4.0,"enemies":"Small Slimes","floor":1.0,"turns":2.0},{"damage":2.0,"enemies":"Jaw Worm","floor":2.0,"turns":3.0},{"damage":0.0,"enemies":"2 Louse","floor":4.0,"turns":3.0},{"damage":21.0,"enemies":"Exordium Thugs","floor":5.0,"turns":3.0},{"damage":19,"enemies":"Gremlin Nob","floor":7,"turns":4},{"damage":0,"enemies":"3 Louse","floor":10,"turns":2},{"damage":6,"enemies":"2 Fungi Beasts","floor":12,"turns":2},{"damage":0,"enemies":"Large Slime","floor":13,"turns":4},{"damage":8,"enemies":"Lagavulin","floor":14,"turns":5},{"damage":15,"enemies":"Slime Boss","floor":16,"turns":8},{"damage":7,"enemies":"Shell Parasite","floor":18,"turns":5},{"damage":0,"enemies":"Masked Bandits","floor":20,"turns":1},{"damage":12,"enemies":"Chosen","floor":21,"turns":4},{"damage":6,"enemies":"Shelled Parasite and Fungi","floor":22,"turns":6},{"damage":0,"enemies":"Snake Plant","floor":24,"turns":1}],"seed_played":"2068369052355725182","potions_obtained":[{"floor":5.0,"key":"EssenceOfDarkness"},{"floor":7,"key":"ColorlessPotion"},{"floor":14,"key":"LiquidMemories"},{"floor":16,"key":"FocusPotion"},{"floor":18,"key":"SmokeBomb"}],"is_trial":false,"path_per_floor":["M","M","?","M","M","R","E","R","T","M","$","M","M","E","R","B",null,"M","?","?","M","M","R","M"],"character_chosen":"DEFECT","items_purchased":["Loop+1"],"campfire_rested":2,"item_purchase_floors":[11],"current_hp_per_floor":[64,62,50,50,29,29,10,32,32,32,32,26,26,18,18,3,57,50,36,36,24,18,42,42,42],"gold":296,"neow_bonus":"THREE_CARDS","is_daily":false,"chose_seed":false,"campfire_upgraded":2,"win_rate":0.0,"timestamp":1609490278,"path_taken":["M","M","?","M","M","R","E","R","T","M","$","M","M","E","R","BOSS","M","?","?","M","M","R","M"],"items_purchased_type":["Card"],"build_version":"2020-12-22","purchased_purges":1,"victory":false,"max_hp_per_floor":[75,75,75,75,75,75,75,75,75,75,75,75,75,75,75,75,75,75,80,80,80,80,80,80,80],"card_choices":[{"not_picked":["Leap","Turbo"],"picked":"Doom and Gloom","floor":0.0},{"not_picked":["Turbo","Barrage","Gash"],"picked":"SKIP","floor":1.0},{"not_picked":["Turbo","Steam"],"picked":"Recycle","floor":2.0},{"not_picked":["Gash","Sweeping Beam"],"picked":"Cold Snap","floor":4.0},{"not_picked":["White Noise","Coolheaded"],"picked":"Undo","floor":5.0},{"not_picked":["Conserve Battery","Rebound"],"picked":"Redo","floor":7},{"not_picked":["Redo","Heatsinks+1"],"picked":"Hello World+1","floor":10},{"not_picked":["Loop+1","Melter","Blizzard"],"picked":"SKIP","floor":12},{"not_picked":["Storm+1","Hologram"],"picked":"White Noise","floor":13},{"not_picked":["Barrage","Genetic Algorithm"],"picked":"Reinforced Body","floor":14},{"not_picked":["Creative AI+1","Rainbow"],"picked":"Buffer+1","floor":16},{"not_picked":["Go for the Eyes","Scrape"],"picked":"Storm+1","floor":18},{"not_picked":["Lockon","Scrape","Doom and Gloom"],"picked":"SKIP","floor":21},{"not_picked":["Compile Driver","Rebound","Beam Cell"],"picked":"SKIP","floor":22}],"player_experience":61473,"relics_obtained":[{"floor":7,"key":"Frozen Egg 2"},{"floor":9,"key":"Bottled Flame"},{"floor":14,"key":"Calipers"}],"event_choices":[{"damage_healed":0.0,"max_hp_gain":0.0,"max_hp_loss":0.0,"gold_gain":0.0,"event_name":"Scrap Ooze","player_choice":"Success","floor":3.0,"gold_loss":0.0,"damage_taken":12.0,"relics_obtained":["Cables"]},{"damage_healed":0,"gold_gain":0,"player_choice":"Shed Blood","damage_taken":19,"max_hp_gain":5,"max_hp_loss":0,"event_name":"Forgotten Altar","floor":19,"gold_loss":0},{"damage_healed":0,"gold_gain":0,"player_choice":"Fought Bandits","damage_taken":0,"max_hp_gain":0,"max_hp_loss":0,"event_name":"Masked Bandits","floor":20,"gold_loss":0}],"is_beta":false,"boss_relics":[{"not_picked":["FrozenCore","SlaversCollar"],"picked":"Nuclear Battery"}],"items_purged_floors":[11],"is_endless":false,"potions_floor_spawned":[5,7,14,16,18,20],"killed_by":"Snake Plant","ascension_level":12}}