{"host":"udzsrhbqdxqtlypj","time":1613401004,"event":{"mods":["BaseMod","Minty Spire (QoL Compilation)","Relic Stats"],"gold_per_floor":[12,32,32,32,47,79,79,107,107,107,107,133,5,5,5,82,82,102,102,102,117,129,129,129,161,161,195,22,34,34,60,60,60,60],"floor_reached":33,"language":"ENG","playtime":2197,"items_purged":["Strike_G","Bite"],"score":567,"play_id":"481d4faf-737b-45a0-be70-5d22fadb3a2b","local_time":"20210215085644","is_ascension_mode":true,"campfire_choices":[{"data":"Skewer","floor":7.0,"key":"SMITH"},{"data":"Calculated Gamble","floor":10.0,"key":"SMITH"},{"floor":15.0,"key":"REST"},{"data":"Tools of the Trade","floor":23,"key":"SMITH"},{"floor":32,"key":"DIG"}],"circlet_count":0,"master_deck":["AscendersBane","Defend_G","Defend_G","Defend_G","Defend_G","Defend_G","Survivor","Neutralize","After Image","Poisoned Stab+1","Slice","Skewer+1","Backstab","Calculated Gamble+1","Blade Dance","Leg Sweep","Tools of the Trade+1","Bite","Bite","Bite","Bite","Blade Dance+1","Terror","Predator","Reflex+1","All Out Attack"],"relics":["Ring of the Snake","White Beast Statue","Dream Catcher","Blue Candle","Incense Burner","Bottled Lightning","HoveringKite","MutagenicStrength","Pen Nib","MealTicket","Tough Bandages","Shovel","Smiling Mask"],"acts_visited":["Exordium","TheCity"],"potions_floor_usage":[21,25,25,27,31,33],"damage_taken":[{"damage":6.0,"enemies":"Cultist","floor":1.0,"turns":4.0},{"damage":2.0,"enemies":"Small Slimes","floor":2.0,"turns":4.0},{"damage":2.0,"enemies":"2 Louse","floor":5.0,"turns":3.0},{"damage":2.0,"enemies":"3 Sentries","floor":6.0,"turns":7.0},{"damage":11.0,"enemies":"Lagavulin","floor":8.0,"turns":8.0},{"damage":9.0,"enemies":"3 Sentries","floor":12.0,"turns":7.0},{"damage":27.0,"enemies":"Slime Boss","floor":16.0,"turns":16.0},{"damage":0.0,"enemies":"Chosen","floor":18.0,"turns":3.0},{"damage":3,"enemies":"Shell Parasite","floor":21,"turns":5},{"damage":13,"enemies":"Snecko","floor":22,"turns":4},{"damage":8,"enemies":"Gremlin Leader","floor":25,"turns":5},{"damage":16,"enemies":"Book of Stabbing","floor":27,"turns":3},{"damage":8,"enemies":"Snake Plant","floor":29,"turns":4},{"damage":5,"enemies":"Gremlin Leader","floor":31,"turns":4},{"damage":55,"enemies":"Automaton","floor":33,"turns":6}],"seed_played":"-6038198804782652501","potions_obtained":[{"floor":5.0,"key":"DistilledChaos"},{"floor":8.0,"key":"DuplicationPotion"},{"floor":12.0,"key":"Swift Potion"},{"floor":16.0,"key":"Fire Potion"},{"floor":18,"key":"AttackPotion"},{"floor":21,"key":"BlessingOfTheForge"},{"floor":25,"key":"Strength Potion"},{"floor":27,"key":"SneckoOil"},{"floor":29,"key":"Fire Potion"},{"floor":31,"key":"SneckoOil"}],"is_trial":false,"path_per_floor":["M","M","?","?","M","E","R","E","T","R","?","E","$","?","R","B",null,"M","?","?","M","M","R","?","E","T","E","$","M","T","E","R","B"],"character_chosen":"THE_SILENT","items_purchased":["Blade Dance","Predator"],"campfire_rested":1,"item_purchase_floors":[13,28],"current_hp_per_floor":[53,51,51,56,54,52,52,41,41,41,29,20,20,20,41,14,57,57,57,49,49,36,36,36,34,34,22,37,35,35,34,34,0,0],"gold":60,"neow_bonus":"THREE_RARE_CARDS","is_daily":false,"chose_seed":false,"campfire_upgraded":3,"win_rate":0.0,"timestamp":1613401004,"path_taken":["M","?","?","?","M","E","R","E","T","R","?","E","$","?","R","BOSS","M","?","?","M","M","R","?","E","T","E","?","M","?","E","R","BOSS"],"items_purchased_type":["Card","Card"],"build_version":"2020-12-22","purchased_purges":2,"victory":false,"max_hp_per_floor":[66,66,66,71,71,71,71,71,71,71,71,71,71,71,71,71,71,71,71,49,49,49,49,49,49,49,49,49,49,49,49,49,49,49],"relic_stats":{"Dream Catcher":1,"Tough Bandages":[72],"Shovel":1,"counters":[15,83],"Blue Candle":[0],"HoveringKite":[21],"MealTicket":15,"Pen Nib":[6],"Smiling Mask":0,"obtain_stats":[{"Blue Candle":9,"HoveringKite":17,"Pen Nib":25,"Incense Burner":11,"Smiling Mask":32,"White Beast Statue":6,"Dream Catcher":8,"Tough Bandages":30,"Shovel":31,"MutagenicStrength":19,"MealTicket":27,"Bottled Lightning":12,"Ring of the Snake":0},{"Blue Candle":5,"HoveringKite":7,"Pen Nib":11,"Incense Burner":5,"Smiling Mask":14,"White Beast Statue":4,"Dream Catcher":5,"Tough Bandages":13,"Shovel":14,"MutagenicStrength":8,"MealTicket":12,"Bottled Lightning":6,"Ring of the Snake":0},{"Blue Candle":26,"HoveringKite":49,"Pen Nib":66,"Incense Burner":26,"Smiling Mask":77,"White Beast Statue":18,"Dream Catcher":26,"Tough Bandages":73,"Shovel":77,"MutagenicStrength":52,"MealTicket":69,"Bottled Lightning":33,"Ring of the Snake":0}],"Ring of the Snake":[30]},"card_choices":[{"not_picked":["Venomology","Envenom"],"picked":"After Image","floor":0.0},{"not_picked":["Acrobatics","Sucker Punch"],"picked":"Poisoned Stab","floor":1.0},{"not_picked":["Bouncing Flask","Backflip"],"picked":"Slice","floor":2.0},{"not_picked":["Outmaneuver","Underhanded Strike"],"picked":"Skewer","floor":5.0},{"not_picked":["PiercingWail","Grand Finale"],"picked":"Backstab","floor":6.0},{"not_picked":["Noxious Fumes","Predator"],"picked":"Calculated Gamble","floor":8.0},{"not_picked":["Setup","Flechettes","Bouncing Flask"],"picked":"SKIP","floor":12.0},{"not_picked":["Deadly Poison","Outmaneuver"],"picked":"Leg Sweep","floor":15.0},{"not_picked":["Burst","Glass Knife"],"picked":"Tools of the Trade","floor":16.0},{"not_picked":["Underhanded Strike","Poisoned Stab","Dagger Throw"],"picked":"SKIP","floor":18},{"not_picked":["Prepared","Sucker Punch+1"],"picked":"Blade Dance+1","floor":21},{"not_picked":["Dagger Throw","Bane"],"picked":"Terror","floor":22},{"not_picked":["Flying Knee+1","Terror","Blade Dance"],"picked":"SKIP","floor":25},{"not_picked":["Flying Knee","Cloak And Dagger","Bane+1"],"picked":"SKIP","floor":27},{"not_picked":["Blade Dance","Infinite Blades"],"picked":"Reflex+1","floor":29},{"not_picked":["Deflect","Choke"],"picked":"All Out Attack","floor":31}],"player_experience":2908607,"relics_obtained":[{"floor":6.0,"key":"White Beast Statue"},{"floor":8.0,"key":"Dream Catcher"},{"floor":9.0,"key":"Blue Candle"},{"floor":12.0,"key":"Bottled Lightning"},{"floor":25,"key":"Pen Nib"},{"floor":27,"key":"MealTicket"},{"floor":30,"key":"Tough Bandages"},{"floor":31,"key":"Shovel"},{"floor":32,"key":"Smiling Mask"}],"event_choices":[{"damage_healed":0.0,"max_hp_gain":0.0,"max_hp_loss":0.0,"gold_gain":0.0,"event_name":"Living Wall","player_choice":"Grow","floor":3.0,"gold_loss":0.0,"damage_taken":0.0,"cards_upgraded":["Poisoned Stab"]},{"damage_healed":0.0,"max_hp_gain":5.0,"max_hp_loss":0.0,"gold_gain":0.0,"event_name":"Big Fish","player_choice":"Donut","floor":4.0,"gold_loss":0.0,"damage_taken":0.0},{"damage_healed":0.0,"max_hp_gain":0.0,"max_hp_loss":0.0,"gold_gain":0.0,"event_name":"Scrap Ooze","player_choice":"Success","floor":11.0,"gold_loss":0.0,"damage_taken":12.0,"relics_obtained":["Incense Burner"]},{"cards_removed":["Strike_G"],"damage_healed":0.0,"max_hp_gain":0.0,"max_hp_loss":0.0,"gold_gain":0.0,"event_name":"Bonfire Elementals","player_choice":"Offered Basic","floor":14.0,"gold_loss":0.0,"damage_taken":0.0},{"damage_healed":0,"gold_gain":0,"player_choice":"Inject Mutagens","damage_taken":0,"relics_obtained":["MutagenicStrength"],"max_hp_gain":0,"max_hp_loss":0,"event_name":"Drug Dealer","floor":19,"gold_loss":0},{"damage_healed":0,"gold_gain":0,"player_choice":"Became a vampire","damage_taken":0,"max_hp_gain":0,"max_hp_loss":22,"event_name":"Vampires","floor":20,"gold_loss":0,"cards_obtained":["Bite","Bite","Bite","Bite","Bite"]},{"damage_healed":0,"gold_gain":0,"player_choice":"Ignored","damage_taken":0,"max_hp_gain":0,"max_hp_loss":0,"event_name":"Beggar","floor":24,"gold_loss":0}],"is_beta":false,"boss_relics":[{"not_picked":["Cursed Key","Coffee Dripper"],"picked":"HoveringKite"}],"items_purged_floors":[13,28],"is_endless":false,"potions_floor_spawned":[5,8,12,16,18,21,22,25,27,29,31],"killed_by":"Automaton","ascension_level":14}}