{"host":"fxrgx7wt2cpkbhka","time":1613363991,"event":{"mods":["AchievementEnabler","BaseMod","Colored Powertips","Dark Map","Minty Spire (QoL Compilation)","Permanent Neow","Quick Restart","Slay-I","StSLib","Waifu the Spire"],"gold_per_floor":[216,233,233,247,247,247,265,340,363,24,48,67,117,132,132,132,132],"floor_reached":16,"language":"ENG","playtime":621,"items_purged":[],"score":165,"play_id":"16c030a6-0595-4775-8f94-6adc58c8970f","local_time":"20210214203951","is_ascension_mode":true,"campfire_choices":[{"data":"Disarm","floor":6,"key":"SMITH"},{"data":"Flame Barrier","floor":15,"key":"SMITH"}],"circlet_count":0,"master_deck":["AscendersBane","Strike_R","Strike_R","Strike_R","Strike_R","Defend_R","Defend_R","Defend_R","Defend_R","Bash","Disarm+1","Carnage","Injury","Inflame","Flame Barrier+1"],"relics":["Burning Blood","Golden Idol","Pen Nib","Mummified Hand"],"acts_visited":["Exordium"],"potions_floor_usage":[11],"damage_taken":[{"damage":7,"enemies":"2 Louse","floor":1,"turns":4},{"damage":3,"enemies":"Cultist","floor":2,"turns":4},{"damage":0,"enemies":"Small Slimes","floor":4,"turns":3},{"damage":4,"enemies":"3 Louse","floor":7,"turns":4},{"damage":35,"enemies":"3 Sentries","floor":8,"turns":11},{"damage":23,"enemies":"Exordium Thugs","floor":11,"turns":5},{"damage":2,"enemies":"Red Slaver","floor":12,"turns":5},{"damage":12,"enemies":"Large Slime","floor":14,"turns":5},{"damage":28,"enemies":"Hexaghost","floor":16,"turns":11}],"seed_played":"-6863443434117383006","potions_obtained":[{"floor":1,"key":"Dexterity Potion"},{"floor":4,"key":"SteroidPotion"},{"floor":12,"key":"PowerPotion"}],"is_trial":false,"path_per_floor":["M","M","?","M","?","R","M","?","T","$","M","M","?","M","R","B"],"character_chosen":"IRONCLAD","items_purchased":["Inflame","Mummified Hand"],"campfire_rested":0,"item_purchase_floors":[10,10],"current_hp_per_floor":[67,70,70,75,75,75,75,46,46,46,29,33,33,27,27,0,0],"gold":132,"neow_bonus":"HUNDRED_GOLD","is_daily":false,"chose_seed":false,"campfire_upgraded":2,"win_rate":0.0,"timestamp":1613363991,"path_taken":["M","M","?","?","?","R","M","?","T","$","M","M","?","?","R","BOSS"],"items_purchased_type":["Card","Relic"],"build_version":"2020-12-22","purchased_purges":0,"victory":false,"max_hp_per_floor":[75,75,75,75,75,75,75,75,75,75,75,75,75,75,75,75,75],"card_choices":[{"not_picked":["Dropkick","Iron Wave"],"picked":"Disarm","floor":1},{"not_picked":["True Grit","Clothesline"],"picked":"Carnage","floor":2},{"not_picked":["Sever Soul","Clothesline","Wild Strike"],"picked":"SKIP","floor":4},{"not_picked":["Warcry","Thunderclap","Havoc"],"picked":"SKIP","floor":7},{"not_picked":["Offering","Headbutt"],"picked":"Flame Barrier","floor":11},{"not_picked":["Whirlwind","Reckless Charge","True Grit"],"picked":"SKIP","floor":12},{"not_picked":["Headbutt","Twin Strike","Sentinel"],"picked":"SKIP","floor":14}],"player_experience":782788,"relics_obtained":[{"floor":8,"key":"Pen Nib"}],"event_choices":[{"cards_removed":["Strike_R"],"damage_healed":0,"gold_gain":0,"player_choice":"Offered Basic","damage_taken":0,"max_hp_gain":0,"max_hp_loss":0,"event_name":"Bonfire Elementals","floor":3,"gold_loss":0},{"damage_healed":0,"gold_gain":0,"player_choice":"Take Wound","damage_taken":0,"relics_obtained":["Golden Idol"],"max_hp_gain":0,"max_hp_loss":0,"event_name":"Golden Idol","floor":5,"gold_loss":0,"cards_obtained":["Injury"]},{"damage_healed":0,"gold_gain":0,"player_choice":"Searched \u00271\u0027 times","damage_taken":0,"max_hp_gain":0,"max_hp_loss":0,"event_name":"Dead Adventurer","floor":8,"gold_loss":0},{"damage_healed":0,"gold_gain":50,"player_choice":"Pray","damage_taken":0,"max_hp_gain":0,"max_hp_loss":0,"event_name":"Golden Shrine","floor":13,"gold_loss":0}],"is_beta":false,"boss_relics":[],"items_purged_floors":[],"is_endless":false,"potions_floor_spawned":[1,4,12,14],"killed_by":"Hexaghost","ascension_level":15}}