{"host":"rzvepkyh9344fbo1","time":1613369243,"event":{"mods":["AchievementEnabler","Act Like it!","BaseMod","Better Third Choice","Colored Map","Colored Powertips","Curses Come First","Downfall","Evolution","Fox Events","Hermit","Highlight Path","Minty Spire (QoL Compilation)","Replay The Spire","Robot Space Explorer","Shade Mod","Shop Mod","StS++","StSLib","The Cursed","The Marked","The Necromancer"],"gold_per_floor":[217,229,246,257,17,17,34,34,34,44,44,54,154,189,189,189,189],"floor_reached":16,"language":"ENG","playtime":1806,"items_purged":["Strike_G"],"score":120,"play_id":"0caffc28-3252-4d6f-a87d-15e98e732af8","local_time":"20210215170723","is_ascension_mode":true,"campfire_choices":[{"data":"ReplayTheSpireMod:Brewmster","floor":6,"key":"SMITH"},{"data":"Concentrate","floor":8,"key":"SMITH"},{"data":"Strike_G","floor":15,"key":"PURGE"}],"circlet_count":0,"master_deck":["Strike_G","Strike_G","Defend_G","Defend_G","Defend_G","Defend_G","Defend_G","Survivor","Neutralize","ReplayTheSpireMod:Speed Training","Tools of the Trade","Dash","ReplayTheSpireMod:Brewmster+1","Concentrate+1","Replay:Bag of Tricks","Flying Knee"],"relics":["Ring of the Snake","EVO:Axolotl","Replay:WaspNest","Matryoshka"],"acts_visited":["Exordium"],"potions_floor_usage":[4,7,7,10,12,12,14,14,14,14,14,16,16,16,16,16,16,16,16],"damage_taken":[{"damage":4,"enemies":"Cultist","floor":1,"turns":6},{"damage":3,"enemies":"Jaw Worm","floor":2,"turns":4},{"damage":0,"enemies":"Small Slimes","floor":3,"turns":5},{"damage":3,"enemies":"Exordium Thugs","floor":4,"turns":5},{"damage":0,"enemies":"Lots of Slimes","floor":7,"turns":7},{"damage":2,"enemies":"Blue Slaver","floor":10,"turns":5},{"damage":0,"enemies":"Looter","floor":12,"turns":4},{"damage":7,"enemies":"Gremlin Nob","floor":14,"turns":5},{"damage":68,"enemies":"Fading Forest","floor":16,"turns":9}],"seed_played":"-7169819210546243774","potions_obtained":[{"floor":1,"key":"Fire Potion"},{"floor":3,"key":"Poison Potion"},{"floor":4,"key":"Weak Potion"}],"is_trial":false,"path_per_floor":["M","M","M","M","$","R","M","R","T","M","?","M","?","E","R_BF","B"],"character_chosen":"THE_SILENT","items_purchased":["ReplayTheSpireMod:Brewmster"],"campfire_rested":0,"item_purchase_floors":[5],"current_hp_per_floor":[66,63,63,60,60,60,60,60,60,58,51,51,51,44,44,0,0],"gold":189,"neow_bonus":"HUNDRED_GOLD","is_daily":false,"chose_seed":false,"campfire_upgraded":2,"win_rate":0.0,"timestamp":1613369243,"path_taken":["M","M","?","M","?","R","M","R","T","?","?","M","?","E","R_BF","BOSS"],"items_purchased_type":["Card"],"build_version":"2020-12-22","purchased_purges":1,"victory":false,"max_hp_per_floor":[70,70,70,70,70,70,70,70,70,70,70,70,70,70,70,70,70],"card_choices":[{"not_picked":["Sucker Punch","Slice"],"picked":"ReplayTheSpireMod:Speed Training","floor":1},{"not_picked":["Quick Slash","Hidden Blade","PiercingWail"],"picked":"SKIP","floor":2},{"not_picked":["PiercingWail","Blade Dance"],"picked":"Tools of the Trade","floor":3},{"not_picked":["Dodge and Roll","Blade Dance"],"picked":"Dash","floor":4},{"not_picked":["Blade Dance","Sucker Punch"],"picked":"Concentrate","floor":7},{"not_picked":["Cloak And Dagger","Bane","StSpp:Dive"],"picked":"SKIP","floor":10},{"not_picked":["Poisoned Stab","Sucker Punch"],"picked":"Replay:Bag of Tricks","floor":12},{"not_picked":["Outmaneuver","Dodge and Roll"],"picked":"Flying Knee","floor":14}],"player_experience":318947,"relics_obtained":[{"floor":9,"key":"Replay:WaspNest"},{"floor":14,"key":"Matryoshka"}],"event_choices":[{"cards_removed":["Strike_G"],"damage_healed":0,"gold_gain":0,"player_choice":"Card Removal","damage_taken":7,"max_hp_gain":0,"max_hp_loss":0,"event_name":"Golden Wing","floor":11,"gold_loss":0},{"damage_healed":0,"gold_gain":100,"player_choice":"Pray","damage_taken":0,"max_hp_gain":0,"max_hp_loss":0,"event_name":"Golden Shrine","floor":13,"gold_loss":0}],"is_beta":false,"boss_relics":[],"items_purged_floors":[5],"is_endless":false,"potions_floor_spawned":[1,3,4],"killed_by":"Fading Forest","ascension_level":3}}