{"host":"8eqe2o2g03nh9rfw","time":1613375476,"event":{"mods":["AchievementEnabler","AlwaysNeverKeys","BaseMod","Better Third Choice","Block Reminder","Colored Map","Colored Powertips","GifTheSpireLib","Minty Spire (QoL Compilation)","Permanent Neow","Quick Restart","StSLib","Weighted Paths"],"gold_per_floor":[116,126,126,126,141,141,154,154,154,174,187,287,287,314,314,410,410,422,434,2,2,2],"floor_reached":21,"language":"ENG","playtime":955,"items_purged":["Decay"],"score":231,"play_id":"c1a949c7-859c-4361-9b5b-1ab52673d8a7","local_time":"20210215025116","is_ascension_mode":false,"campfire_choices":[{"floor":6,"key":"RECALL"},{"floor":13,"key":"REST"},{"floor":15,"key":"REST"}],"circlet_count":0,"master_deck":["Strike_P","Strike_P","Strike_P","Strike_P","Defend_P","Defend_P","Defend_P","Defend_P","Eruption","Vigilance","Parasite","EmptyFist","Consecrate","FollowUp","FlurryOfBlows","FollowUp","Indignation","LikeWater","Prostrate","Prostrate","DeusExMachina","Study","Evaluate+1","Vengeance","Meditate"],"relics":["PureWater","Torii","Unceasing Top","Runic Pyramid","Shuriken"],"acts_visited":["Exordium","TheCity"],"potions_floor_usage":[16,16,16,16,21],"damage_taken":[{"damage":0,"enemies":"Small Slimes","floor":1,"turns":3},{"damage":0,"enemies":"2 Louse","floor":2,"turns":2},{"damage":0,"enemies":"Cultist","floor":5,"turns":3},{"damage":25,"enemies":"Exordium Wildlife","floor":7,"turns":4},{"damage":8,"enemies":"Red Slaver","floor":10,"turns":4},{"damage":1,"enemies":"3 Louse","floor":11,"turns":3},{"damage":44,"enemies":"Lagavulin","floor":14,"turns":8},{"damage":0,"enemies":"Slime Boss","floor":16,"turns":4},{"damage":40,"enemies":"2 Thieves","floor":18,"turns":5},{"damage":24,"enemies":"Shell Parasite","floor":19,"turns":5},{"damage":21,"enemies":"Centurion and Healer","floor":21,"turns":2}],"seed_played":"6016191751059655694","potions_obtained":[{"floor":5,"key":"EntropicBrew"},{"floor":10,"key":"SkillPotion"},{"floor":11,"key":"Strength Potion"}],"is_trial":false,"path_per_floor":["M","M","?","?","M","R","M","?","T","M","M","?","R","E","R","B",null,"M","M","$","M"],"character_chosen":"WATCHER","items_purchased":["Vengeance","Meditate","Shuriken"],"campfire_rested":2,"item_purchase_floors":[20,20,20],"current_hp_per_floor":[72,72,77,77,77,77,52,52,52,44,43,43,66,22,45,45,77,37,13,13,0,0],"gold":2,"neow_bonus":"ONE_RARE_RELIC","is_daily":false,"chose_seed":false,"campfire_upgraded":0,"win_rate":0.0,"timestamp":1613375476,"path_taken":["M","M","?","?","M","R","?","?","T","M","?","?","R","E","R","BOSS","M","M","$","?"],"items_purchased_type":["Card","Card","Relic"],"build_version":"2020-12-22","purchased_purges":1,"victory":false,"max_hp_per_floor":[72,72,77,77,77,77,77,77,77,77,77,77,77,77,77,77,77,77,77,77,77,77],"card_choices":[{"not_picked":["BowlingBash","CrushJoints"],"picked":"EmptyFist","floor":1},{"not_picked":["MentalFortress","Protect"],"picked":"Consecrate","floor":2},{"not_picked":["LikeWater","ReachHeaven"],"picked":"FollowUp","floor":5},{"not_picked":["FlyingSleeves","EmptyBody"],"picked":"FlurryOfBlows","floor":7},{"not_picked":["BowlingBash","Scrawl"],"picked":"LikeWater","floor":10},{"not_picked":["Wallop","Crescendo"],"picked":"Prostrate","floor":11},{"not_picked":["FollowUp","FlyingSleeves"],"picked":"Prostrate","floor":14},{"not_picked":["Ragnarok","Omniscience"],"picked":"DeusExMachina","floor":16},{"not_picked":["CutThroughFate","JustLucky"],"picked":"Study","floor":18},{"not_picked":["Nirvana+1","PathToVictory"],"picked":"Evaluate+1","floor":19}],"player_experience":129991,"relics_obtained":[{"floor":14,"key":"Unceasing Top"}],"event_choices":[{"damage_healed":0,"gold_gain":0,"player_choice":"Donut","damage_taken":0,"max_hp_gain":5,"max_hp_loss":0,"event_name":"Big Fish","floor":3,"gold_loss":0},{"damage_healed":0,"gold_gain":0,"player_choice":"Cursed","damage_taken":0,"max_hp_gain":0,"max_hp_loss":0,"event_name":"Wheel of Change","floor":4,"gold_loss":0,"cards_obtained":["Decay"]},{"damage_healed":0,"gold_gain":0,"player_choice":"2 cards matched","damage_taken":0,"max_hp_gain":0,"max_hp_loss":0,"event_name":"Match and Keep!","floor":8,"gold_loss":0,"cards_obtained":["FollowUp","Indignation"]},{"damage_healed":0,"gold_gain":100,"player_choice":"Pray","damage_taken":0,"max_hp_gain":0,"max_hp_loss":0,"event_name":"Golden Shrine","floor":12,"gold_loss":0}],"is_beta":false,"boss_relics":[{"not_picked":["Astrolabe","Cursed Key"],"picked":"Runic Pyramid"}],"items_purged_floors":[20],"is_endless":false,"potions_floor_spawned":[5,10,11],"killed_by":"Centurion and Healer","ascension_level":0}}