{"host":"vyjryxuuuxkt43k4","time":1613396165,"event":{"mods":["AchievementEnabler","BaseMod","Colored Map","DeckTracker","Keyboard Shortcuts","Minty Spire (QoL Compilation)","Permanent Neow","Quick Restart","StSLib","SuperFastMode","everything is the same but u backflip on backflip"],"gold_per_floor":[116,130,130,141,216,216,244,256,301,301,314,78,105,105,105,179,179,199,2,2,20,20,20,48,48,74,117,129,191,128,167,179,191,191],"floor_reached":33,"language":"KOR","playtime":1381,"items_purged":["Strike_G"],"score":578,"play_id":"1a510906-a008-4e07-abd4-617bc080835f","local_time":"20210215223605","is_ascension_mode":true,"campfire_choices":[{"data":"Apotheosis","floor":6.0,"key":"SMITH"},{"floor":15.0,"key":"REST"},{"floor":23.0,"key":"REST"},{"floor":25.0,"key":"REST"},{"floor":32.0,"key":"REST"}],"circlet_count":0,"master_deck":["AscendersBane","Strike_G","Strike_G","Defend_G","Defend_G","Defend_G","Defend_G","Defend_G","Survivor","Neutralize","Apotheosis+1","Dagger Spray","Predator","Noxious Fumes","Calculated Gamble+1","Endless Agony","Dagger Throw","Crippling Poison","Bullet Time","Noxious Fumes","Well Laid Plans","Bane+1","Dodge and Roll"],"relics":["Ring of the Snake","White Beast Statue","Boot","Juzu Bracelet","Happy Flower","WingedGreaves","Empty Cage","TwistedFunnel","Pen Nib","MawBank","Matryoshka","Sundial","Bag of Preparation"],"acts_visited":["Exordium","TheCity"],"potions_floor_usage":[33],"damage_taken":[{"damage":0.0,"enemies":"Jaw Worm","floor":1.0,"turns":5.0},{"damage":3.0,"enemies":"2 Louse","floor":2.0,"turns":3.0},{"damage":1.0,"enemies":"Cultist","floor":4.0,"turns":4.0},{"damage":4.0,"enemies":"Lagavulin","floor":7.0,"turns":7.0},{"damage":2.0,"enemies":"Gremlin Gang","floor":8.0,"turns":4.0},{"damage":0.0,"enemies":"2 Fungi Beasts","floor":11.0,"turns":3.0},{"damage":14.0,"enemies":"3 Sentries","floor":13.0,"turns":5.0},{"damage":48.0,"enemies":"Slime Boss","floor":16.0,"turns":11.0},{"damage":16.0,"enemies":"2 Thieves","floor":18.0,"turns":4.0},{"damage":0.0,"enemies":"3 Byrds","floor":21.0,"turns":2.0},{"damage":32.0,"enemies":"Book of Stabbing","floor":24.0,"turns":5.0},{"damage":29.0,"enemies":"Slavers","floor":27.0,"turns":4.0},{"damage":50,"enemies":"Collector","floor":33,"turns":7}],"seed_played":"2188352947540058830","potions_obtained":[{"floor":4.0,"key":"DuplicationPotion"},{"floor":7.0,"key":"PowerPotion"},{"floor":8.0,"key":"PowerPotion"},{"floor":10.0,"key":"FairyPotion"},{"floor":13.0,"key":"Explosive Potion"},{"floor":16.0,"key":"EntropicBrew"},{"floor":21.0,"key":"Fruit Juice"},{"floor":24.0,"key":"Energy Potion"},{"floor":27.0,"key":"Explosive Potion"}],"is_trial":false,"path_per_floor":["M","M","?","M","?","R","E","M","T","?","M","$","E","?","R","B",null,"M","$","?","M","?","R","E","R","T","E","$","?","?","T","R","B"],"character_chosen":"THE_SILENT","items_purchased":["Happy Flower","TwistedFunnel","Well Laid Plans"],"campfire_rested":4,"item_purchase_floors":[12,19,19],"current_hp_per_floor":[59,56,45,44,33,33,29,27,27,27,27,27,13,13,31,6,47,31,31,31,36,36,55,23,42,42,13,13,13,13,13,32,0,0],"gold":191,"neow_bonus":"RANDOM_COLORLESS_2","is_daily":false,"chose_seed":false,"campfire_upgraded":1,"win_rate":0.0,"timestamp":1613396165,"path_taken":["M","M","?","M","?","R","E","M","T","?","M","$","E","?","R","BOSS","M","$","?","M","?","R","E","R","T","E","$","?","?","?","R","BOSS"],"items_purchased_type":["Relic","Relic","Card"],"build_version":"2020-12-22","purchased_purges":1,"victory":false,"max_hp_per_floor":[60,60,60,60,60,60,60,60,60,60,60,60,60,60,60,60,60,60,60,60,65,65,65,65,65,65,65,65,65,65,65,65,65,65],"card_choices":[{"not_picked":["Violence","Secret Weapon"],"picked":"Apotheosis","floor":0.0},{"not_picked":["Outmaneuver","Deflect"],"picked":"Dagger Spray","floor":1.0},{"not_picked":["Riddle With Holes","Catalyst"],"picked":"Predator","floor":2.0},{"not_picked":["Slice","Bouncing Flask"],"picked":"Noxious Fumes","floor":4.0},{"not_picked":["Distraction","Underhanded Strike"],"picked":"Calculated Gamble","floor":7.0},{"not_picked":["Choke","Skewer"],"picked":"Endless Agony","floor":8.0},{"not_picked":["Slice","Prepared"],"picked":"Dagger Throw","floor":11.0},{"not_picked":["Noxious Fumes","Dagger Throw"],"picked":"Crippling Poison","floor":13.0},{"not_picked":["Storm of Steel","Phantasmal Killer"],"picked":"Bullet Time","floor":16.0},{"not_picked":["Riddle With Holes","Poisoned Stab"],"picked":"Noxious Fumes","floor":18.0},{"not_picked":["Flying Knee","Deadly Poison"],"picked":"Bane+1","floor":21.0},{"not_picked":["Quick Slash","Riddle With Holes","Dagger Spray"],"picked":"SKIP","floor":24.0},{"not_picked":["Poisoned Stab","Blur"],"picked":"Dodge and Roll","floor":27.0}],"player_experience":988065,"relics_obtained":[{"floor":7.0,"key":"Boot"},{"floor":9.0,"key":"Juzu Bracelet"},{"floor":13.0,"key":"WingedGreaves"},{"floor":24.0,"key":"Pen Nib"},{"floor":26.0,"key":"MawBank"},{"floor":27.0,"key":"Matryoshka"},{"floor":31.0,"key":"Sundial"},{"floor":31.0,"key":"Bag of Preparation"}],"event_choices":[{"damage_healed":0.0,"max_hp_gain":0.0,"max_hp_loss":0.0,"gold_gain":0.0,"event_name":"Scrap Ooze","player_choice":"Success","floor":3.0,"gold_loss":0.0,"damage_taken":11.0,"relics_obtained":["White Beast Statue"]},{"damage_healed":0.0,"max_hp_gain":0.0,"max_hp_loss":0.0,"gold_gain":75.0,"event_name":"World of Goop","player_choice":"Gather Gold","floor":5.0,"gold_loss":0.0,"damage_taken":11.0},{"damage_healed":0.0,"max_hp_gain":0.0,"max_hp_loss":0.0,"gold_gain":0.0,"event_name":"Lab","player_choice":"Got Potions","floor":10.0,"gold_loss":0.0,"damage_taken":0.0},{"damage_healed":0.0,"max_hp_gain":0.0,"max_hp_loss":0.0,"gold_gain":0.0,"event_name":"Upgrade Shrine","player_choice":"Upgraded","floor":14.0,"gold_loss":0.0,"damage_taken":0.0,"cards_upgraded":["Calculated Gamble"]},{"damage_healed":0.0,"max_hp_gain":0.0,"max_hp_loss":0.0,"gold_gain":0.0,"event_name":"Forgotten Altar","player_choice":"Smashed Altar","floor":20.0,"gold_loss":0.0,"damage_taken":0.0,"cards_obtained":["Decay"]},{"damage_healed":0.0,"max_hp_gain":0.0,"max_hp_loss":0.0,"gold_gain":0.0,"event_name":"Vampires","player_choice":"Ignored","floor":22.0,"gold_loss":0.0,"damage_taken":0.0},{"damage_healed":0.0,"max_hp_gain":0.0,"max_hp_loss":0.0,"gold_gain":50.0,"event_name":"Golden Shrine","player_choice":"Pray","floor":29.0,"gold_loss":0.0,"damage_taken":0.0},{"cards_removed":["Decay"],"damage_healed":0.0,"max_hp_gain":0.0,"max_hp_loss":0.0,"gold_gain":0.0,"event_name":"Beggar","player_choice":"Gave Gold","floor":30.0,"gold_loss":75.0,"damage_taken":0.0}],"is_beta":false,"boss_relics":[{"not_picked":["Tiny House","SlaversCollar"],"picked":"Empty Cage"}],"items_purged_floors":[12],"is_endless":false,"potions_floor_spawned":[4,7,8,11,13,16,18,21,24,27],"killed_by":"Collector","ascension_level":20}}