{"host":"o88u0awh8mkwl1l8","time":1613382071,"event":{"mods":["BaseMod","Colored Map","Highlight Path","Minty Spire (QoL Compilation)"],"gold_per_floor":[110,127,127,147,72,72,89,122,157,203,215,246,273,313,325,411,423,450,362,362,64,64,64,99,117,171,184,202,215,215,215,215],"floor_reached":31,"language":"JPN","playtime":2300,"items_purged":["Strike_B","Strike_B","Strike_B"],"score":554,"play_id":"8dd87682-ec88-4327-8649-0b5dd428b855","local_time":"20210215184111","is_ascension_mode":true,"campfire_choices":[{"data":"Streamline","floor":6.0,"key":"SMITH"},{"data":"Ball Lightning","floor":15.0,"key":"SMITH"},{"data":"Buffer","floor":23.0,"key":"SMITH"}],"circlet_count":0,"master_deck":["AscendersBane","Defend_B","Defend_B","Defend_B","Defend_B","Zap+1","Dualcast+1","Self Repair","Chill","Streamline+1","Echo Form","Conserve Battery","White Noise","Hologram","Ball Lightning+1","Buffer+1","Chill","Streamline","RitualDagger","Coolheaded","BootSequence","Cold Snap+1"],"relics":["Cracked Core","MawBank","DataDisk","Pen Nib","Empty Cage","Runic Capacitor","Strawberry","Boot","Meat on the Bone"],"acts_visited":["TheCity"],"potions_floor_usage":[],"damage_taken":[{"damage":0.0,"enemies":"Cultist","floor":1.0,"turns":3.0},{"damage":10.0,"enemies":"Small Slimes","floor":2.0,"turns":4.0},{"damage":0.0,"enemies":"2 Louse","floor":4.0,"turns":3.0},{"damage":11.0,"enemies":"Looter","floor":7.0,"turns":3.0},{"damage":28.0,"enemies":"Gremlin Nob","floor":8.0,"turns":4.0},{"damage":10.0,"enemies":"Lagavulin","floor":10.0,"turns":6.0},{"damage":5.0,"enemies":"Exordium Wildlife","floor":12.0,"turns":4.0},{"damage":20.0,"enemies":"Exordium Thugs","floor":13.0,"turns":5.0},{"damage":8.0,"enemies":"Gremlin Nob","floor":14.0,"turns":3.0},{"damage":24.0,"enemies":"The Guardian","floor":16.0,"turns":6.0},{"damage":9.0,"enemies":"3 Byrds","floor":18.0,"turns":4.0},{"damage":16.0,"enemies":"Slavers","floor":24.0,"turns":10.0},{"damage":16.0,"enemies":"Shell Parasite","floor":25.0,"turns":7.0},{"damage":6.0,"enemies":"Snecko","floor":27.0,"turns":6.0},{"damage":1.0,"enemies":"Centurion and Healer","floor":28.0,"turns":9.0},{"damage":27.0,"enemies":"Snake Plant","floor":29.0,"turns":5.0},{"damage":39,"enemies":"Gremlin Leader","floor":31,"turns":2}],"seed_played":"4563078144590239377","potions_obtained":[{"floor":4.0,"key":"Strength Potion"},{"floor":8.0,"key":"Fire Potion"},{"floor":14.0,"key":"BlessingOfTheForge"},{"floor":24.0,"key":"CultistPotion"},{"floor":25.0,"key":"EssenceOfDarkness"},{"floor":29.0,"key":"EssenceOfSteel"}],"is_trial":false,"path_per_floor":["M","M","?","M","$","R","M","E","T","E","?","M","M","E","R","B",null,"M","$","?","$","?","R","E","M","T","M","M","M","T","E"],"character_chosen":"DEFECT","items_purchased":["Runic Capacitor"],"campfire_rested":0,"item_purchase_floors":[21],"current_hp_per_floor":[64,61,61,68,68,68,64,43,43,47,64,66,60,52,52,28,58,56,56,56,56,50,50,48,39,39,40,53,33,33,0,0],"gold":215,"neow_bonus":"UPGRADE_CARD","is_daily":false,"chose_seed":false,"campfire_upgraded":3,"win_rate":0.0,"timestamp":1613382071,"path_taken":["M","M","?","M","?","R","M","E","T","E","?","M","M","E","R","BOSS","M","$","?","$","?","R","E","M","T","M","M","?","?","E"],"items_purchased_type":["Relic"],"build_version":"2020-12-22","purchased_purges":3,"victory":false,"max_hp_per_floor":[71,71,71,71,71,71,71,71,71,71,71,71,71,71,71,71,68,68,68,68,68,68,68,75,75,75,75,75,75,75,75,75],"card_choices":[{"not_picked":["Streamline","Blizzard"],"picked":"Self Repair","floor":1.0},{"not_picked":["Undo","Rebound"],"picked":"Chill","floor":2.0},{"not_picked":["Steam Power","Rebound"],"picked":"Streamline","floor":4.0},{"not_picked":["Beam Cell","Redo"],"picked":"Echo Form","floor":7.0},{"not_picked":["Redo","Heatsinks"],"picked":"Conserve Battery","floor":8.0},{"not_picked":["Stack","Scrape"],"picked":"White Noise","floor":10.0},{"not_picked":["Undo","Stack"],"picked":"Hologram","floor":12.0},{"not_picked":["Turbo","Leap"],"picked":"Ball Lightning","floor":13.0},{"not_picked":["Redo","Beam Cell","Blizzard"],"picked":"SKIP","floor":14.0},{"not_picked":["Creative AI","Thunder Strike"],"picked":"Buffer","floor":16.0},{"not_picked":["Steam+1","Stack"],"picked":"Chill","floor":18.0},{"not_picked":["Steam","Meteor Strike"],"picked":"Coolheaded","floor":24.0},{"not_picked":["Redo","Skim"],"picked":"BootSequence","floor":25.0},{"not_picked":["Force Field","Hologram"],"picked":"Cold Snap+1","floor":27.0},{"not_picked":["BootSequence","Turbo","Chaos"],"picked":"SKIP","floor":28.0},{"not_picked":["BootSequence","Turbo","Chaos"],"picked":"SKIP","floor":28.0},{"not_picked":["Doom and Gloom","Rebound","Darkness"],"picked":"SKIP","floor":29.0}],"player_experience":1251985,"relics_obtained":[{"floor":8.0,"key":"MawBank"},{"floor":10.0,"key":"DataDisk"},{"floor":14.0,"key":"Pen Nib"},{"floor":24.0,"key":"Strawberry"},{"floor":26.0,"key":"Boot"},{"floor":30.0,"key":"Meat on the Bone"}],"event_choices":[{"damage_healed":0.0,"max_hp_gain":0.0,"max_hp_loss":0.0,"gold_gain":0.0,"event_name":"Accursed Blacksmith","player_choice":"Forge","floor":3.0,"gold_loss":0.0,"damage_taken":0.0,"cards_upgraded":["Zap"]},{"damage_healed":17.0,"max_hp_gain":0.0,"max_hp_loss":0.0,"gold_gain":0.0,"event_name":"Mushrooms","player_choice":"Healed and dodged fight","floor":11.0,"gold_loss":0.0,"damage_taken":0.0,"cards_obtained":["Parasite"]},{"damage_healed":0.0,"max_hp_gain":0.0,"max_hp_loss":0.0,"gold_gain":0.0,"event_name":"The Library","player_choice":"Read","floor":20.0,"gold_loss":0.0,"damage_taken":0.0,"cards_obtained":["Streamline"]},{"damage_healed":0.0,"max_hp_gain":0.0,"max_hp_loss":0.0,"gold_gain":0.0,"event_name":"Nest","player_choice":"Joined the Cult","floor":22.0,"gold_loss":0.0,"damage_taken":6.0,"cards_obtained":["RitualDagger"]}],"is_beta":false,"boss_relics":[{"not_picked":["Pandora\u0027s Box","Calling Bell"],"picked":"Empty Cage"}],"items_purged_floors":[5,19,21],"is_endless":false,"potions_floor_spawned":[4,8,10,12,14,24,25,29],"killed_by":"Gremlin Leader","ascension_level":20}}