{"host":"jydwu1shxxemady1","time":1613401390,"event":{"mods":["BaseMod","Colored Powertips","Conspire","Downfall","Hermit","Highlight Path","Marisa£®ÏF”Í°°ƒß¿Ì…≥£©","Minty Spire (QoL Compilation)","READ ME - Guardian Mod","Replay The Spire","Shop Mod","StSLib","TestMod","The Bladedancer","The Cursed","The Servant 0.9.4"],"gold_per_floor":[99,114,129,129,144,174,174,204,204,234,249,279,114,144,173,285,285,285,312,341,344,344,344,369,369],"floor_reached":24,"language":"ZHS","playtime":1032,"items_purged":[],"score":284,"play_id":"1c552196-b237-46ee-9bc1-f71f6632d1c3","local_time":"20210215230310","daily_mods":["Heirloom","Green Cards","Elite Swarm"],"is_ascension_mode":false,"campfire_choices":[{"data":"Bash","floor":1,"key":"SMITH"},{"data":"Feed","floor":9,"key":"SMITH"},{"floor":18,"key":"RECALL"},{"data":"Limit Break","floor":23,"key":"SMITH"}],"circlet_count":0,"master_deck":["Strike_R","Strike_R","Strike_R","Strike_R","Strike_R","Defend_R","Defend_R+1","Defend_R+1","Defend_R","Bash+1","Carnage","Reckless Charge","Dagger Throw","After Image","Feed+1","Offering","Thunderclap","Berserk","Limit Break+1","Clothesline","Limit Break","Massacre+1","Dagger Spray","ReplayTheSpireMod:Muscle Training","All Out Attack"],"relics":["Burning Blood","testmod-TestBox","testmod-ArcanaOfDestiny","Incense Burner","Replay:WaspNest","conspire:TopHat","Blue Doll","testmod-HeartOfDaVinci","testmod-OneHitWonder","Akabeko","Replay:Bandana","Ring of Chaos","Lantern"],"acts_visited":["Exordium","TheCity"],"potions_floor_usage":[6,8,12,16],"damage_taken":[{"damage":6,"enemies":"2 Louse","floor":2,"turns":2},{"damage":11,"enemies":"Jaw Worm","floor":3,"turns":2},{"damage":0,"enemies":"Small Slimes","floor":5,"turns":3},{"damage":7,"enemies":"3 Sentries","floor":6,"turns":6},{"damage":13,"enemies":"Lagavulin","floor":8,"turns":4},{"damage":1,"enemies":"3 Sentries","floor":10,"turns":6},{"damage":1,"enemies":"Blue Slaver","floor":11,"turns":2},{"damage":22,"enemies":"Lagavulin","floor":12,"turns":4},{"damage":10,"enemies":"downfall:FleeingMerchant","floor":13,"turns":4},{"damage":1,"enemies":"Replay:BlueRogue","floor":14,"turns":3},{"damage":12,"enemies":"Gremlin Gang","floor":15,"turns":3},{"damage":36,"enemies":"WA_ARCHETYPE_RETAIN","floor":16,"turns":4},{"damage":18,"enemies":"conspire:FuzzyDice","floor":19,"turns":3},{"damage":3,"enemies":"Chosen","floor":20,"turns":3},{"damage":21,"enemies":"downfall:FleeingMerchant","floor":21,"turns":4}],"seed_played":"5535013652570512859","potions_obtained":[{"floor":2,"key":"Block Potion"},{"floor":5,"key":"bronze:BurnAndBuffPotion"},{"floor":8,"key":"Toxic Potion"},{"floor":12,"key":"Milkshake"},{"floor":14,"key":"Death Potion"},{"floor":16,"key":"SteroidPotion"}],"is_trial":false,"path_per_floor":["R","M","M","?","M","E","T","E","R","E","M","E","$","E","M","B",null,"R","M","M","$","?","R","T"],"character_chosen":"IRONCLAD","items_purchased":["Akabeko"],"campfire_rested":0,"item_purchase_floors":[13],"current_hp_per_floor":[80,80,75,59,65,64,64,57,57,66,75,59,55,60,58,28,92,92,84,87,72,72,72,72,72],"gold":369,"neow_bonus":"","is_daily":true,"chose_seed":false,"campfire_upgraded":3,"win_rate":0.0,"timestamp":1613401390,"path_taken":["R","M","M","?","M","E","T","E","R","E","M","E","?","E","M","BOSS","R","M","M","$","?","R","T"],"items_purchased_type":["Relic"],"build_version":"2020-12-22","purchased_purges":0,"victory":false,"max_hp_per_floor":[80,80,80,80,80,80,80,80,80,84,88,88,88,88,92,92,92,92,96,96,96,96,96,96,96],"card_choices":[{"not_picked":["Heel Hook","Body Slam"],"picked":"Carnage","floor":2},{"not_picked":["Rampage","Flex"],"picked":"Reckless Charge","floor":3},{"not_picked":["PiercingWail","Havoc"],"picked":"Dagger Throw","floor":5},{"not_picked":["Envenom","Burst"],"picked":"After Image","floor":6},{"not_picked":["Glass Knife","Wraith Form v2"],"picked":"Feed","floor":8},{"not_picked":["Reaper","Brutality"],"picked":"Offering","floor":10},{"not_picked":["ReplayTheSpireMod:Scrap Shanks","Caltrops"],"picked":"Thunderclap","floor":11},{"not_picked":["Corruption","Poison Darts"],"picked":"Berserk","floor":12},{"not_picked":["Iron Wave","Accuracy","Warcry"],"picked":"SKIP","floor":13},{"not_picked":["Feed","Malaise"],"picked":"Limit Break","floor":14},{"not_picked":["Sucker Punch","Entrench"],"picked":"Clothesline","floor":15},{"not_picked":["Demonic Infusion","Barricade"],"picked":"Limit Break","floor":16},{"not_picked":["Replay:Undeath\u0027s Touch","Poisoned Stab"],"picked":"Massacre+1","floor":19},{"not_picked":["Shrug It Off+1","Burning Pact"],"picked":"Dagger Spray","floor":20},{"not_picked":["Blade Dance","Prepared+1"],"picked":"ReplayTheSpireMod:Muscle Training","floor":21}],"player_experience":643538,"relics_obtained":[{"floor":6,"key":"Replay:WaspNest"},{"floor":7,"key":"conspire:TopHat"},{"floor":8,"key":"Blue Doll"},{"floor":10,"key":"testmod-HeartOfDaVinci"},{"floor":12,"key":"testmod-OneHitWonder"},{"floor":14,"key":"Replay:Bandana"},{"floor":24,"key":"Lantern"}],"event_choices":[{"damage_healed":0,"gold_gain":0,"player_choice":"Entered Light","damage_taken":16,"max_hp_gain":0,"max_hp_loss":0,"event_name":"Shining Light","floor":4,"gold_loss":0,"cards_upgraded":["Defend_R","Defend_R"]},{"damage_healed":0,"gold_gain":0,"player_choice":"Read","damage_taken":0,"max_hp_gain":0,"max_hp_loss":0,"event_name":"The Library","floor":22,"gold_loss":0,"cards_obtained":["All Out Attack"]}],"is_beta":false,"boss_relics":[{"not_picked":["hermit:DentedPlate","Tiny House"],"picked":"Ring of Chaos"}],"items_purged_floors":[],"is_endless":false,"potions_floor_spawned":[2,5,8,12,14,16],"ascension_level":0}}