{"host":"5lhqv34qsybwndcz","time":1613385170,"event":{"mods":["AchievementEnabler","BaseMod","Colored Map","Colored Powertips","Downfall","Minty Spire (QoL Compilation)","Quick Restart","Replay The Spire","StSLib"],"gold_per_floor":[109,126,126,86,161,161,161,161,187,4,31,50,61,73,73,178,178,195,208,241,241,146,146,159,159,159,68,95,113,113,113,113,211,211,222,267,41,55,277,277,288,288,313,313,313,331,331,15,15,15],"floor_reached":51,"language":"ENG","playtime":2141,"items_purged":[],"score":1011,"play_id":"fa426509-54ff-4c0c-930c-2c9f52852e61","local_time":"20210215123250","is_ascension_mode":false,"campfire_choices":[{"data":"Cleave","floor":6,"key":"SMITH"},{"data":"Feed","floor":8,"key":"SMITH"},{"floor":23,"key":"REST"},{"data":"Barricade","floor":25,"key":"SMITH"},{"floor":32,"key":"REST"},{"data":"Whirlwind","floor":40,"key":"SMITH"},{"data":"Entrench","floor":42,"key":"SMITH"},{"data":"Replay:Sssssssssshield","floor":45,"key":"SMITH"},{"data":"Finesse","floor":47,"key":"SMITH"},{"floor":49,"key":"REST"}],"circlet_count":0,"master_deck":["Defend_R","Defend_R","Defend_R","Defend_R","Bash","Cleave+1","Clash","Pommel Strike+1","Feed+1","Body Slam","Body Slam","Body Slam","Iron Wave","Body Slam+1","Entrench+1","Barricade+1","Shrug It Off","Pommel Strike","Pummel+1","Ghostly Armor","Shrug It Off","Havoc","Good Instincts","Flex+1","Pommel Strike","Slimebound:Tackle+1","Slimebound:Tackle+1","Slimebound:Tackle+1","Hemogenesis","Whirlwind+1","Pommel Strike+1","Feed","Flame Barrier","Uppercut+1","Deep Breath","Finesse+1","Replay:Sssssssssshield+1","Flame Barrier+1","Life Link"],"relics":["Burning Blood","Nunchaku","Replay:Baseball","Anchor","Ooze Armor","Red Mask","ReplayTheSpireMod:Ninjato","Boot","Darkstone Periapt","Painkiller Herb","Incense Burner","Medical Kit","ReplayTheSpireMod:Spearhead","Question Card"],"acts_visited":["Exordium","TheCity","TheBeyond"],"potions_floor_usage":[16,20,28,28,33,50],"damage_taken":[{"damage":1,"enemies":"Cultist","floor":1,"turns":4},{"damage":5,"enemies":"Small Slimes","floor":2,"turns":3},{"damage":21,"enemies":"Gremlin Nob","floor":11,"turns":4},{"damage":0,"enemies":"2 Louse","floor":12,"turns":2},{"damage":13,"enemies":"Red Slaver","floor":13,"turns":4},{"damage":0,"enemies":"Looter","floor":14,"turns":2},{"damage":22,"enemies":"Slime Boss","floor":16,"turns":9},{"damage":26,"enemies":"2 Thieves","floor":18,"turns":5},{"damage":14,"enemies":"Spheric Guardian","floor":19,"turns":4},{"damage":42,"enemies":"Masked Bandits","floor":20,"turns":6},{"damage":6,"enemies":"Snecko","floor":24,"turns":5},{"damage":0,"enemies":"Slavers","floor":28,"turns":2},{"damage":9,"enemies":"Centurion and Healer","floor":29,"turns":5},{"damage":51,"enemies":"Pondfish","floor":33,"turns":17},{"damage":0,"enemies":"Orb Walker","floor":35,"turns":3},{"damage":22,"enemies":"2 Orb Walkers","floor":36,"turns":4},{"damage":6,"enemies":"3 Darklings","floor":38,"turns":3},{"damage":5,"enemies":"Sphere and 2 Shapes","floor":41,"turns":4},{"damage":15,"enemies":"Spire Growth","floor":46,"turns":4},{"damage":116,"enemies":"Donu and Deca","floor":50,"turns":12}],"seed_played":"8577744511498956431","potions_obtained":[{"floor":1,"key":"Venom Potion"},{"floor":11,"key":"BlessingOfTheForge"},{"floor":16,"key":"Reflective Coating"},{"floor":18,"key":"Explosive Potion"},{"floor":24,"key":"Toxic Potion"},{"floor":28,"key":"Ancient Potion"},{"floor":46,"key":"Regen Potion"}],"is_trial":false,"path_per_floor":["M","M","?","$","?","R","?","R","T","$","E","M","M","M","R_BF","B",null,"M","M","?","?","$","R","M","R","T","$","E","M","T","?","R","B",null,"?","?","T","?","?","T","?","T","T","?","T","?","T","T","T","B",null],"character_chosen":"IRONCLAD","items_purchased":["Pommel Strike+1","Replay:Baseball","Body Slam","Ghostly Armor","Shrug It Off","Good Instincts","Medical Kit","Feed","Question Card","Life Link"],"campfire_rested":3,"item_purchase_floors":[4,10,10,22,22,27,37,37,48,48],"current_hp_per_floor":[80,80,85,85,74,74,74,74,74,74,59,69,66,72,93,81,97,77,69,37,37,37,67,67,67,67,67,77,74,74,74,105,60,105,109,98,98,101,101,101,106,106,106,96,96,87,87,87,116,14],"gold":15,"neow_bonus":"RANDOM_EVENT","is_daily":false,"chose_seed":false,"campfire_upgraded":7,"win_rate":0.0,"timestamp":1613385170,"path_taken":["M","M","?","$","?","R","?","R","T","$","E","M","?","M","R_BF","BOSS","M","M","?","?","$","R","M","R","T","$","E","M","?","?","R","BOSS","?","?","T","?","?","T","?","T","T","?","T","?","T","T","T","BOSS"],"items_purchased_type":["Card","Relic","Card","Card","Card","Card","Relic","Card","Relic","Card"],"build_version":"2020-12-22","purchased_purges":0,"victory":true,"max_hp_per_floor":[80,80,85,85,85,85,85,85,85,85,85,89,93,93,93,97,97,97,97,101,101,101,101,101,101,101,101,105,105,105,105,105,105,105,109,109,109,112,112,112,116,116,116,116,116,116,116,116,116,116],"card_choices":[{"not_picked":["Evolve","ReplayTheSpireMod:Strike From Hell"],"picked":"Cleave","floor":1},{"not_picked":["Hemokinesis","ReplayTheSpireMod:Strike From Hell"],"picked":"Clash","floor":2},{"not_picked":["Exhume","Pommel Strike"],"picked":"Body Slam","floor":11},{"not_picked":["Heavy Blade","Anger"],"picked":"Iron Wave","floor":12},{"not_picked":["Massacre","Anger"],"picked":"Body Slam","floor":13},{"not_picked":["Combust","Perfected Strike"],"picked":"Entrench","floor":14},{"not_picked":["Juggernaut","Replay:Many Hands"],"picked":"Barricade","floor":16},{"not_picked":["Body Slam","Replay:Undeath\u0027s Touch"],"picked":"Shrug It Off","floor":18},{"not_picked":["Perfected Strike","Anger"],"picked":"Pommel Strike","floor":19},{"not_picked":["Sword Boomerang","Rupture+1"],"picked":"Pummel+1","floor":20},{"not_picked":["Eclipse","Replay:Undeath\u0027s Touch"],"picked":"Havoc","floor":24},{"not_picked":["Clash","Twin Strike"],"picked":"Flex+1","floor":28},{"not_picked":["Exhume","Armaments+1"],"picked":"Pommel Strike","floor":29},{"not_picked":["Eclipse","Immolate"],"picked":"Hemogenesis","floor":33},{"not_picked":["Havoc","Warcry+1"],"picked":"Whirlwind","floor":35},{"not_picked":["Hemokinesis+1","Clash"],"picked":"Pommel Strike+1","floor":36},{"not_picked":["Abandon","Bloodletting"],"picked":"Flame Barrier","floor":38},{"not_picked":["Evolve+1","Headbutt+1"],"picked":"Uppercut+1","floor":41},{"not_picked":["Forethought","Panacea"],"picked":"Deep Breath","floor":44},{"not_picked":["Purity","Flash of Steel"],"picked":"Finesse","floor":44},{"not_picked":["Panacea","The Bomb"],"picked":"Replay:Sssssssssshield","floor":44},{"not_picked":["Run Through","Warcry"],"picked":"Flame Barrier+1","floor":46}],"player_experience":72688,"relics_obtained":[{"floor":9,"key":"Nunchaku"},{"floor":11,"key":"Anchor"},{"floor":20,"key":"Red Mask"},{"floor":26,"key":"ReplayTheSpireMod:Ninjato"},{"floor":28,"key":"Boot"},{"floor":30,"key":"Darkstone Periapt"},{"floor":36,"key":"Incense Burner"},{"floor":43,"key":"ReplayTheSpireMod:Spearhead"}],"event_choices":[{"damage_healed":0,"gold_gain":0,"player_choice":"Donut","damage_taken":0,"max_hp_gain":5,"max_hp_loss":0,"event_name":"Big Fish","floor":3,"gold_loss":0},{"damage_healed":0,"gold_gain":75,"player_choice":"Gather Gold","damage_taken":11,"max_hp_gain":0,"max_hp_loss":0,"event_name":"World of Goop","floor":5,"gold_loss":0},{"damage_healed":0,"gold_gain":0,"cards_transformed":["Strike_R"],"player_choice":"Transformed","damage_taken":0,"max_hp_gain":0,"max_hp_loss":0,"event_name":"Transmorgrifier","floor":7,"gold_loss":0,"cards_obtained":["Feed"]},{"damage_healed":0,"gold_gain":0,"player_choice":"Fought Bandits","damage_taken":0,"max_hp_gain":0,"max_hp_loss":0,"event_name":"Masked Bandits","floor":20,"gold_loss":0},{"damage_healed":0,"gold_gain":0,"player_choice":"Ignored","damage_taken":0,"max_hp_gain":0,"max_hp_loss":0,"event_name":"Beggar","floor":21,"gold_loss":0},{"damage_healed":0,"gold_gain":0,"player_choice":"Fight","damage_taken":0,"max_hp_gain":0,"max_hp_loss":0,"event_name":"Mysterious Sphere","floor":36,"gold_loss":0},{"damage_healed":0,"gold_gain":222,"player_choice":"Wore Mask","damage_taken":0,"max_hp_gain":0,"max_hp_loss":0,"event_name":"Tomb of Lord Red Mask","floor":39,"gold_loss":0},{"damage_healed":0,"gold_gain":0,"player_choice":"Memory 3","damage_taken":10,"max_hp_gain":0,"max_hp_loss":0,"event_name":"SensoryStone","floor":44,"gold_loss":0}],"is_beta":false,"boss_relics":[{"not_picked":["Snecko Eye","ChewingGum"],"picked":"Ooze Armor"},{"not_picked":["bronze:MakeshiftBattery","Cursed Key"],"picked":"Painkiller Herb"}],"items_purged_floors":[],"is_endless":false,"potions_floor_spawned":[1,11,16,18,24,28,46],"ascension_level":0}}