{"host":"5hsgormuu0lj4iiq","time":1613351472,"event":{"mods":["AchievementEnabler","BaseMod","Colored Map","Colored Powertips","Minty Spire (QoL Compilation)","Quick Restart","Relic Stats","SuperFastMode","everything is the same but u backflip on backflip","slay the spire mod where everything is the same but ironclad has a cowboy hat"],"gold_per_floor":[111,111,286,59,59,98,98,113,113,146,161,161,161,180,180,308,308,333,352,377,403,256,256,256],"floor_reached":23,"language":"ENG","playtime":339,"items_purged":["Doubt"],"score":438,"play_id":"6c473ab7-90fd-4b02-b88c-94f0e2691acc","local_time":"20210214201112","is_ascension_mode":true,"campfire_choices":[{"data":"White Noise","floor":7,"key":"SMITH"},{"data":"Seek","floor":13,"key":"SMITH"},{"data":"Doom and Gloom","floor":15,"key":"SMITH"}],"circlet_count":0,"master_deck":["AscendersBane","Defend_B","Defend_B","Defend_B","Defend_B","Zap","Dualcast","Zap","White Noise+1","Biased Cognition","Seek+1","Doom and Gloom+1","Defragment+1","Storm+1","Auto Shields+1","Static Discharge","Leap","Defragment","Coolheaded","Electrodynamics"],"relics":["Cracked Core","NeowsBlessing","Golden Idol","DollysMirror","Pocketwatch","Tiny Chest","Thread and Needle","Bag of Marbles","Astrolabe","Art of War","Orrery"],"acts_visited":["Exordium","TheCity"],"potions_floor_usage":[19],"damage_taken":[{"damage":0,"enemies":"Cultist","floor":1,"turns":1},{"damage":0,"enemies":"3 Sentries","floor":6,"turns":1},{"damage":0,"enemies":"Small Slimes","floor":8,"turns":1},{"damage":13,"enemies":"Lagavulin","floor":10,"turns":6},{"damage":0,"enemies":"2 Louse","floor":11,"turns":2},{"damage":0,"enemies":"Large Slime","floor":14,"turns":4},{"damage":0,"enemies":"Slime Boss","floor":16,"turns":6},{"damage":8,"enemies":"Chosen","floor":18,"turns":3},{"damage":18,"enemies":"2 Thieves","floor":19,"turns":2},{"damage":33,"enemies":"Snake Plant","floor":20,"turns":3},{"damage":5,"enemies":"Gremlin Leader","floor":23,"turns":1}],"seed_played":"9148155416414820455","potions_obtained":[{"floor":8,"key":"Dexterity Potion"},{"floor":14,"key":"AttackPotion"},{"floor":20,"key":"PowerPotion"}],"is_trial":false,"path_per_floor":["M","?","?","$","?","E","R","M","T","E","M","?","R","M","R","B",null,"M","M","M","T","$","E"],"character_chosen":"DEFECT","items_purchased":["DollysMirror","Orrery"],"campfire_rested":0,"item_purchase_floors":[4,22],"current_hp_per_floor":[68,68,68,68,61,61,61,61,61,48,48,48,48,48,48,48,64,56,38,5,5,5,0,0],"gold":256,"neow_bonus":"THREE_ENEMY_KILL","is_daily":false,"chose_seed":false,"campfire_upgraded":3,"win_rate":0.0,"timestamp":1613351472,"path_taken":["M","?","?","$","?","E","R","M","T","E","M","?","R","M","R","BOSS","M","?","?","?","$","E"],"items_purchased_type":["Relic","Relic"],"build_version":"2020-12-22","purchased_purges":1,"victory":false,"max_hp_per_floor":[75,69,69,69,69,69,69,69,69,69,69,69,69,69,69,69,69,69,69,69,69,69,69,69],"relic_stats":{"counters":[11,30],"Golden Idol":65,"Astrolabe":["Defragment","Storm","Auto Shields"],"Tiny Chest":1,"Art of War":[0],"obtain_stats":[{"NeowsBlessing":0,"Golden Idol":2,"DollysMirror":4,"Astrolabe":17,"Orrery":22,"Tiny Chest":6,"Thread and Needle":9,"Bag of Marbles":10,"Art of War":21,"Cracked Core":0,"Pocketwatch":5},{"NeowsBlessing":0,"Golden Idol":1,"DollysMirror":1,"Astrolabe":7,"Orrery":10,"Tiny Chest":2,"Thread and Needle":3,"Bag of Marbles":4,"Art of War":10,"Cracked Core":0,"Pocketwatch":1},{"NeowsBlessing":0,"Golden Idol":1,"DollysMirror":1,"Astrolabe":21,"Orrery":29,"Tiny Chest":2,"Thread and Needle":3,"Bag of Marbles":9,"Art of War":29,"Cracked Core":0,"Pocketwatch":1}],"Pocketwatch":[36]},"card_choices":[{"not_picked":["Hologram","Storm","Beam Cell"],"picked":"SKIP","floor":1},{"not_picked":["Leap","Force Field"],"picked":"White Noise","floor":6},{"not_picked":["Streamline","Rebound","Hello World"],"picked":"SKIP","floor":8},{"not_picked":["Static Discharge","Coolheaded"],"picked":"Biased Cognition","floor":10},{"not_picked":["Fusion","Capacitor","Force Field"],"picked":"SKIP","floor":11},{"not_picked":["Chaos","Cold Snap"],"picked":"Doom and Gloom","floor":14},{"not_picked":["Steam","Turbo"],"picked":"Static Discharge","floor":18},{"not_picked":["Redo","Turbo","Beam Cell"],"picked":"SKIP","floor":19},{"not_picked":["Conserve Battery","Cold Snap"],"picked":"Leap","floor":20},{"not_picked":["Ball Lightning","Glacier+1"],"picked":"Defragment","floor":22},{"not_picked":["Gash","BootSequence"],"picked":"Coolheaded","floor":22},{"not_picked":["Seek","Rebound"],"picked":"Electrodynamics","floor":22}],"player_experience":734444,"relics_obtained":[{"floor":6,"key":"Tiny Chest"},{"floor":9,"key":"Thread and Needle"},{"floor":10,"key":"Bag of Marbles"},{"floor":21,"key":"Art of War"}],"event_choices":[{"damage_healed":0,"gold_gain":0,"player_choice":"Lose Max HP","damage_taken":0,"relics_obtained":["Golden Idol"],"max_hp_gain":0,"max_hp_loss":6,"event_name":"Golden Idol","floor":2,"gold_loss":0},{"damage_healed":0,"gold_gain":175,"player_choice":"AGREE","damage_taken":0,"max_hp_gain":0,"max_hp_loss":0,"event_name":"Liars Game","floor":3,"gold_loss":0,"cards_obtained":["Doubt"]},{"damage_healed":0,"gold_gain":0,"player_choice":"Success","damage_taken":7,"relics_obtained":["Pocketwatch"],"max_hp_gain":0,"max_hp_loss":0,"event_name":"Scrap Ooze","floor":5,"gold_loss":0},{"damage_healed":0,"gold_gain":0,"cards_transformed":["Strike_B"],"player_choice":"Transformed","damage_taken":0,"max_hp_gain":0,"max_hp_loss":0,"event_name":"Transmorgrifier","floor":12,"gold_loss":0,"cards_obtained":["Seek"]}],"is_beta":false,"boss_relics":[{"not_picked":["Empty Cage","Runic Pyramid"],"picked":"Astrolabe"}],"items_purged_floors":[4],"is_endless":false,"potions_floor_spawned":[8,14,16,18,20],"killed_by":"Gremlin Leader","ascension_level":12}}