{"host":"l15sdf2mmi0nobpi","time":1613392344,"event":{"mods":["BaseMod","Highlight Path","KomeijiMod","Minty Spire (QoL Compilation)","MostiFishMod","Quick Restart","StSLib","[YSDMod]压实度","【功能Mod】Neow奖励"],"gold_per_floor":[179,191,116,191,205,205,233,233,233,258,277,295,295,215,215,294,294,311,73,73,73,89,119,138,173,173,173,184,184,209,229,229,308,308,319,319,330,330,608,637,637,665,665,680,469,495,365,380,380,380,380,380,380,72,102,102],"floor_reached":57,"language":"ZHS","playtime":2142,"items_purged":["Strike_Remiria","Strike_Remiria","Strike_Remiria"],"score":2896,"play_id":"0a8482dc-d813-448c-874c-a94c844376e5","local_time":"20210215203224","is_ascension_mode":true,"campfire_choices":[{"data":"MillenniumVampire","floor":6.0,"key":"SMITH"},{"data":"Strike_Remiria","floor":8.0,"key":"PURGE"},{"data":"VampirishNight","floor":13.0,"key":"SMITH"},{"data":"DamonLordCradle_Remiria","floor":15.0,"key":"SMITH"},{"data":"Defend_Remirira","floor":29.0,"key":"PURGE"},{"data":"FierceSweep","floor":32.0,"key":"PURGE"},{"floor":41.0,"key":"RECALL"},{"data":"Absorbed","floor":49.0,"key":"SMITH"},{"data":"VampirishNight","floor":53.0,"key":"SMITH"}],"circlet_count":0,"master_deck":["AscendersBane","Defend_Remirira","Defend_Remirira","Absorbed+1","Scratch","MillenniumVampire+1","DamonLordCradle_Remiria+1","ChainGang","VampirishNight+1","RedMagic","RemiliaStretch_Remiria","DoubleEdge","VampirishNight+1","MostiFishMod:Galeforce","MostiFishMod:Galeforce"],"relics":["ThirstyCrossSpe","DaveBox","YSD","BionicSphere","SynthV:TestCard","Peace Pipe","The Courier","Odd Mushroom","Snecko Eye","Civilization","MealTicket","Juzu Bracelet","Orichalcum","RhineSuit","CaptainsWheel","Bottled Flame","Singing Bowl","Gremlin Horn","Medical Kit","Kunai"],"acts_visited":["Exordium","TheCity","TheBeyond","TheEnding"],"potions_floor_usage":[56,56],"damage_taken":[{"damage":0.0,"enemies":"Jaw Worm","floor":1.0,"turns":4.0},{"damage":0.0,"enemies":"2 Louse","floor":2.0,"turns":3.0},{"damage":0.0,"enemies":"Cultist","floor":5.0,"turns":3.0},{"damage":18.0,"enemies":"Gremlin Nob","floor":7.0,"turns":4.0},{"damage":1.0,"enemies":"The Mushroom Lair","floor":10.0,"turns":4.0},{"damage":0.0,"enemies":"Gremlin Gang","floor":11.0,"turns":3.0},{"damage":9.0,"enemies":"Large Slime","floor":12.0,"turns":7.0},{"damage":12.0,"enemies":"Hexaghost","floor":16.0,"turns":6.0},{"damage":5.0,"enemies":"Spheric Guardian","floor":18.0,"turns":5.0},{"damage":3.0,"enemies":"Shell Parasite","floor":22.0,"turns":4.0},{"damage":21.0,"enemies":"Slavers","floor":23.0,"turns":3.0},{"damage":0.0,"enemies":"Shelled Parasite and Fungi","floor":24.0,"turns":4.0},{"damage":1.0,"enemies":"Gremlin Leader","floor":25.0,"turns":5.0},{"damage":0.0,"enemies":"Snecko","floor":28.0,"turns":3.0},{"damage":4.0,"enemies":"Book of Stabbing","floor":30.0,"turns":4.0},{"damage":0.0,"enemies":"Centurion and Healer","floor":31.0,"turns":4.0},{"damage":26.0,"enemies":"Collector","floor":33.0,"turns":6.0},{"damage":0.0,"enemies":"3 Shapes","floor":35.0,"turns":4.0},{"damage":13.0,"enemies":"Orb Walker","floor":37.0,"turns":3.0},{"damage":36.0,"enemies":"Reptomancer","floor":40.0,"turns":5.0},{"damage":0.0,"enemies":"Giant Head","floor":42.0,"turns":6.0},{"damage":0.0,"enemies":"Spire Growth","floor":44.0,"turns":3.0},{"damage":47.0,"enemies":"Nemesis","floor":46.0,"turns":7.0},{"damage":14.0,"enemies":"Maw","floor":48.0,"turns":6.0},{"damage":27.0,"enemies":"Awakened One","floor":50.0,"turns":10.0},{"damage":24.0,"enemies":"Donu and Deca","floor":51.0,"turns":6.0},{"damage":55,"enemies":"Shield and Spear","floor":55,"turns":5},{"damage":40,"enemies":"The Heart","floor":56,"turns":8}],"seed_played":"-3269127539489339925","potions_obtained":[{"floor":2.0,"key":"BlessingOfTheForge"},{"floor":10.0,"key":"Strength Potion"},{"floor":16.0,"key":"AttackPotion"},{"floor":40.0,"key":"Dexterity Potion"}],"is_trial":false,"path_per_floor":["M","M","$","?","M","R","E","R","T","?","M","M","R","$","R","B",null,"M","$","?","$","M","E","M","E","T","?","M","R","E","M","R","B",null,"M","$","M","?","?","E","R","E","T","M","$","E","$","M","R","B","B",null,"R","$","E","B",null],"character_chosen":"RemiriaScarlet","items_purchased":["Civilization","Singing Bowl","Medical Kit","MostiFishMod:Galeforce","MostiFishMod:Galeforce"],"campfire_rested":0,"item_purchase_floors":[19,45,47,54,54],"current_hp_per_floor":[67,71,71,60,64,64,50,50,50,57,61,64,64,64,64,56,89,84,84,84,84,86,81,90,98,108,108,117,117,122,135,135,118,138,147,150,142,142,142,115,115,137,137,146,161,125,140,147,147,129,118,175,175,190,150,121],"gold":102,"neow_bonus":"THREE_RARE_CARDS","is_daily":false,"chose_seed":false,"campfire_upgraded":5,"win_rate":0.0,"timestamp":1613392344,"path_taken":["M","M","$","?","M","R","E","R","T","?","M","M","R","$","R","BOSS","M","$","?","$","?","E","M","E","T","?","M","R","E","M","R","BOSS","M","$","M","?","?","E","R","E","T","M","$","E","$","M","R","BOSS","BOSS","R","$","E","BOSS"],"items_purchased_type":["Relic","Relic","Relic","Card","Card"],"build_version":"2020-12-22","purchased_purges":3,"victory":true,"max_hp_per_floor":[100,100,100,100,100,100,100,100,100,100,100,100,100,100,100,100,100,100,100,100,100,101,105,110,115,125,125,130,130,135,140,140,145,145,150,150,155,155,155,160,160,165,165,170,170,177,177,184,184,189,194,194,194,194,201,206],"card_choices":[{"not_picked":["FitfulNightmare","StarOfDavid"],"picked":"MillenniumVampire","floor":0.0},{"not_picked":["Culling","Impregnable"],"picked":"DamonLordCradle_Remiria","floor":1.0},{"not_picked":["BloodCleaner","BodyStrengthen","TricksterDevil","FastHealing"],"picked":"FierceSweep","floor":2.0},{"not_picked":["Feint","ServantFlier","BloodPact","BodyStrengthen"],"picked":"ChainGang","floor":5.0},{"not_picked":["DoubleEdge","FateEnsemble","VampireClaw","Offensive","DemonLordWalk"],"picked":"SKIP","floor":7.0},{"not_picked":["DoubleEdge","FateEnsemble","VampireClaw","Offensive","DemonLordWalk"],"picked":"SKIP","floor":7.0},{"not_picked":["RocketKickup","BodyStrengthen","DamonLordCradle_Remiria","Offensive","BloodCleaner"],"picked":"SKIP","floor":11.0},{"not_picked":["CruelSlaughter","MillenniumVampire","Warpath","Cripple"],"picked":"VampirishNight","floor":12.0},{"not_picked":["BadLadyScramble","FateSonata","HeartBreak_Remiria","RedtheNightlessCastle"],"picked":"RedMagic","floor":16.0},{"not_picked":["FateEnsemble","ServantFlier","Feint","StigmaNizer","BloodySuit"],"picked":"SKIP","floor":18.0},{"not_picked":["DoubleEdge","DamonLordCradle_Remiria","Feint","NightDance","StigmaNizer"],"picked":"SKIP","floor":22.0},{"not_picked":["SealingFear+1","BloodCollect","StigmaNizer","FierceSweep","NightDance"],"picked":"SKIP","floor":23.0},{"not_picked":["StigmaNizer","Culling","FastHealing","BloodCleaner","DemonLordWalk"],"picked":"SKIP","floor":24.0},{"not_picked":["ServantFlier+1","FateMeister","FierceSweep+1","FastHealing","DemonsDinnerFork_Remiria"],"picked":"SKIP","floor":25.0},{"not_picked":["VampireKiss_Remiria","ServantFlier","DemonsDinnerFork_Remiria","Feint","HeartBreak_Remiria"],"picked":"SKIP","floor":28.0},{"not_picked":["NaturallyHealing","BloodCleaner","Tepes","Cripple+1","Warpath"],"picked":"SKIP","floor":30.0},{"not_picked":["BloodySuit","StigmaNizer","Rewrite","BodyStrengthen","LifeBreak"],"picked":"SKIP","floor":31.0},{"not_picked":["ThirstForBlood","StigmaNizer+1","Cripple","FastHealing","BloodySuit"],"picked":"SKIP","floor":35.0},{"not_picked":["DoubleEdge","SeparateFleshBlood+1","ServantFlier+1","BathedInBlood","BloodySuit+1"],"picked":"SKIP","floor":37.0},{"not_picked":["SeparateFleshBlood+1","ServantFlier+1","BathedInBlood","BloodySuit+1"],"picked":"DoubleEdge","floor":37.0},{"not_picked":["SeparateFleshBlood","BloodySuit","NightDance","BloodPact","TricksterDevil"],"picked":"SKIP","floor":40.0},{"not_picked":["SeparateFleshBlood","BloodySuit","NightDance","BloodPact","TricksterDevil"],"picked":"SKIP","floor":40.0},{"not_picked":["Feint","DemonsDinnerFork_Remiria","RocketKickup","FateConcerto"],"picked":"VampirishNight","floor":42.0},{"not_picked":["BodyStrengthen","DemonsDinnerFork_Remiria","BloodySuit","DamonLordCradle_Remiria","BloodCleaner+1"],"picked":"SKIP","floor":44.0},{"not_picked":["FierceSweep+1","Reaper_Remiria","Tearing","SealingFear+1","Warpath"],"picked":"Singing Bowl","floor":46.0},{"not_picked":["Feint+1","PainBurst+1","DoubleEdge","BloodCollect","ServantFlier"],"picked":"Singing Bowl","floor":48.0},{"not_picked":["TricksterDevil+1","ChainGang","Paradox","BloodyMagicSquare","StigmaNizer"],"picked":"Singing Bowl","floor":55}],"player_experience":702923,"relics_obtained":[{"floor":1.0,"key":"SynthV:TestCard"},{"floor":7.0,"key":"Peace Pipe"},{"floor":9.0,"key":"The Courier"},{"floor":10.0,"key":"Odd Mushroom"},{"floor":23.0,"key":"MealTicket"},{"floor":25.0,"key":"Juzu Bracelet"},{"floor":26.0,"key":"Pear"},{"floor":30.0,"key":"Orichalcum"},{"floor":40.0,"key":"CaptainsWheel"},{"floor":42.0,"key":"Bottled Flame"},{"floor":46.0,"key":"Gremlin Horn"},{"floor":55,"key":"Kunai"}],"event_choices":[{"damage_healed":0.0,"max_hp_gain":0.0,"max_hp_loss":0.0,"gold_gain":75.0,"event_name":"World of Goop","player_choice":"Gather Gold","floor":4.0,"gold_loss":0.0,"damage_taken":11.0},{"damage_healed":0.0,"max_hp_gain":0.0,"max_hp_loss":0.0,"gold_gain":0.0,"event_name":"Mushrooms","player_choice":"Fought Mushrooms","floor":10.0,"gold_loss":0.0,"damage_taken":0.0},{"cards_removed":["Defend_Remirira"],"damage_healed":0.0,"max_hp_gain":0.0,"max_hp_loss":0.0,"gold_gain":0.0,"event_name":"Bonfire Elementals","player_choice":"Offered Basic","floor":20.0,"gold_loss":0.0,"damage_taken":0.0},{"damage_healed":0.0,"max_hp_gain":0.0,"max_hp_loss":0.0,"gold_gain":0.0,"event_name":"The Library","player_choice":"Read","floor":27.0,"gold_loss":0.0,"damage_taken":0.0,"cards_obtained":["RemiliaStretch_Remiria"]},{"damage_healed":0.0,"max_hp_gain":0.0,"max_hp_loss":0.0,"gold_gain":0.0,"event_name":"Tomb of Lord Red Mask","player_choice":"Ignored","floor":38.0,"gold_loss":0.0,"damage_taken":0.0}],"is_beta":false,"boss_relics":[{"not_picked":["ExusiaiGun","xbg"],"picked":"Snecko Eye"},{"not_picked":["Fusion Hammer","Calling Bell"],"picked":"RhineSuit"}],"items_purged_floors":[3,14,19],"is_endless":false,"potions_floor_spawned":[2,10,16,18,22,25,31,37,40,46],"ascension_level":20}}