{"host":"Kdaddybrian","time":1613353106,"event":{"mods":["AchievementEnabler","BaseMod","Bestiary","Colored Map","Colored Powertips","Minty Spire (QoL Compilation)","Potion Indicator Mod","Quick Restart","Rare Cards Sparkle","Relic Stats","StSLib","Uncapped","Weighted Paths"],"gold_per_floor":[117,129,142,92,43,43,78,89,163,163,193,210,210,210,210,331,331,317,317,85,108,122,122,141,141,141,141,141,141,141],"floor_reached":29,"language":"ENG","playtime":1025,"items_purged":["Strike_P"],"score":358,"play_id":"a239f232-421a-406f-b21e-b1908c9eedb1","local_time":"20210214203826","is_ascension_mode":true,"campfire_choices":[{"data":"Eruption","floor":6,"key":"SMITH"},{"floor":10,"key":"REST"},{"data":"TalkToTheHand","floor":15,"key":"SMITH"},{"floor":23,"key":"REST"},{"data":"TalkToTheHand","floor":28,"key":"SMITH"}],"circlet_count":0,"master_deck":["AscendersBane","Strike_P","Strike_P","Defend_P","Defend_P","Defend_P","Defend_P","Eruption+1","Vigilance","Wallop","FollowUp","SpiritShield","EmptyFist","TalkToTheHand+1","DeceiveReality+1","CarveReality","Consecrate","SpiritShield+1","WaveOfTheHand","Clumsy","MentalFortress+1","TalkToTheHand+1","Parasite","Pain"],"relics":["Philosopher\u0027s Stone","StoneCalendar","HornCleat","Tiny Chest","Golden Idol","Cursed Key","Centennial Puzzle","Bag of Preparation","War Paint","Meat on the Bone","Gremlin Horn"],"acts_visited":["Exordium","TheCity"],"potions_floor_usage":[7,22,29],"damage_taken":[{"damage":5,"enemies":"Jaw Worm","floor":1,"turns":3},{"damage":6,"enemies":"Small Slimes","floor":2,"turns":3},{"damage":0,"enemies":"2 Louse","floor":3,"turns":4},{"damage":22,"enemies":"Lagavulin","floor":7,"turns":8},{"damage":7,"enemies":"Looter","floor":8,"turns":4},{"damage":7,"enemies":"Gremlin Nob","floor":11,"turns":5},{"damage":0,"enemies":"Blue Slaver","floor":12,"turns":5},{"damage":42,"enemies":"Slime Boss","floor":16,"turns":7},{"damage":19,"enemies":"2 Thieves","floor":18,"turns":4},{"damage":0,"enemies":"3 Byrds","floor":22,"turns":5},{"damage":9,"enemies":"Snecko","floor":24,"turns":6},{"damage":55,"enemies":"Slavers","floor":29,"turns":6}],"seed_played":"1008567664741865103","potions_obtained":[{"floor":1,"key":"AttackPotion"},{"floor":3,"key":"SteroidPotion"},{"floor":11,"key":"SpeedPotion"},{"floor":12,"key":"Fruit Juice"},{"floor":22,"key":"Block Potion"}],"is_trial":false,"path_per_floor":["M","M","M","?","$","R","E","M","T","R","E","M","?","?","R","B",null,"M","?","$","T","M","R","M","?","T","T","R","E"],"character_chosen":"WATCHER","items_purchased":["EmptyFist","Bag of Preparation"],"campfire_rested":2,"item_purchase_floors":[5,20],"current_hp_per_floor":[60,54,54,54,54,54,32,25,25,46,39,39,39,61,61,19,55,36,36,36,36,41,62,53,53,53,53,53,0,0],"gold":141,"neow_bonus":"BOSS_RELIC","is_daily":false,"chose_seed":false,"campfire_upgraded":3,"win_rate":0.0,"timestamp":1613353106,"path_taken":["M","M","M","?","$","R","E","M","T","R","E","M","?","?","R","BOSS","M","?","$","?","M","R","M","?","T","?","R","E"],"items_purchased_type":["Card","Relic"],"build_version":"2020-12-18","purchased_purges":1,"victory":false,"max_hp_per_floor":[72,72,72,72,72,72,72,72,72,72,72,72,67,67,67,67,67,67,67,67,67,72,72,72,72,72,72,72,72,72],"relic_stats":{"Centennial Puzzle":[6],"Gremlin Horn":[1,1],"counters":[12,60],"Golden Idol":34,"StoneCalendar":[38],"Tiny Chest":1,"Bag of Preparation":[6],"War Paint":["SpiritShield","DeceiveReality"],"Cursed Key":3,"obtain_stats":[{"Centennial Puzzle":19,"HornCleat":9,"Gremlin Horn":27,"Golden Idol":13,"Philosopher\u0027s Stone":0,"StoneCalendar":7,"Tiny Chest":11,"Bag of Preparation":20,"PureWater":0,"War Paint":21,"Cursed Key":17,"Meat on the Bone":26},{"Centennial Puzzle":9,"HornCleat":5,"Gremlin Horn":11,"Golden Idol":7,"Philosopher\u0027s Stone":0,"StoneCalendar":4,"Tiny Chest":6,"Bag of Preparation":9,"PureWater":0,"War Paint":9,"Cursed Key":8,"Meat on the Bone":11},{"Centennial Puzzle":43,"HornCleat":22,"Gremlin Horn":54,"Golden Idol":32,"Philosopher\u0027s Stone":0,"StoneCalendar":18,"Tiny Chest":27,"Bag of Preparation":43,"PureWater":0,"War Paint":43,"Cursed Key":39,"Meat on the Bone":54}],"Meat on the Bone":0},"card_choices":[{"not_picked":["PathToVictory","CrushJoints"],"picked":"Wallop","floor":1},{"not_picked":["Evaluate","Sanctity"],"picked":"FollowUp","floor":2},{"not_picked":["Weave","CutThroughFate"],"picked":"SpiritShield","floor":3},{"not_picked":["Devotion","ThirdEye"],"picked":"TalkToTheHand","floor":7},{"not_picked":["ClearTheMind","Collect"],"picked":"DeceiveReality","floor":8},{"not_picked":["CutThroughFate","Weave"],"picked":"CarveReality","floor":11},{"not_picked":["EmptyFist","Evaluate"],"picked":"Consecrate","floor":12},{"not_picked":["Alpha","DeusExMachina"],"picked":"SpiritShield","floor":16},{"not_picked":["FollowUp+1","PathToVictory"],"picked":"WaveOfTheHand","floor":18},{"not_picked":["Swivel","Prostrate"],"picked":"MentalFortress+1","floor":22},{"not_picked":["DeceiveReality","PathToVictory"],"picked":"TalkToTheHand","floor":24}],"player_experience":3039325,"relics_obtained":[{"floor":7,"key":"StoneCalendar"},{"floor":9,"key":"HornCleat"},{"floor":11,"key":"Tiny Chest"},{"floor":21,"key":"War Paint"},{"floor":26,"key":"Meat on the Bone"},{"floor":27,"key":"Gremlin Horn"}],"event_choices":[{"cards_removed":["Strike_P"],"damage_healed":0,"gold_gain":0,"player_choice":"Card Removal","damage_taken":0,"max_hp_gain":0,"max_hp_loss":0,"event_name":"The Cleric","floor":4,"gold_loss":50},{"damage_healed":0,"gold_gain":0,"player_choice":"Lose Max HP","damage_taken":0,"relics_obtained":["Golden Idol"],"max_hp_gain":0,"max_hp_loss":5,"event_name":"Golden Idol","floor":13,"gold_loss":0},{"damage_healed":22,"gold_gain":0,"player_choice":"Banana","damage_taken":0,"max_hp_gain":0,"max_hp_loss":0,"event_name":"Big Fish","floor":14,"gold_loss":0},{"damage_healed":0,"gold_gain":0,"player_choice":"Opened","damage_taken":0,"relics_obtained":["Centennial Puzzle"],"max_hp_gain":0,"max_hp_loss":0,"event_name":"The Mausoleum","floor":19,"gold_loss":0},{"damage_healed":0,"gold_gain":0,"player_choice":"Ignored","damage_taken":0,"max_hp_gain":0,"max_hp_loss":0,"event_name":"Vampires","floor":25,"gold_loss":0}],"is_beta":true,"boss_relics":[{"not_picked":["Velvet Choker","Astrolabe"],"picked":"Cursed Key"}],"items_purged_floors":[20],"is_endless":false,"potions_floor_spawned":[1,3,11,12,22],"killed_by":"Slavers","ascension_level":11}}