{"host":"o7j6aatxjwpw1421","time":1613417613,"event":{"mods":["2.2 Compatiblity","AchievementEnabler","BaseMod","Colored Map","DeckTracker","Highlight Path","Keyboard Shortcuts","Minty Spire (QoL Compilation)","Permanent Neow","Quick Restart","StSLib","SuperFastMode","everything is the same but u backflip on backflip"],"gold_per_floor":[19,19,73,91,241,241,254,293,293,309,234,255,271,271,271,365,365,378,184,144,163,178,178,222,266,335,335,351,351,376,395,395,395,395],"floor_reached":33,"language":"KOR","playtime":1037,"items_purged":["Doubt","Strike_G"],"score":550,"play_id":"94e172b0-9bd2-4a2c-b1b5-b0eaa7929003","local_time":"20210216043333","is_ascension_mode":true,"campfire_choices":[{"data":"Skewer","floor":6.0,"key":"SMITH"},{"floor":15.0,"key":"REST"},{"floor":23.0,"key":"REST"},{"floor":27.0,"key":"REST"},{"floor":29.0,"key":"REST"},{"data":"Prepared","floor":32.0,"key":"SMITH"}],"circlet_count":0,"master_deck":["AscendersBane","Strike_G","Strike_G","Strike_G","Strike_G","Defend_G","Defend_G","Defend_G","Defend_G","Defend_G","Survivor","Neutralize","Skewer+1","Poisoned Stab","Riddle With Holes","Deflect","Terror","Burst","Flash of Steel","Escape Plan","Prepared+1","PiercingWail","Reflex"],"relics":["Ring of the Snake","Unceasing Top","Golden Idol","Akabeko","WingedGreaves","Mercury Hourglass","Pen Nib","SlaversCollar","Tough Bandages","The Courier","Paper Crane"],"acts_visited":["Exordium","TheCity"],"potions_floor_usage":[33],"damage_taken":[{"damage":0.0,"enemies":"2 Louse","floor":1.0,"turns":3.0},{"damage":0.0,"enemies":"Jaw Worm","floor":4.0,"turns":1.0},{"damage":1.0,"enemies":"Small Slimes","floor":7.0,"turns":3.0},{"damage":31.0,"enemies":"Lagavulin","floor":8.0,"turns":7.0},{"damage":4.0,"enemies":"Exordium Wildlife","floor":10.0,"turns":3.0},{"damage":6.0,"enemies":"Lots of Slimes","floor":12.0,"turns":2.0},{"damage":0.0,"enemies":"Exordium Thugs","floor":13.0,"turns":2.0},{"damage":28.0,"enemies":"Hexaghost","floor":16.0,"turns":8.0},{"damage":7.0,"enemies":"3 Byrds","floor":18.0,"turns":5.0},{"damage":4.0,"enemies":"Chosen","floor":21.0,"turns":2.0},{"damage":7.0,"enemies":"Snecko","floor":22.0,"turns":4.0},{"damage":0.0,"enemies":"Gremlin Leader","floor":24.0,"turns":3.0},{"damage":34.0,"enemies":"Book of Stabbing","floor":25.0,"turns":5.0},{"damage":14.0,"enemies":"Snake Plant","floor":28.0,"turns":3.0},{"damage":0.0,"enemies":"Sentry and Sphere","floor":30.0,"turns":4.0},{"damage":1.0,"enemies":"Shelled Parasite and Fungi","floor":31.0,"turns":3.0},{"damage":15,"enemies":"Automaton","floor":33,"turns":4}],"seed_played":"-2298898730219065045","potions_obtained":[{"floor":1.0,"key":"GamblersBrew"},{"floor":4.0,"key":"DuplicationPotion"},{"floor":20.0,"key":"PowerPotion"},{"floor":25.0,"key":"SpeedPotion"},{"floor":28.0,"key":"DuplicationPotion"},{"floor":30.0,"key":"EssenceOfSteel"}],"is_trial":false,"path_per_floor":["M","?","T","M","?","R","M","E","T","M","$","M","M","?","R","B",null,"M","$","?","M","M","R","E","E","T","R","M","R","M","M","R","B"],"character_chosen":"THE_SILENT","items_purchased":["Flash of Steel"],"campfire_rested":4,"item_purchase_floors":[19],"current_hp_per_floor":[59,59,59,59,59,59,58,27,27,23,23,17,17,17,35,7,47,40,40,40,36,29,47,47,13,13,31,17,35,35,34,34,19,19],"gold":395,"neow_bonus":"ONE_RARE_RELIC","is_daily":false,"chose_seed":false,"campfire_upgraded":2,"win_rate":0.0,"timestamp":1613417613,"path_taken":["M","?","?","M","?","R","M","E","T","M","$","M","M","?","R","BOSS","M","$","?","?","M","R","E","E","T","R","M","R","M","M","R","BOSS"],"items_purchased_type":["Card"],"build_version":"2020-12-22","purchased_purges":2,"victory":false,"max_hp_per_floor":[66,60,60,60,60,60,60,60,60,60,60,60,60,60,60,60,60,60,60,60,60,60,60,60,60,60,60,60,60,60,60,60,60,60],"card_choices":[{"not_picked":["Predator","Catalyst"],"picked":"Skewer","floor":1.0},{"not_picked":["Blur","Quick Slash"],"picked":"Poisoned Stab","floor":4.0},{"not_picked":["Underhanded Strike","Flying Knee"],"picked":"Riddle With Holes","floor":7.0},{"not_picked":["Riddle With Holes","Blade Dance","Sucker Punch"],"picked":"SKIP","floor":8.0},{"not_picked":["Dodge and Roll","Acrobatics"],"picked":"Deflect","floor":10.0},{"not_picked":["Dagger Spray","Blade Dance"],"picked":"Terror","floor":12.0},{"not_picked":["Outmaneuver","Bane","Underhanded Strike"],"picked":"SKIP","floor":13.0},{"not_picked":["Bullet Time","Glass Knife"],"picked":"Burst","floor":16.0},{"not_picked":["Cloak And Dagger","Prepared","Dodge and Roll"],"picked":"SKIP","floor":18.0},{"not_picked":["Dagger Throw","Catalyst","Quick Slash+1"],"picked":"SKIP","floor":21.0},{"not_picked":["Backflip","Distraction"],"picked":"Escape Plan","floor":22.0},{"not_picked":["Acrobatics","Deflect"],"picked":"Prepared","floor":24.0},{"not_picked":["Bane","Unload"],"picked":"PiercingWail","floor":25.0},{"not_picked":["Bane","Backflip"],"picked":"Reflex","floor":28.0},{"not_picked":["PiercingWail","Flying Knee","Choke"],"picked":"SKIP","floor":30.0},{"not_picked":["Catalyst","Outmaneuver+1","Underhanded Strike"],"picked":"SKIP","floor":31.0}],"player_experience":609805,"relics_obtained":[{"floor":3.0,"key":"Akabeko"},{"floor":8.0,"key":"WingedGreaves"},{"floor":9.0,"key":"Mercury Hourglass"},{"floor":24.0,"key":"Tough Bandages"},{"floor":25.0,"key":"The Courier"},{"floor":26.0,"key":"Paper Crane"}],"event_choices":[{"damage_healed":0.0,"max_hp_gain":0.0,"max_hp_loss":6.0,"gold_gain":0.0,"event_name":"Golden Idol","player_choice":"Lose Max HP","floor":2.0,"gold_loss":0.0,"damage_taken":0.0,"relics_obtained":["Golden Idol"]},{"damage_healed":0.0,"max_hp_gain":0.0,"max_hp_loss":0.0,"gold_gain":150.0,"event_name":"Liars Game","player_choice":"AGREE","floor":5.0,"gold_loss":0.0,"damage_taken":0.0,"cards_obtained":["Doubt"]},{"damage_healed":0.0,"max_hp_gain":0.0,"max_hp_loss":0.0,"gold_gain":0.0,"event_name":"Dead Adventurer","player_choice":"Searched \u00271\u0027 times","floor":14.0,"gold_loss":0.0,"damage_taken":0.0,"relics_obtained":["Pen Nib"]},{"damage_healed":0.0,"max_hp_gain":0.0,"max_hp_loss":0.0,"gold_gain":0.0,"event_name":"The Woman in Blue","player_choice":"Bought 3 Potions","floor":20.0,"gold_loss":0.0,"damage_taken":0.0}],"is_beta":false,"boss_relics":[{"not_picked":["Ectoplasm","WristBlade"],"picked":"SlaversCollar"}],"items_purged_floors":[11,19],"is_endless":false,"potions_floor_spawned":[1,4,7,25,28,30],"killed_by":"Automaton","ascension_level":15}}