{"host":"o88u0awh8mkwl1l8","time":1613354963,"event":{"mods":["BaseMod","Colored Map","Highlight Path","Minty Spire (QoL Compilation)"],"gold_per_floor":[119,139,139,139,150,180,197,224,276,304,321,336,363,382,382,454,454,473,485,162,87,98,128,128,128,128,128,144,181,181,214,214,214,214],"floor_reached":33,"language":"JPN","playtime":2001,"items_purged":["FlurryOfBlows"],"score":813,"play_id":"3934b195-74ec-47f6-bc7a-f2264e34696c","local_time":"20210215110923","is_ascension_mode":true,"campfire_choices":[{"data":"1","floor":15,"key":"LIFT"},{"data":"2","floor":24,"key":"LIFT"},{"floor":27,"key":"REST"},{"data":"3","floor":32,"key":"LIFT"}],"circlet_count":0,"master_deck":["AscendersBane","Defend_P","Defend_P","Defend_P","Eruption+1","Vigilance","Halt","Wallop","SandsOfTime","Brilliance","CutThroughFate","Brilliance","Protect","Protect","Wireheading","Establishment","WindmillStrike","Swivel+1","DevaForm","Wish","Bite","Bite","Bite","Bite","Bite"],"relics":["PureWater","Girya","StrikeDummy","Orichalcum","Bag of Preparation","Centennial Puzzle","Dream Catcher","Snecko Eye","Vajra","Regal Pillow","Enchiridion","Ginger"],"acts_visited":["Exordium","TheCity"],"potions_floor_usage":[8,11,13,13,23,33],"damage_taken":[{"damage":0,"enemies":"Jaw Worm","floor":1,"turns":3},{"damage":0,"enemies":"2 Louse","floor":2,"turns":3},{"damage":0,"enemies":"Cultist","floor":5,"turns":2},{"damage":14,"enemies":"Gremlin Nob","floor":6,"turns":3},{"damage":8,"enemies":"Blue Slaver","floor":7,"turns":2},{"damage":0,"enemies":"3 Sentries","floor":8,"turns":4},{"damage":0,"enemies":"Lagavulin","floor":10,"turns":4},{"damage":1,"enemies":"Large Slime","floor":11,"turns":3},{"damage":0,"enemies":"3 Louse","floor":12,"turns":2},{"damage":3,"enemies":"3 Sentries","floor":13,"turns":3},{"damage":0,"enemies":"2 Fungi Beasts","floor":14,"turns":2},{"damage":9,"enemies":"The Guardian","floor":16,"turns":10},{"damage":0,"enemies":"3 Byrds","floor":18,"turns":6},{"damage":0,"enemies":"Chosen","floor":19,"turns":2},{"damage":0,"enemies":"Shelled Parasite and Fungi","floor":22,"turns":2},{"damage":0,"enemies":"Slavers","floor":23,"turns":1},{"damage":7,"enemies":"Sentry and Sphere","floor":28,"turns":4},{"damage":3,"enemies":"Snecko","floor":29,"turns":3},{"damage":2,"enemies":"Book of Stabbing","floor":31,"turns":4},{"damage":88,"enemies":"Collector","floor":33,"turns":8}],"seed_played":"6248273755767452271","potions_obtained":[{"floor":1,"key":"SteroidPotion"},{"floor":7,"key":"Block Potion"},{"floor":8,"key":"Ancient Potion"},{"floor":11,"key":"PowerPotion"},{"floor":18,"key":"SteroidPotion"},{"floor":28,"key":"Dexterity Potion"}],"is_trial":false,"path_per_floor":["M","M","?","?","M","E","M","E","T","E","M","M","E","M","R","B",null,"M","M","$","?","M","E","R","?","T","R","M","M","?","E","R","B"],"character_chosen":"WATCHER","items_purchased":["WindmillStrike","Vajra"],"campfire_rested":1,"item_purchase_floors":[20,20],"current_hp_per_floor":[67,67,56,56,56,42,34,34,34,34,33,33,30,30,30,21,61,61,61,61,61,61,61,61,40,40,74,67,64,51,51,51,0,0],"gold":214,"neow_bonus":"TEN_PERCENT_HP_BONUS","is_daily":false,"chose_seed":false,"campfire_upgraded":0,"win_rate":0.0,"timestamp":1613354963,"path_taken":["M","M","?","?","M","E","M","E","T","E","M","M","E","M","R","BOSS","M","M","$","?","M","E","R","?","T","R","M","M","?","E","R","BOSS"],"items_purchased_type":["Card","Relic"],"build_version":"2020-12-22","purchased_purges":1,"victory":false,"max_hp_per_floor":[74,74,74,74,74,74,74,74,74,74,74,74,74,74,74,74,74,74,74,74,74,74,74,74,74,74,74,74,74,51,51,51,51,51],"card_choices":[{"not_picked":["PathToVictory","Prostrate"],"picked":"Halt","floor":1},{"not_picked":["BattleHymn","WindmillStrike"],"picked":"Wallop","floor":2},{"not_picked":["EmptyBody","ClearTheMind"],"picked":"SandsOfTime","floor":5},{"not_picked":["Meditate","Weave"],"picked":"Brilliance","floor":6},{"not_picked":["Evaluate","BowlingBash"],"picked":"CutThroughFate","floor":7},{"not_picked":["DeceiveReality","Evaluate"],"picked":"FlurryOfBlows","floor":8},{"not_picked":["SandsOfTime","EmptyFist"],"picked":"Brilliance","floor":10},{"not_picked":["FlurryOfBlows","FlyingSleeves","CutThroughFate"],"picked":"SKIP","floor":11},{"not_picked":["JustLucky","Evaluate"],"picked":"Protect","floor":12},{"not_picked":["Nirvana","JustLucky"],"picked":"Protect","floor":13},{"not_picked":["WaveOfTheHand","EmptyFist"],"picked":"Wireheading","floor":14},{"not_picked":["Devotion","Alpha"],"picked":"Establishment","floor":16},{"not_picked":["EmptyBody","Consecrate","ClearTheMind"],"picked":"SKIP","floor":18},{"not_picked":["Weave","ThirdEye","Crescendo"],"picked":"SKIP","floor":19},{"not_picked":["Protect","FlurryOfBlows"],"picked":"Swivel+1","floor":22},{"not_picked":["WaveOfTheHand","Consecrate+1"],"picked":"DevaForm","floor":23},{"not_picked":["Protect+1","Prostrate"],"picked":"Wish","floor":27},{"not_picked":["FlurryOfBlows","JustLucky","Prostrate"],"picked":"SKIP","floor":28},{"not_picked":["Prostrate","DeceiveReality","Consecrate"],"picked":"SKIP","floor":29},{"not_picked":["LikeWater","ReachHeaven","SignatureMove"],"picked":"SKIP","floor":31}],"player_experience":1234993,"relics_obtained":[{"floor":6,"key":"StrikeDummy"},{"floor":8,"key":"Orichalcum"},{"floor":9,"key":"Bag of Preparation"},{"floor":10,"key":"Centennial Puzzle"},{"floor":13,"key":"Dream Catcher"},{"floor":23,"key":"Regal Pillow"},{"floor":25,"key":"Enchiridion"},{"floor":31,"key":"Ginger"}],"event_choices":[{"damage_healed":0,"gold_gain":0,"player_choice":"Success","damage_taken":11,"relics_obtained":["Girya"],"max_hp_gain":0,"max_hp_loss":0,"event_name":"Scrap Ooze","floor":3,"gold_loss":0},{"damage_healed":0,"gold_gain":0,"player_choice":"Upgraded","damage_taken":0,"max_hp_gain":0,"max_hp_loss":0,"event_name":"Upgrade Shrine","floor":4,"gold_loss":0,"cards_upgraded":["Eruption"]},{"cards_removed":["Defend_P"],"damage_healed":0,"gold_gain":0,"player_choice":"Gave Gold","damage_taken":0,"max_hp_gain":0,"max_hp_loss":0,"event_name":"Beggar","floor":21,"gold_loss":75},{"damage_healed":0,"gold_gain":0,"player_choice":"Obtained Book","damage_taken":21,"max_hp_gain":0,"max_hp_loss":0,"event_name":"Cursed Tome","floor":25,"gold_loss":0},{"damage_healed":0,"gold_gain":0,"player_choice":"Became a vampire","damage_taken":0,"max_hp_gain":0,"max_hp_loss":23,"event_name":"Vampires","floor":30,"gold_loss":0,"cards_obtained":["Bite","Bite","Bite","Bite","Bite"]}],"is_beta":false,"boss_relics":[{"not_picked":["SlaversCollar","Pandora\u0027s Box"],"picked":"Snecko Eye"}],"items_purged_floors":[20],"is_endless":false,"potions_floor_spawned":[1,7,8,11,18,28],"killed_by":"Collector","ascension_level":20}}