{"host":"kaame4qwxxqnygv7","time":1613377619,"event":{"mods":["AchievementEnabler","BaseMod","Better Match","Better Skull","Better Third Choice","BetterRewards","Block Reminder","Bossed Relics","DeckTracker","Energized Spire","GungeonMod","Minty Spire (QoL Compilation)","Quick Restart","Red Circlet Mod","StSLib","SuperFastMode","The Blue Laboratory"],"gold_per_floor":[116,116,266,278,278,278,334,277,277,302,16,41,41,65,65,166,166,186,13,13,32,32,62,75,92,92,92,105,119,133,151,163,163,163,237,237,256,306,324,340,11,43,43,43,88,108,143,155,155,155,155,155,155,155,55,90,90],"floor_reached":58,"language":"KOR","playtime":2751,"items_purged":["DemoMod:Defend_Huntress","DemoMod:Strike_Huntress"],"score":2467,"play_id":"e248d8e9-7253-447b-ac7f-410270901c21","local_time":"20210215172659","is_ascension_mode":true,"campfire_choices":[{"floor":6.0,"key":"REST"},{"floor":13.0,"key":"REST"},{"data":"DemoMod:TableSutra","floor":15.0,"key":"SMITH"},{"data":"DemoMod:ManualReload","floor":27.0,"key":"SMITH"},{"data":"DemoMod:PotionOfGunFriendShip","floor":33.0,"key":"SMITH"},{"data":"DemoMod:BlankBullets","floor":43.0,"key":"SMITH"},{"floor":51.0,"key":"RECALL"},{"data":"DemoMod:BattleInHaste","floor":54.0,"key":"SMITH"}],"circlet_count":0,"master_deck":["AscendersBane","DemoMod:Strike_Huntress","DemoMod:Defend_Huntress","DemoMod:Defend_Huntress","DemoMod:Defend_Huntress","DemoMod:Roll","DemoMod:ManualReload+1","DemoMod:RustySidearm","DemoMod:CrossBow","DemoMod:TableSutra+1","DemoMod:HardPowerCard","DemoMod:BlankBullets+1","DemoMod:PotionOfGunFriendShip+1","DemoMod:BattleInHaste+1","DemoMod:Replace+1","DemoMod:FortunesFavor+1","DemoMod:HardPowerCard+1","DemoMod:LifeOrb+1","DemoMod:BalloonGun+1","DemoMod:ProbeStrike+1","DemoMod:Slinger"],"relics":["DemoMod:Dog","Thread and Needle","DemoMod:WhiteGuonStone","DemoMod:BlueGuonStone","Bloody Idol","DemoMod:GlassGuonStoneRelic","DemoMod:RedGuonStone","Strawberry","Pear","DemoMod:MeatBun","SlaversCollar","DemoMod:PortableTableDevice","DemoMod:Ammonomicon","Blue Candle","Eternal Feather","Molten Egg 2","DemoMod:RatBoots","DemoMod:ResourcefulSack","DemoMod:PartiallyEatenCheese","DemoMod:Bottle","HornCleat","Shuriken","DemoMod:JetPack","Vajra"],"acts_visited":["Exordium","TheCity","DemoMod:Maze","TheBeyond","TheEnding"],"potions_floor_usage":[57,57,57],"damage_taken":[{"damage":0.0,"enemies":"Jaw Worm","floor":1.0,"turns":3.0},{"damage":0.0,"enemies":"2 Louse","floor":4.0,"turns":3.0},{"damage":26.0,"enemies":"Lagavulin","floor":7.0,"turns":17.0},{"damage":0.0,"enemies":"Small Slimes","floor":10.0,"turns":6.0},{"damage":0.0,"enemies":"3 Louse","floor":12.0,"turns":2.0},{"damage":0.0,"enemies":"Red Slaver","floor":14.0,"turns":2.0},{"damage":0.0,"enemies":"Slime Boss","floor":16.0,"turns":5.0},{"damage":0.0,"enemies":"Shell Parasite","floor":18.0,"turns":4.0},{"damage":0.0,"enemies":"Spheric Guardian","floor":21.0,"turns":4.0},{"damage":0.0,"enemies":"Gremlin Leader","floor":23.0,"turns":4.0},{"damage":0.0,"enemies":"Snake Plant","floor":24.0,"turns":3.0},{"damage":0.0,"enemies":"3 Cultists","floor":25.0,"turns":4.0},{"damage":0.0,"enemies":"DemoMod:Red_and_blue_shotgun_kin","floor":28.0,"turns":4.0},{"damage":0.0,"enemies":"DemoMod:Veteran_shot_gun_kin_and_bullet_kin","floor":29.0,"turns":2.0},{"damage":0.0,"enemies":"DemoMod:Veteran_shot_gun_kin_and_blue_shotgun_kin_with_gunsinger","floor":30.0,"turns":5.0},{"damage":0.0,"enemies":"DemoMod:Veteran_shot_gun_kin_and_red_shotgun_kin_with_gunsinger","floor":31.0,"turns":5.0},{"damage":0.0,"enemies":"DemoMod:Red_and_blue_shotgun_kin_with_gunsinger","floor":32.0,"turns":4.0},{"damage":0.0,"enemies":"DemoMod:ResourcefulRat","floor":35.0,"turns":12.0},{"damage":5.0,"enemies":"3 Shapes","floor":37.0,"turns":3.0},{"damage":0.0,"enemies":"Orb Walker","floor":39.0,"turns":4.0},{"damage":0.0,"enemies":"3 Darklings","floor":40.0,"turns":6.0},{"damage":0.0,"enemies":"Giant Head","floor":42.0,"turns":6.0},{"damage":0.0,"enemies":"4 Shapes","floor":46.0,"turns":7.0},{"damage":0.0,"enemies":"Reptomancer","floor":47.0,"turns":10.0},{"damage":0.0,"enemies":"Jaw Worm Horde","floor":48.0,"turns":4.0},{"damage":0.0,"enemies":"Time Eater","floor":52.0,"turns":9.0},{"damage":0.0,"enemies":"Shield and Spear","floor":56.0,"turns":9.0},{"damage":2,"enemies":"The Heart","floor":57,"turns":9}],"seed_played":"-5351338683496076458","potions_obtained":[{"floor":4.0,"key":"EssenceOfSteel"},{"floor":10.0,"key":"Weak Potion"},{"floor":24.0,"key":"PowerPotion"},{"floor":25.0,"key":"GamblersBrew"},{"floor":32.0,"key":"Weak Potion"},{"floor":40.0,"key":"Dexterity Potion"}],"is_trial":false,"path_per_floor":["M","?","?","M","?","R","E","?","T","M","$","M","R","M","R","B",null,"M","$","?","M","?","E","M","M","T","R","M","M","M","M","M","R","B","B",null,"M","?","M","M","$","E","R","?","T","M","E","M","T","?","R","B",null,"R","$","E","B",null],"character_chosen":"HUNTRESS","items_purchased":["DemoMod:GnawedKey","DemoMod:WhiteGuonStone","DemoMod:BlueGuonStone","DemoMod:MeatBun","blueLaboratory:FruitPunch","DemoMod:PortableTableDevice","DemoMod:Bottle","DemoMod:LeadSkinPotion"],"campfire_rested":2,"item_purchase_floors":[0,0,0,11,11,19,41,41],"current_hp_per_floor":[39,32,32,32,10,28,9,9,19,19,33,33,57,57,57,59,76,76,76,76,82,82,82,82,82,82,82,82,82,82,82,82,82,82,82,82,82,82,82,82,82,82,82,82,82,82,82,82,82,78,78,78,78,78,78,78,76],"gold":90,"neow_bonus":"","is_daily":false,"chose_seed":false,"campfire_upgraded":5,"win_rate":0.0,"timestamp":1613377619,"path_taken":["M","?","?","M","?","R","E","?","T","M","$","?","R","M","R","BOSS","M","$","?","M","?","E","M","M","T","R","M","M","M","M","M","R","BOSS","BOSS","M","?","M","?","$","E","R","?","T","M","E","M","?","?","R","BOSS","R","$","E","BOSS"],"items_purchased_type":["Relic","Relic","Relic","Relic","Potion","Relic","Relic","Undefined"],"build_version":"2020-12-22","purchased_purges":2,"victory":true,"max_hp_per_floor":[63,63,63,63,63,63,70,70,80,80,80,80,80,80,80,82,82,82,82,82,82,82,82,82,82,82,82,82,82,82,82,82,82,82,82,82,82,82,82,82,82,82,82,82,82,82,82,82,82,78,78,78,78,78,78,78,78],"card_choices":[{"not_picked":["DemoMod:Ejector","DemoMod:HuntsMan","DemoMod:TeaPot"],"picked":"SKIP","floor":1.0},{"not_picked":["DemoMod:DoubleSwitch","DemoMod:HuntsMan"],"picked":"DemoMod:DirectionalPad","floor":4.0},{"not_picked":["DemoMod:TeaPot","DemoMod:Casey"],"picked":"DemoMod:Purify","floor":7.0},{"not_picked":["DemoMod:Polaris","DemoMod:PotionOfGunFriendShip"],"picked":"DemoMod:TableSutra","floor":10.0},{"not_picked":["DemoMod:GunShield","DemoMod:GunstockTap","DemoMod:Casey"],"picked":"SKIP","floor":12.0},{"not_picked":["DemoMod:GunShield","DemoMod:MachoBrace"],"picked":"DemoMod:HardPowerCard","floor":14.0},{"not_picked":["DemoMod:DarkMarker","DemoMod:Desperate"],"picked":"DemoMod:BlankBullets","floor":16.0},{"not_picked":["DemoMod:MegaHand","DemoMod:ShadowBullets"],"picked":"DemoMod:PotionOfGunFriendShip","floor":18.0},{"not_picked":["DemoMod:Casey","DemoMod:SkilledReload","DemoMod:Unity"],"picked":"SKIP","floor":21.0},{"not_picked":["DemoMod:DoubleSwitch","DemoMod:Camera+1","DemoMod:Polaris"],"picked":"SKIP","floor":23.0},{"not_picked":["DemoMod:ZorGun","DemoMod:StrategicReserve"],"picked":"DemoMod:BattleInHaste","floor":24.0},{"not_picked":["DemoMod:FeignSurrender","DemoMod:PotionOfGunFriendShip","DemoMod:FastSwitch"],"picked":"SKIP","floor":25.0},{"not_picked":["DemoMod:HuntsMan","DemoMod:Replace","DemoMod:TeaPot"],"picked":"SKIP","floor":25.0},{"not_picked":["DemoMod:DoubleSwitch","DemoMod:PracticeMakesPerfect","DemoMod:FortunesFavor"],"picked":"SKIP","floor":28.0},{"not_picked":["DemoMod:Unmoved","DemoMod:BattleInHaste"],"picked":"DemoMod:Replace+1","floor":29.0},{"not_picked":["DemoMod:PotionOfGunFriendShip","DemoMod:Casey"],"picked":"DemoMod:FortunesFavor+1","floor":30.0},{"not_picked":["DemoMod:HungryBullets","DemoMod:MachoBrace"],"picked":"DemoMod:HardPowerCard+1","floor":31.0},{"not_picked":["DemoMod:JK47+1","DemoMod:AbyssalTentacle+1"],"picked":"DemoMod:LifeOrb+1","floor":32.0},{"not_picked":["DemoMod:DarkMarker+1","DemoMod:ThirdPartyController+1"],"picked":"DemoMod:BalloonGun+1","floor":35.0},{"not_picked":["DemoMod:Evolver","DemoMod:HighKaliber+1","DemoMod:BoxingGlove+1"],"picked":"SKIP","floor":37.0},{"not_picked":["DemoMod:DoubleSwitch+1","DemoMod:Casey+1","DemoMod:FeignSurrender"],"picked":"SKIP","floor":39.0},{"not_picked":["DemoMod:Replace","DemoMod:DarkMarker+1","DemoMod:PotionOfGunFriendShip"],"picked":"SKIP","floor":40.0},{"not_picked":["DemoMod:Ejector","DemoMod:StickyCrossBow+1","DemoMod:AWP+1"],"picked":"SKIP","floor":42.0},{"not_picked":["DemoMod:StickyCrossBow+1","DemoMod:HighKaliber+1","DemoMod:TeaPot+1"],"picked":"SKIP","floor":46.0},{"not_picked":["DemoMod:RadGun+1","DemoMod:DoubleSwitch"],"picked":"DemoMod:ProbeStrike+1","floor":47.0},{"not_picked":["DemoMod:GunstockTap+1","DemoMod:DoubleSwitch+1","DemoMod:JK47+1"],"picked":"SKIP","floor":48.0},{"not_picked":["DemoMod:BulletBore+1","DemoMod:FastSwitch"],"picked":"DemoMod:Slinger","floor":56.0}],"player_experience":298926,"relics_obtained":[{"floor":7.0,"key":"DemoMod:RedGuonStone"},{"floor":7.0,"key":"Strawberry"},{"floor":9.0,"key":"Pear"},{"floor":23.0,"key":"Blue Candle"},{"floor":29.0,"key":"Eternal Feather"},{"floor":31.0,"key":"Molten Egg 2"},{"floor":36.0,"key":"DemoMod:RatBoots"},{"floor":36.0,"key":"DemoMod:ResourcefulSack"},{"floor":36.0,"key":"DemoMod:PartiallyEatenCheese"},{"floor":42.0,"key":"HornCleat"},{"floor":47.0,"key":"Shuriken"},{"floor":49.0,"key":"DemoMod:JetPack"},{"floor":56.0,"key":"Vajra"}],"event_choices":[{"cards_removed":["DemoMod:Strike_Huntress"],"damage_healed":0.0,"max_hp_gain":0.0,"max_hp_loss":0.0,"gold_gain":0.0,"event_name":"Golden Wing","player_choice":"Card Removal","floor":2.0,"gold_loss":0.0,"damage_taken":7.0},{"damage_healed":0.0,"max_hp_gain":0.0,"max_hp_loss":0.0,"gold_gain":150.0,"event_name":"betterThird:BetterSerpent","player_choice":"AGREE","floor":3.0,"gold_loss":0.0,"damage_taken":116.0},{"damage_healed":0.0,"max_hp_gain":0.0,"max_hp_loss":0.0,"gold_gain":0.0,"event_name":"Golden Idol","player_choice":"Take Damage","floor":5.0,"gold_loss":0.0,"damage_taken":22.0,"relics_obtained":["Golden Idol"]},{"damage_healed":0.0,"max_hp_gain":0.0,"max_hp_loss":0.0,"gold_gain":0.0,"event_name":"betterThird:BetterGoop","player_choice":"Left","floor":8.0,"gold_loss":57.0,"damage_taken":0.0},{"damage_healed":0.0,"max_hp_gain":0.0,"max_hp_loss":0.0,"gold_gain":0.0,"event_name":"Forgotten Altar","player_choice":"Gave Idol","floor":20.0,"relics_lost":["Golden Idol"],"gold_loss":0.0,"damage_taken":0.0,"relics_obtained":["Bloody Idol"]},{"damage_healed":0.0,"max_hp_gain":0.0,"max_hp_loss":0.0,"gold_gain":50.0,"event_name":"Golden Shrine","player_choice":"Pray","floor":38.0,"gold_loss":0.0,"damage_taken":0.0},{"damage_healed":0.0,"max_hp_gain":0.0,"max_hp_loss":0.0,"gold_gain":0.0,"event_name":"Falling","player_choice":"Ignored","floor":44.0,"gold_loss":0.0,"damage_taken":0.0},{"damage_healed":0.0,"max_hp_gain":0.0,"max_hp_loss":4.0,"gold_gain":0.0,"event_name":"Winding Halls","player_choice":"Max HP","floor":50.0,"gold_loss":0.0,"damage_taken":0.0}],"is_beta":false,"boss_relics":[{"not_picked":["energizedSpire:StickyHand","DemoMod:Test1"],"picked":"SlaversCollar"},{"not_picked":[]}],"items_purged_floors":[11,55],"is_endless":false,"potions_floor_spawned":[4,10,12,24,25,28,32,39,40,42],"ascension_level":16}}