{"host":"9ndbo4kgsfoemf7y","time":1613391789,"event":{"mods":["AchievementEnabler","BaseMod","Colored Map","DeckTracker","Keyboard Shortcuts","Minty Spire (QoL Compilation)","Permanent Neow","Quick Restart","Relic Stats","StSLib","SuperFastMode"],"gold_per_floor":[15,15,33,48,67,67,81,81,81,111,111,64,64,87,87,87,87],"floor_reached":16,"language":"KOR","playtime":689,"items_purged":[],"score":148,"play_id":"05452448-e929-441c-85c8-64c1f88ddd78","local_time":"20210215212309","is_ascension_mode":true,"campfire_choices":[{"data":"The Bomb","floor":6,"key":"SMITH"},{"floor":11,"key":"REST"},{"floor":15,"key":"REST"}],"circlet_count":0,"master_deck":["Strike_B","Strike_B","Strike_B","Defend_B","Defend_B","Defend_B","Defend_B","Zap","Dualcast","The Bomb+1","Leap","Sweeping Beam","Conserve Battery+1","Cold Snap","Capacitor","Turbo","Creative AI"],"relics":["Cracked Core","Strawberry","Art of War","Golden Idol"],"acts_visited":["Exordium"],"potions_floor_usage":[],"damage_taken":[{"damage":1,"enemies":"Small Slimes","floor":1,"turns":3},{"damage":1,"enemies":"Cultist","floor":3,"turns":3},{"damage":10,"enemies":"2 Louse","floor":4,"turns":3},{"damage":5,"enemies":"Exordium Thugs","floor":5,"turns":3},{"damage":12,"enemies":"Blue Slaver","floor":7,"turns":3},{"damage":33,"enemies":"Gremlin Nob","floor":10,"turns":4},{"damage":7,"enemies":"Red Slaver","floor":14,"turns":4},{"damage":53,"enemies":"Slime Boss","floor":16,"turns":8}],"seed_played":"3840286766403144754","potions_obtained":[{"floor":3,"key":"CultistPotion"},{"floor":4,"key":"Strength Potion"},{"floor":10,"key":"SteroidPotion"}],"is_trial":false,"path_per_floor":["M","?","M","M","M","R","M","?","T","E","R","$","?","M","R","B"],"character_chosen":"DEFECT","items_purchased":["Turbo"],"campfire_rested":2,"item_purchase_floors":[12],"current_hp_per_floor":[67,67,66,56,51,51,39,39,46,13,37,37,37,30,52,0,0],"gold":87,"neow_bonus":"RANDOM_COLORLESS_2","is_daily":false,"chose_seed":false,"campfire_upgraded":1,"win_rate":0.0,"timestamp":1613391789,"path_taken":["M","?","M","M","M","R","?","?","T","E","R","?","?","M","R","BOSS"],"items_purchased_type":["Card"],"build_version":"2020-12-22","purchased_purges":0,"victory":false,"max_hp_per_floor":[75,75,75,75,75,75,75,75,82,82,82,82,76,76,76,76,76],"relic_stats":{"counters":[8,31],"Golden Idol":5,"Art of War":[3],"obtain_stats":[{"Golden Idol":13,"Strawberry":9,"Art of War":10,"Cracked Core":0},{"Golden Idol":6,"Strawberry":5,"Art of War":6,"Cracked Core":0},{"Golden Idol":19,"Strawberry":15,"Art of War":19,"Cracked Core":0}]},"card_choices":[{"not_picked":["Metamorphosis","Thinking Ahead"],"picked":"The Bomb","floor":0},{"not_picked":["Ball Lightning","Consume"],"picked":"Leap","floor":1},{"not_picked":["Compile Driver","Doom and Gloom"],"picked":"Sweeping Beam","floor":3},{"not_picked":["Redo","FTL"],"picked":"Conserve Battery","floor":4},{"not_picked":["Steam Power","Turbo"],"picked":"Cold Snap","floor":5},{"not_picked":["Storm","Rebound","Redo"],"picked":"SKIP","floor":7},{"not_picked":["Rebound","Streamline"],"picked":"Capacitor","floor":10},{"not_picked":["Skim","Go for the Eyes"],"picked":"Creative AI","floor":14}],"player_experience":867470,"relics_obtained":[{"floor":9,"key":"Strawberry"},{"floor":10,"key":"Art of War"}],"event_choices":[{"cards_removed":["Strike_B"],"damage_healed":0,"gold_gain":0,"player_choice":"Card Removal","damage_taken":0,"max_hp_gain":0,"max_hp_loss":0,"event_name":"Wheel of Change","floor":2,"gold_loss":0},{"damage_healed":0,"gold_gain":0,"player_choice":"Upgraded","damage_taken":0,"max_hp_gain":0,"max_hp_loss":0,"event_name":"Upgrade Shrine","floor":8,"gold_loss":0,"cards_upgraded":["Conserve Battery"]},{"damage_healed":0,"gold_gain":0,"player_choice":"Lose Max HP","damage_taken":0,"relics_obtained":["Golden Idol"],"max_hp_gain":0,"max_hp_loss":6,"event_name":"Golden Idol","floor":13,"gold_loss":0}],"is_beta":false,"boss_relics":[],"items_purged_floors":[],"is_endless":false,"potions_floor_spawned":[3,4,10],"killed_by":"Slime Boss","ascension_level":9}}