{"host":"ggy1mjjy92c62u6a","time":1613398023,"event":{"mods":["10 clothes from DAL","ATMod(∞¢Ë™Mod)","Act Like it!","BaseMod","Colored Powertips","GifTheSpireLib","Infinite Spire","Library of Ruina","Library of Ruina Extra","Lobotomy","LobotomyExtend","Minty Spire (QoL Compilation)","Quick Restart","Relic Filter Mod","Relic Stats","Reliquary","Replay The Spire","Shop Mod","Spicy Shops","StSLib","SuperFastMode","TestMod","°æπ¶ƒ‹Mod°øªÏ„Á÷Æª∑–ﬁ∏¥≤π∂°","°æ“≈ŒÔMod°øÀ¿¡È∑® ¶NEW","°æ“≈ŒÔø®≈∆°øREMEMod"],"gold_per_floor":[117,117,133,325,335,335,335],"floor_reached":6,"language":"ZHS","playtime":182,"items_purged":[],"score":45,"play_id":"b761fd3f-0527-4ab7-b636-97e27847b498","local_time":"20210215220703","is_ascension_mode":true,"campfire_choices":[],"circlet_count":0,"master_deck":["Strike_G","Strike_G","Strike_G","Defend_G","Defend_G","Defend_G","Survivor","Neutralize","AT_DarkMatter","Hidden Blade","Cloak And Dagger","Acrobatics","PiercingWail"],"relics":["Ring of the Snake","REME_ComplimentaryCards","AT_ATBox","testmod-TestBox","CogitoBucket","RabbitCall","testmod-KeyOfTheVoid","LetterFromLob"],"acts_visited":["Exordium"],"potions_floor_usage":[],"damage_taken":[{"damage":0.0,"enemies":"2 Louse","floor":1.0,"turns":2.0},{"damage":3.0,"enemies":"Cultist","floor":3.0,"turns":5.0},{"damage":5.0,"enemies":"Jaw Worm","floor":5.0,"turns":4.0},{"damage":50,"enemies":"Gremlin Nob","floor":6,"turns":4}],"seed_played":"7437425122445900538","potions_obtained":[{"floor":3.0,"key":"DuplicationPotion"}],"is_trial":false,"path_per_floor":["M","?","M","?","M","E"],"character_chosen":"THE_SILENT","items_purchased":[],"campfire_rested":0,"item_purchase_floors":[],"current_hp_per_floor":[70,70,67,50,45,0,0],"gold":335,"neow_bonus":"","is_daily":false,"chose_seed":false,"campfire_upgraded":0,"win_rate":0.0,"timestamp":1613398023,"path_taken":["M","?","?","?","M","E"],"items_purchased_type":[],"build_version":"2020-12-22","purchased_purges":0,"victory":false,"max_hp_per_floor":[70,70,70,70,70,70,70],"relic_stats":{"counters":[4,15],"obtain_stats":[{"RabbitCall":0,"CogitoBucket":0,"AT_ATBox":0,"testmod-TestBox":0,"testmod-KeyOfTheVoid":0,"LetterFromLob":1,"Ring of the Snake":0,"REME_ComplimentaryCards":0},{"RabbitCall":0,"CogitoBucket":0,"AT_ATBox":0,"testmod-TestBox":0,"testmod-KeyOfTheVoid":0,"LetterFromLob":1,"Ring of the Snake":0,"REME_ComplimentaryCards":0},{"RabbitCall":0,"CogitoBucket":0,"AT_ATBox":0,"testmod-TestBox":0,"testmod-KeyOfTheVoid":0,"LetterFromLob":2,"Ring of the Snake":0,"REME_ComplimentaryCards":0}],"Ring of the Snake":[8]},"card_choices":[{"not_picked":["Poisoned Stab","AT_Desolate"],"picked":"Hidden Blade","floor":1.0},{"not_picked":["Slice","All Out Attack"],"picked":"Cloak And Dagger","floor":3.0},{"not_picked":["AT_WindRun","Flying Knee"],"picked":"Acrobatics","floor":4.0},{"not_picked":["Underhanded Strike","ReplayTheSpireMod:Tripwire"],"picked":"PiercingWail","floor":5.0}],"player_experience":132442,"relics_obtained":[{"floor":1.0,"key":"LetterFromLob"}],"event_choices":[{"cards_removed":["Strike_G"],"damage_healed":0.0,"max_hp_gain":0.0,"max_hp_loss":0.0,"gold_gain":0.0,"event_name":"Purifier","player_choice":"Purged","floor":2.0,"gold_loss":0.0,"damage_taken":0.0}],"is_beta":false,"boss_relics":[],"items_purged_floors":[],"is_endless":false,"potions_floor_spawned":[3],"killed_by":"Gremlin Nob","ascension_level":5}}