{"host":"121m0oxswv9tg9hk","time":1613405858,"event":{"mods":["AchievementEnabler","BaseMod","Better Third Choice","Hubris","Minty Spire (QoL Compilation)","Replay The Spire","StSLib","The Hierophant","The Mystic"],"gold_per_floor":[116,43,58,69,87,87,115,125,125,154,173,173,173,187,187,291,291,302,318,331,331,331,331,364,364,389,427,427,427,427],"floor_reached":29,"language":"ENG","playtime":2728,"items_purged":[],"score":358,"play_id":"d05274d2-2dfd-420e-af0f-02a08411c0d0","local_time":"20210215171738","is_ascension_mode":true,"campfire_choices":[{"data":"mysticmod:LightningBolt","floor":6,"key":"SMITH"},{"data":"mysticmod:ArcaneAccuracy","floor":13,"key":"SMITH"},{"data":"mysticmod:LightningBolt","floor":15,"key":"SMITH"},{"data":"mysticmod:Discipline","floor":23,"key":"SMITH"},{"data":"mysticmod:ArcaneDodge","floor":25,"key":"SMITH"}],"circlet_count":0,"master_deck":["mysticmod:Strike_Mystic","mysticmod:Strike_Mystic+1","mysticmod:Strike_Mystic","mysticmod:Defend_Mystic","mysticmod:Defend_Mystic","mysticmod:Defend_Mystic","mysticmod:Defend_Mystic","mysticmod:ArcaneDodge+1","mysticmod:ShockingGrasp","mysticmod:Disengage","mysticmod:LightningBolt+1","mysticmod:ArcaneAccuracy+1","mysticmod:Snowball","mysticmod:Alacrity","mysticmod:CureLightWounds","mysticmod:Riposte","mysticmod:LightningBolt+1","mysticmod:HeavyStrike+1","mysticmod:Shield+1","mysticmod:Discipline+1","mysticmod:TomeOfSpells+1","mysticmod:VorpalThrust+1","mysticmod:FiveFootStep","mysticmod:ArcaneAccuracy+1"],"relics":["mysticmod:SpellBook","Bottled Tornado","Toxic Egg 2","Eternal Feather","mysticmod:DeckOfManyThings","Orichalcum","CeramicFish","Whetstone"],"acts_visited":["Exordium","TheCity"],"potions_floor_usage":[5,10,10,14,16,20,27],"damage_taken":[{"damage":0,"enemies":"Small Slimes","floor":1,"turns":4},{"damage":0,"enemies":"Cultist","floor":3,"turns":4},{"damage":0,"enemies":"Jaw Worm","floor":4,"turns":3},{"damage":4,"enemies":"Blue Slaver","floor":5,"turns":4},{"damage":13,"enemies":"Replay:BlueRogue","floor":7,"turns":8},{"damage":0,"enemies":"3 Louse","floor":8,"turns":1},{"damage":1,"enemies":"3 Sentries","floor":10,"turns":4},{"damage":0,"enemies":"2 Fungi Beasts","floor":11,"turns":4},{"damage":21,"enemies":"Exordium Thugs","floor":14,"turns":4},{"damage":31,"enemies":"Slime Boss","floor":16,"turns":12},{"damage":16,"enemies":"3 Byrds","floor":18,"turns":4},{"damage":9,"enemies":"Spheric Guardian","floor":19,"turns":4},{"damage":4,"enemies":"3 Cultists","floor":20,"turns":3},{"damage":25,"enemies":"Gremlin Leader","floor":24,"turns":10},{"damage":47,"enemies":"Book of Stabbing","floor":27,"turns":6},{"damage":24,"enemies":"Snake Plant","floor":29,"turns":3}],"seed_played":"-624971232194827012","potions_obtained":[{"floor":3,"key":"ColorlessPotion"},{"floor":4,"key":"ColorlessPotion"},{"floor":7,"key":"LiquidMemories"},{"floor":8,"key":"DistilledChaos"},{"floor":11,"key":"Strength Potion"},{"floor":14,"key":"Venom Potion"},{"floor":19,"key":"Adrenaline Potion"},{"floor":20,"key":"Strength Potion"}],"is_trial":false,"path_per_floor":["M","$","M","M","M","R","E","M","T","E","M","?","R","M","R","B",null,"M","M","M","?","?","R","E","R","T","E","?","M"],"character_chosen":"MYSTIC_CLASS","items_purchased":["mysticmod:ArcaneAccuracy"],"campfire_rested":0,"item_purchase_floors":[2],"current_hp_per_floor":[69,69,69,69,65,65,55,55,55,57,59,59,68,50,59,31,66,53,47,46,71,71,77,55,67,67,23,23,0,0],"gold":427,"neow_bonus":"THREE_CARDS","is_daily":false,"chose_seed":false,"campfire_upgraded":5,"win_rate":0.0,"timestamp":1613405858,"path_taken":["M","$","M","M","M","R","E","M","T","E","M","?","R","M","R","BOSS","M","M","?","?","?","R","E","R","T","E","?","M"],"items_purchased_type":["Card"],"build_version":"2020-12-22","purchased_purges":0,"victory":false,"max_hp_per_floor":[77,77,77,77,77,77,77,77,77,77,77,77,77,77,77,77,77,77,77,77,77,77,77,77,77,77,77,77,77,77],"card_choices":[{"not_picked":["mysticmod:ComponentsPouch","mysticmod:Stoneskin"],"picked":"mysticmod:Disengage","floor":0},{"not_picked":["mysticmod:CorrosiveTouch","mysticmod:ComponentsPouch"],"picked":"mysticmod:LightningBolt","floor":1},{"not_picked":["mysticmod:RapidCaster","mysticmod:Probe"],"picked":"mysticmod:Snowball","floor":3},{"not_picked":["mysticmod:HeavyStrike","mysticmod:PowerSlash"],"picked":"mysticmod:Alacrity","floor":4},{"not_picked":["mysticmod:SpellCombat","mysticmod:PowerAttack"],"picked":"mysticmod:CureLightWounds","floor":5},{"not_picked":["mysticmod:Haste","mysticmod:KeenEdge"],"picked":"mysticmod:Riposte","floor":7},{"not_picked":["mysticmod:CorrosiveTouch","mysticmod:EbbAndFlow","mysticmod:ComponentsPouch"],"picked":"SKIP","floor":8},{"not_picked":["mysticmod:CorrosiveTouch","mysticmod:ChargedParry+1"],"picked":"mysticmod:LightningBolt","floor":10},{"not_picked":["mysticmod:KeenEdge+1","mysticmod:Riposte","mysticmod:Snowball"],"picked":"SKIP","floor":11},{"not_picked":["mysticmod:Alacrity+1","mysticmod:Daze+1"],"picked":"mysticmod:Shield+1","floor":14},{"not_picked":["mysticmod:MirrorEntity","mysticmod:Doublecast+1"],"picked":"mysticmod:Discipline","floor":16},{"not_picked":["mysticmod:Grease+1","mysticmod:Snowball","mysticmod:Riposte"],"picked":"SKIP","floor":18},{"not_picked":["mysticmod:BladedDash","mysticmod:PowerSlash"],"picked":"mysticmod:TomeOfSpells+1","floor":19},{"not_picked":["mysticmod:MagicMissile","mysticmod:PowerSlash+1"],"picked":"mysticmod:VorpalThrust+1","floor":20},{"not_picked":["mysticmod:Probe","mysticmod:Shield+1"],"picked":"mysticmod:FiveFootStep","floor":24},{"not_picked":["mysticmod:SpellCombat","mysticmod:PureInstinct+1"],"picked":"mysticmod:ArcaneAccuracy+1","floor":27}],"player_experience":2372159,"relics_obtained":[{"floor":7,"key":"Bottled Tornado"},{"floor":9,"key":"Toxic Egg 2"},{"floor":10,"key":"Eternal Feather"},{"floor":24,"key":"Orichalcum"},{"floor":26,"key":"CeramicFish"},{"floor":27,"key":"Whetstone"}],"event_choices":[{"damage_healed":0,"gold_gain":0,"cards_transformed":["mysticmod:Strike_Mystic"],"player_choice":"Transformed","damage_taken":0,"max_hp_gain":0,"max_hp_loss":0,"event_name":"Transmorgrifier","floor":12,"gold_loss":0,"cards_obtained":["mysticmod:HeavyStrike"]},{"damage_healed":25,"gold_gain":0,"player_choice":"Heal","damage_taken":0,"max_hp_gain":0,"max_hp_loss":0,"event_name":"The Library","floor":21,"gold_loss":0},{"damage_healed":0,"gold_gain":0,"player_choice":"Ignored","damage_taken":0,"max_hp_gain":0,"max_hp_loss":0,"event_name":"Cursed Tome","floor":28,"gold_loss":0}],"is_beta":false,"boss_relics":[{"not_picked":["mysticmod:CrystalBall","Replay:Wanted Poster"],"picked":"mysticmod:DeckOfManyThings"}],"items_purged_floors":[],"is_endless":false,"potions_floor_spawned":[3,4,7,8,11,14,19,20],"killed_by":"Snake Plant","ascension_level":6}}