{"host":"elwx18v5rj5euoce","time":1613356986,"event":{"mods":["BaseMod","Downfall","Minty Spire (QoL Compilation)","StSLib"],"gold_per_floor":[99,118,132,148,159,259,259,259,269,299,312,35,35,35,51,153,153,153,173,186,186,186,186,235,35,68,53,3,21,14,42,61,61,61],"floor_reached":33,"language":"ZHS","playtime":3071,"items_purged":["hexamod:Strike"],"score":337,"play_id":"dd41fad8-9b7c-4878-bd5d-36b217bb15d1","local_time":"20210215104306","is_ascension_mode":false,"campfire_choices":[{"data":"hexamod:HexaLevel","floor":1.0,"key":"SMITH"},{"data":"hexamod:Float","floor":8.0,"key":"SMITH"},{"data":"expansioncontent:QuickStudy","floor":13.0,"key":"SMITH"},{"floor":18.0,"key":"RECALL"},{"data":"hexamod:VolcanoVisage","floor":23.0,"key":"SMITH"},{"data":"hexamod:ShieldOfDarkness","floor":25.0,"key":"SMITH"}],"circlet_count":0,"master_deck":["hexamod:Strike+1","hexamod:Strike+1","hexamod:Defend+1","hexamod:Defend+1","hexamod:Defend+1","hexamod:Defend+1","hexamod:Sear","hexamod:Float+1","hexamod:HexaLevel+1","hexamod:ShieldOfDarkness+1","hexamod:SpectersWail","hexamod:FourthSeal","expansioncontent:QuickStudy+1","hexamod:Again","hexamod:ThirdSeal","hexamod:VolcanoVisage+1","hexamod:FirstSeal","hexamod:TimeOfNeed","hexamod:SecondSeal","hexamod:Rewind+1","hexamod:EmpoweredFlame+1"],"relics":["hexamod:SpiritBrand","Oddly Smooth Stone","hexamod:InflammatoryLetter","Sozu","downfall:HeartBlessingRed","downfall:HeartBlessingBlue","Du-Vu Doll","Calipers"],"acts_visited":["Exordium","TheCity"],"potions_floor_usage":[],"damage_taken":[{"damage":0.0,"enemies":"Cultist","floor":2.0,"turns":4.0},{"damage":0.0,"enemies":"2 Louse","floor":3.0,"turns":3.0},{"damage":1.0,"enemies":"Jaw Worm","floor":4.0,"turns":4.0},{"damage":0.0,"enemies":"3 Louse","floor":5.0,"turns":3.0},{"damage":1.0,"enemies":"Blue Slaver","floor":9.0,"turns":4.0},{"damage":11.0,"enemies":"3 Sentries","floor":10.0,"turns":7.0},{"damage":0.0,"enemies":"2 Fungi Beasts","floor":11.0,"turns":3.0},{"damage":0.0,"enemies":"downfall:FleeingMerchant","floor":12.0,"turns":4.0},{"damage":2.0,"enemies":"Lots of Slimes","floor":15.0,"turns":2.0},{"damage":0.0,"enemies":"SI_SHIV_ARCHETYPE","floor":16.0,"turns":8.0},{"damage":0.0,"enemies":"Chosen","floor":19.0,"turns":4.0},{"damage":20.0,"enemies":"downfall:LooterAlt2","floor":20.0,"turns":6.0},{"damage":21.0,"enemies":"Slavers","floor":26.0,"turns":7.0},{"damage":10.0,"enemies":"downfall:FleeingMerchant","floor":27.0,"turns":4.0},{"damage":22.0,"enemies":"Cultist and Chosen","floor":29.0,"turns":7.0},{"damage":1.0,"enemies":"downfall:FleeingMerchant","floor":30.0,"turns":4.0},{"damage":46.0,"enemies":"Gremlin Leader","floor":31.0,"turns":7.0},{"damage":0.0,"enemies":"Centurion and Healer","floor":32.0,"turns":5.0},{"damage":41,"enemies":"WA_ARCHETYPE_CALM","floor":33,"turns":12}],"seed_played":"-6383683697863962775","potions_obtained":[{"floor":2.0,"key":"Fire Potion"},{"floor":10.0,"key":"FearPotion"},{"floor":12.0,"key":"SneckoOil"},{"floor":15.0,"key":"Swift Potion"}],"is_trial":false,"path_per_floor":["R","M","M","M","M","?","T","R","M","E","M","$","R","?","M","B",null,"R","M","M","?","?","R","T","R","E","$","?","M","$","E","M","B"],"character_chosen":"THE_SPIRIT","items_purchased":["expansioncontent:QuickStudy"],"campfire_rested":0,"item_purchase_floors":[12],"current_hp_per_floor":[70,70,70,69,69,69,69,69,68,57,57,57,57,57,55,55,70,70,70,57,57,57,57,57,67,53,50,80,65,71,32,39,0,0],"gold":61,"neow_bonus":"ONE_RANDOM_RARE_CARD","is_daily":false,"chose_seed":false,"campfire_upgraded":5,"win_rate":0.0,"timestamp":1613356986,"path_taken":["R","M","M","M","?","?","T","R","M","E","M","$","R","?","M","BOSS","R","M","M","?","?","R","T","R","E","$","?","M","?","E","M","BOSS"],"items_purchased_type":["Card"],"build_version":"2020-12-22","purchased_purges":1,"victory":false,"max_hp_per_floor":[70,70,70,70,70,70,70,70,70,70,70,70,70,70,70,70,70,70,70,70,70,70,70,70,80,80,80,80,80,80,80,80,80,80],"card_choices":[{"not_picked":["hexamod:HauntingEcho","hexamod:GhostLash"],"picked":"hexamod:ShieldOfDarkness","floor":2.0},{"not_picked":["hexamod:RadiantFlame","hexamod:GhostShield","hexamod:Incineration"],"picked":"SKIP","floor":3.0},{"not_picked":["hexamod:NecessarySacrifice","hexamod:HauntingEcho"],"picked":"hexamod:SpectersWail","floor":4.0},{"not_picked":["hexamod:BacktrackSmack","hexamod:HauntingEcho","hexamod:SwordOfDarkness"],"picked":"SKIP","floor":5.0},{"not_picked":["hexamod:NightmareStrike","hexamod:BacktrackSmack","hexamod:SpectersWail"],"picked":"SKIP","floor":9.0},{"not_picked":["hexamod:NightmareStrike","hexamod:BacktrackSmack","hexamod:SpectersWail"],"picked":"SKIP","floor":9.0},{"not_picked":["hexamod:FlamesFromBeyond","hexamod:FastForward","hexamod:SkipABeat"],"picked":"SKIP","floor":10.0},{"not_picked":["hexamod:SwordOfDarkness","hexamod:ThermalTransfer"],"picked":"hexamod:FourthSeal","floor":11.0},{"not_picked":["hexamod:HeatShield","hexamod:BacktrackSmack","hexamod:AdvancingGuard"],"picked":"SKIP","floor":12.0},{"not_picked":["hexamod:GhostLash","hexamod:RetreatToShadows"],"picked":"hexamod:ThirdSeal","floor":15.0},{"not_picked":["hexamod:SearingWound","hexamod:TurnItUp"],"picked":"hexamod:VolcanoVisage","floor":16.0},{"not_picked":["hexamod:FlamesFromBeyond+1","hexamod:SuperheatedStrike+1"],"picked":"hexamod:FirstSeal","floor":19.0},{"not_picked":["hexamod:FastForward","hexamod:SwordOfDarkness+1","hexamod:ShieldOfDarkness"],"picked":"SKIP","floor":19.0},{"not_picked":["hexamod:SpectersWail","hexamod:ShieldOfDarkness","hexamod:Again+1"],"picked":"SKIP","floor":20.0},{"not_picked":["hexamod:GhostShield","hexamod:AdvancingGuard","hexamod:FlamesFromBeyond"],"picked":"SKIP","floor":20.0},{"not_picked":["hexamod:CatchUp","hexamod:SuperheatedStrike+1"],"picked":"hexamod:TimeOfNeed","floor":26.0},{"not_picked":["hexamod:GhostLash+1","hexamod:Hexaguard","hexamod:AdvancingGuard"],"picked":"SKIP","floor":26.0},{"not_picked":["hexamod:FourthSeal","hexamod:SearingWound"],"picked":"hexamod:SecondSeal","floor":27.0},{"not_picked":["hexamod:NightmareStrike","hexamod:AdvancingGuard","hexamod:PhantomCloak"],"picked":"SKIP","floor":27.0},{"not_picked":["hexamod:SpectersWail","hexamod:BacktrackSmack"],"picked":"hexamod:Rewind+1","floor":29.0},{"not_picked":["hexamod:SuperheatedStrike","hexamod:ShieldOfDarkness","hexamod:GhostLash"],"picked":"SKIP","floor":29.0},{"not_picked":["hexamod:DynamicBlow","hexamod:HeatMetal+1"],"picked":"hexamod:EmpoweredFlame+1","floor":30.0},{"not_picked":["hexamod:FlamesFromBeyond","hexamod:Hexaguard+1","hexamod:CatchUp+1"],"picked":"SKIP","floor":30.0},{"not_picked":["hexamod:Firestarter+1","hexamod:GhostOfSpirePast","hexamod:ExtraCrispy"],"picked":"SKIP","floor":31.0},{"not_picked":["hexamod:NightmareGuise","hexamod:Incineration","hexamod:ExtraCrispy+1"],"picked":"SKIP","floor":31.0},{"not_picked":["hexamod:SearingWound","hexamod:SpectersWail","hexamod:AdvancingGuard+1"],"picked":"SKIP","floor":32.0},{"not_picked":["hexamod:HeatMetal+1","hexamod:Again","hexamod:FastForward"],"picked":"SKIP","floor":32.0}],"player_experience":864714,"relics_obtained":[{"floor":7.0,"key":"Oddly Smooth Stone"},{"floor":10.0,"key":"hexamod:InflammatoryLetter"},{"floor":26.0,"key":"Du-Vu Doll"},{"floor":31.0,"key":"Calipers"}],"event_choices":[{"damage_healed":0.0,"max_hp_gain":0.0,"max_hp_loss":0.0,"gold_gain":0.0,"cards_transformed":["hexamod:Strike"],"event_name":"Living Wall","player_choice":"Change","floor":14.0,"gold_loss":0.0,"damage_taken":0.0,"cards_obtained":["hexamod:Again"]}],"is_beta":false,"boss_relics":[{"not_picked":["Calling Bell","Philosopher\u0027s Stone"],"picked":"Sozu"}],"items_purged_floors":[12],"is_endless":false,"potions_floor_spawned":[2,10,15,16,19,20],"killed_by":"WA_ARCHETYPE_CALM","ascension_level":0}}