{"host":"i1fqlpve17okw40o","time":1613356385,"event":{"mods":["A Magickal Journey","Act Like it!","Aspiration","BaseMod","BetterRewards","CapriCore","Colored Map","Colored Powertips","Downfall","Elementarium","Energized Spire","Glutton Mod","Halation","Hallownest","Hermit","Highlight Path","Hubris","Koishi","Marisa????????","Mimic Mod","Minty Spire (QoL Compilation)","Quick Restart","Random Character Button","Relic Sorter","Reliquary","Replay The Spire","Retaliation","Reworked Bosses","StSLib","SuperFastMode","Td1madao Mod","The Bug Knight","The Construct","The Disciple","The Forsaken","The Immortal","The Runesmith","The Senshi","The Servant 0.9.4"],"gold_per_floor":[112,112,37,54,70,99,113,113,191,210,235,156,156,172,172,267,317,337,94,114,114,133,160,160,174,174,174,191,191,191,191,191,287,287,300,300,175,195,212,242,252,252,278,298,75,88,120,139,139,139,139,139,30,30,30],"floor_reached":54,"language":"ENG","playtime":2766,"items_purged":["Hallownest:curseDreamersLament","HollowMod:NailStrikeStart","HollowMod:QuickDashStart"],"score":906,"play_id":"df449e45-854c-4aa3-90d6-e7a57d673cb9","local_time":"20210214203305","is_ascension_mode":false,"campfire_choices":[{"data":"HollowMod:HowlingWraiths","floor":8,"key":"SMITH"},{"data":"HollowMod:MidwifesHunger","floor":15,"key":"SMITH"},{"data":"HollowMod:Hiveblood","floor":24,"key":"SMITH"},{"floor":27,"key":"RECALL"},{"data":"HollowMod:MantisMark","floor":29,"key":"SMITH"},{"data":"HollowMod:GoodIntentions","floor":32,"key":"SMITH"},{"data":"HollowMod:MantisMark","floor":49,"key":"SMITH"},{"data":"HollowMod:Weaversong","floor":52,"key":"SMITH"}],"circlet_count":0,"master_deck":["HollowMod:NailStrikeStart","HollowMod:NailStrikeStart","HollowMod:NailStrikeStart+1","HollowMod:QuickDashStart","HollowMod:QuickDashStart","HollowMod:QuickDashStart","HollowMod:FocusHealStart","HollowMod:PogoStrike","HollowMod:MantisMark+1","HollowMod:DesolateDive","HollowMod:GoodIntentions+1","HollowMod:MantisMark+1","HollowMod:HowlingWraiths+1","HollowMod:MidwifesHunger+1","HollowMod:BaldurShell","HollowMod:HornetsHelp","HollowMod:LifebloodCocoon","HollowMod:CoiledNail","HollowMod:Hiveblood+1","HollowMod:SoulSplash+1","HollowMod:ZotesMagnificence","HollowMod:GoodIntentions+1","HollowMod:Weaversong+1","HollowMod:PerfectDash","HollowMod:MantisMark+1","HollowMod:FallenFury"],"relics":["HollowMod:VesselMask","Hallownest:DreamNailRelic","Hallownest:TeacherSealRelic","Tiny House","Lee\u0027s Waffle","reliquary:RedPaperclip","theForsaken:Lifeblossom","hubris:SphereOfDissonance","construct:BoolHorns","Boot","halation:LettersToHer","Pen Nib","reliquary:RoseTintedGlasses","theForsaken:ScaryMask"],"acts_visited":["Hallownest:Greenpath","Hallownest:CityofTears","Hallownest:KingdomsEdge","TheEnding"],"potions_floor_usage":[6,16,16,18,18,22,23,31,33,33,33,33,33,46,48,50],"damage_taken":[{"damage":2,"enemies":"Hallownest:monsterHuskGuard","floor":1,"turns":4},{"damage":0,"enemies":"Hallownest:monsterHuskWarrior","floor":4,"turns":3},{"damage":0,"enemies":"Hallownest:2_Tiktiks_and_1_Crawlid","floor":5,"turns":5},{"damage":5,"enemies":"Hallownest:eliteCrystalGuardian","floor":6,"turns":5},{"damage":3,"enemies":"Hallownest:MossCreep_and_Mosskin","floor":7,"turns":5},{"damage":11,"enemies":"Hallownest:monsterFoolEater","floor":10,"turns":2},{"damage":5,"enemies":"Hallownest:eliteVengeflyKing","floor":11,"turns":7},{"damage":5,"enemies":"Hallownest:Guard_and_Warrior","floor":14,"turns":3},{"damage":54,"enemies":"Hallownest:BossFalseKnight","floor":16,"turns":7},{"damage":27,"enemies":"Hallownest:Guard_and_Sentry","floor":18,"turns":5},{"damage":20,"enemies":"Hallownest:2_Mistakes","floor":20,"turns":5},{"damage":18,"enemies":"Hallownest:Warrior_and_Youth","floor":22,"turns":7},{"damage":28,"enemies":"Hallownest:Nosk","floor":23,"turns":9},{"damage":55,"enemies":"Hallownest:Master_and_Novice","floor":25,"turns":7},{"damage":21,"enemies":"Hallownest:monsterShrumalOgre","floor":28,"turns":5},{"damage":66,"enemies":"Hallownest:BossSoulMaster","floor":33,"turns":7},{"damage":5,"enemies":"Hallownest:Shield_Heavy","floor":35,"turns":5},{"damage":49,"enemies":"Hallownest:2_Littles","floor":38,"turns":5},{"damage":40,"enemies":"Hallownest:2_Wandering_and_1_Horned","floor":39,"turns":7},{"damage":71,"enemies":"Hallownest:eliteHiveKnight","floor":40,"turns":13},{"damage":28,"enemies":"Hallownest:2_Soldiers_and_1_Guardian","floor":41,"turns":5},{"damage":18,"enemies":"Hallownest:Xero_Hu_Marmu","floor":44,"turns":5},{"damage":43,"enemies":"Hallownest:2_Wing_and_1_Kings","floor":46,"turns":8},{"damage":9,"enemies":"Hallownest:StalkingDevout","floor":47,"turns":6},{"damage":38,"enemies":"Hallownest:Slobbering_and_Violent","floor":48,"turns":5},{"damage":93,"enemies":"Hallownest:Radiance","floor":50,"turns":12},{"damage":92,"enemies":"Shield and Spear","floor":54,"turns":3}],"seed_played":"7451574774878234392","potions_obtained":[{"floor":5,"key":"Energy Potion"},{"floor":7,"key":"FearPotion"},{"floor":14,"key":"Weak Potion"},{"floor":16,"key":"DuplicationPotion"},{"floor":17,"key":"Fire Potion"},{"floor":20,"key":"ColorlessPotion"},{"floor":22,"key":"Block Potion"},{"floor":28,"key":"BlessingOfTheForge"},{"floor":44,"key":"Block Potion"},{"floor":46,"key":"Swift Potion"},{"floor":47,"key":"hexamod:SoulburnPotion"}],"is_trial":false,"path_per_floor":["M","?","$","M","M","E","M","R","T","M","E","$","?","M","R","B",null,"M","$","M","?","M","E","R","M","T","R","M","R","?","?","R","B",null,"M","?","$","M","M","E","M","?","T","M","$","M","E","M","R","B",null,"R","$","E"],"character_chosen":"THE_BUGKNIGHT","items_purchased":["Bronze Scales","HollowMod:MantisMark","HollowMod:DesolateDive","HollowMod:BaldurShell","Lee\u0027s Waffle","HollowMod:PerfectDash","reliquary:RoseTintedGlasses","LiquidBronze","HollowMod:FallenFury"],"campfire_rested":0,"item_purchase_floors":[0,0,0,12,19,45,45,53,53],"current_hp_per_floor":[69,69,69,75,75,70,72,72,72,64,70,70,70,70,70,28,80,59,87,70,79,73,73,73,83,83,83,66,66,66,66,66,73,87,85,87,87,55,56,84,87,87,87,72,72,75,78,59,59,76,87,87,87,0,0],"gold":30,"neow_bonus":"","is_daily":false,"chose_seed":false,"campfire_upgraded":7,"win_rate":0.0,"timestamp":1613356385,"path_taken":["M","?","?","?","M","E","M","R","T","M","E","?","?","M","R","BOSS","M","$","M","?","M","E","R","?","T","R","M","R","?","?","R","BOSS","M","?","?","M","M","E","M","?","T","M","?","M","E","?","R","BOSS","R","$","E"],"items_purchased_type":["Relic","Card","Card","Card","Relic","Card","Relic","Potion","Card"],"build_version":"2020-12-22","purchased_purges":3,"victory":false,"max_hp_per_floor":[75,75,75,75,75,75,75,75,75,75,75,75,75,75,75,75,80,80,87,87,87,87,87,87,87,87,87,87,87,87,87,87,87,87,87,87,87,87,87,87,87,87,87,87,87,87,87,87,87,87,87,87,87,87,87],"card_choices":[{"not_picked":["HollowMod:WraithStrike","HollowMod:ShadowDash"],"picked":"HollowMod:GoodIntentions","floor":1},{"not_picked":["HollowMod:SiblingsShadow","HollowMod:MonomonsArchive","HollowMod:SharpenedNail"],"picked":"SKIP","floor":4},{"not_picked":["HollowMod:CloakDash","HollowMod:VengefulVoid"],"picked":"HollowMod:MantisMark","floor":5},{"not_picked":["HollowMod:NewLittleFool","HollowMod:CrystalDash","HollowMod:DashSlash"],"picked":"SKIP","floor":6},{"not_picked":["HollowMod:TaintedHusks","HollowMod:NewLittleFool"],"picked":"HollowMod:HowlingWraiths","floor":7},{"not_picked":["HollowMod:DungDefenderAura","HollowMod:SharpenedShadows","HollowMod:NewGlowingWomb"],"picked":"SKIP","floor":10},{"not_picked":["HollowMod:HowlingWraiths","HollowMod:MonomonsArchive"],"picked":"HollowMod:MidwifesHunger","floor":11},{"not_picked":["HollowMod:HowlingWraiths","HollowMod:TaintedHusks","HollowMod:VengefulVoid"],"picked":"SKIP","floor":14},{"not_picked":["HollowMod:MidwifesHunger","HollowMod:LordofShades"],"picked":"HollowMod:HornetsHelp","floor":16},{"not_picked":["HollowMod:ShapeofUnn","HollowMod:InfectionAssault"],"picked":"HollowMod:LifebloodCocoon","floor":18},{"not_picked":["HollowMod:SiblingsSouls","HollowMod:TaintedHusks"],"picked":"HollowMod:CoiledNail","floor":20},{"not_picked":["HollowMod:HuntersJournal","HollowMod:SoulSplash"],"picked":"HollowMod:Hiveblood","floor":22},{"not_picked":["HollowMod:TaintedHusks+1","HollowMod:CycloneSlash","HollowMod:NewLittleFool"],"picked":"SKIP","floor":23},{"not_picked":["HollowMod:ShadowDash","HollowMod:MawleksShell","HollowMod:MonomonsArchive"],"picked":"SKIP","floor":25},{"not_picked":["HollowMod:LifebloodCocoon","HollowMod:CycloneSlash","HollowMod:SoulSplash+1"],"picked":"SKIP","floor":28},{"not_picked":["HollowMod:LifebloodCocoon","HollowMod:CycloneSlash"],"picked":"HollowMod:SoulSplash+1","floor":28},{"not_picked":["HollowMod:SoulMaster","HollowMod:PureVessel"],"picked":"HollowMod:ZotesMagnificence","floor":33},{"not_picked":["HollowMod:CloakDash","HollowMod:SoulSplash+1","HollowMod:SiblingsSouls+1"],"picked":"SKIP","floor":35},{"not_picked":["HollowMod:ShadowDash","HollowMod:HuntersJournal+1","HollowMod:DreamGate"],"picked":"SKIP","floor":38},{"not_picked":["HollowMod:WraithStrike","HollowMod:HowlingWraiths"],"picked":"HollowMod:GoodIntentions+1","floor":39},{"not_picked":["HollowMod:CornifersMapStart","HollowMod:SharpenedNail+1"],"picked":"HollowMod:Weaversong","floor":40},{"not_picked":["HollowMod:DoubleDash","HollowMod:SharpenedShadows+1","HollowMod:VengefulVoid"],"picked":"SKIP","floor":41},{"not_picked":["HollowMod:ShadowDash+1","HollowMod:NewJinnsSoul+1","HollowMod:MonarchWings+1"],"picked":"SKIP","floor":44},{"not_picked":["HollowMod:SoulSplash+1","HollowMod:InfectedAttack","HollowMod:Grubsong+1"],"picked":"SKIP","floor":46},{"not_picked":["HollowMod:SoulShaman","HollowMod:SoulSplash","HollowMod:SoulStrike"],"picked":"SKIP","floor":47},{"not_picked":["HollowMod:MothsMistake","HollowMod:GreatSlash+1"],"picked":"HollowMod:MantisMark+1","floor":48}],"player_experience":449820,"relics_obtained":[{"floor":6,"key":"theForsaken:Lifeblossom"},{"floor":9,"key":"hubris:SphereOfDissonance"},{"floor":11,"key":"Potion Belt"},{"floor":23,"key":"construct:BoolHorns"},{"floor":40,"key":"Boot"},{"floor":43,"key":"halation:LettersToHer"},{"floor":43,"key":"Pen Nib"},{"floor":47,"key":"theForsaken:ScaryMask"}],"event_choices":[],"is_beta":false,"boss_relics":[{"not_picked":["Sozu","energizedSpire:SpiderWeb"],"picked":"Tiny House"},{"not_picked":["halation:MonkeysPaw","halation:CatFaceCupcake"],"picked":"reliquary:RedPaperclip"}],"items_purged_floors":[3,19,37],"is_endless":false,"potions_floor_spawned":[5,7,14,16,20,22,28,35,44,46,47],"killed_by":"Shield and Spear","ascension_level":0}}