{"host":"kh6fvhxn285ncg0o","time":1613351520,"event":{"mods":["Act Like it!","BaseMod","Colored Map","Friendly Minions","Keyboard Shortcuts","Minty Spire (QoL Compilation)","Quick Restart","Relic Stats","StSLib","SuperFastMode","UnlockEverythingMod"],"gold_per_floor":[115,129,129,129,54,98,110,137,176,188,213,225,258,345,357,460,472,502,92,17,17,30,63,81,114,114,114,128,146,187,206,206,302,302,325,325,325,325],"floor_reached":37,"language":"KOR","playtime":989,"items_purged":["Strike_R","Strike_R"],"score":908,"play_id":"bd140fdc-4161-487c-b802-5e02899cb91b","local_time":"20210215101200","is_ascension_mode":true,"campfire_choices":[{"data":"Carnage","floor":10.0,"key":"SMITH"},{"data":"Juggernaut","floor":15.0,"key":"SMITH"},{"data":"Immolate","floor":27.0,"key":"SMITH"},{"data":"Spot Weakness","floor":32.0,"key":"SMITH"}],"circlet_count":0,"master_deck":["AscendersBane","Defend_R","Defend_R","Defend_R","Defend_R","Bash","Juggernaut+1","Carnage+1","Shrug It Off","Metallicize","Immolate+1","Evolve","Pommel Strike+1","Corruption","Rage","Spot Weakness+1","Reaper+1","Dark Embrace","HandOfGreed+1"],"relics":["Burning Blood","NeowsBlessing","Golden Idol","MawBank","MealTicket","InkBottle","Snecko Eye","Red Skull","Frozen Eye","Bottled Tornado","Centennial Puzzle","Molten Egg 2","Shuriken","Coffee Dripper"],"acts_visited":["Exordium","TheCity","TheBeyond"],"potions_floor_usage":[],"damage_taken":[{"damage":0.0,"enemies":"Small Slimes","floor":1.0,"turns":2.0},{"damage":0.0,"enemies":"2 Louse","floor":2.0,"turns":2.0},{"damage":0.0,"enemies":"Lagavulin","floor":6.0,"turns":1.0},{"damage":7.0,"enemies":"Cultist","floor":8.0,"turns":4.0},{"damage":18.0,"enemies":"3 Louse","floor":11.0,"turns":4.0},{"damage":0.0,"enemies":"2 Fungi Beasts","floor":13.0,"turns":4.0},{"damage":9.0,"enemies":"The Guardian","floor":16.0,"turns":11.0},{"damage":0.0,"enemies":"Chosen","floor":18.0,"turns":2.0},{"damage":5.0,"enemies":"3 Byrds","floor":22.0,"turns":3.0},{"damage":46.0,"enemies":"Book of Stabbing","floor":23.0,"turns":4.0},{"damage":0.0,"enemies":"Cultist and Chosen","floor":24.0,"turns":3.0},{"damage":22.0,"enemies":"Gremlin Leader","floor":25.0,"turns":3.0},{"damage":8.0,"enemies":"Centurion and Healer","floor":28.0,"turns":2.0},{"damage":1.0,"enemies":"Snake Plant","floor":29.0,"turns":2.0},{"damage":2.0,"enemies":"Book of Stabbing","floor":30.0,"turns":2.0},{"damage":0.0,"enemies":"Snecko","floor":31.0,"turns":3.0},{"damage":16.0,"enemies":"Champ","floor":33.0,"turns":5.0},{"damage":27.0,"enemies":"3 Darklings","floor":35.0,"turns":4.0}],"seed_played":"2552024855603979312","potions_obtained":[{"floor":1.0,"key":"LiquidBronze"},{"floor":8.0,"key":"AttackPotion"},{"floor":13.0,"key":"SteroidPotion"},{"floor":22.0,"key":"Explosive Potion"},{"floor":25.0,"key":"Block Potion"},{"floor":29.0,"key":"DuplicationPotion"},{"floor":31.0,"key":"ColorlessPotion"},{"floor":35.0,"key":"AttackPotion"}],"is_trial":false,"path_per_floor":["M","M","?","?","$","E","?","M","T","R","M","T","M","?","R","B",null,"M","$","?","?","M","E","M","E","T","R","M","M","E","M","R","B",null,"M","?","?"],"character_chosen":"IRONCLAD","items_purchased":["Red Skull","Frozen Eye"],"campfire_rested":0,"item_purchase_floors":[19,19],"current_hp_per_floor":[74,75,80,52,52,58,51,50,50,50,38,38,44,33,33,30,68,74,80,80,80,80,40,46,30,30,30,28,33,37,43,43,33,68,80,70,70,70],"gold":325,"neow_bonus":"THREE_ENEMY_KILL","is_daily":false,"chose_seed":false,"campfire_upgraded":4,"win_rate":0.0,"timestamp":1613351520,"path_taken":["M","M","?","?","$","E","?","M","T","R","M","?","?","?","R","BOSS","M","$","?","?","M","E","?","E","T","R","M","M","E","?","R","BOSS","M","?","?"],"items_purchased_type":["Relic","Relic"],"build_version":"2020-12-22","purchased_purges":2,"victory":false,"max_hp_per_floor":[75,75,80,80,80,80,80,80,80,80,80,80,80,80,80,80,80,80,80,80,80,80,80,80,80,80,80,80,80,80,80,80,80,80,80,80,80,80],"relic_stats":{"Centennial Puzzle":[15],"counters":[18,61],"Golden Idol":105,"Shuriken":[1],"Snecko Eye":[70,68,50,73],"MealTicket":6,"MawBank":156,"obtain_stats":[{"NeowsBlessing":0,"Golden Idol":4,"Bottled Tornado":23,"MawBank":6,"Burning Blood":0,"Frozen Eye":19,"Centennial Puzzle":25,"Shuriken":30,"Snecko Eye":17,"MealTicket":9,"Molten Egg 2":26,"Coffee Dripper":34,"InkBottle":12,"Red Skull":19},{"NeowsBlessing":0,"Golden Idol":2,"Bottled Tornado":10,"MawBank":3,"Burning Blood":0,"Frozen Eye":8,"Centennial Puzzle":12,"Shuriken":15,"Snecko Eye":7,"MealTicket":4,"Molten Egg 2":12,"Coffee Dripper":17,"InkBottle":5,"Red Skull":8},{"NeowsBlessing":0,"Golden Idol":4,"Bottled Tornado":37,"MawBank":5,"Burning Blood":0,"Frozen Eye":30,"Centennial Puzzle":43,"Shuriken":49,"Snecko Eye":28,"MealTicket":9,"Molten Egg 2":43,"Coffee Dripper":57,"InkBottle":13,"Red Skull":30}],"Burning Blood":100,"InkBottle":[15]},"card_choices":[{"not_picked":["Whirlwind","Reaper"],"picked":"Juggernaut","floor":6.0},{"not_picked":["Burning Pact","Headbutt"],"picked":"Carnage","floor":8.0},{"not_picked":["Heavy Blade","Clash"],"picked":"Shrug It Off","floor":11.0},{"not_picked":["Infernal Blade","Anger"],"picked":"Metallicize","floor":13.0},{"not_picked":["Exhume","Corruption"],"picked":"Immolate","floor":16.0},{"not_picked":["Metallicize+1","Cleave"],"picked":"Evolve","floor":18.0},{"not_picked":["Thunderclap","Wild Strike"],"picked":"Pommel Strike+1","floor":22.0},{"not_picked":["Infernal Blade","True Grit","Inflame"],"picked":"SKIP","floor":23.0},{"not_picked":["Shrug It Off","Body Slam","Perfected Strike"],"picked":"SKIP","floor":24.0},{"not_picked":["Body Slam","Cleave"],"picked":"Corruption","floor":25.0},{"not_picked":["Pummel+1","Pommel Strike+1","Thunderclap+1"],"picked":"SKIP","floor":28.0},{"not_picked":["Flex","Havoc","Twin Strike+1"],"picked":"SKIP","floor":29.0},{"not_picked":["Iron Wave+1","Pommel Strike+1"],"picked":"Rage","floor":30.0},{"not_picked":["Thunderclap+1","Heavy Blade+1"],"picked":"Spot Weakness","floor":31.0},{"not_picked":["Offering","Corruption"],"picked":"Reaper+1","floor":33.0},{"not_picked":["Twin Strike+1","True Grit+1"],"picked":"Dark Embrace","floor":35.0},{"not_picked":["Secret Weapon","Good Instincts"],"picked":"HandOfGreed+1","floor":36.0}],"player_experience":1417371,"relics_obtained":[{"floor":6.0,"key":"MawBank"},{"floor":9.0,"key":"MealTicket"},{"floor":12.0,"key":"InkBottle"},{"floor":23.0,"key":"Bottled Tornado"},{"floor":25.0,"key":"Centennial Puzzle"},{"floor":26.0,"key":"Molten Egg 2"},{"floor":30.0,"key":"Shuriken"}],"event_choices":[{"damage_healed":0.0,"max_hp_gain":5.0,"max_hp_loss":0.0,"gold_gain":0.0,"event_name":"Big Fish","player_choice":"Donut","floor":3.0,"gold_loss":0.0,"damage_taken":0.0},{"damage_healed":0.0,"max_hp_gain":0.0,"max_hp_loss":0.0,"gold_gain":0.0,"event_name":"Golden Idol","player_choice":"Take Damage","floor":4.0,"gold_loss":0.0,"damage_taken":28.0,"relics_obtained":["Golden Idol"]},{"cards_removed":["Strike_R"],"damage_healed":0.0,"max_hp_gain":0.0,"max_hp_loss":0.0,"gold_gain":0.0,"event_name":"Golden Wing","player_choice":"Card Removal","floor":7.0,"gold_loss":0.0,"damage_taken":7.0},{"damage_healed":0.0,"max_hp_gain":0.0,"max_hp_loss":0.0,"gold_gain":75.0,"event_name":"World of Goop","player_choice":"Gather Gold","floor":14.0,"gold_loss":0.0,"damage_taken":11.0},{"cards_removed":["Strike_R"],"damage_healed":0.0,"max_hp_gain":0.0,"max_hp_loss":0.0,"gold_gain":0.0,"event_name":"Beggar","player_choice":"Gave Gold","floor":20.0,"gold_loss":75.0,"damage_taken":0.0},{"cards_removed":["Strike_R"],"damage_healed":0.0,"max_hp_gain":0.0,"max_hp_loss":0.0,"gold_gain":0.0,"event_name":"Purifier","player_choice":"Purged","floor":21.0,"gold_loss":0.0,"damage_taken":0.0},{"damage_healed":0.0,"max_hp_gain":0.0,"max_hp_loss":0.0,"gold_gain":0.0,"event_name":"SensoryStone","player_choice":"Memory 3","floor":36.0,"gold_loss":0.0,"damage_taken":10.0}],"is_beta":false,"boss_relics":[{"not_picked":["Pandora\u0027s Box","Ectoplasm"],"picked":"Snecko Eye"},{"not_picked":["Empty Cage","Busted Crown"],"picked":"Coffee Dripper"}],"items_purged_floors":[5,19],"is_endless":false,"potions_floor_spawned":[1,8,11,13,22,23,25,29,31,35],"ascension_level":20}}