{"host":"u7lm8z2rvb4dg2oo","time":1613364742,"event":{"mods":["AchievementEnabler","BaseMod","Bestiary","Block Reminder","Colored Map","Colored Powertips","Curses Come First","DeckTracker","Googly Eyes","Highlight Path","Minty Spire (QoL Compilation)","Quick Restart","StSLib"],"gold_per_floor":[116,86,104,117,192,218,230,273,285,297,342,67,67,78,78,149,149,162,172,17,28,40,40,72,72,119,130,130,144,162,182,182,253,253,273,324,9,9,24,24,24,35,61,70,83,102,0,0,0],"floor_reached":48,"language":"ENG","playtime":3292,"items_purged":["Strike_G"],"score":881,"play_id":"97ec5842-feff-4581-b79b-5b1729919023","local_time":"20210214235222","is_ascension_mode":true,"campfire_choices":[{"floor":7.0,"key":"REST"},{"floor":10.0,"key":"RECALL"},{"data":"Phantasmal Killer","floor":13.0,"key":"SMITH"},{"data":"Blade Dance","floor":15.0,"key":"SMITH"},{"floor":23.0,"key":"REST"},{"floor":25.0,"key":"REST"},{"floor":28.0,"key":"REST"},{"floor":32.0,"key":"REST"},{"floor":40.0,"key":"REST"},{"data":"Venomology","floor":41.0,"key":"SMITH"}],"circlet_count":0,"master_deck":["AscendersBane","Strike_G+1","Strike_G","Strike_G+1","Strike_G","Defend_G","Defend_G","Defend_G","Defend_G","Defend_G","Survivor","Neutralize","Cloak And Dagger","Caltrops","Blade Dance+1","Malaise","Accuracy","Phantasmal Killer+1","Footwork","Dash+1","Accuracy","Venomology+1","CurseOfTheBell","Blade Dance","Blade Dance","Accuracy","Blur+1","Noxious Fumes","Noxious Fumes","PiercingWail","Bullet Time","Dash+1","Accuracy","Footwork","Decay","Doubt"],"relics":["Runic Pyramid","MawBank","Molten Egg 2","Bird Faced Urn","Lee\u0027s Waffle","Calling Bell","PreservedInsect","Pear","Tough Bandages","WingedGreaves","Whetstone","Cursed Key","Mango","Vajra","CeramicFish"],"acts_visited":["Exordium","TheCity","TheBeyond"],"potions_floor_usage":[48,48,48,48],"damage_taken":[{"damage":4.0,"enemies":"2 Louse","floor":1.0,"turns":3.0},{"damage":0.0,"enemies":"Cultist","floor":3.0,"turns":5.0},{"damage":4.0,"enemies":"Small Slimes","floor":4.0,"turns":4.0},{"damage":19.0,"enemies":"Lagavulin","floor":6.0,"turns":6.0},{"damage":10.0,"enemies":"3 Sentries","floor":8.0,"turns":11.0},{"damage":10.0,"enemies":"Gremlin Nob","floor":11.0,"turns":4.0},{"damage":8.0,"enemies":"Exordium Wildlife","floor":14.0,"turns":3.0},{"damage":1.0,"enemies":"The Guardian","floor":16.0,"turns":9.0},{"damage":15.0,"enemies":"Shell Parasite","floor":18.0,"turns":4.0},{"damage":24.0,"enemies":"Chosen","floor":19.0,"turns":8.0},{"damage":41.0,"enemies":"3 Cultists","floor":21.0,"turns":6.0},{"damage":15.0,"enemies":"Snake Plant","floor":22.0,"turns":3.0},{"damage":62.0,"enemies":"Slavers","floor":24.0,"turns":6.0},{"damage":13.0,"enemies":"Snecko","floor":27.0,"turns":5.0},{"damage":9.0,"enemies":"Cultist and Chosen","floor":29.0,"turns":7.0},{"damage":0.0,"enemies":"Centurion and Healer","floor":30.0,"turns":4.0},{"damage":38.0,"enemies":"Shelled Parasite and Fungi","floor":31.0,"turns":6.0},{"damage":68.0,"enemies":"Automaton","floor":33.0,"turns":11.0},{"damage":24.0,"enemies":"3 Shapes","floor":35.0,"turns":7.0},{"damage":83.0,"enemies":"2 Orb Walkers","floor":36.0,"turns":7.0},{"damage":6.0,"enemies":"3 Darklings","floor":39.0,"turns":4.0},{"damage":59.0,"enemies":"Jaw Worm Horde","floor":42.0,"turns":5.0},{"damage":1.0,"enemies":"4 Shapes","floor":45.0,"turns":10.0},{"damage":88.0,"enemies":"Transient","floor":46.0,"turns":5.0},{"damage":36,"enemies":"Reptomancer","floor":48,"turns":2}],"seed_played":"234417348543059194","potions_obtained":[{"floor":2.0,"key":"Strength Potion"},{"floor":2.0,"key":"PowerPotion"},{"floor":6.0,"key":"Block Potion"},{"floor":8.0,"key":"SkillPotion"},{"floor":11.0,"key":"EssenceOfSteel"},{"floor":14.0,"key":"Fire Potion"},{"floor":21.0,"key":"Strength Potion"},{"floor":24.0,"key":"PowerPotion"},{"floor":31.0,"key":"Block Potion"},{"floor":33.0,"key":"FairyPotion"},{"floor":38.0,"key":"Energy Potion"},{"floor":38.0,"key":"Swift Potion"},{"floor":39.0,"key":"Energy Potion"},{"floor":42.0,"key":"SteroidPotion"},{"floor":46.0,"key":"AttackPotion"}],"is_trial":false,"path_per_floor":["M","?","M","M","?","E","R","E","T","R","E","$","R","M","R","B",null,"M","M","$","M","M","R","E","R","T","M","R","M","M","M","R","B",null,"M","?","$","?","M","R","R","M","T","?","M","M","$","E"],"character_chosen":"THE_SILENT","items_purchased":["Footwork","Lee\u0027s Waffle","Dash+1","Dexterity Potion","FairyPotion","Vajra","Footwork","Fire Potion","EntropicBrew"],"campfire_rested":6,"item_purchase_floors":[12,12,12,20,20,37,37,37,47],"current_hp_per_floor":[55,55,55,51,40,21,40,30,30,30,20,73,73,67,67,72,83,72,56,56,21,10,34,12,36,36,29,53,58,66,40,64,10,65,53,40,40,40,44,73,73,26,26,97,97,23,23,0,0],"gold":0,"neow_bonus":"BOSS_RELIC","is_daily":false,"chose_seed":false,"campfire_upgraded":3,"win_rate":0.0,"timestamp":1613364742,"path_taken":["M","?","?","M","?","E","R","E","T","R","E","?","R","M","R","BOSS","M","M","$","?","M","R","E","R","T","?","R","M","M","M","R","BOSS","M","?","$","?","?","R","R","M","T","?","M","M","$","E"],"items_purchased_type":["Card","Relic","Card","Potion","Potion","Relic","Card","Potion","Potion"],"build_version":"2020-12-22","purchased_purges":1,"victory":false,"max_hp_per_floor":[66,66,66,66,66,66,66,66,66,66,66,73,73,73,73,73,83,83,83,83,83,83,83,83,83,83,83,83,83,83,83,83,83,83,83,97,97,97,97,97,97,97,97,97,97,97,97,97,97],"card_choices":[{"not_picked":["Dagger Spray","Calculated Gamble"],"picked":"Cloak And Dagger","floor":1.0},{"not_picked":["Crippling Poison","Escape Plan"],"picked":"Caltrops","floor":3.0},{"not_picked":["Acrobatics","Bane"],"picked":"Blade Dance","floor":4.0},{"not_picked":["Poisoned Stab","Flying Knee"],"picked":"Malaise","floor":6.0},{"not_picked":["Prepared","Caltrops"],"picked":"Accuracy","floor":8.0},{"not_picked":["Backflip","PiercingWail"],"picked":"Phantasmal Killer","floor":11.0},{"not_picked":["Cloak And Dagger","Deadly Poison"],"picked":"Accuracy","floor":14.0},{"not_picked":["Corpse Explosion","Night Terror"],"picked":"Venomology","floor":16.0},{"not_picked":["Dash+1","Sucker Punch+1"],"picked":"Blade Dance","floor":18.0},{"not_picked":["Bane+1","Prepared"],"picked":"Blade Dance","floor":19.0},{"not_picked":["Masterful Stab+1","Acrobatics","Heel Hook+1"],"picked":"SKIP","floor":21.0},{"not_picked":["Flechettes+1","Expertise"],"picked":"Accuracy","floor":22.0},{"not_picked":["Setup+1","Corpse Explosion"],"picked":"Blur+1","floor":24.0},{"not_picked":["Deadly Poison","Deflect"],"picked":"Noxious Fumes","floor":27.0},{"not_picked":["Slice+1","Distraction"],"picked":"Noxious Fumes","floor":29.0},{"not_picked":["Acrobatics","Poisoned Stab+1","Flechettes+1"],"picked":"SKIP","floor":30.0},{"not_picked":["Skewer+1","Prepared"],"picked":"PiercingWail","floor":31.0},{"not_picked":["Doppelganger","After Image"],"picked":"Bullet Time","floor":33.0},{"not_picked":["Dodge and Roll","Catalyst"],"picked":"Dash+1","floor":35.0},{"not_picked":["Quick Slash+1","Blade Dance"],"picked":"Accuracy","floor":36.0},{"not_picked":["Escape Plan","Skewer+1","Caltrops"],"picked":"SKIP","floor":39.0},{"not_picked":["Underhanded Strike+1","Flechettes+1","Noxious Fumes"],"picked":"SKIP","floor":42.0},{"not_picked":["Backflip","Quick Slash+1","Dash+1"],"picked":"SKIP","floor":45.0},{"not_picked":["Flying Knee+1","Cloak And Dagger","Outmaneuver+1"],"picked":"SKIP","floor":46.0}],"player_experience":1083383,"relics_obtained":[{"floor":6.0,"key":"MawBank"},{"floor":8.0,"key":"Molten Egg 2"},{"floor":11.0,"key":"Bird Faced Urn"},{"floor":17.0,"key":"PreservedInsect"},{"floor":17.0,"key":"Pear"},{"floor":17.0,"key":"Tough Bandages"},{"floor":24.0,"key":"WingedGreaves"},{"floor":26.0,"key":"Whetstone"},{"floor":36.0,"key":"Mango"},{"floor":43.0,"key":"CeramicFish"}],"event_choices":[{"damage_healed":0.0,"max_hp_gain":0.0,"max_hp_loss":0.0,"gold_gain":0.0,"event_name":"The Woman in Blue","player_choice":"Bought 2 Potions","floor":2.0,"gold_loss":0.0,"damage_taken":0.0},{"damage_healed":0.0,"max_hp_gain":0.0,"max_hp_loss":0.0,"gold_gain":75.0,"event_name":"World of Goop","player_choice":"Gather Gold","floor":5.0,"gold_loss":0.0,"damage_taken":11.0},{"damage_healed":0.0,"max_hp_gain":0.0,"max_hp_loss":0.0,"gold_gain":0.0,"event_name":"Mysterious Sphere","player_choice":"Fight","floor":36.0,"gold_loss":0.0,"damage_taken":0.0},{"damage_healed":0.0,"max_hp_gain":0.0,"max_hp_loss":0.0,"gold_gain":0.0,"event_name":"Lab","player_choice":"Got Potions","floor":38.0,"gold_loss":0.0,"damage_taken":0.0},{"damage_healed":71.0,"max_hp_gain":0.0,"max_hp_loss":0.0,"gold_gain":0.0,"event_name":"MindBloom","player_choice":"Heal","floor":44.0,"gold_loss":0.0,"damage_taken":0.0,"cards_obtained":["Doubt"]}],"is_beta":false,"boss_relics":[{"not_picked":["Snecko Eye","Pandora\u0027s Box"],"picked":"Calling Bell"},{"not_picked":["Astrolabe","Busted Crown"],"picked":"Cursed Key"}],"items_purged_floors":[37],"is_endless":false,"potions_floor_spawned":[6,8,11,14,21,24,31,33,39,42,46],"killed_by":"Reptomancer","ascension_level":14}}