{"host":"no5f9c6q31porkj5","time":1613400702,"event":{"mods":["BaseMod","Marisa£¨Ùöéë¡¡Øª×âÞÞ£©","Minty Spire (QoL Compilation)","StSLib","Td1madao Mod","The Cursed","The Gatherer","The Runesmith"],"gold_per_floor":[109,109,109,209,226,226,134,209,209,209,92,92,92,104,104,104,104],"floor_reached":16,"language":"KOR","playtime":300,"items_purged":[],"score":86,"play_id":"325d5dd0-e899-41d4-ab7e-58504202b47b","local_time":"20210215235142","daily_mods":["Vintage","Heirloom","Time Dilation","Flight"],"is_ascension_mode":false,"campfire_choices":[{"floor":6,"key":"REST"},{"data":"Panacea","floor":13,"key":"SMITH"},{"floor":15,"key":"REST"}],"circlet_count":0,"master_deck":["Strike_R","Strike_R","Strike_R+1","Strike_R","Strike_R","Defend_R","Defend_R","Defend_R","Defend_R+1","Panacea+1","Dark Embrace","Dramatic Entrance+1"],"relics":["Burning Blood","Calipers","Mummified Hand","Singing Bowl","Pantograph","Molten Egg 2","Dream Catcher"],"acts_visited":["Exordium"],"potions_floor_usage":[],"damage_taken":[{"damage":1,"enemies":"Jaw Worm","floor":1,"turns":4},{"damage":15,"enemies":"Small Slimes","floor":5,"turns":4},{"damage":0,"enemies":"2 Louse","floor":14,"turns":1},{"damage":76,"enemies":"Hexaghost","floor":16,"turns":13}],"seed_played":"6930246507373858540","potions_obtained":[{"floor":5,"key":"DuplicationPotion"}],"is_trial":true,"path_per_floor":["M","?","?","?","M","R","$","?","T","?","$","$","R","M","R","B"],"character_chosen":"IRONCLAD","items_purchased":["Panacea","Dark Embrace","Dramatic Entrance+1"],"campfire_rested":2,"item_purchase_floors":[7,11,11],"current_hp_per_floor":[80,64,57,57,48,72,72,61,61,61,61,61,61,67,82,6,6],"gold":104,"neow_bonus":"","is_daily":false,"chose_seed":false,"campfire_upgraded":1,"win_rate":0.0,"timestamp":1613400702,"path_taken":["M","?","?","?","?","R","$","?","T","?","$","$","R","M","R","BOSS"],"items_purchased_type":["Card","Card","Card"],"build_version":"2020-12-22","purchased_purges":0,"victory":false,"max_hp_per_floor":[80,80,80,80,80,80,80,80,80,80,80,80,80,80,82,82,82],"card_choices":[{"not_picked":["Power Through","Armaments","Flame Barrier"],"picked":"Singing Bowl","floor":15}],"player_experience":129653,"relics_obtained":[{"floor":1,"key":"Mummified Hand"},{"floor":5,"key":"Singing Bowl"},{"floor":9,"key":"Pantograph"},{"floor":14,"key":"Dream Catcher"}],"event_choices":[{"damage_healed":0,"gold_gain":0,"player_choice":"Entered Light","damage_taken":16,"max_hp_gain":0,"max_hp_loss":0,"event_name":"Shining Light","floor":2,"gold_loss":0,"cards_upgraded":["Strike_R","Defend_R"]},{"cards_removed":["Bash"],"damage_healed":0,"gold_gain":0,"player_choice":"Card Removal","damage_taken":7,"max_hp_gain":0,"max_hp_loss":0,"event_name":"Golden Wing","floor":3,"gold_loss":0},{"damage_healed":0,"gold_gain":100,"player_choice":"Pray","damage_taken":0,"max_hp_gain":0,"max_hp_loss":0,"event_name":"Golden Shrine","floor":4,"gold_loss":0},{"damage_healed":0,"gold_gain":75,"player_choice":"Gather Gold","damage_taken":11,"max_hp_gain":0,"max_hp_loss":0,"event_name":"World of Goop","floor":8,"gold_loss":0},{"damage_healed":0,"gold_gain":0,"player_choice":"Gave Potion","damage_taken":0,"relics_obtained":["Molten Egg 2"],"max_hp_gain":0,"max_hp_loss":0,"event_name":"WeMeetAgain","floor":10,"gold_loss":0}],"is_beta":false,"boss_relics":[],"items_purged_floors":[],"is_endless":true,"potions_floor_spawned":[5],"killed_by":"Hexaghost","ascension_level":0}}