{"host":"epc8efk9vrywpcsw","time":1613405901,"event":{"mods":["BaseMod","Minty Spire (QoL Compilation)","Relic Stats","StSLib"],"gold_per_floor":[109,10,85,85,104,104,139,139,187,204,232,260,101,127,127,206,206,177,190,190,85,96,96,129,129,156,189,203,223,255,265,265,337,337,356,356,370,370,387,387,418,418,418,178,222,31,58,86,86,86,86,86],"floor_reached":51,"language":"ENG","playtime":1252,"items_purged":["Strike_G"],"score":1793,"play_id":"8f4fb5ae-0efb-4a0f-8c89-64ae2fbc81c3","local_time":"20210215171821","is_ascension_mode":true,"campfire_choices":[{"data":"Blade Dance","floor":6.0,"key":"SMITH"},{"data":"Cloak And Dagger","floor":8.0,"key":"SMITH"},{"data":"Accuracy","floor":15.0,"key":"SMITH"},{"data":"Terror","floor":23.0,"key":"SMITH"},{"data":"Finisher","floor":25.0,"key":"SMITH"},{"floor":32.0,"key":"REST"},{"data":"Burst","floor":40.0,"key":"SMITH"},{"floor":42.0,"key":"REST"},{"data":"Cloak And Dagger","floor":49.0,"key":"SMITH"}],"circlet_count":0,"master_deck":["AscendersBane","Strike_G","Strike_G","Strike_G+1","Defend_G","Defend_G","Defend_G","Defend_G","Defend_G","Survivor","Neutralize+1","Quick Slash","Backstab","Blade Dance+1","Cloak And Dagger+1","Backstab","Finisher+1","Accuracy+1","Backstab","Heel Hook","Burst+1","Blade Dance","Terror+1","Dramatic Entrance","Backflip+1","Escape Plan","Cloak And Dagger+1","Endless Agony","Backstab"],"relics":["Ring of the Snake","NeowsBlessing","Incense Burner","Whetstone","Odd Mushroom","Toy Ornithopter","MealTicket","Black Star","Gremlin Horn","Bronze Scales","Du-Vu Doll","Tiny Chest","Orichalcum","Meat on the Bone","Boot","Akabeko","WristBlade","Mummified Hand","CeramicFish","Membership Card","Peace Pipe","Eternal Feather","Bottled Lightning","Lantern","Molten Egg 2","Art of War"],"acts_visited":["Exordium","TheCity","TheBeyond"],"potions_floor_usage":[50,50],"damage_taken":[{"damage":0.0,"enemies":"Jaw Worm","floor":1.0,"turns":1.0},{"damage":0.0,"enemies":"2 Louse","floor":5.0,"turns":1.0},{"damage":0.0,"enemies":"3 Sentries","floor":7.0,"turns":1.0},{"damage":0.0,"enemies":"Cultist","floor":10.0,"turns":2.0},{"damage":3.0,"enemies":"The Mushroom Lair","floor":11.0,"turns":3.0},{"damage":6.0,"enemies":"Gremlin Nob","floor":12.0,"turns":3.0},{"damage":4.0,"enemies":"3 Sentries","floor":14.0,"turns":4.0},{"damage":14.0,"enemies":"Slime Boss","floor":16.0,"turns":6.0},{"damage":12.0,"enemies":"2 Thieves","floor":18.0,"turns":4.0},{"damage":0.0,"enemies":"3 Byrds","floor":19.0,"turns":3.0},{"damage":18.0,"enemies":"Cultist and Chosen","floor":22.0,"turns":5.0},{"damage":13.0,"enemies":"Slavers","floor":24.0,"turns":3.0},{"damage":0.0,"enemies":"Gremlin Leader","floor":27.0,"turns":2.0},{"damage":0.0,"enemies":"Centurion and Healer","floor":28.0,"turns":2.0},{"damage":0.0,"enemies":"Snecko","floor":29.0,"turns":3.0},{"damage":1.0,"enemies":"Slavers","floor":30.0,"turns":2.0},{"damage":21.0,"enemies":"Snake Plant","floor":31.0,"turns":3.0},{"damage":48.0,"enemies":"Collector","floor":33.0,"turns":8.0},{"damage":0.0,"enemies":"3 Darklings","floor":35.0,"turns":2.0},{"damage":0.0,"enemies":"Orb Walker","floor":37.0,"turns":1.0},{"damage":4.0,"enemies":"3 Darklings","floor":39.0,"turns":3.0},{"damage":92.0,"enemies":"Giant Head","floor":41.0,"turns":7.0},{"damage":0.0,"enemies":"Nemesis","floor":45.0,"turns":1.0},{"damage":0.0,"enemies":"Reptomancer","floor":48.0,"turns":2.0},{"damage":52,"enemies":"Donu and Deca","floor":50,"turns":6},{"damage":38,"enemies":"Time Eater","floor":51,"turns":2}],"seed_played":"-8432044418002300075","potions_obtained":[{"floor":1.0,"key":"Swift Potion"},{"floor":11.0,"key":"LiquidMemories"},{"floor":14.0,"key":"EssenceOfSteel"},{"floor":16.0,"key":"SteroidPotion"},{"floor":19.0,"key":"Strength Potion"},{"floor":24.0,"key":"Fruit Juice"},{"floor":29.0,"key":"Energy Potion"},{"floor":31.0,"key":"FairyPotion"},{"floor":35.0,"key":"BlessingOfTheForge"},{"floor":41.0,"key":"SteroidPotion"},{"floor":45.0,"key":"FearPotion"},{"floor":48.0,"key":"Dexterity Potion"}],"is_trial":false,"path_per_floor":["M","$","?","?","M","R","E","R","T","M","?","E","$","E","R","B",null,"M","M","?","$","M","R","E","R","T","E","M","M","E","M","R","B",null,"M","?","M","?","M","R","E","R","T","$","E","$","T","E","R","B","B"],"character_chosen":"THE_SILENT","items_purchased":["Backstab","Blade Dance","Accuracy","Backstab","Dramatic Entrance","Membership Card","Endless Agony","Bottled Lightning","CultistPotion"],"campfire_rested":2,"item_purchase_floors":[2,2,13,13,21,44,44,46,46],"current_hp_per_floor":[59,59,48,48,48,48,48,48,48,48,45,39,39,35,35,26,56,44,44,44,59,41,41,33,33,33,33,43,43,42,33,54,23,59,59,59,59,59,55,55,33,54,54,69,71,71,71,71,71,31,0,0],"gold":86,"neow_bonus":"THREE_ENEMY_KILL","is_daily":false,"chose_seed":false,"campfire_upgraded":7,"win_rate":0.0,"timestamp":1613405901,"path_taken":["M","$","?","?","?","R","E","R","T","M","?","E","?","E","R","BOSS","M","M","?","?","?","R","E","R","T","E","M","M","E","M","R","BOSS","M","?","M","?","?","R","E","R","T","$","E","$","?","E","R","BOSS","BOSS"],"items_purchased_type":["Card","Card","Card","Card","Card","Relic","Card","Relic","Potion"],"build_version":"2020-12-22","purchased_purges":1,"victory":false,"max_hp_per_floor":[66,66,66,66,66,66,66,66,66,66,66,66,66,66,66,66,66,66,66,66,66,66,66,66,66,66,66,71,71,71,71,71,71,71,71,71,71,71,71,71,71,71,71,71,71,71,71,71,71,71,71,71],"relic_stats":{"Gremlin Horn":[22,21],"counters":[26,80],"CeramicFish":18,"Eternal Feather":0,"Whetstone":["Strike_G","Neutralize"],"Orichalcum":[30],"Boot":[2],"Peace Pipe":0,"Mummified Hand":[1],"Bronze Scales":[90],"MealTicket":30,"Tiny Chest":1,"Black Star":6,"Art of War":[0],"obtain_stats":[{"Lantern":47,"Gremlin Horn":20,"CeramicFish":41,"Incense Burner":7,"Whetstone":9,"Boot":30,"WristBlade":34,"Mummified Hand":41,"MealTicket":14,"Tiny Chest":26,"Ring of the Snake":0,"NeowsBlessing":0,"Eternal Feather":45,"Odd Mushroom":11,"Orichalcum":27,"Akabeko":30,"Du-Vu Doll":24,"Peace Pipe":45,"Bronze Scales":24,"Molten Egg 2":48,"Black Star":17,"Art of War":48,"Membership Card":44,"Bottled Lightning":46,"Toy Ornithopter":12,"Meat on the Bone":27},{"Lantern":23,"Gremlin Horn":10,"CeramicFish":22,"Incense Burner":3,"Whetstone":3,"Boot":16,"WristBlade":18,"Mummified Hand":22,"MealTicket":7,"Tiny Chest":12,"Ring of the Snake":0,"NeowsBlessing":0,"Eternal Feather":23,"Odd Mushroom":5,"Orichalcum":13,"Akabeko":16,"Du-Vu Doll":12,"Peace Pipe":23,"Bronze Scales":12,"Molten Egg 2":24,"Black Star":8,"Art of War":24,"Membership Card":22,"Bottled Lightning":23,"Toy Ornithopter":6,"Meat on the Bone":13},{"Lantern":70,"Gremlin Horn":28,"CeramicFish":69,"Incense Burner":3,"Whetstone":3,"Boot":45,"WristBlade":56,"Mummified Hand":69,"MealTicket":15,"Tiny Chest":36,"Ring of the Snake":0,"NeowsBlessing":0,"Eternal Feather":70,"Odd Mushroom":8,"Orichalcum":38,"Akabeko":45,"Du-Vu Doll":36,"Peace Pipe":70,"Bronze Scales":36,"Molten Egg 2":72,"Black Star":21,"Art of War":72,"Membership Card":69,"Bottled Lightning":70,"Toy Ornithopter":11,"Meat on the Bone":38}],"Toy Ornithopter":22,"Ring of the Snake":[53],"Meat on the Bone":48},"card_choices":[{"not_picked":["Reflex","Crippling Poison"],"picked":"Quick Slash","floor":1.0},{"not_picked":["Flechettes","Backflip","Concentrate"],"picked":"SKIP","floor":5.0},{"not_picked":["Tactician","Infinite Blades"],"picked":"Cloak And Dagger","floor":7.0},{"not_picked":["Blur","PiercingWail"],"picked":"Backstab","floor":10.0},{"not_picked":["Bane","Quick Slash"],"picked":"Finisher","floor":11.0},{"not_picked":["Dagger Throw","Heel Hook","Acrobatics"],"picked":"SKIP","floor":12.0},{"not_picked":["Noxious Fumes","Acrobatics"],"picked":"Heel Hook","floor":14.0},{"not_picked":["Die Die Die","Bullet Time"],"picked":"Burst","floor":16.0},{"not_picked":["Dodge and Roll+1","Choke"],"picked":"Blade Dance","floor":18.0},{"not_picked":["Flying Knee","Dagger Throw"],"picked":"Terror","floor":19.0},{"not_picked":["Heel Hook+1","Acrobatics","Sucker Punch"],"picked":"SKIP","floor":22.0},{"not_picked":["Poisoned Stab+1","Quick Slash","Outmaneuver"],"picked":"SKIP","floor":24.0},{"not_picked":["Flechettes","Distraction","Glass Knife"],"picked":"SKIP","floor":27.0},{"not_picked":["Acrobatics","Expertise","Riddle With Holes"],"picked":"SKIP","floor":28.0},{"not_picked":["Dagger Throw","Dagger Spray","Leg Sweep"],"picked":"SKIP","floor":29.0},{"not_picked":["Expertise","Leg Sweep","Catalyst"],"picked":"SKIP","floor":30.0},{"not_picked":["Slice","Sucker Punch"],"picked":"Backflip+1","floor":31.0},{"not_picked":["Blur","Quick Slash"],"picked":"Escape Plan","floor":35.0},{"not_picked":["Quick Slash","Sucker Punch"],"picked":"Cloak And Dagger","floor":37.0},{"not_picked":["Reflex+1","Acrobatics","Prepared"],"picked":"SKIP","floor":39.0},{"not_picked":["Grand Finale","Flying Knee+1","Slice"],"picked":"SKIP","floor":41.0},{"not_picked":["Predator","Prepared"],"picked":"Backstab","floor":45.0},{"not_picked":["Dodge and Roll","A Thousand Cuts","Slice+1"],"picked":"SKIP","floor":48.0}],"player_experience":533424,"relics_obtained":[{"floor":7.0,"key":"Incense Burner"},{"floor":9.0,"key":"Whetstone"},{"floor":11.0,"key":"Odd Mushroom"},{"floor":12.0,"key":"Toy Ornithopter"},{"floor":14.0,"key":"MealTicket"},{"floor":24.0,"key":"Bronze Scales"},{"floor":24.0,"key":"Du-Vu Doll"},{"floor":26.0,"key":"Tiny Chest"},{"floor":27.0,"key":"Orichalcum"},{"floor":27.0,"key":"Meat on the Bone"},{"floor":30.0,"key":"Boot"},{"floor":30.0,"key":"Akabeko"},{"floor":41.0,"key":"Mummified Hand"},{"floor":41.0,"key":"CeramicFish"},{"floor":45.0,"key":"Peace Pipe"},{"floor":45.0,"key":"Eternal Feather"},{"floor":47.0,"key":"Lantern"},{"floor":48.0,"key":"Molten Egg 2"},{"floor":48.0,"key":"Art of War"}],"event_choices":[{"damage_healed":0.0,"max_hp_gain":0.0,"max_hp_loss":0.0,"gold_gain":75.0,"event_name":"World of Goop","player_choice":"Gather Gold","floor":3.0,"gold_loss":0.0,"damage_taken":11.0},{"cards_removed":["Strike_G"],"damage_healed":0.0,"max_hp_gain":0.0,"max_hp_loss":0.0,"gold_gain":0.0,"event_name":"Purifier","player_choice":"Purged","floor":4.0,"gold_loss":0.0,"damage_taken":0.0},{"damage_healed":0.0,"max_hp_gain":0.0,"max_hp_loss":0.0,"gold_gain":0.0,"event_name":"Mushrooms","player_choice":"Fought Mushrooms","floor":11.0,"gold_loss":0.0,"damage_taken":0.0},{"damage_healed":0.0,"max_hp_gain":0.0,"max_hp_loss":0.0,"gold_gain":0.0,"event_name":"WeMeetAgain","player_choice":"Gave Potion","floor":20.0,"gold_loss":0.0,"damage_taken":0.0,"relics_obtained":["Gremlin Horn"]},{"damage_healed":0.0,"max_hp_gain":0.0,"max_hp_loss":0.0,"gold_gain":0.0,"event_name":"Tomb of Lord Red Mask","player_choice":"Ignored","floor":36.0,"gold_loss":0.0,"damage_taken":0.0},{"damage_healed":0.0,"max_hp_gain":0.0,"max_hp_loss":0.0,"gold_gain":0.0,"event_name":"SecretPortal","player_choice":"Ignored","floor":38.0,"gold_loss":0.0,"damage_taken":0.0}],"is_beta":false,"boss_relics":[{"not_picked":["Velvet Choker","Runic Pyramid"],"picked":"Black Star"},{"not_picked":["SlaversCollar","Fusion Hammer"],"picked":"WristBlade"}],"items_purged_floors":[44],"is_endless":false,"potions_floor_spawned":[1,11,14,16,18,19,24,29,31,35,41,45,48],"killed_by":"Time Eater","ascension_level":20}}