{"host":"f5gffvlv6a66yqkd","time":1613371125,"event":{"mods":["2.2 Compatiblity","BaseMod","Colored Map","Custom Start","DeckTracker","Keyboard Shortcuts","Minty Spire (QoL Compilation)","Permanent Neow","Quick Restart","Relic Stats","StSLib","SuperFastMode"],"gold_per_floor":[119,294,308,89,101,101,114,114,138,138,167,167,199,274,274,375,375,395,427,342,282,292,292,2,21,21,40,40,56,90,104,104,201,201,218,218,238,66,66,66,85,112,112,140,150,200,200,500,500,500,500,500,232,262,262],"floor_reached":56,"language":"KOR","playtime":1612,"items_purged":["Doubt","Defend_P","Defend_P"],"score":1790,"play_id":"718bd5d3-ed67-428d-95c5-135ec5fd9533","local_time":"20210215153845","is_ascension_mode":true,"campfire_choices":[{"data":"Eruption","floor":6.0,"key":"SMITH"},{"data":"Adaptation","floor":8.0,"key":"SMITH"},{"data":"ForeignInfluence","floor":10.0,"key":"SMITH"},{"data":"EmptyBody","floor":12.0,"key":"SMITH"},{"data":"FlurryOfBlows","floor":15.0,"key":"SMITH"},{"data":"WheelKick","floor":23.0,"key":"SMITH"},{"data":"Enlightenment","floor":32.0,"key":"SMITH"},{"data":"Adaptation","floor":40.0,"key":"SMITH"},{"data":"Ragnarok","floor":47.0,"key":"SMITH"},{"floor":49.0,"key":"RECALL"},{"data":"Wallop","floor":52.0,"key":"SMITH"}],"circlet_count":0,"master_deck":["Eruption+1","Vigilance","EmptyBody+1","ForeignInfluence+1","Adaptation+1","Consecrate","FlurryOfBlows+1","Vault","WheelKick+1","Brilliance","InnerPeace","Wallop+1","Enlightenment+1","MentalFortress","Ragnarok+1","MentalFortress","Adaptation+1","Adaptation+1","FearNoEvil+1","Tantrum","DeusExMachina"],"relics":["PureWater","TheAbacus","Vajra","Damaru","MealTicket","Empty Cage","Oddly Smooth Stone","Prayer Wheel","Lantern","Cursed Key","Pen Nib","Art of War","Thread and Needle","Orrery","Anchor"],"acts_visited":["Exordium","TheCity","TheBeyond","TheEnding"],"potions_floor_usage":[55,55,55,55,55],"damage_taken":[{"damage":0.0,"enemies":"Small Slimes","floor":1.0,"turns":2.0},{"damage":5.0,"enemies":"Jaw Worm","floor":3.0,"turns":4.0},{"damage":0.0,"enemies":"Cultist","floor":5.0,"turns":2.0},{"damage":10.0,"enemies":"Lots of Slimes","floor":7.0,"turns":5.0},{"damage":1.0,"enemies":"Lagavulin","floor":11.0,"turns":4.0},{"damage":3.0,"enemies":"3 Sentries","floor":13.0,"turns":3.0},{"damage":0.0,"enemies":"Hexaghost","floor":16.0,"turns":5.0},{"damage":0.0,"enemies":"Chosen","floor":18.0,"turns":3.0},{"damage":12.0,"enemies":"2 Thieves","floor":19.0,"turns":3.0},{"damage":0.0,"enemies":"Snecko","floor":22.0,"turns":3.0},{"damage":5.0,"enemies":"Shelled Parasite and Fungi","floor":25.0,"turns":3.0},{"damage":4.0,"enemies":"Centurion and Healer","floor":27.0,"turns":3.0},{"damage":0.0,"enemies":"3 Cultists","floor":29.0,"turns":3.0},{"damage":3.0,"enemies":"Slavers","floor":30.0,"turns":7.0},{"damage":0.0,"enemies":"Sentry and Sphere","floor":31.0,"turns":2.0},{"damage":0.0,"enemies":"Collector","floor":33.0,"turns":6.0},{"damage":6.0,"enemies":"Orb Walker","floor":35.0,"turns":3.0},{"damage":0.0,"enemies":"3 Shapes","floor":37.0,"turns":3.0},{"damage":0.0,"enemies":"Sphere and 2 Shapes","floor":41.0,"turns":4.0},{"damage":0.0,"enemies":"Nemesis","floor":42.0,"turns":4.0},{"damage":0.0,"enemies":"Giant Head","floor":44.0,"turns":6.0},{"damage":0.0,"enemies":"Spire Growth","floor":45.0,"turns":4.0},{"damage":0.0,"enemies":"Mind Bloom Boss Battle","floor":46.0,"turns":2.0},{"damage":12.0,"enemies":"Awakened One","floor":50.0,"turns":7.0},{"damage":0.0,"enemies":"Shield and Spear","floor":54.0,"turns":3.0},{"damage":54,"enemies":"The Heart","floor":55,"turns":7}],"seed_played":"2070110686505948160","potions_obtained":[{"floor":3.0,"key":"Block Potion"},{"floor":5.0,"key":"Fire Potion"},{"floor":7.0,"key":"Swift Potion"},{"floor":16.0,"key":"DuplicationPotion"},{"floor":18.0,"key":"EntropicBrew"},{"floor":27.0,"key":"ColorlessPotion"},{"floor":30.0,"key":"Energy Potion"},{"floor":35.0,"key":"DistilledChaos"},{"floor":37.0,"key":"SkillPotion"},{"floor":54.0,"key":"StancePotion"}],"is_trial":false,"path_per_floor":["M","?","M","$","M","R","M","R","T","R","E","R","E","?","R","B",null,"M","M","?","?","M","R","$","M","T","M","?","M","E","M","R","B",null,"M","?","M","$","?","R","M","E","T","E","M","?","R","?","R","B",null,"R","$","E","B",null],"character_chosen":"WATCHER","items_purchased":["TheAbacus","Prayer Wheel","Adaptation","Orrery"],"campfire_rested":0,"item_purchase_floors":[4,24,38,53],"current_hp_per_floor":[47,47,42,42,42,42,32,32,32,32,31,31,28,17,17,17,58,58,46,46,46,46,46,61,56,56,52,52,52,49,49,49,49,66,60,60,60,72,72,72,72,72,72,72,72,72,72,72,72,60,69,69,72,72,18],"gold":262,"neow_bonus":"REMOVE_TWO","is_daily":false,"chose_seed":false,"campfire_upgraded":10,"win_rate":0.0,"timestamp":1613371125,"path_taken":["M","?","M","$","M","R","M","R","T","R","E","R","E","?","R","BOSS","M","M","?","?","?","R","?","M","T","M","?","?","E","M","R","BOSS","M","?","M","$","?","R","M","E","T","E","M","?","R","?","R","BOSS","R","$","E","BOSS"],"items_purchased_type":["Relic","Relic","Card","Relic"],"build_version":"2020-12-22","purchased_purges":3,"victory":true,"max_hp_per_floor":[72,72,72,72,72,72,72,72,72,72,72,72,72,72,72,72,72,72,72,72,72,72,72,72,72,72,72,72,72,72,72,72,72,72,72,72,72,72,72,72,72,72,72,72,72,72,72,72,72,72,72,72,72,72,72],"relic_stats":{"TheAbacus":[192],"counters":[26,101],"MealTicket":30,"Prayer Wheel":9,"Pen Nib":[12],"Art of War":[1],"Cursed Key":0,"obtain_stats":[{"Lantern":30,"Vajra":9,"Damaru":11,"Oddly Smooth Stone":20,"Thread and Needle":46,"Pen Nib":42,"Empty Cage":17,"Cursed Key":34,"Anchor":54,"TheAbacus":4,"Orrery":53,"MealTicket":13,"Prayer Wheel":24,"Art of War":44,"PureWater":0},{"Lantern":14,"Vajra":4,"Damaru":5,"Oddly Smooth Stone":9,"Thread and Needle":23,"Pen Nib":20,"Empty Cage":7,"Cursed Key":16,"Anchor":25,"TheAbacus":2,"Orrery":24,"MealTicket":6,"Prayer Wheel":10,"Art of War":21,"PureWater":0},{"Lantern":50,"Vajra":13,"Damaru":17,"Oddly Smooth Stone":31,"Thread and Needle":84,"Pen Nib":72,"Empty Cage":25,"Cursed Key":58,"Anchor":94,"TheAbacus":6,"Orrery":91,"MealTicket":20,"Prayer Wheel":34,"Art of War":78,"PureWater":0}]},"card_choices":[{"not_picked":["ClearTheMind","Crescendo"],"picked":"EmptyBody","floor":1.0},{"not_picked":["BattleHymn","ThirdEye"],"picked":"ForeignInfluence","floor":3.0},{"not_picked":["ClearTheMind","BowlingBash"],"picked":"Adaptation","floor":5.0},{"not_picked":["CrushJoints","Evaluate","PathToVictory"],"picked":"SKIP","floor":7.0},{"not_picked":["ThirdEye","Wireheading"],"picked":"Consecrate","floor":11.0},{"not_picked":["Wireheading","Indignation"],"picked":"FlurryOfBlows","floor":13.0},{"not_picked":["Devotion","Judgement"],"picked":"Vault","floor":16.0},{"not_picked":["BowlingBash","Protect","BattleHymn"],"picked":"SKIP","floor":18.0},{"not_picked":["Conclude","Nirvana+1","Protect"],"picked":"SKIP","floor":19.0},{"not_picked":["Fasting2","CrushJoints"],"picked":"InnerPeace","floor":22.0},{"not_picked":["FlurryOfBlows","Crescendo","PathToVictory"],"picked":"SKIP","floor":25.0},{"not_picked":["JustLucky","FollowUp","FlurryOfBlows"],"picked":"SKIP","floor":25.0},{"not_picked":["SashWhip","EmptyBody"],"picked":"Wallop","floor":27.0},{"not_picked":["Protect","JustLucky+1","SashWhip"],"picked":"SKIP","floor":27.0},{"not_picked":["ThirdEye+1","Prostrate","Halt"],"picked":"SKIP","floor":29.0},{"not_picked":["Halt","SashWhip","ThirdEye"],"picked":"SKIP","floor":29.0},{"not_picked":["Omniscience","ClearTheMind"],"picked":"Ragnarok","floor":30.0},{"not_picked":["Conclude","JustLucky+1"],"picked":"TalkToTheHand","floor":31.0},{"not_picked":["EmptyFist+1","FollowUp","Halt+1"],"picked":"SKIP","floor":31.0},{"not_picked":["JustLucky","SignatureMove"],"picked":"MentalFortress","floor":35.0},{"not_picked":["FlyingSleeves","Indignation+1","Prostrate+1"],"picked":"SKIP","floor":35.0},{"not_picked":["BowlingBash","Swivel+1","TalkToTheHand+1"],"picked":"SKIP","floor":37.0},{"not_picked":["Crescendo+1","DeceiveReality","EmptyMind"],"picked":"SKIP","floor":37.0},{"not_picked":["CarveReality+1","InnerPeace+1"],"picked":"Adaptation+1","floor":41.0},{"not_picked":["Protect","EmptyBody+1","Perseverance"],"picked":"SKIP","floor":41.0},{"not_picked":["Consecrate+1","EmptyMind+1"],"picked":"FearNoEvil+1","floor":42.0},{"not_picked":["CutThroughFate+1","SignatureMove+1","Fasting2+1"],"picked":"SKIP","floor":44.0},{"not_picked":["EmptyMind+1","Worship","JustLucky"],"picked":"SKIP","floor":45.0},{"not_picked":["Prostrate+1","ClearTheMind+1","FlurryOfBlows"],"picked":"SKIP","floor":45.0},{"not_picked":["WindmillStrike+1","DeceiveReality"],"picked":"Tantrum","floor":53.0},{"not_picked":["SashWhip","EmptyBody+1"],"picked":"DeusExMachina","floor":54.0}],"player_experience":1471140,"relics_obtained":[{"floor":9.0,"key":"Vajra"},{"floor":11.0,"key":"Damaru"},{"floor":13.0,"key":"MealTicket"},{"floor":30.0,"key":"Lantern"},{"floor":42.0,"key":"Pen Nib"},{"floor":44.0,"key":"Art of War"},{"floor":46.0,"key":"Thread and Needle"},{"floor":54.0,"key":"Anchor"}],"event_choices":[{"damage_healed":0.0,"max_hp_gain":0.0,"max_hp_loss":0.0,"gold_gain":175.0,"event_name":"Liars Game","player_choice":"AGREE","floor":2.0,"gold_loss":0.0,"damage_taken":0.0,"cards_obtained":["Doubt"]},{"damage_healed":0.0,"max_hp_gain":0.0,"max_hp_loss":0.0,"gold_gain":75.0,"event_name":"World of Goop","player_choice":"Gather Gold","floor":14.0,"gold_loss":0.0,"damage_taken":11.0},{"damage_healed":0.0,"max_hp_gain":0.0,"max_hp_loss":0.0,"gold_gain":0.0,"event_name":"Addict","player_choice":"Obtained Relic","floor":20.0,"gold_loss":85.0,"damage_taken":0.0,"relics_obtained":["Oddly Smooth Stone"]},{"damage_healed":0.0,"max_hp_gain":0.0,"max_hp_loss":0.0,"gold_gain":0.0,"cards_transformed":["Strike_P","Strike_P"],"event_name":"Designer","player_choice":"Transformed Cards","floor":21.0,"gold_loss":60.0,"damage_taken":0.0,"cards_obtained":["WheelKick","Brilliance"]},{"damage_healed":0.0,"max_hp_gain":0.0,"max_hp_loss":0.0,"gold_gain":0.0,"event_name":"Match and Keep!","player_choice":"2 cards matched","floor":28.0,"gold_loss":0.0,"damage_taken":0.0,"cards_obtained":["Enlightenment","MentalFortress"]},{"damage_healed":0.0,"max_hp_gain":0.0,"max_hp_loss":0.0,"gold_gain":0.0,"event_name":"Tomb of Lord Red Mask","player_choice":"Ignored","floor":36.0,"gold_loss":0.0,"damage_taken":0.0},{"cards_removed":["TalkToTheHand"],"damage_healed":0.0,"max_hp_gain":0.0,"max_hp_loss":0.0,"gold_gain":0.0,"event_name":"Falling","player_choice":"Removed Attack","floor":39.0,"gold_loss":0.0,"damage_taken":0.0},{"damage_healed":0.0,"max_hp_gain":0.0,"max_hp_loss":0.0,"gold_gain":0.0,"event_name":"MindBloom","player_choice":"Fight","floor":46.0,"gold_loss":0.0,"damage_taken":0.0},{"damage_healed":0.0,"max_hp_gain":0.0,"max_hp_loss":0.0,"gold_gain":300.0,"event_name":"Wheel of Change","player_choice":"Gold","floor":48.0,"gold_loss":0.0,"damage_taken":0.0}],"is_beta":false,"boss_relics":[{"not_picked":["Snecko Eye","Black Star"],"picked":"Empty Cage"},{"not_picked":["Fusion Hammer","Pandora\u0027s Box"],"picked":"Cursed Key"}],"items_purged_floors":[4,38,53],"is_endless":false,"potions_floor_spawned":[3,5,7,16,18,19,27,30,35,37,44,54],"ascension_level":7}}