{"host":"jkgg7n5hn1slsm35","time":1613376466,"event":{"mods":["Aspiration","BaseMod","BetterRewards","Conspire","Googly Eyes","Gremlin Skip","Halation","Highlight Path","Hubris","Infinite Spire","Minty Spire (QoL Compilation)","Permanent Neow","StSLib","SuperFastMode"],"gold_per_floor":[114,114,39,39,39,39,39,58,58,63,63,63,63,63,63,188,188,177,177,177,177,177,177,177,127,152,152,152,215,215,340,340,465,465,484,484,547,547,197,197,197,197,272,272,310,310,310,88,88,138],"floor_reached":51,"language":"ENG","playtime":776,"items_purged":["Strike_R","Injury","Bash+1"],"score":668,"play_id":"872bd8ab-4809-4320-85fe-24d27c569282","local_time":"20210215090746","daily_mods":["Heirloom","Flight","Night Terrors"],"is_ascension_mode":false,"campfire_choices":[{"data":"Defend_R","floor":6,"key":"SMITH"},{"data":"Body Slam","floor":11,"key":"SMITH"},{"data":"Inflame","floor":12,"key":"SMITH"},{"data":"Defend_R","floor":13,"key":"SMITH"},{"data":"Defend_R","floor":15,"key":"SMITH"},{"data":"Barricade","floor":23,"key":"SMITH"},{"data":"Twin Strike","floor":24,"key":"SMITH"},{"data":"Bash","floor":27,"key":"SMITH"},{"floor":30,"key":"REST"},{"floor":32,"key":"REST"},{"data":"Juggernaut","floor":40,"key":"SMITH"},{"floor":47,"key":"REST"},{"floor":49,"key":"REST"}],"circlet_count":0,"master_deck":["Strike_R+1","Strike_R+1","Strike_R+1","Strike_R+1","Defend_R+1","Defend_R+1","Defend_R+1","Inflame+1","Body Slam+1","Barricade+1","Twin Strike+1","Body Slam+1","Juggernaut+1","Body Slam+1","Rampage+1"],"relics":["Burning Blood","aspiration:HatOfInfinitePower","Golden Idol","Juzu Bracelet","Toy Ornithopter","Toxic Egg 2","MutagenicStrength","halation:EternalFortune","hubris:ChampionShield","aspiration:Nostalgia","infinitespire:DarkRift","Tiny House","Calipers","Pear","conspire:SpecialSausage","Incense Burner","Molten Egg 2","hubris:Icosahedron","Bottled Flame","hubris:MobiusCoin","aspiration:ChemicalBlood","CeramicFish"],"acts_visited":["Exordium","TheCity","TheBeyond"],"potions_floor_usage":[10,16,31,50,50,50],"damage_taken":[{"damage":7,"enemies":"2 Louse","floor":1,"turns":3},{"damage":0,"enemies":"Jaw Worm","floor":8,"turns":4},{"damage":22,"enemies":"conspire:MimicChest","floor":10,"turns":6},{"damage":40,"enemies":"Hexaghost","floor":16,"turns":11},{"damage":16,"enemies":"2 Thieves","floor":18,"turns":4},{"damage":20,"enemies":"Colosseum Slavers","floor":31,"turns":4},{"damage":4,"enemies":"Colosseum Nobs","floor":31,"turns":3},{"damage":53,"enemies":"Automaton","floor":33,"turns":12},{"damage":16,"enemies":"3 Shapes","floor":35,"turns":3},{"damage":0,"enemies":"Mind Bloom Boss Battle","floor":37,"turns":5},{"damage":47,"enemies":"Nemesis","floor":45,"turns":7},{"damage":52,"enemies":"Time Eater","floor":50,"turns":10}],"seed_played":"5535013652570512859","potions_obtained":[{"floor":1,"key":"Fire Potion"},{"floor":10,"key":"Block Potion"},{"floor":16,"key":"Weak Potion"},{"floor":18,"key":"ColorlessPotion"},{"floor":29,"key":"infinitespire:BlackPotion"},{"floor":33,"key":"SkillPotion"}],"is_trial":false,"path_per_floor":["M","?","$","?","?","R","$","M","T","?","R","R","R","?","R","B",null,"M","?","?","?","?","R","R","?","T","R","?","AVR","R","?","R","B",null,"M","?","?","?","$","R","?","?","T","?","E","T","R","$","R","B",null],"character_chosen":"IRONCLAD","items_purchased":["Molten Egg 2","Rampage+1","CeramicFish"],"campfire_rested":4,"item_purchase_floors":[39,48,48],"current_hp_per_floor":[79,79,79,79,74,74,74,74,74,58,58,58,58,58,58,29,74,64,64,64,67,67,67,67,67,67,67,72,77,77,80,82,35,82,72,72,78,81,81,81,81,81,81,81,40,40,76,76,71,26],"gold":138,"neow_bonus":"","is_daily":true,"chose_seed":false,"campfire_upgraded":9,"win_rate":0.0,"timestamp":1613376466,"path_taken":["M","?","$","?","?","R","?","?","T","?","R","R","R","?","R","BOSS","M","?","?","?","?","R","R","?","T","R","?","AVR","R","?","R","BOSS","M","?","?","?","$","R","?","?","T","?","E","?","R","$","R","BOSS"],"items_purchased_type":["Relic","Card","Relic"],"build_version":"2020-12-22","purchased_purges":3,"victory":true,"max_hp_per_floor":[80,80,80,80,74,74,74,74,74,74,74,74,74,74,74,74,74,74,74,74,77,77,77,77,77,77,77,77,82,77,87,82,82,82,82,78,78,81,81,81,81,81,81,81,81,81,76,76,71,71],"card_choices":[{"not_picked":["Sever Soul","Wild Strike","Flame Barrier"],"picked":"SKIP","floor":1},{"not_picked":["Cleave","Wild Strike"],"picked":"Inflame","floor":8},{"not_picked":["Clash","Perfected Strike"],"picked":"Body Slam","floor":10},{"not_picked":["Feed","Immolate"],"picked":"Barricade","floor":16},{"not_picked":["Headbutt","Reckless Charge+1"],"picked":"Twin Strike","floor":18},{"not_picked":["Bludgeon","Immolate"],"picked":"Juggernaut","floor":33},{"not_picked":["Thunderclap+1","True Grit+1","Sword Boomerang"],"picked":"SKIP","floor":35},{"not_picked":["Clash+1","Feel No Pain+1"],"picked":"Body Slam+1","floor":45}],"player_experience":1855312,"relics_obtained":[{"floor":9,"key":"Juzu Bracelet"},{"floor":10,"key":"Toy Ornithopter"},{"floor":26,"key":"hubris:ChampionShield"},{"floor":31,"key":"Calipers"},{"floor":31,"key":"Pear"},{"floor":37,"key":"Incense Burner"},{"floor":43,"key":"Bottled Flame"},{"floor":45,"key":"hubris:MobiusCoin"},{"floor":46,"key":"aspiration:ChemicalBlood"}],"event_choices":[{"damage_healed":0,"gold_gain":0,"player_choice":"Ignored","damage_taken":0,"max_hp_gain":0,"max_hp_loss":0,"event_name":"Liars Game","floor":4,"gold_loss":0},{"damage_healed":0,"gold_gain":0,"player_choice":"Lose Max HP","damage_taken":0,"relics_obtained":["Golden Idol"],"max_hp_gain":0,"max_hp_loss":6,"event_name":"Golden Idol","floor":5,"gold_loss":0},{"damage_healed":0,"gold_gain":0,"player_choice":"Inject Mutagens","damage_taken":0,"relics_obtained":["MutagenicStrength"],"max_hp_gain":0,"max_hp_loss":0,"event_name":"Drug Dealer","floor":19,"gold_loss":0},{"damage_healed":0,"gold_gain":0,"player_choice":"Simplicity","damage_taken":0,"max_hp_gain":0,"max_hp_loss":0,"event_name":"Back to Basics","floor":20,"gold_loss":0,"cards_upgraded":["Strike_R","Strike_R","Strike_R","Strike_R","Defend_R"]},{"damage_healed":0,"gold_gain":0,"player_choice":"Copied","damage_taken":0,"max_hp_gain":0,"max_hp_loss":0,"event_name":"Duplicator","floor":22,"gold_loss":0,"cards_obtained":["Body Slam"]},{"damage_healed":0,"gold_gain":0,"player_choice":"Invest 1","damage_taken":0,"max_hp_gain":0,"max_hp_loss":0,"event_name":"conspire:Investor","floor":25,"gold_loss":0},{"cards_removed":["conspire:SpireCoStock"],"damage_healed":5,"gold_gain":0,"player_choice":"Offered Special","damage_taken":0,"max_hp_gain":0,"max_hp_loss":0,"event_name":"Bonfire Elementals","floor":28,"gold_loss":0},{"damage_healed":0,"gold_gain":0,"player_choice":"Fight","damage_taken":0,"max_hp_gain":0,"max_hp_loss":0,"event_name":"Colosseum","floor":31,"gold_loss":0},{"damage_healed":0,"gold_gain":0,"player_choice":"Fought Nobs","damage_taken":0,"max_hp_gain":0,"max_hp_loss":0,"event_name":"Colosseum","floor":31,"gold_loss":0},{"damage_healed":0,"gold_gain":0,"player_choice":"Max HP","damage_taken":0,"max_hp_gain":0,"max_hp_loss":4,"event_name":"Winding Halls","floor":36,"gold_loss":0},{"damage_healed":0,"gold_gain":0,"player_choice":"Fight","damage_taken":0,"max_hp_gain":0,"max_hp_loss":0,"event_name":"MindBloom","floor":37,"gold_loss":0},{"cards_removed":["Defend_R"],"damage_healed":0,"gold_gain":0,"player_choice":"Removed Skill","damage_taken":0,"max_hp_gain":0,"max_hp_loss":0,"event_name":"Falling","floor":42,"gold_loss":0}],"is_beta":false,"boss_relics":[{"not_picked":["hubris:GrandSneckoEye","Cursed Key","halation:Risk"]},{"not_picked":["aspiration:RunicSpoon","aspiration:PoetsPen_weak"],"picked":"conspire:SpecialSausage"}],"items_purged_floors":[3,29,39],"is_endless":false,"potions_floor_spawned":[1,10,16,18,33],"ascension_level":0}}