{"host":"cpsutu8lprjuipd6","time":1613402165,"event":{"mods":["BaseMod","Colored Map","Minty Spire (QoL Compilation)","Permanent Neow","StSLib","SuperFastMode","The Bug Knight","Together in Spire"],"gold_per_floor":[128,128,128,412,46,84,113,142,142,183,206,234,234,259,259,364,364,393,93,120,149,132,132,171,191,191,215,215,215,215,240,240,240,240],"floor_reached":33,"language":"KOR","playtime":2016,"items_purged":["Regret"],"score":279,"play_id":"941f8f10-e9a0-4d6e-af19-84ba89e9a7e6","local_time":"20210216001605","is_ascension_mode":false,"campfire_choices":[{"floor":13,"key":"REST"},{"data":"HollowMod:NailStrikeStart","floor":15,"key":"PURGE"},{"floor":23,"key":"REST"},{"floor":28,"key":"REST"},{"floor":30,"key":"REST"},{"data":"HollowMod:ZotesMagnificence","floor":32,"key":"SMITH"}],"circlet_count":0,"master_deck":["HollowMod:NailStrikeStart","HollowMod:NailStrikeStart","HollowMod:NailStrikeStart","HollowMod:QuickDashStart","HollowMod:QuickDashStart","HollowMod:QuickDashStart","HollowMod:QuickDashStart","HollowMod:FocusHealStart","HollowMod:PogoStrike","HollowMod:InfectedAttack","HollowMod:InfectedAttack","HollowMod:NewJinnsSoul","HollowMod:HerrahsAnger","HollowMod:Grubsong","HollowMod:InfectionAssault","HollowMod:SiblingsSouls","HollowMod:SoulSplash","HollowMod:QuirrelsAssistance","HollowMod:QuirrelsAssistance","HollowMod:ZotesMagnificence+1","HollowMod:DashSlash+1","HollowMod:AwokenDreamNail","HollowMod:NewLittleFool","HollowMod:LifebloodCocoon","HollowMod:DoubleDash","HollowMod:SoulVessel","HollowMod:GrimmsGift","HollowMod:HowlingWraiths","HollowMod:MonomonsArchive"],"relics":["HollowMod:KingsSoulRelic","CeramicFish","Eternal Feather","Mercury Hourglass","Peace Pipe","Vajra","HollowMod:KingsBrand","PreservedInsect","Sundial","Letter Opener"],"acts_visited":["Exordium","TheCity"],"potions_floor_usage":[18,33,33],"damage_taken":[{"damage":0,"enemies":"2 Louse","floor":1,"turns":2},{"damage":23,"enemies":"Gremlin Nob","floor":6,"turns":4},{"damage":10,"enemies":"Small Slimes","floor":7,"turns":3},{"damage":0,"enemies":"Cultist","floor":8,"turns":3},{"damage":9,"enemies":"Lagavulin","floor":10,"turns":6},{"damage":6,"enemies":"2 Fungi Beasts","floor":11,"turns":3},{"damage":15,"enemies":"Gremlin Gang","floor":12,"turns":3},{"damage":0,"enemies":"3 Louse","floor":14,"turns":2},{"damage":62,"enemies":"The Guardian","floor":16,"turns":9},{"damage":20,"enemies":"2 Thieves","floor":18,"turns":3},{"damage":0,"enemies":"Spheric Guardian","floor":20,"turns":3},{"damage":25,"enemies":"3 Cultists","floor":21,"turns":6},{"damage":19,"enemies":"HollowMod:Nosk","floor":24,"turns":10},{"damage":23,"enemies":"Snecko","floor":25,"turns":5},{"damage":20,"enemies":"Centurion and Healer","floor":27,"turns":8},{"damage":31,"enemies":"3 Cultists","floor":31,"turns":5},{"damage":105,"enemies":"Champ","floor":33,"turns":16}],"seed_played":"-291187969162295213","potions_obtained":[{"floor":1,"key":"SpeedPotion"},{"floor":8,"key":"LiquidBronze"},{"floor":10,"key":"FairyPotion"},{"floor":11,"key":"Explosive Potion"},{"floor":18,"key":"Ancient Potion"},{"floor":31,"key":"AttackPotion"}],"is_trial":false,"path_per_floor":["M","?","?","?","$","E","M","M","T","E","M","M","R","M","R","B",null,"M","$","M","M","$","R","E","M","T","M","R","?","R","M","R","B"],"character_chosen":"THE_BUGKNIGHT","items_purchased":["HollowMod:InfectedAttack","HollowMod:NewJinnsSoul","Mercury Hourglass","HollowMod:AwokenDreamNail","PreservedInsect","HollowMod:DoubleDash"],"campfire_rested":4,"item_purchase_floors":[5,5,5,19,19,22],"current_hp_per_floor":[75,75,72,72,72,49,39,39,39,36,30,15,46,52,64,8,75,55,55,55,30,30,67,48,25,25,5,42,42,75,50,65,0,0],"gold":240,"neow_bonus":"RANDOM_COMMON_RELIC","is_daily":false,"chose_seed":false,"campfire_upgraded":1,"win_rate":0.0,"timestamp":1613402165,"path_taken":["M","?","?","?","$","E","M","M","T","E","M","M","R","M","R","BOSS","M","?","M","M","$","R","E","M","T","M","R","?","R","?","R","BOSS"],"items_purchased_type":["Card","Card","Relic","Card","Relic","Card"],"build_version":"2020-12-22","purchased_purges":1,"victory":false,"max_hp_per_floor":[75,75,75,75,75,75,75,75,75,75,75,75,75,75,75,75,75,75,75,75,75,75,75,75,75,75,75,75,75,75,75,75,75,75],"card_choices":[{"not_picked":["HollowMod:LifebloodCocoon","HollowMod:ChannelNail"],"picked":"HollowMod:InfectedAttack","floor":1},{"not_picked":["HollowMod:ShadowDash","HollowMod:MantisMark"],"picked":"HollowMod:HerrahsAnger","floor":6},{"not_picked":["HollowMod:SiblingsShadow","HollowMod:AbyssShriek"],"picked":"HollowMod:Grubsong","floor":7},{"not_picked":["HollowMod:CloakDash","HollowMod:NewJinnsSoul"],"picked":"HollowMod:InfectionAssault","floor":8},{"not_picked":["HollowMod:CornifersMapStart","HollowMod:LordofShades"],"picked":"HollowMod:SiblingsSouls","floor":10},{"not_picked":["HollowMod:RecoilStrike","HollowMod:ChannelNail"],"picked":"HollowMod:SoulSplash","floor":11},{"not_picked":["HollowMod:DescendingDark","HollowMod:SoulEater"],"picked":"HollowMod:QuirrelsAssistance","floor":12},{"not_picked":["HollowMod:AwokenDreamNail","HollowMod:CycloneSlash"],"picked":"HollowMod:QuirrelsAssistance","floor":14},{"not_picked":["HollowMod:LifebloodCore","HollowMod:AwokenDreamNail"],"picked":"HollowMod:ZotesMagnificence","floor":16},{"not_picked":["HollowMod:CornifersMapStart","HollowMod:CloakDash"],"picked":"HollowMod:DashSlash+1","floor":18},{"not_picked":["HollowMod:LifebloodCocoon","HollowMod:LuriensSpire"],"picked":"HollowMod:NewLittleFool","floor":20},{"not_picked":["HollowMod:MawleksShell","HollowMod:InfectedCysts"],"picked":"HollowMod:LifebloodCocoon","floor":21},{"not_picked":["HollowMod:NewGlowingWomb","HollowMod:CoiledNail+1"],"picked":"HollowMod:SoulVessel","floor":24},{"not_picked":["HollowMod:WraithStrike","HollowMod:HeavyBlow"],"picked":"HollowMod:GrimmsGift","floor":25},{"not_picked":["HollowMod:HeavyBlow","HollowMod:DungDefenderAura+1"],"picked":"HollowMod:HowlingWraiths","floor":27},{"not_picked":["HollowMod:HerrahsAnger","HollowMod:VengefulVoid"],"picked":"HollowMod:MonomonsArchive","floor":31}],"player_experience":82033,"relics_obtained":[{"floor":6,"key":"Peace Pipe"},{"floor":9,"key":"Vajra"},{"floor":10,"key":"HollowMod:KingsBrand"},{"floor":24,"key":"Sundial"},{"floor":26,"key":"Letter Opener"}],"event_choices":[{"damage_healed":0,"gold_gain":0,"player_choice":"Success","damage_taken":3,"relics_obtained":["Eternal Feather"],"max_hp_gain":0,"max_hp_loss":0,"event_name":"Scrap Ooze","floor":3,"gold_loss":0},{"damage_healed":0,"gold_gain":275,"player_choice":"Desecrate","damage_taken":0,"max_hp_gain":0,"max_hp_loss":0,"event_name":"Golden Shrine","floor":4,"gold_loss":0,"cards_obtained":["Regret"]},{"damage_healed":0,"gold_gain":0,"player_choice":"Ignored","damage_taken":0,"max_hp_gain":0,"max_hp_loss":0,"event_name":"NoteForYourself","floor":29,"gold_loss":0}],"is_beta":false,"boss_relics":[{"not_picked":["Velvet Choker","Busted Crown"],"picked":"HollowMod:KingsSoulRelic"}],"items_purged_floors":[5],"is_endless":false,"potions_floor_spawned":[1,8,10,11,18,20,24,31],"killed_by":"Champ","ascension_level":0}}