{"host":"kpyoctgc7jne3jiy","time":1613393698,"event":{"mods":["AchievementEnabler","BaseMod","Minty Spire (QoL Compilation)","Relic Stats"],"gold_per_floor":[109,123,137,137,154,154,188,188,188,203,222,251,251,276,276,381,381,401,413,425,437,437,437],"floor_reached":22,"language":"ENG","playtime":736,"items_purged":[],"score":263,"play_id":"243490fd-b7a3-4760-89f4-0b6b24e545e7","local_time":"20210215135458","is_ascension_mode":true,"campfire_choices":[{"data":"Inflame","floor":6,"key":"SMITH"},{"floor":13,"key":"REST"},{"floor":15,"key":"REST"}],"circlet_count":0,"master_deck":["Strike_R","Strike_R","Strike_R","Strike_R","Defend_R","Defend_R","Defend_R","Defend_R","Bash","Pummel","Inflame+1","Heavy Blade","Intimidate","True Grit","Flex","Battle Trance+1","Spot Weakness"],"relics":["Busted Crown","Strawberry","Bronze Scales","Molten Egg 2","Black Star"],"acts_visited":["Exordium","TheCity"],"potions_floor_usage":[7,12,14,20],"damage_taken":[{"damage":12,"enemies":"Jaw Worm","floor":1,"turns":3},{"damage":3,"enemies":"2 Louse","floor":2,"turns":2},{"damage":0,"enemies":"Cultist","floor":3,"turns":2},{"damage":0,"enemies":"Large Slime","floor":5,"turns":2},{"damage":2,"enemies":"Gremlin Gang","floor":7,"turns":3},{"damage":15,"enemies":"Lots of Slimes","floor":10,"turns":3},{"damage":7,"enemies":"Exordium Wildlife","floor":11,"turns":3},{"damage":23,"enemies":"Lagavulin","floor":12,"turns":5},{"damage":20,"enemies":"3 Sentries","floor":14,"turns":6},{"damage":19,"enemies":"Hexaghost","floor":16,"turns":8},{"damage":25,"enemies":"Shell Parasite","floor":18,"turns":5},{"damage":11,"enemies":"Spheric Guardian","floor":19,"turns":3},{"damage":2,"enemies":"Centurion and Healer","floor":20,"turns":4},{"damage":28,"enemies":"Cultist and Chosen","floor":21,"turns":7},{"damage":14,"enemies":"Snake Plant","floor":22,"turns":1}],"seed_played":"-6767751829098374554","potions_obtained":[{"floor":1,"key":"ColorlessPotion"},{"floor":2,"key":"Block Potion"},{"floor":5,"key":"ColorlessPotion"},{"floor":7,"key":"Regen Potion"},{"floor":21,"key":"Ancient Potion"}],"is_trial":false,"path_per_floor":["M","M","M","?","M","R","M","?","T","M","M","E","R","E","R","B",null,"M","M","M","M","M"],"character_chosen":"IRONCLAD","items_purchased":[],"campfire_rested":2,"item_purchase_floors":[],"current_hp_per_floor":[60,57,57,50,50,50,48,48,55,40,33,22,48,28,54,35,74,49,38,36,8,0,0],"gold":437,"neow_bonus":"BOSS_RELIC","is_daily":false,"chose_seed":false,"campfire_upgraded":1,"win_rate":0.0,"timestamp":1613393698,"path_taken":["M","M","M","?","M","R","M","?","T","M","M","E","R","E","R","BOSS","M","M","M","M","M"],"items_purchased_type":[],"build_version":"2020-12-22","purchased_purges":0,"victory":false,"max_hp_per_floor":[80,80,80,80,80,80,80,80,87,87,87,87,87,87,87,87,87,87,87,87,87,87,87],"relic_stats":{"Busted Crown":28,"counters":[15,57],"Bronze Scales":[93],"Black Star":0,"obtain_stats":[{"Busted Crown":0,"Strawberry":9,"Bronze Scales":12,"Molten Egg 2":14,"Black Star":17,"Burning Blood":0},{"Busted Crown":0,"Strawberry":5,"Bronze Scales":8,"Molten Egg 2":9,"Black Star":10,"Burning Blood":0},{"Busted Crown":0,"Strawberry":12,"Bronze Scales":23,"Molten Egg 2":29,"Black Star":37,"Burning Blood":0}]},"card_choices":[{"not_picked":[],"picked":"Pummel","floor":1},{"not_picked":[],"picked":"Inflame","floor":2},{"not_picked":[],"picked":"Heavy Blade","floor":3},{"not_picked":["Wild Strike"],"picked":"SKIP","floor":5},{"not_picked":[],"picked":"Intimidate","floor":7},{"not_picked":["Perfected Strike"],"picked":"SKIP","floor":10},{"not_picked":[],"picked":"True Grit","floor":11},{"not_picked":["Headbutt"],"picked":"SKIP","floor":12},{"not_picked":["True Grit"],"picked":"SKIP","floor":14},{"not_picked":[],"picked":"Flex","floor":18},{"not_picked":[],"picked":"Battle Trance+1","floor":19},{"not_picked":[],"picked":"Spot Weakness","floor":20},{"not_picked":["Anger+1"],"picked":"SKIP","floor":21}],"player_experience":359526,"relics_obtained":[{"floor":9,"key":"Strawberry"},{"floor":12,"key":"Bronze Scales"},{"floor":14,"key":"Molten Egg 2"}],"event_choices":[{"cards_removed":["Strike_R"],"damage_healed":0,"gold_gain":0,"player_choice":"Card Removal","damage_taken":7,"max_hp_gain":0,"max_hp_loss":0,"event_name":"Golden Wing","floor":4,"gold_loss":0},{"damage_healed":0,"gold_gain":0,"player_choice":"Ignored","damage_taken":0,"max_hp_gain":0,"max_hp_loss":0,"event_name":"Liars Game","floor":8,"gold_loss":0}],"is_beta":false,"boss_relics":[{"not_picked":["Cursed Key","Calling Bell"],"picked":"Black Star"}],"items_purged_floors":[],"is_endless":false,"potions_floor_spawned":[1,2,5,7,21],"killed_by":"Snake Plant","ascension_level":6}}