{"host":"or8fr2mp0k3eluj8","time":1613367351,"event":{"mods":["AchievementEnabler","BaseMod","Colored Map","DeckTracker","Minty Spire (QoL Compilation)","SuperFastMode"],"gold_per_floor":[110,110,110,110,122,122,150,150,177,206,221,236,255,272,272,370,370,384,384,384,384,309,309,328,347,347,362,380,231,249,263,263,359,359,377,126,126,140,152,152,152],"floor_reached":40,"language":"KOR","playtime":1545,"items_purged":["Defend_P","Strike_P"],"score":452,"play_id":"7a87b962-ebcf-4bca-a0d7-b4d2d2fd96f4","local_time":"20210215143551","is_ascension_mode":false,"campfire_choices":[{"data":"Eruption","floor":6,"key":"SMITH"},{"data":"EmptyBody","floor":8,"key":"SMITH"},{"data":"WheelKick","floor":15,"key":"SMITH"},{"data":"EmptyFist","floor":23,"key":"SMITH"},{"floor":32,"key":"REST"}],"circlet_count":0,"master_deck":["Strike_P","Defend_P","Defend_P","Eruption+1","Vigilance","EmptyBody+1","CrushJoints","Consecrate","FlurryOfBlows","WheelKick+1","BowlingBash+1","FlurryOfBlows","EmptyFist+1","EmptyMind+1","FearNoEvil","DeceiveReality","Jack Of All Trades","TalkToTheHand"],"relics":["PureWater","NeowsBlessing","Boot","Oddly Smooth Stone","Philosopher\u0027s Stone","Singing Bowl","Sozu","ClockworkSouvenir"],"acts_visited":["Exordium","TheCity","TheBeyond"],"potions_floor_usage":[14,16,16,31,31],"damage_taken":[{"damage":0,"enemies":"Small Slimes","floor":1,"turns":1},{"damage":0,"enemies":"Jaw Worm","floor":5,"turns":1},{"damage":0,"enemies":"3 Sentries","floor":7,"turns":1},{"damage":10,"enemies":"Gremlin Nob","floor":10,"turns":4},{"damage":0,"enemies":"2 Louse","floor":11,"turns":1},{"damage":0,"enemies":"Blue Slaver","floor":12,"turns":2},{"damage":0,"enemies":"Red Slaver","floor":13,"turns":2},{"damage":9,"enemies":"Large Slime","floor":14,"turns":5},{"damage":33,"enemies":"Hexaghost","floor":16,"turns":9},{"damage":6,"enemies":"Chosen","floor":18,"turns":6},{"damage":17,"enemies":"3 Byrds","floor":24,"turns":4},{"damage":3,"enemies":"Snake Plant","floor":25,"turns":2},{"damage":5,"enemies":"3 Cultists","floor":27,"turns":4},{"damage":16,"enemies":"Sentry and Sphere","floor":28,"turns":4},{"damage":16,"enemies":"Snake Plant","floor":30,"turns":3},{"damage":0,"enemies":"Shelled Parasite and Fungi","floor":31,"turns":2},{"damage":48,"enemies":"Collector","floor":33,"turns":9},{"damage":18,"enemies":"3 Darklings","floor":35,"turns":3},{"damage":1,"enemies":"Orb Walker","floor":38,"turns":3},{"damage":2,"enemies":"Jaw Worm Horde","floor":39,"turns":3},{"damage":103,"enemies":"Giant Head","floor":40,"turns":10}],"seed_played":"8338472692900004377","potions_obtained":[{"floor":1,"key":"Block Potion"},{"floor":7,"key":"Dexterity Potion"},{"floor":12,"key":"ColorlessPotion"},{"floor":13,"key":"Explosive Potion"},{"floor":16,"key":"FairyPotion"},{"floor":27,"key":"Regen Potion"},{"floor":28,"key":"DistilledChaos"},{"floor":33,"key":"SpeedPotion"}],"is_trial":false,"path_per_floor":["M","?","?","?","M","R","E","R","T","E","M","M","M","M","R","B",null,"M","?","?","?","?","R","M","M","T","M","M","$","M","M","R","B",null,"M","$","?","M","M","E"],"character_chosen":"WATCHER","items_purchased":["FearNoEvil","ClockworkSouvenir"],"campfire_rested":1,"item_purchase_floors":[29,36],"current_hp_per_floor":[72,77,70,70,70,70,70,70,70,60,60,60,60,51,51,18,77,71,71,71,71,71,71,54,51,51,48,34,34,20,27,52,6,87,69,69,69,70,68,0,0],"gold":152,"neow_bonus":"THREE_ENEMY_KILL","is_daily":false,"chose_seed":false,"campfire_upgraded":4,"win_rate":0.0,"timestamp":1613367351,"path_taken":["M","?","?","?","M","R","E","R","T","E","?","M","M","M","R","BOSS","M","?","?","?","?","R","?","M","T","M","M","$","M","M","R","BOSS","M","$","?","M","?","E"],"items_purchased_type":["Card","Relic"],"build_version":"2020-12-22","purchased_purges":2,"victory":false,"max_hp_per_floor":[72,77,77,77,77,77,77,77,77,77,77,77,77,77,77,77,77,77,77,77,77,77,77,77,77,77,79,81,81,83,85,85,87,87,87,87,87,89,89,89,89],"card_choices":[{"not_picked":["SignatureMove","Pray"],"picked":"EmptyBody","floor":1},{"not_picked":["Study","BowlingBash"],"picked":"CrushJoints","floor":5},{"not_picked":["Wireheading","SashWhip"],"picked":"Consecrate","floor":7},{"not_picked":["BowlingBash","SandsOfTime"],"picked":"FlurryOfBlows","floor":10},{"not_picked":["EmptyBody","Indignation","Evaluate"],"picked":"SKIP","floor":11},{"not_picked":["CrushJoints","Indignation","FlyingSleeves"],"picked":"SKIP","floor":12},{"not_picked":["Swivel","Halt","Conclude"],"picked":"SKIP","floor":13},{"not_picked":["Evaluate","Crescendo"],"picked":"WheelKick","floor":14},{"not_picked":["Prostrate+1","SashWhip"],"picked":"BowlingBash+1","floor":18},{"not_picked":["Consecrate","EmptyFist","ClearTheMind"],"picked":"SKIP","floor":24},{"not_picked":["Conclude","FlyingSleeves"],"picked":"EmptyMind+1","floor":25},{"not_picked":["JustLucky","Sanctity+1","SashWhip"],"picked":"Singing Bowl","floor":27},{"not_picked":["CutThroughFate","ThirdEye","Evaluate"],"picked":"Singing Bowl","floor":28},{"not_picked":["ThirdEye","EmptyMind","Swivel"],"picked":"Singing Bowl","floor":30},{"not_picked":["Collect","CutThroughFate","WindmillStrike+1"],"picked":"Singing Bowl","floor":31},{"not_picked":["Brilliance","SpiritShield","Omniscience"],"picked":"Singing Bowl","floor":33},{"not_picked":["FlurryOfBlows","WaveOfTheHand+1"],"picked":"DeceiveReality","floor":35},{"not_picked":["CarveReality+1","Protect","Worship+1"],"picked":"Singing Bowl","floor":38},{"not_picked":["CutThroughFate","Consecrate+1"],"picked":"TalkToTheHand","floor":39}],"player_experience":314653,"relics_obtained":[{"floor":7,"key":"Boot"},{"floor":10,"key":"Oddly Smooth Stone"},{"floor":26,"key":"Singing Bowl"}],"event_choices":[{"damage_healed":0,"gold_gain":0,"player_choice":"Donut","damage_taken":0,"max_hp_gain":5,"max_hp_loss":0,"event_name":"Big Fish","floor":2,"gold_loss":0},{"cards_removed":["Defend_P"],"damage_healed":0,"gold_gain":0,"player_choice":"Card Removal","damage_taken":7,"max_hp_gain":0,"max_hp_loss":0,"event_name":"Golden Wing","floor":3,"gold_loss":0},{"damage_healed":0,"gold_gain":0,"player_choice":"Leave","damage_taken":0,"max_hp_gain":0,"max_hp_loss":0,"event_name":"The Cleric","floor":4,"gold_loss":0},{"damage_healed":0,"gold_gain":0,"cards_transformed":["Strike_P","Strike_P"],"player_choice":"Became Test Subject","damage_taken":0,"max_hp_gain":0,"max_hp_loss":0,"event_name":"Drug Dealer","floor":19,"gold_loss":0,"cards_obtained":["Alpha","FlurryOfBlows"]},{"damage_healed":0,"gold_gain":0,"player_choice":"Ignored","damage_taken":0,"max_hp_gain":0,"max_hp_loss":0,"event_name":"Ghosts","floor":20,"gold_loss":0},{"damage_healed":0,"gold_gain":0,"player_choice":"Read","damage_taken":0,"max_hp_gain":0,"max_hp_loss":0,"event_name":"The Library","floor":21,"gold_loss":0,"cards_obtained":["EmptyFist"]},{"cards_removed":["Alpha"],"damage_healed":0,"gold_gain":0,"player_choice":"Gave Gold","damage_taken":0,"max_hp_gain":0,"max_hp_loss":0,"event_name":"Beggar","floor":22,"gold_loss":75},{"damage_healed":0,"gold_gain":0,"player_choice":"1 cards matched","damage_taken":0,"max_hp_gain":0,"max_hp_loss":0,"event_name":"Match and Keep!","floor":37,"gold_loss":0,"cards_obtained":["Jack Of All Trades"]}],"is_beta":false,"boss_relics":[{"not_picked":["Empty Cage","Calling Bell"],"picked":"Philosopher\u0027s Stone"},{"not_picked":["Pandora\u0027s Box","Coffee Dripper"],"picked":"Sozu"}],"items_purged_floors":[29,36],"is_endless":false,"potions_floor_spawned":[1,7,12,13,16,27,28,30,33,38],"killed_by":"Giant Head","ascension_level":0}}