{"host":"gjwzgdilc53yxmt0","time":1613407451,"event":{"mods":["2.2 Compatiblity","BaseMod","Bestiary","Highlight Path","Minty Spire (QoL Compilation)","Relic Stats","StSLib","ojb\u0027s Info Mod"],"gold_per_floor":[16,36,56,21,41,71,71,96,96,125,135,135,150,176,176,252,252,270,270,320,59,73,73,103,122,177,219,231,263,275,287,287],"floor_reached":31,"language":"ENG","playtime":1553,"items_purged":["Strike_P"],"score":590,"play_id":"c08d5e6a-ed11-4a3a-acef-3488d17ba38a","local_time":"20210215114411","is_ascension_mode":true,"campfire_choices":[{"floor":12.0,"key":"REST"},{"floor":15.0,"key":"REST"},{"floor":23.0,"key":"REST"},{"floor":28,"key":"REST"}],"circlet_count":0,"master_deck":["AscendersBane","Strike_P","Strike_P","Defend_P","Defend_P","Defend_P","Defend_P","Eruption","Vigilance","Consecrate","CrushJoints","Fasting2","ClearTheMind","EmptyBody","WreathOfFlame","FearNoEvil","Scrawl","Consecrate+1","FollowUp+1","Sanctity","DevaForm","EmptyMind+1","Indignation","Flash of Steel+1","CutThroughFate+1","EmptyMind+1","Wireheading+1","DeusExMachina","FlurryOfBlows+1"],"relics":["PureWater","GoldenEye","Ornamental Fan","Akabeko","Letter Opener","Molten Egg 2","Runic Pyramid","Question Card","MawBank","Meat on the Bone","Nloth\u0027s Gift"],"acts_visited":["Exordium","TheCity"],"potions_floor_usage":[],"damage_taken":[{"damage":2.0,"enemies":"2 Louse","floor":1.0,"turns":4.0},{"damage":0.0,"enemies":"Small Slimes","floor":2.0,"turns":2.0},{"damage":0.0,"enemies":"Cultist","floor":3.0,"turns":2.0},{"damage":0.0,"enemies":"2 Fungi Beasts","floor":5.0,"turns":3.0},{"damage":24.0,"enemies":"3 Sentries","floor":6.0,"turns":7.0},{"damage":10.0,"enemies":"Lagavulin","floor":8.0,"turns":7.0},{"damage":31.0,"enemies":"Gremlin Nob","floor":10.0,"turns":4.0},{"damage":0.0,"enemies":"3 Louse","floor":11.0,"turns":1.0},{"damage":0.0,"enemies":"Blue Slaver","floor":13.0,"turns":2.0},{"damage":13.0,"enemies":"The Mushroom Lair","floor":14.0,"turns":2.0},{"damage":28.0,"enemies":"The Guardian","floor":16.0,"turns":13.0},{"damage":3.0,"enemies":"Spheric Guardian","floor":18.0,"turns":4.0},{"damage":0.0,"enemies":"Chosen","floor":22.0,"turns":3.0},{"damage":26.0,"enemies":"Book of Stabbing","floor":24.0,"turns":4.0},{"damage":0.0,"enemies":"Centurion and Healer","floor":25.0,"turns":3.0},{"damage":14,"enemies":"Gremlin Leader","floor":27,"turns":5},{"damage":8,"enemies":"Chosen and Byrds","floor":29,"turns":5},{"damage":42,"enemies":"Slavers","floor":31,"turns":3}],"seed_played":"-471621975772335014","potions_obtained":[{"floor":5.0,"key":"GamblersBrew"},{"floor":6.0,"key":"GamblersBrew"},{"floor":11.0,"key":"Swift Potion"},{"floor":13.0,"key":"Fire Potion"},{"floor":14.0,"key":"Explosive Potion"},{"floor":18.0,"key":"ColorlessPotion"}],"is_trial":false,"path_per_floor":["M","M","M","?","M","E","?","E","T","E","M","R","M","?","R","B",null,"M","?","?","$","M","R","E","M","T","E","R","M","?","E"],"character_chosen":"WATCHER","items_purchased":["Indignation","Flash of Steel+1"],"campfire_rested":4,"item_purchase_floors":[21,21],"current_hp_per_floor":[59,59,59,68,68,44,44,34,34,3,3,23,23,10,30,2,52,49,30,23,23,23,44,18,18,18,4,25,29,29,0,0],"gold":287,"neow_bonus":"ONE_RARE_RELIC","is_daily":false,"chose_seed":false,"campfire_upgraded":0,"win_rate":0.0,"timestamp":1613407451,"path_taken":["M","M","M","?","M","E","?","E","T","E","M","R","?","?","R","BOSS","M","?","?","$","?","R","E","M","T","E","R","M","?","E"],"items_purchased_type":["Card","Card"],"build_version":"2020-12-22","purchased_purges":1,"victory":false,"max_hp_per_floor":[68,68,68,68,68,68,68,68,68,68,68,68,68,68,68,68,68,68,73,73,73,73,73,73,73,73,73,73,73,73,73,73],"relic_stats":{"counters":[18,74],"Ornamental Fan":[84],"Nloth\u0027s Gift":0,"Letter Opener":[88],"GoldenEye":[11],"Question Card":3,"MawBank":60,"obtain_stats":[{"Ornamental Fan":6,"Molten Egg 2":10,"Nloth\u0027s Gift":30,"Letter Opener":9,"PureWater":0,"Odd Mushroom":14,"GoldenEye":0,"Question Card":24,"MawBank":26,"Akabeko":8,"Runic Pyramid":17,"Meat on the Bone":27},{"Ornamental Fan":5,"Molten Egg 2":7,"Nloth\u0027s Gift":17,"Letter Opener":6,"PureWater":0,"Odd Mushroom":10,"GoldenEye":0,"Question Card":14,"MawBank":15,"Akabeko":6,"Runic Pyramid":11,"Meat on the Bone":16},{"Ornamental Fan":18,"Molten Egg 2":29,"Nloth\u0027s Gift":71,"Letter Opener":25,"PureWater":0,"Odd Mushroom":34,"GoldenEye":0,"Question Card":58,"MawBank":61,"Akabeko":25,"Runic Pyramid":47,"Meat on the Bone":66}],"Meat on the Bone":12},"card_choices":[{"not_picked":["EmptyBody","FlyingSleeves"],"picked":"Consecrate","floor":1.0},{"not_picked":["Consecrate","FollowUp"],"picked":"CrushJoints","floor":2.0},{"not_picked":["FlyingSleeves","ThirdEye"],"picked":"Fasting2","floor":3.0},{"not_picked":["Alpha","Evaluate"],"picked":"ClearTheMind","floor":5.0},{"not_picked":["Pray","FlyingSleeves"],"picked":"EmptyBody","floor":6.0},{"not_picked":["Conclude","SashWhip"],"picked":"FearNoEvil","floor":8.0},{"not_picked":["SashWhip+1","DeceiveReality"],"picked":"Scrawl","floor":10.0},{"not_picked":["PathToVictory","Prostrate"],"picked":"Consecrate+1","floor":11.0},{"not_picked":["FlyingSleeves+1","PathToVictory"],"picked":"FollowUp+1","floor":13.0},{"not_picked":["FollowUp+1","Collect"],"picked":"Sanctity","floor":14.0},{"not_picked":["Judgement","Omniscience"],"picked":"DevaForm","floor":16.0},{"not_picked":["WheelKick+1","CrushJoints+1"],"picked":"EmptyMind+1","floor":18.0},{"not_picked":["CarveReality+1","BowlingBash+1"],"picked":"CutThroughFate+1","floor":22.0},{"not_picked":["DeceiveReality","FollowUp+1"],"picked":"EmptyMind+1","floor":24.0},{"not_picked":["ThirdEye","Protect+1","Halt"],"picked":"Wireheading+1","floor":25.0},{"not_picked":["BowlingBash+1","LikeWater","ThirdEye"],"picked":"DeusExMachina","floor":27},{"not_picked":["ClearTheMind","BattleHymn","SashWhip+1"],"picked":"FlurryOfBlows+1","floor":29}],"player_experience":4943405,"relics_obtained":[{"floor":6.0,"key":"Ornamental Fan"},{"floor":8.0,"key":"Akabeko"},{"floor":9.0,"key":"Letter Opener"},{"floor":10.0,"key":"Molten Egg 2"},{"floor":14.0,"key":"Odd Mushroom"},{"floor":24.0,"key":"Question Card"},{"floor":26.0,"key":"MawBank"},{"floor":27,"key":"Meat on the Bone"}],"event_choices":[{"damage_healed":17.0,"max_hp_gain":0.0,"max_hp_loss":0.0,"gold_gain":0.0,"event_name":"The Cleric","player_choice":"Healed","floor":4.0,"gold_loss":35.0,"damage_taken":0.0},{"damage_healed":0.0,"max_hp_gain":0.0,"max_hp_loss":0.0,"gold_gain":0.0,"cards_transformed":["Strike_P"],"event_name":"Transmorgrifier","player_choice":"Transformed","floor":7.0,"gold_loss":0.0,"damage_taken":0.0,"cards_obtained":["WreathOfFlame"]},{"damage_healed":0.0,"max_hp_gain":0.0,"max_hp_loss":0.0,"gold_gain":0.0,"event_name":"Mushrooms","player_choice":"Fought Mushrooms","floor":14.0,"gold_loss":0.0,"damage_taken":0.0},{"damage_healed":0.0,"max_hp_gain":5.0,"max_hp_loss":0.0,"gold_gain":0.0,"event_name":"Forgotten Altar","player_choice":"Shed Blood","floor":19.0,"gold_loss":0.0,"damage_taken":24.0},{"damage_healed":0.0,"max_hp_gain":0.0,"max_hp_loss":0.0,"gold_gain":50.0,"event_name":"FaceTrader","player_choice":"Touch","floor":20.0,"gold_loss":0.0,"damage_taken":7.0},{"damage_healed":0,"gold_gain":0,"player_choice":"Traded Relic","damage_taken":0,"relics_obtained":["Nloth\u0027s Gift"],"max_hp_gain":0,"max_hp_loss":0,"event_name":"N\u0027loth","floor":30,"relics_lost":["Odd Mushroom"],"gold_loss":0}],"is_beta":false,"boss_relics":[{"not_picked":["Pandora\u0027s Box","Snecko Eye"],"picked":"Runic Pyramid"}],"items_purged_floors":[21],"is_endless":false,"potions_floor_spawned":[5,6,11,13,14,18],"killed_by":"Slavers","ascension_level":20}}