{"host":"m6rwrrl4vtok99e8","time":1613372690,"event":{"mods":["Act Like it!","Arknights","BaseMod","Colored Powertips","Downfall","KomeijiMod","Lobotomy","Marisa????????","Minty Spire (QoL Compilation)","Remilia??????","Replay The Spire","StSLib","The Bug Knight","The Hierophant","The Servant 0.9.4","WarShipGirlsR/????R mod","Yuri Mod"],"gold_per_floor":[110,127,142,142,142,156,187,187,212,251,106,137,162,162,162,190,190,307,307,331,331,353,378,407,407,431,431,457,457,473,492,514,539,539,655,655,683,683,712,720,720],"floor_reached":40,"language":"ZHS","playtime":2220,"items_purged":["downfall:Malfunctioning"],"score":456,"play_id":"a2f8819f-56dc-43fa-bd07-2182a3c02b01","local_time":"20210215150450","is_ascension_mode":false,"campfire_choices":[{"data":"yuri:yuriStab","floor":17,"key":"SMITH"},{"data":"yuri:Virus","floor":25,"key":"SMITH"},{"data":"yuri:BookGreen","floor":29,"key":"SMITH"},{"floor":34,"key":"REST"}],"circlet_count":0,"master_deck":["yuri:yuriStrike","yuri:yuriStrike","yuri:yuriStrike","yuri:yuriStrike","yuri:yuriStrike","yuri:yuriDefend","yuri:yuriDefend+1","yuri:yuriDefend","yuri:yuriDefend","yuri:yuriDefend","yuri:Oolong","yuri:yuriStab+1","yuri:ArmBrace","yuri:Skip","yuri:MPose","yuri:yuriHeavyStrike+1","yuri:GrowingInsanity","yuri:Stalk","yuri:Virus+1","yuri:Stalk+1","yuri:NoEscape","yuri:BookGreen+1","yuri:BookGreen+1","yuri:ChibiInvasion+1","yuri:RepairCode","yuri:yuriQuickStrike+1"],"relics":["yuri:yuriKnife","Strawberry","downfall:ExtraCursedKey","Replay:Bandana","Vajra","Calling Bell","Gremlin Food","Divine Protection","ShirouKen","Nloth\u0027s Gift","Pen Nib","Black Star"],"acts_visited":["Exordium","TheCity","TheBeyond"],"potions_floor_usage":[18,35,35],"damage_taken":[{"damage":1,"enemies":"Jaw Worm","floor":1,"turns":3},{"damage":3,"enemies":"2 Louse","floor":2,"turns":3},{"damage":0,"enemies":"Small Slimes","floor":3,"turns":3},{"damage":18,"enemies":"Exordium Thugs","floor":6,"turns":5},{"damage":25,"enemies":"Lagavulin","floor":7,"turns":6},{"damage":27,"enemies":"3 Sentries","floor":10,"turns":9},{"damage":11,"enemies":"Lots of Slimes","floor":12,"turns":4},{"damage":4,"enemies":"Gremlin Gang","floor":13,"turns":4},{"damage":4,"enemies":"Blue Slaver","floor":16,"turns":3},{"damage":69,"enemies":"Fading Forest","floor":18,"turns":11},{"damage":7,"enemies":"Chosen","floor":20,"turns":6},{"damage":10,"enemies":"3 Byrds","floor":22,"turns":6},{"damage":12,"enemies":"Cultist and Chosen","floor":23,"turns":7},{"damage":15,"enemies":"Centurion and Healer","floor":24,"turns":5},{"damage":10,"enemies":"Snake Plant","floor":26,"turns":3},{"damage":27,"enemies":"Snecko","floor":30,"turns":6},{"damage":12,"enemies":"Sentry and Sphere","floor":31,"turns":6},{"damage":1,"enemies":"Snake Plant","floor":32,"turns":3},{"damage":11,"enemies":"Centurion and Healer","floor":33,"turns":5},{"damage":35,"enemies":"Champ","floor":35,"turns":8},{"damage":0,"enemies":"3 Darklings","floor":37,"turns":4},{"damage":62,"enemies":"3 Shapes","floor":39,"turns":3},{"damage":29,"enemies":"Jaw Worm Horde","floor":40,"turns":3}],"seed_played":"178143839474142926","potions_obtained":[{"floor":1,"key":"Energy Potion"},{"floor":6,"key":"CalmPotion"},{"floor":7,"key":"SpeedPotion"},{"floor":10,"key":"Ancient Potion"},{"floor":20,"key":"champ:CounterPotion"},{"floor":37,"key":"Reflective Coating"},{"floor":39,"key":"RedTea"}],"is_trial":false,"path_per_floor":["M","M","M","?","?","M","E","?","T","E","$","M","M","PTL","PTL","M","R","B",null,"M","?","M","M","M","R","M","?","T","R","M","M","M","M","R","B",null,"M","?","M","M"],"character_chosen":"YURI","items_purchased":["yuri:GrowingInsanity"],"campfire_rested":1,"item_purchase_floors":[11],"current_hp_per_floor":[87,87,87,87,87,73,52,87,87,64,64,57,57,57,57,57,57,2,87,84,84,77,69,58,58,52,52,52,52,29,21,20,13,39,8,87,87,87,25,0,0],"gold":720,"neow_bonus":"RANDOM_COMMON_RELIC","is_daily":false,"chose_seed":false,"campfire_upgraded":3,"win_rate":0.0,"timestamp":1613372690,"path_taken":["M","M","M","?","?","M","E","?","T","E","$","M","M","PTL","PTL","?","R","BOSS","M","?","M","?","?","R","M","?","T","R","M","M","M","M","R","BOSS","M","?","M","?"],"items_purchased_type":["Card"],"build_version":"2020-12-22","purchased_purges":1,"victory":false,"max_hp_per_floor":[87,87,87,87,87,87,87,87,87,87,87,87,87,87,87,87,87,87,87,87,87,87,87,87,87,87,87,87,87,87,87,87,87,87,87,87,87,87,87,87,87],"card_choices":[{"not_picked":["yuri:GreenTea","yuri:Spin"],"picked":"yuri:ArmBrace","floor":1},{"not_picked":["yuri:DebugCard","yuri:GlitchedStrike"],"picked":"yuri:Skip","floor":2},{"not_picked":["yuri:DebugCard","yuri:ThrowBook"],"picked":"yuri:MPose","floor":3},{"not_picked":["yuri:RecklessStrike","yuri:MPose"],"picked":"yuri:yuriHeavyStrike","floor":6},{"not_picked":["yuri:MPose","yuri:DeepBreathing"],"picked":"yuri:InduceGlitch","floor":7},{"not_picked":["yuri:AdaptiveAI","yuri:InsanityDefense","yuri:CorruptHitbox"],"picked":"SKIP","floor":10},{"not_picked":["yuri:CalmingAura","yuri:GlitchedStrike"],"picked":"yuri:Stalk","floor":12},{"not_picked":["yuri:TPose","yuri:DuplicateCode","yuri:DebugCard"],"picked":"SKIP","floor":13},{"not_picked":["yuri:DejaVu","yuri:yuriHeavyStrike","yuri:ThrowingKnives"],"picked":"SKIP","floor":16},{"not_picked":["yuri:Torment","yuri:GhostForm"],"picked":"yuri:Virus","floor":18},{"not_picked":["yuri:ThrowBook","yuri:WickedSlash+1"],"picked":"yuri:Stalk+1","floor":20},{"not_picked":["yuri:Stalk+1","yuri:ThrowingKnives"],"picked":"yuri:NoEscape","floor":22},{"not_picked":["yuri:DebugCard+1","yuri:TPose+1"],"picked":"yuri:BookGreen+1","floor":23},{"not_picked":["yuri:DeepBreathing+1","yuri:UntestedCode","yuri:GlitchedStrike"],"picked":"SKIP","floor":24},{"not_picked":["yuri:HoldBack","yuri:GrowingInsanity"],"picked":"yuri:BookGreen","floor":26},{"not_picked":["yuri:yuriHeavyStrike","yuri:UntestedCode+1"],"picked":"yuri:ChibiInvasion+1","floor":30},{"not_picked":["yuri:WickedSlash+1","yuri:MPose"],"picked":"yuri:RepairCode","floor":31},{"not_picked":["yuri:BookBlue","yuri:GrowingInsanity","yuri:Spin"],"picked":"SKIP","floor":32},{"not_picked":["yuri:Stalk","yuri:NerfBat+1","yuri:TPose"],"picked":"SKIP","floor":33},{"not_picked":["yuri:BookGreen","yuri:ThrowBook+1"],"picked":"yuri:yuriQuickStrike+1","floor":37},{"not_picked":["yuri:TPose","yuri:WickedSlash+1","yuri:MPose+1"],"picked":"SKIP","floor":39}],"player_experience":2946,"relics_obtained":[{"floor":7,"key":"Replay:Bandana"},{"floor":9,"key":"Nunchaku"},{"floor":10,"key":"Vajra"},{"floor":19,"key":"Gremlin Food"},{"floor":19,"key":"Divine Protection"},{"floor":19,"key":"ShirouKen"},{"floor":28,"key":"Pen Nib"}],"event_choices":[{"cards_removed":["yuri:InduceGlitch"],"damage_healed":35,"gold_gain":0,"player_choice":"Offered Uncommon","damage_taken":0,"max_hp_gain":0,"max_hp_loss":0,"event_name":"Bonfire Elementals","floor":8,"gold_loss":0},{"damage_healed":0,"gold_gain":0,"player_choice":"Traded Relic","damage_taken":0,"relics_obtained":["Nloth\u0027s Gift"],"max_hp_gain":0,"max_hp_loss":0,"event_name":"N\u0027loth","floor":21,"relics_lost":["Nunchaku"],"gold_loss":0},{"cards_removed":["Lonely","Replay:Hysterical Blindness","downfall:Malfunctioning"],"damage_healed":0,"gold_gain":0,"player_choice":"Removed Curses","damage_taken":0,"max_hp_gain":0,"max_hp_loss":0,"event_name":"Fountain of Cleansing","floor":38,"gold_loss":0}],"is_beta":false,"boss_relics":[{"not_picked":["Philosopher\u0027s Stone","yuri:BookOfBooks"],"picked":"Calling Bell"},{"not_picked":["SlaversCollar","Tiny House"],"picked":"Black Star"}],"items_purged_floors":[11],"is_endless":false,"potions_floor_spawned":[1,6,7,10,16,20,22,26,31,32,37,39],"killed_by":"Jaw Worm Horde","ascension_level":0}}