{"host":"xg4r5pv6chpuampg","time":1613406286,"event":{"mods":["AchievementEnabler","BaseMod","Googly Eyes","Minty Spire (QoL Compilation)","StSLib","Together in Spire"],"gold_per_floor":[116,129,129,141,141,168,184,184,184,184,184,198,210,222,222,326,326,343,362,18,18,18,18],"floor_reached":22,"language":"ENG","playtime":866,"items_purged":[],"score":188,"play_id":"fc8170af-d4fa-48c9-be25-3d94941971f4","local_time":"20210215192446","is_ascension_mode":false,"campfire_choices":[{"floor":8,"key":"REST"},{"data":"FlyingSleeves","floor":11,"key":"SMITH"},{"floor":15,"key":"REST"}],"circlet_count":0,"master_deck":["Strike_P","Strike_P","Strike_P","Strike_P","Defend_P","Defend_P","Defend_P","Eruption","Vigilance","Devotion","CrushJoints","Prostrate","ReachHeaven+1","FlyingSleeves+1","SandsOfTime","Protect","Halt","Crescendo","Brilliance","FollowUp","Prostrate","EmptyBody"],"relics":["PureWater","GoldenEye","Pear","SlaversCollar","Juzu Bracelet","Sling"],"acts_visited":["Exordium","TheCity"],"potions_floor_usage":[22,22,22],"damage_taken":[{"damage":0,"enemies":"Small Slimes","floor":1,"turns":3},{"damage":10,"enemies":"Jaw Worm","floor":2,"turns":4},{"damage":3,"enemies":"Cultist","floor":4,"turns":3},{"damage":28,"enemies":"3 Sentries","floor":6,"turns":6},{"damage":4,"enemies":"Lots of Slimes","floor":7,"turns":3},{"damage":30,"enemies":"Exordium Thugs","floor":12,"turns":3},{"damage":6,"enemies":"2 Fungi Beasts","floor":13,"turns":3},{"damage":0,"enemies":"Exordium Wildlife","floor":14,"turns":2},{"damage":18,"enemies":"Slime Boss","floor":16,"turns":5},{"damage":38,"enemies":"2 Thieves","floor":18,"turns":3},{"damage":40,"enemies":"3 Byrds","floor":19,"turns":6},{"damage":5,"enemies":"3 Cultists","floor":22,"turns":3}],"seed_played":"2976846169329387667","potions_obtained":[{"floor":2,"key":"BlessingOfTheForge"},{"floor":12,"key":"SpeedPotion"},{"floor":14,"key":"SpeedPotion"}],"is_trial":false,"path_per_floor":["M","M","$","M","?","E","M","R","T","?","R","M","M","M","R","B",null,"M","M","$","?","M"],"character_chosen":"WATCHER","items_purchased":["Juzu Bracelet","Sling","EmptyBody"],"campfire_rested":2,"item_purchase_floors":[20,20,20],"current_hp_per_floor":[72,62,62,59,59,31,27,48,58,82,82,52,46,46,70,52,82,44,4,4,4,0,0],"gold":18,"neow_bonus":"TRANSFORM_CARD","is_daily":false,"chose_seed":false,"campfire_upgraded":1,"win_rate":0.0,"timestamp":1613406286,"path_taken":["M","M","$","M","?","E","M","R","T","?","R","?","M","M","R","BOSS","M","M","$","?","M"],"items_purchased_type":["Relic","Relic","Card"],"build_version":"2020-12-22","purchased_purges":0,"victory":false,"max_hp_per_floor":[72,72,72,72,72,72,72,72,82,82,82,82,82,82,82,82,82,82,82,82,82,82,82],"card_choices":[{"not_picked":["Perseverance","FlyingSleeves"],"picked":"CrushJoints","floor":1},{"not_picked":["Consecrate","LikeWater"],"picked":"Prostrate","floor":2},{"not_picked":["FollowUp","Pray"],"picked":"ReachHeaven","floor":4},{"not_picked":["Prostrate","LikeWater"],"picked":"FlyingSleeves","floor":6},{"not_picked":["Blasphemy","WreathOfFlame"],"picked":"SandsOfTime","floor":7},{"not_picked":["InnerPeace","SashWhip"],"picked":"Protect","floor":12},{"not_picked":["CarveReality","BowlingBash"],"picked":"Halt","floor":13},{"not_picked":["Sanctity","Halt"],"picked":"Crescendo","floor":14},{"not_picked":["MasterReality","Establishment"],"picked":"Brilliance","floor":16},{"not_picked":["WreathOfFlame","Crescendo"],"picked":"FollowUp","floor":18},{"not_picked":["Consecrate","Weave"],"picked":"Prostrate","floor":19}],"player_experience":130971,"relics_obtained":[{"floor":6,"key":"GoldenEye"},{"floor":9,"key":"Pear"}],"event_choices":[{"damage_healed":0,"gold_gain":0,"player_choice":"Grow","damage_taken":0,"max_hp_gain":0,"max_hp_loss":0,"event_name":"Living Wall","floor":5,"gold_loss":0,"cards_upgraded":["ReachHeaven"]},{"damage_healed":24,"gold_gain":0,"player_choice":"Full Heal","damage_taken":0,"max_hp_gain":0,"max_hp_loss":0,"event_name":"Wheel of Change","floor":10,"gold_loss":0},{"damage_healed":0,"gold_gain":0,"player_choice":"Ignored","damage_taken":0,"max_hp_gain":0,"max_hp_loss":0,"event_name":"Cursed Tome","floor":21,"gold_loss":0}],"is_beta":false,"boss_relics":[{"not_picked":["HolyWater","Sozu"],"picked":"SlaversCollar"}],"items_purged_floors":[],"is_endless":false,"potions_floor_spawned":[2,12,14,19],"killed_by":"3 Cultists","ascension_level":0}}