{"host":"vpaavrwbmey593fx","time":1613423110,"event":{"mods":["AchievementEnabler","BaseMod","Bestiary","Colored Map","Colored Powertips","DeckTracker","Minty Spire (QoL Compilation)","Relic Sorter"],"gold_per_floor":[118,137,147,147,147,172,172,207,233,233,248,54,54,72,72,167,167,187,207,207,207,207],"floor_reached":21,"language":"ENG","playtime":1242,"items_purged":["Strike_R"],"score":293,"play_id":"2939a937-c7f4-4830-994c-612cbae9f647","local_time":"20210215130510","is_ascension_mode":true,"campfire_choices":[{"data":"Carnage","floor":7.0,"key":"SMITH"},{"data":"Shockwave","floor":10.0,"key":"SMITH"},{"data":"Body Slam","floor":15.0,"key":"SMITH"}],"circlet_count":0,"master_deck":["AscendersBane","Strike_R","Strike_R","Defend_R","Defend_R","Defend_R","Defend_R","Bash","Good Instincts","Carnage+1","Entrench+1","Shockwave+1","Body Slam+1","Impervious","Fiend Fire","Writhe"],"relics":["Burning Blood","Bottled Flame","Boot","Dream Catcher","Potion Belt","Empty Cage","Juzu Bracelet"],"acts_visited":["Exordium","TheCity"],"potions_floor_usage":[],"damage_taken":[{"damage":8.0,"enemies":"Cultist","floor":1.0,"turns":5.0},{"damage":8.0,"enemies":"Small Slimes","floor":2.0,"turns":3.0},{"damage":1.0,"enemies":"Jaw Worm","floor":3.0,"turns":4.0},{"damage":28.0,"enemies":"Gremlin Nob","floor":6.0,"turns":4.0},{"damage":19.0,"enemies":"3 Sentries","floor":8.0,"turns":9.0},{"damage":0.0,"enemies":"2 Fungi Beasts","floor":11.0,"turns":3.0},{"damage":12.0,"enemies":"Lots of Slimes","floor":14.0,"turns":7.0},{"damage":42.0,"enemies":"Hexaghost","floor":16.0,"turns":9.0},{"damage":22,"enemies":"Chosen","floor":18,"turns":5},{"damage":5,"enemies":"Spheric Guardian","floor":19,"turns":4},{"damage":41,"enemies":"Shelled Parasite and Fungi","floor":21,"turns":6}],"seed_played":"-5942419375952090101","potions_obtained":[{"floor":6.0,"key":"Regen Potion"},{"floor":11.0,"key":"Ancient Potion"},{"floor":14.0,"key":"CultistPotion"},{"floor":18,"key":"LiquidMemories"}],"is_trial":false,"path_per_floor":["M","M","M","T","?","E","R","E","T","R","M","$","?","M","R","B",null,"M","M","?","M"],"character_chosen":"IRONCLAD","items_purchased":["Body Slam","Impervious"],"campfire_rested":0,"item_purchase_floors":[12,12],"current_hp_per_floor":[70,68,73,73,73,51,51,38,38,38,44,44,49,43,43,22,69,53,54,54,13,13],"gold":207,"neow_bonus":"RANDOM_COLORLESS","is_daily":false,"chose_seed":false,"campfire_upgraded":3,"win_rate":0.0,"timestamp":1613423110,"path_taken":["M","M","M","?","?","E","R","E","T","R","?","$","?","M","R","BOSS","M","M","?","M"],"items_purchased_type":["Card","Card"],"build_version":"2020-12-22","purchased_purges":1,"victory":false,"max_hp_per_floor":[80,80,80,80,80,80,80,80,80,80,80,80,85,85,85,85,85,85,85,85,85,85],"card_choices":[{"not_picked":["Deep Breath","Mind Blast"],"picked":"Good Instincts","floor":0.0},{"not_picked":["Iron Wave","Pummel"],"picked":"Carnage","floor":1.0},{"not_picked":["Flex","Twin Strike","Wild Strike"],"picked":"SKIP","floor":2.0},{"not_picked":["Rupture","Pommel Strike"],"picked":"Entrench","floor":3.0},{"not_picked":["Pummel","Ghostly Armor"],"picked":"Shockwave","floor":8.0},{"not_picked":["Clash","Fire Breathing","Pommel Strike"],"picked":"SKIP","floor":11.0},{"not_picked":["Wild Strike","Body Slam","Infernal Blade"],"picked":"SKIP","floor":14.0},{"not_picked":["Corruption","Brutality"],"picked":"Fiend Fire","floor":16.0},{"not_picked":["Body Slam","Cleave","Wild Strike+1"],"picked":"SKIP","floor":18},{"not_picked":["Armaments","Clothesline+1","Sword Boomerang"],"picked":"SKIP","floor":19}],"player_experience":367795,"relics_obtained":[{"floor":4.0,"key":"Bottled Flame"},{"floor":6.0,"key":"Boot"},{"floor":8.0,"key":"Dream Catcher"},{"floor":9.0,"key":"Potion Belt"}],"event_choices":[{"damage_healed":0.0,"max_hp_gain":0.0,"max_hp_loss":0.0,"gold_gain":0.0,"event_name":"Accursed Blacksmith","player_choice":"Forge","floor":5.0,"gold_loss":0.0,"damage_taken":0.0,"cards_upgraded":["Entrench"]},{"damage_healed":0.0,"max_hp_gain":5.0,"max_hp_loss":0.0,"gold_gain":0.0,"event_name":"Big Fish","player_choice":"Donut","floor":13.0,"gold_loss":0.0,"damage_taken":0.0},{"damage_healed":0,"gold_gain":0,"player_choice":"Opened","damage_taken":0,"relics_obtained":["Juzu Bracelet"],"max_hp_gain":0,"max_hp_loss":0,"event_name":"The Mausoleum","floor":20,"gold_loss":0,"cards_obtained":["Writhe"]}],"is_beta":false,"boss_relics":[{"not_picked":["Runic Cube","Coffee Dripper"],"picked":"Empty Cage"}],"items_purged_floors":[12],"is_endless":false,"potions_floor_spawned":[6,11,14,18],"killed_by":"Shelled Parasite and Fungi","ascension_level":11}}