{"host":"w01zow3jg16g8jdh","time":1613395046,"event":{"mods":["2.2 Compatiblity","AchievementEnabler","BaseMod","DeckTracker","Hermit","Keyboard Shortcuts","Marisa£¨Ùöéë¡¡Øª×âÞÞ£©","Minty Spire (QoL Compilation)","Permanent Neow","StSLib","SuperFastMode"],"gold_per_floor":[119,132,151,130,144,144,171,187,212,212,244,244,258,21,21,98,98,113,113,113,13,33,33,47,74,153,153,153,173,48,67,67,67,67],"floor_reached":33,"language":"KOR","playtime":705,"items_purged":["Strike_G","Strike_G","Defend_G"],"score":558,"play_id":"42bab1d5-0e60-40e2-a577-f3a0d6ccbc06","local_time":"20210215221726","is_ascension_mode":true,"campfire_choices":[{"data":"Poisoned Stab","floor":6,"key":"SMITH"},{"floor":10,"key":"REST"},{"floor":12,"key":"REST"},{"data":"Catalyst","floor":15,"key":"SMITH"},{"data":"Well Laid Plans","floor":23,"key":"SMITH"},{"floor":27,"key":"REST"},{"data":"Tactician","floor":32,"key":"SMITH"}],"circlet_count":0,"master_deck":["AscendersBane","Strike_G","Strike_G","Strike_G","Defend_G","Defend_G","Defend_G","Defend_G","Survivor","Neutralize","Finesse","Backflip","Acrobatics+1","Poisoned Stab+1","Poisoned Stab","Deadly Poison+1","Escape Plan","Catalyst+1","Die Die Die","Calculated Gamble","Well Laid Plans+1","Backflip+1","Tactician+1"],"relics":["Ring of the Snake","InkBottle","War Paint","Unceasing Top","Medical Kit","Sozu","Potion Belt","Kunai"],"acts_visited":["Exordium","TheCity"],"potions_floor_usage":[7,11,18,25],"damage_taken":[{"damage":3,"enemies":"2 Louse","floor":1,"turns":4},{"damage":2,"enemies":"Small Slimes","floor":2,"turns":5},{"damage":0,"enemies":"Jaw Worm","floor":3,"turns":7},{"damage":21,"enemies":"Exordium Thugs","floor":4,"turns":4},{"damage":0,"enemies":"2 Fungi Beasts","floor":5,"turns":4},{"damage":29,"enemies":"3 Sentries","floor":7,"turns":10},{"damage":2,"enemies":"Blue Slaver","floor":8,"turns":3},{"damage":10,"enemies":"Gremlin Nob","floor":11,"turns":3},{"damage":3,"enemies":"Looter","floor":13,"turns":3},{"damage":6,"enemies":"The Guardian","floor":16,"turns":8},{"damage":4,"enemies":"3 Byrds","floor":18,"turns":6},{"damage":6,"enemies":"Spheric Guardian","floor":22,"turns":3},{"damage":11,"enemies":"Snake Plant","floor":24,"turns":3},{"damage":21,"enemies":"Slavers","floor":25,"turns":7},{"damage":2,"enemies":"Sentry and Sphere","floor":29,"turns":5},{"damage":0,"enemies":"Snecko","floor":31,"turns":3},{"damage":15,"enemies":"Champ","floor":33,"turns":3}],"seed_played":"809428525268633718","potions_obtained":[{"floor":2,"key":"Swift Potion"},{"floor":7,"key":"Fire Potion"},{"floor":8,"key":"LiquidMemories"},{"floor":16,"key":"Strength Potion"}],"is_trial":false,"path_per_floor":["M","M","M","M","M","R","E","M","T","R","E","R","M","$","R","B",null,"M","?","?","$","M","R","M","E","T","R","?","M","$","M","R","B"],"character_chosen":"THE_SILENT","items_purchased":["Medical Kit"],"campfire_rested":3,"item_purchase_floors":[14],"current_hp_per_floor":[56,54,54,33,33,33,4,2,2,21,11,30,27,27,27,21,55,51,51,51,51,45,45,34,13,13,32,14,12,12,12,12,0,0],"gold":67,"neow_bonus":"RANDOM_COLORLESS","is_daily":false,"chose_seed":false,"campfire_upgraded":4,"win_rate":0.0,"timestamp":1613395046,"path_taken":["M","M","M","M","M","R","E","M","T","R","E","R","M","$","R","BOSS","M","?","?","?","M","R","?","E","T","R","?","M","?","M","R","BOSS"],"items_purchased_type":["Relic"],"build_version":"2020-12-22","purchased_purges":3,"victory":false,"max_hp_per_floor":[66,66,66,66,66,66,66,66,66,66,66,66,66,66,66,66,66,66,66,66,66,66,66,66,66,66,66,71,71,71,71,71,71,71],"card_choices":[{"not_picked":["Impatience","Swift Strike"],"picked":"Finesse","floor":0},{"not_picked":["Acrobatics","Blur"],"picked":"Backflip","floor":1},{"not_picked":["PiercingWail","Prepared"],"picked":"Acrobatics","floor":2},{"not_picked":["Distraction","Flying Knee"],"picked":"Poisoned Stab","floor":3},{"not_picked":["Blade Dance","Backflip"],"picked":"Poisoned Stab","floor":4},{"not_picked":["Expertise","Eviscerate"],"picked":"Deadly Poison","floor":5},{"not_picked":["Footwork","Deflect"],"picked":"Escape Plan","floor":7},{"not_picked":["Bouncing Flask","Blade Dance"],"picked":"Catalyst","floor":8},{"not_picked":["Deadly Poison","Noxious Fumes","Flying Knee"],"picked":"SKIP","floor":11},{"not_picked":["Cloak And Dagger","Dagger Throw","Skewer"],"picked":"SKIP","floor":13},{"not_picked":["Bullet Time","Doppelganger"],"picked":"Die Die Die","floor":16},{"not_picked":["Riddle With Holes","Distraction"],"picked":"Calculated Gamble","floor":18},{"not_picked":["Deadly Poison","Backflip","Blade Dance"],"picked":"SKIP","floor":22},{"not_picked":["Bane","Sucker Punch"],"picked":"Backflip+1","floor":24},{"not_picked":["Flying Knee","Deflect","Footwork"],"picked":"SKIP","floor":25},{"not_picked":["Flechettes+1","Underhanded Strike"],"picked":"Tactician","floor":29},{"not_picked":["Heel Hook","Infinite Blades+1","Tools of the Trade"],"picked":"SKIP","floor":31}],"player_experience":391409,"relics_obtained":[{"floor":7,"key":"InkBottle"},{"floor":9,"key":"War Paint"},{"floor":11,"key":"Unceasing Top"},{"floor":25,"key":"Potion Belt"},{"floor":26,"key":"Kunai"}],"event_choices":[{"damage_healed":0,"gold_gain":0,"player_choice":"Ignored","damage_taken":0,"max_hp_gain":0,"max_hp_loss":0,"event_name":"The Mausoleum","floor":19,"gold_loss":0},{"damage_healed":0,"gold_gain":0,"player_choice":"Read","damage_taken":0,"max_hp_gain":0,"max_hp_loss":0,"event_name":"The Library","floor":20,"gold_loss":0,"cards_obtained":["Well Laid Plans"]},{"damage_healed":0,"gold_gain":0,"player_choice":"Shed Blood","damage_taken":23,"max_hp_gain":5,"max_hp_loss":0,"event_name":"Forgotten Altar","floor":28,"gold_loss":0}],"is_beta":false,"boss_relics":[{"not_picked":["Fusion Hammer","Calling Bell"],"picked":"Sozu"}],"items_purged_floors":[14,21,30],"is_endless":false,"potions_floor_spawned":[2,7,8,16,22,24,25,31],"killed_by":"Champ","ascension_level":20}}