{"host":"jz4ul6vrcxqkcr33","time":1613361095,"event":{"mods":["BaseMod","Minty Spire (QoL Compilation)","StSLib"],"gold_per_floor":[115,115,65,65,65,100,100,128,128,140,172,172,347,364,364,461,461,479,479,479,479,99,125,125,143,143,143,162,162,195,195,195,299,299,317,317,328,83,99,99,151,183,183,34,52,72,72,82,82,82,82,82,7,41,41,41],"floor_reached":55,"language":"ENG","playtime":2576,"items_purged":["LessonLearned+1"],"score":1151,"play_id":"fb735c72-0511-4bb3-894c-bf002269c81e","local_time":"20210214225135","is_ascension_mode":true,"campfire_choices":[{"data":"Blasphemy","floor":7.0,"key":"SMITH"},{"data":"SashWhip","floor":12.0,"key":"SMITH"},{"floor":15.0,"key":"REST"},{"floor":27.0,"key":"REST"},{"floor":29.0,"key":"REST"},{"data":"Fasting2","floor":32.0,"key":"SMITH"},{"floor":40.0,"key":"RECALL"},{"floor":49.0,"key":"REST"},{"data":"Wallop","floor":52,"key":"SMITH"}],"circlet_count":0,"master_deck":["Vigilance","FollowUp","Fasting2+1","Consecrate+1","Blasphemy+1","FlyingSleeves","SashWhip","ThirdEye","Protect","SashWhip+1","Prostrate","Weave+1","CrushJoints","BattleHymn","Judgement+1","Sanctity","RitualDagger","LikeWater","Wallop+1","Crescendo+1","LikeWater+1","SashWhip+1","EmptyFist","LikeWater+1","Protect+1","CrushJoints+1","FlurryOfBlows+1","Sanctity+1","WreathOfFlame+1","FearNoEvil+1"],"relics":["Pandora\u0027s Box","Thread and Needle","Regal Pillow","Gremlin Horn","Shuriken","Akabeko","Sozu","Pen Nib","Bronze Scales","Potion Belt","Ornamental Fan","Red Mask","War Paint","Runic Pyramid","Matryoshka","CloakClasp","Omamori","Anchor","OrangePellets","Yang"],"acts_visited":["Exordium","TheCity","TheBeyond","TheEnding"],"potions_floor_usage":[50],"damage_taken":[{"damage":2.0,"enemies":"Small Slimes","floor":1.0,"turns":2.0},{"damage":13.0,"enemies":"3 Sentries","floor":6.0,"turns":5.0},{"damage":0.0,"enemies":"Gremlin Nob","floor":8.0,"turns":2.0},{"damage":8.0,"enemies":"Jaw Worm","floor":10.0,"turns":2.0},{"damage":4.0,"enemies":"3 Sentries","floor":11.0,"turns":8.0},{"damage":0.0,"enemies":"2 Louse","floor":14.0,"turns":2.0},{"damage":0.0,"enemies":"Slime Boss","floor":16.0,"turns":3.0},{"damage":4.0,"enemies":"Chosen","floor":18.0,"turns":3.0},{"damage":52.0,"enemies":"Book of Stabbing","floor":23.0,"turns":6.0},{"damage":0.0,"enemies":"Spheric Guardian","floor":25.0,"turns":2.0},{"damage":0.0,"enemies":"Cultist and Chosen","floor":28.0,"turns":6.0},{"damage":15.0,"enemies":"Masked Bandits","floor":30.0,"turns":4.0},{"damage":10.0,"enemies":"Automaton","floor":33.0,"turns":6.0},{"damage":2.0,"enemies":"3 Darklings","floor":35.0,"turns":3.0},{"damage":0.0,"enemies":"Orb Walker","floor":37.0,"turns":2.0},{"damage":0.0,"enemies":"3 Darklings","floor":39.0,"turns":1.0},{"damage":19.0,"enemies":"2 Orb Walkers","floor":41.0,"turns":4.0},{"damage":9.0,"enemies":"Nemesis","floor":42.0,"turns":7.0},{"damage":9.0,"enemies":"Jaw Worm Horde","floor":45.0,"turns":2.0},{"damage":3.0,"enemies":"Transient","floor":46.0,"turns":5.0},{"damage":0.0,"enemies":"Maw","floor":48.0,"turns":8.0},{"damage":40,"enemies":"Time Eater","floor":50,"turns":10},{"damage":38,"enemies":"Shield and Spear","floor":54,"turns":4},{"damage":42,"enemies":"The Heart","floor":55,"turns":5}],"seed_played":"4034983933839149278","potions_obtained":[{"floor":10.0,"key":"Regen Potion"},{"floor":11.0,"key":"Ancient Potion"},{"floor":14.0,"key":"SkillPotion"}],"is_trial":false,"path_per_floor":["M","?","?","?","$","E","R","E","T","M","E","R","?","M","R","B",null,"M","?","?","?","$","E","?","M","T","R","M","R","?","T","R","B",null,"M","?","M","$","M","R","?","E","T","$","M","M","?","M","R","B",null,"R","$","E","B"],"character_chosen":"WATCHER","items_purchased":["Pen Nib","Bronze Scales","LikeWater","Matryoshka","OrangePellets"],"campfire_rested":4,"item_purchase_floors":[22,22,22,38,44],"current_hp_per_floor":[70,75,75,68,68,55,55,55,55,47,58,58,58,58,77,77,77,73,73,67,67,67,15,15,15,15,53,53,77,62,62,62,52,77,75,75,75,75,75,75,56,47,47,47,38,35,54,54,77,37,77,77,77,39,0,0],"gold":41,"neow_bonus":"BOSS_RELIC","is_daily":false,"chose_seed":false,"campfire_upgraded":4,"win_rate":0.0,"timestamp":1613361095,"path_taken":["M","?","?","?","$","E","R","E","T","M","E","R","?","?","R","BOSS","M","?","?","?","$","E","?","?","T","R","M","R","?","?","R","BOSS","M","?","?","?","M","R","?","E","T","?","M","?","?","M","R","BOSS","R","$","E","BOSS"],"items_purchased_type":["Relic","Relic","Card","Relic","Relic"],"build_version":"2020-12-13","purchased_purges":1,"victory":false,"max_hp_per_floor":[72,77,77,77,77,77,77,77,77,77,77,77,77,77,77,77,77,77,77,77,77,77,77,77,77,77,77,77,77,77,77,77,77,77,77,77,77,77,77,77,77,77,77,77,77,77,77,77,77,77,77,77,77,77,77,77],"card_choices":[{"not_picked":["PathToVictory","BowlingBash"],"picked":"Protect","floor":1.0},{"not_picked":["FlyingSleeves","ReachHeaven"],"picked":"SashWhip","floor":6.0},{"not_picked":["PathToVictory","Devotion"],"picked":"Prostrate","floor":8.0},{"not_picked":["BowlingBash","CutThroughFate"],"picked":"Weave","floor":10.0},{"not_picked":["SashWhip","Prostrate"],"picked":"CrushJoints","floor":11.0},{"not_picked":["SashWhip","CutThroughFate"],"picked":"BattleHymn","floor":14.0},{"not_picked":["Devotion","Vault"],"picked":"Judgement","floor":16.0},{"not_picked":["EmptyBody","Protect"],"picked":"Sanctity","floor":18.0},{"not_picked":["Crescendo+1","SashWhip+1"],"picked":"Wallop","floor":23.0},{"not_picked":["SandsOfTime","Collect"],"picked":"LikeWater","floor":25.0},{"not_picked":["Study","Prostrate"],"picked":"SashWhip+1","floor":28.0},{"not_picked":["Crescendo","Pray"],"picked":"EmptyFist","floor":30.0},{"not_picked":["Brilliance","Establishment"],"picked":"LessonLearned","floor":33.0},{"not_picked":["Halt+1","Consecrate+1"],"picked":"LikeWater+1","floor":35.0},{"not_picked":["FlurryOfBlows+1","BowlingBash+1"],"picked":"Protect+1","floor":37.0},{"not_picked":["PathToVictory","JustLucky+1"],"picked":"CrushJoints+1","floor":39.0},{"not_picked":["Judgement","EmptyFist"],"picked":"FlurryOfBlows+1","floor":41.0},{"not_picked":["Swivel+1","BowlingBash+1"],"picked":"Sanctity+1","floor":42.0},{"not_picked":["Nirvana+1","EmptyFist","BowlingBash"],"picked":"SKIP","floor":45.0},{"not_picked":["BattleHymn","PathToVictory","Collect"],"picked":"SKIP","floor":46.0},{"not_picked":["BowlingBash","Sanctity"],"picked":"WreathOfFlame+1","floor":48.0},{"not_picked":["LikeWater","Vault"],"picked":"FearNoEvil+1","floor":54}],"player_experience":237657,"relics_obtained":[{"floor":6.0,"key":"Regal Pillow"},{"floor":8.0,"key":"Gremlin Horn"},{"floor":9.0,"key":"Shuriken"},{"floor":11.0,"key":"Akabeko"},{"floor":23.0,"key":"Potion Belt"},{"floor":26.0,"key":"Ornamental Fan"},{"floor":30.0,"key":"Red Mask"},{"floor":31.0,"key":"War Paint"},{"floor":41.0,"key":"CloakClasp"},{"floor":42.0,"key":"Omamori"},{"floor":43.0,"key":"Anchor"},{"floor":54,"key":"Yang"}],"event_choices":[{"damage_healed":0.0,"max_hp_gain":5.0,"max_hp_loss":0.0,"gold_gain":0.0,"event_name":"Big Fish","player_choice":"Donut","floor":2.0,"gold_loss":0.0,"damage_taken":0.0},{"cards_removed":["PathToVictory"],"damage_healed":0.0,"max_hp_gain":0.0,"max_hp_loss":0.0,"gold_gain":0.0,"event_name":"The Cleric","player_choice":"Card Removal","floor":3.0,"gold_loss":50.0,"damage_taken":0.0},{"damage_healed":0.0,"max_hp_gain":0.0,"max_hp_loss":0.0,"gold_gain":0.0,"event_name":"Scrap Ooze","player_choice":"Success","floor":4.0,"gold_loss":0.0,"damage_taken":7.0,"relics_obtained":["Thread and Needle"]},{"damage_healed":0.0,"max_hp_gain":0.0,"max_hp_loss":0.0,"gold_gain":175.0,"event_name":"Liars Game","player_choice":"AGREE","floor":13.0,"gold_loss":0.0,"damage_taken":0.0,"cards_obtained":["Doubt"]},{"damage_healed":0.0,"max_hp_gain":0.0,"max_hp_loss":0.0,"gold_gain":0.0,"event_name":"Vampires","player_choice":"Ignored","floor":19.0,"gold_loss":0.0,"damage_taken":0.0},{"damage_healed":0.0,"max_hp_gain":0.0,"max_hp_loss":0.0,"gold_gain":0.0,"event_name":"Nest","player_choice":"Joined the Cult","floor":20.0,"gold_loss":0.0,"damage_taken":6.0,"cards_obtained":["RitualDagger"]},{"damage_healed":0.0,"max_hp_gain":0.0,"max_hp_loss":0.0,"gold_gain":0.0,"event_name":"Ghosts","player_choice":"Ignored","floor":21.0,"gold_loss":0.0,"damage_taken":0.0},{"damage_healed":0.0,"max_hp_gain":0.0,"max_hp_loss":0.0,"gold_gain":0.0,"cards_transformed":["Eruption"],"event_name":"Transmorgrifier","player_choice":"Transformed","floor":24.0,"gold_loss":0.0,"damage_taken":0.0,"cards_obtained":["Crescendo"]},{"damage_healed":0.0,"max_hp_gain":0.0,"max_hp_loss":0.0,"gold_gain":0.0,"event_name":"Masked Bandits","player_choice":"Fought Bandits","floor":30.0,"gold_loss":0.0,"damage_taken":0.0},{"cards_removed":["Doubt"],"damage_healed":0.0,"max_hp_gain":0.0,"max_hp_loss":0.0,"gold_gain":0.0,"event_name":"Fountain of Cleansing","player_choice":"Removed Curses","floor":36.0,"gold_loss":0.0,"damage_taken":0.0},{"damage_healed":0.0,"max_hp_gain":0.0,"max_hp_loss":0.0,"gold_gain":0.0,"event_name":"Mysterious Sphere","player_choice":"Fight","floor":41.0,"gold_loss":0.0,"damage_taken":0.0},{"damage_healed":19.0,"max_hp_gain":0.0,"max_hp_loss":0.0,"gold_gain":0.0,"event_name":"Winding Halls","player_choice":"Writhe","floor":47.0,"gold_loss":0.0,"damage_taken":0.0,"cards_obtained":["Writhe"]}],"is_beta":false,"boss_relics":[{"not_picked":["Empty Cage","Coffee Dripper"],"picked":"Sozu"},{"not_picked":["SacredBark","Cursed Key"],"picked":"Runic Pyramid"}],"items_purged_floors":[53],"is_endless":false,"potions_floor_spawned":[10,11,14,23,28,33,39,41,45],"killed_by":"The Heart","ascension_level":3}}