{"host":"o3b7ow6d1xe49css","time":1613371167,"event":{"mods":["Act Like it!","Aspiration","BaseMod","Bestiary","Better Altar","Better Match","Better Note","Better Sensory Stone","Better Skull","Better Third Choice","Colored Powertips","Conspire","Energized Spire","Force Act Four","GifTheSpireLib","Halation","Hermit","Hubris","Infinite Spire","Lobotomy","Minty Spire (QoL Compilation)","Quick Restart","Rare Cards Sparkle","Relic Filter Mod","Reliquary","Replay The Spire","Spicy Shops","Spikes Relics","StSLib","Stuff the Spire","The Blue Laboratory","The Disciple","Wandering Minibosses"],"gold_per_floor":[111,124,138,38,38,38,96,165,165,236,236,236,20,70,70,215,215,227,244,28,28,28,105,105,148,201,201,252,252,279,279,279,386,386,441,52,68,68,68,124,157,157],"floor_reached":41,"language":"ENG","playtime":2273,"items_purged":["hubris:Sloth","Decay"],"score":908,"play_id":"35ddb14e-b287-4213-bf14-6d49c3f721da","local_time":"20210214213927","daily_mods":["Heirloom","Flight"],"is_ascension_mode":true,"campfire_choices":[{"data":"conspire:SpireCoStock","floor":6,"key":"SMITH"},{"data":"conspire:SpireCoStock","floor":11,"key":"SMITH"},{"data":"Ritenuto","floor":12,"key":"SMITH"},{"data":"Engulf","floor":15,"key":"SMITH"},{"floor":24,"key":"REST"},{"floor":27,"key":"REST"},{"data":"infinitespire:NeuralNetwork","floor":32,"key":"SMITH"}],"circlet_count":0,"master_deck":["Strike_Br","Strike_Br","Defend_Br","Defend_Br","Defend_Br","SecondHand","PatternShift","Keepsakes","Scorched","UniverseFragment","Analog","conspire:SpireCoStock+1","conspire:SpireCoStock+1","Echoward","Ritenuto+1","Pot Of Greed","Pot Of Greed","Pendulum","Engulf+1","Echonomics","Flay","ShortSighted+1","Pot Of Greed","SecondHand","infinitespire:NeuralNetwork+1","AlternateTimeline","ReplayTheSpireMod:Private Reserves","Allargando+1","BlessedFruit","BlessedFruit","AlternateTimeline","LockedBlood+1","ExoVibe+4","Pot Of Greed","StuffTheSpire:Vigor","BlueShift"],"relics":["Chronometer","Ring of Chaos","Incense Burner","CogitoBucket","halation:EternalFortune","aspiration:HiddenCompartment","HornCleat","BlackRope","Grinning Jar","ReplayTheSpireMod:CursedCoin","Paper Turtyl","SkinProphecy","Empty Cage","DollysMirror","StuffTheSpire:BottledEssence","hubris:BottledRain","reliquary:PorcupineQuills","HeavenlyBonsai","infinitespire:Midas Blood","Metronome","wanderingMiniBosses:AbyssPearl","ResearcherNote","halation:Thesaurus","Onion Ring","Replay:Ringing Soul","Blue Candle"],"acts_visited":["Exordium","TheCity","TheBeyond"],"potions_floor_usage":[7,18,30],"damage_taken":[{"damage":4,"enemies":"Jaw Worm","floor":1,"turns":5},{"damage":0,"enemies":"2 Louse","floor":2,"turns":1},{"damage":1,"enemies":"Cultist","floor":3,"turns":6},{"damage":5,"enemies":"Lagavulin","floor":7,"turns":6},{"damage":19,"enemies":"3 Sentries","floor":8,"turns":4},{"damage":8,"enemies":"Lagavulin","floor":10,"turns":7},{"damage":1,"enemies":"Lots of Slimes","floor":14,"turns":2},{"damage":0,"enemies":"Slime Boss","floor":16,"turns":6},{"damage":11,"enemies":"3 Byrds","floor":18,"turns":7},{"damage":0,"enemies":"Chosen","floor":19,"turns":4},{"damage":48,"enemies":"Nightmare","floor":23,"turns":5},{"damage":12,"enemies":"Slavers","floor":25,"turns":6},{"damage":4,"enemies":"Book of Stabbing","floor":28,"turns":6},{"damage":9,"enemies":"Gremlin Leader","floor":30,"turns":4},{"damage":18,"enemies":"Automaton","floor":33,"turns":7},{"damage":46,"enemies":"3 Shapes","floor":35,"turns":4},{"damage":0,"enemies":"3 Darklings","floor":37,"turns":3},{"damage":0,"enemies":"Reptomancer","floor":40,"turns":5},{"damage":56,"enemies":"R_Hoarder","floor":41,"turns":9}],"seed_played":"2466390366711158049","potions_obtained":[{"floor":2,"key":"blueLaboratory:HummingbirdPotion"},{"floor":14,"key":"blueLaboratory:LouseDecoction"},{"floor":16,"key":"Energy Potion"},{"floor":19,"key":"FairyPotion"},{"floor":25,"key":"Fire Potion"},{"floor":37,"key":"Dexterity Potion"}],"is_trial":true,"path_per_floor":["M","M","M","?","?","R","E","E","T","E","R","R","$","M","R","B",null,"M","M","$","AVR","?","NM","R","E","T","R","E","?","E","T","R","B",null,"M","$","M","?","?","E","E"],"character_chosen":"CHRONO_CLASS","items_purchased":["ReplayTheSpireMod:CursedCoin","Paper Turtyl","Engulf","DollysMirror","StuffTheSpire:BottledEssence","halation:Thesaurus","Replay:Ringing Soul"],"campfire_rested":2,"item_purchase_floors":[13,13,13,20,20,36,36],"current_hp_per_floor":[61,61,60,60,63,63,58,39,39,34,34,34,34,33,33,29,62,47,43,43,43,43,17,40,34,34,58,50,50,37,37,37,16,70,28,28,37,40,40,67,26,26],"gold":157,"neow_bonus":"","is_daily":false,"chose_seed":false,"campfire_upgraded":5,"win_rate":0.0,"timestamp":1613371167,"path_taken":["M","M","M","?","?","R","E","E","T","E","R","R","$","M","R","BOSS","M","M","$","AVR","?","NM","R","E","T","R","E","?","E","?","R","BOSS","M","$","M","?","?","E","E"],"items_purchased_type":["Relic","Relic","Card","Relic","Relic","Relic","Relic"],"build_version":"2020-12-22","purchased_purges":2,"victory":false,"max_hp_per_floor":[65,65,65,65,68,68,68,68,68,71,71,71,71,71,71,73,73,75,77,77,77,77,79,79,81,81,81,83,83,85,85,85,88,88,94,94,99,102,97,104,110,110],"card_choices":[{"not_picked":["LockedPlans","BlueShift"],"picked":"Keepsakes","floor":1},{"not_picked":["CrumblingArmor","PunishingBird","ShyLook"],"picked":"Singing Bowl","floor":1},{"not_picked":["MHz","WallGazer"],"picked":"Scorched","floor":1},{"not_picked":["CrumblingArmor","WallGazer","CherryBlossoms"],"picked":"Singing Bowl","floor":2},{"not_picked":["HappyTeddy","MeatLantern"],"picked":"UniverseFragment","floor":2},{"not_picked":["LockedMedicine","WatchCommand","DaylightSavings"],"picked":"SKIP","floor":2},{"not_picked":["Parity","WindUp"],"picked":"Analog","floor":3},{"not_picked":["VoidDream","BeautyBeast","OldLady"],"picked":"Singing Bowl","floor":3},{"not_picked":["Echoward","Pendulum"],"picked":"Tempo","floor":7},{"not_picked":["Break","LockedAstrolabe"],"picked":"Echoward","floor":8},{"not_picked":["Engulf","HandsUpC"],"picked":"Pendulum","floor":10},{"not_picked":["LockedScales","HandsUpC","LockedMawBank"],"picked":"SKIP","floor":14},{"not_picked":["LockedLightning","OldTimer"],"picked":"Echonomics","floor":16},{"not_picked":["Engulf","PrimeTime"],"picked":"Flay","floor":18},{"not_picked":["FormalWear+1","BiteCommand"],"picked":"ShortSighted+1","floor":19},{"not_picked":["ReplayTheSpireMod:??????????????????????","infinitespire:DeathsTouch"],"picked":"infinitespire:NeuralNetwork","floor":23},{"not_picked":["LockedScales","EscortCommand","Engulf"],"picked":"SKIP","floor":23},{"not_picked":["LockedMedicine","MasterKey"],"picked":"AlternateTimeline","floor":25},{"not_picked":["LockedOrichalcum","Engulf"],"picked":"Tempo+1","floor":28},{"not_picked":["Crow Ritual","hubris:Insight"],"picked":"ReplayTheSpireMod:Private Reserves","floor":29},{"not_picked":["FormalWear+1","PrimeTime"],"picked":"AlternateTimeline","floor":30},{"not_picked":["Alriune","BigBadWolf","OSAHOGD"],"picked":"Singing Bowl","floor":33},{"not_picked":["Facsimile","BiteCommand+1"],"picked":"LockedBlood+1","floor":35},{"not_picked":["WatchCommand+1","LockedWarPaint+1"],"picked":"ExoVibe+1","floor":37},{"not_picked":["StuffTheSpire:Innocence","StuffTheSpire:Brawn"],"picked":"StuffTheSpire:Vigor","floor":38},{"not_picked":["Flay","Parity"],"picked":"BlueShift","floor":40}],"player_experience":1512944,"relics_obtained":[{"floor":7,"key":"aspiration:HiddenCompartment"},{"floor":8,"key":"HornCleat"},{"floor":9,"key":"BlackRope"},{"floor":10,"key":"halation:EternalFortune"},{"floor":10,"key":"Grinning Jar"},{"floor":23,"key":"reliquary:FerryPass"},{"floor":25,"key":"hubris:BottledRain"},{"floor":28,"key":"reliquary:PorcupineQuills"},{"floor":30,"key":"HeavenlyBonsai"},{"floor":31,"key":"infinitespire:Midas Blood"},{"floor":35,"key":"wanderingMiniBosses:AbyssPearl"},{"floor":40,"key":"Blue Candle"}],"event_choices":[{"damage_healed":0,"gold_gain":0,"player_choice":"Invest 2","damage_taken":0,"max_hp_gain":0,"max_hp_loss":0,"event_name":"conspire:Investor","floor":4,"gold_loss":0},{"damage_healed":0,"gold_gain":0,"player_choice":"Ignored","damage_taken":0,"max_hp_gain":0,"max_hp_loss":0,"event_name":"betterNote:BetterNote","floor":22,"gold_loss":0,"cards_obtained":["Strike_R"]},{"damage_healed":0,"gold_gain":2,"player_choice":"1","damage_taken":0,"max_hp_gain":0,"max_hp_loss":0,"event_name":"betterStone:BetterStone","floor":29,"gold_loss":0},{"damage_healed":0,"gold_gain":0,"player_choice":"Max HP","damage_taken":0,"max_hp_gain":0,"max_hp_loss":5,"event_name":"Winding Halls","floor":39,"gold_loss":0}],"is_beta":false,"boss_relics":[{"not_picked":["energizedSpire:EnergizedDie","hubris:VirtuousBlindfold"],"picked":"Empty Cage"},{"not_picked":["halation:PlatinumPhoenix","halation:HeavySnake"],"picked":"Metronome"}],"items_purged_floors":[13,21],"is_endless":false,"potions_floor_spawned":[2,14,16,19,25,37],"killed_by":"R_Hoarder","ascension_level":5}}