{"host":"skr63qsdfgeey3it","time":1613379275,"event":{"mods":["BaseMod","Colored Map","Hubris","Minty Spire (QoL Compilation)","Monster B Gone","Reliquary","Replay The Spire","Spicy Shops","StSLib"],"gold_per_floor":[113,127,127,127,127,127,153,153,221,236,270,290,305,32,32,131,131,143,143],"floor_reached":18,"language":"ENG","playtime":714,"items_purged":[],"score":315,"play_id":"aecf00ad-6bd0-4a4e-b598-319d11553e6d","local_time":"20210215025435","is_ascension_mode":true,"campfire_choices":[{"data":"hubris:ReadiedAction","floor":6.0,"key":"SMITH"},{"data":"Inflame","floor":8.0,"key":"SMITH"},{"data":"Armaments","floor":15.0,"key":"SMITH"}],"circlet_count":1,"master_deck":["AscendersBane","Strike_R","Strike_R","Strike_R","Strike_R","Strike_R","Defend_R","Defend_R+1","Defend_R","Defend_R","Bash","Shockwave+1","Madness+1","Life Link","Inflame+1","Armaments+1","Discovery","Berserk"],"relics":["Burning Blood","NeowsBlessing","Circlet","Lantern","Replay:Bottled Steam","Omamori","Strange Spoon","Replay:Grab Bag","Sozu","Coffee Dripper","Black Star"],"acts_visited":["Exordium","TheCity"],"potions_floor_usage":[],"damage_taken":[{"damage":0.0,"enemies":"Small Slimes","floor":1.0,"turns":1.0},{"damage":0.0,"enemies":"2 Louse","floor":2.0,"turns":1.0},{"damage":0.0,"enemies":"Lagavulin","floor":7.0,"turns":2.0},{"damage":7.0,"enemies":"Jaw Worm","floor":10.0,"turns":3.0},{"damage":32.0,"enemies":"Gremlin Nob","floor":11.0,"turns":3.0},{"damage":6.0,"enemies":"2 Fungi Beasts","floor":12.0,"turns":5.0},{"damage":7.0,"enemies":"Gremlin Gang","floor":13.0,"turns":3.0},{"damage":29.0,"enemies":"Slime Boss","floor":16.0,"turns":9.0},{"damage":7.0,"enemies":"Shell Parasite","floor":18.0,"turns":6.0}],"seed_played":"7197803567426671765","potions_obtained":[{"floor":11.0,"key":"Explosive Potion"},{"floor":13.0,"key":"Cursed Concoction"}],"is_trial":false,"path_per_floor":["M","M","?","?","?","R","E","R","T","M","E","M","M","$","R","B",null,"M"],"character_chosen":"IRONCLAD","items_purchased":["Strange Spoon","Discovery"],"campfire_rested":0,"item_purchase_floors":[14,14],"current_hp_per_floor":[78,80,64,64,64,64,70,70,70,69,43,43,42,42,42,19,65,64,64],"gold":143,"neow_bonus":"THREE_ENEMY_KILL","is_daily":false,"chose_seed":false,"campfire_upgraded":3,"win_rate":0.0,"timestamp":1613379275,"path_taken":["M","M","?","?","?","R","E","R","T","M","E","M","M","?","R","BOSS","M"],"items_purchased_type":["Relic","Card"],"build_version":"2020-12-22","purchased_purges":0,"victory":false,"max_hp_per_floor":[80,80,80,80,80,80,80,80,80,80,80,80,80,80,80,80,80,80,80],"card_choices":[{"not_picked":["Flex","Iron Wave"],"picked":"Shockwave","floor":1.0},{"not_picked":["Wild Strike","Heavy Blade"],"picked":"hubris:ReadiedAction","floor":2.0},{"not_picked":["hubris:ReadiedAction","Dual Wield"],"picked":"Inflame","floor":7.0},{"not_picked":["Havoc","Massacre","Run Through"],"picked":"SKIP","floor":10.0},{"not_picked":["Iron Wave","Flex","Warcry"],"picked":"SKIP","floor":11.0},{"not_picked":["Havoc","Cleave"],"picked":"Armaments","floor":12.0},{"not_picked":["Entrench","Abandon","Iron Wave"],"picked":"SKIP","floor":13.0},{"not_picked":["Reaper","Juggernaut"],"picked":"Berserk","floor":16.0}],"player_experience":969485,"relics_obtained":[{"floor":7.0,"key":"Lantern"},{"floor":9.0,"key":"Replay:Bottled Steam"},{"floor":11.0,"key":"Omamori"}],"event_choices":[{"damage_healed":0.0,"max_hp_gain":0.0,"max_hp_loss":0.0,"gold_gain":0.0,"event_name":"Shining Light","player_choice":"Entered Light","floor":3.0,"gold_loss":0.0,"damage_taken":16.0,"cards_upgraded":["Shockwave","Defend_R"]}],"is_beta":false,"boss_relics":[{"not_picked":["Cursed Key","SacredBark"],"picked":"Replay:Grab Bag"},{"not_picked":["Fusion Hammer","Replay:Bronze Core"],"picked":"Sozu"},{"not_picked":["Busted Crown","Runic Dome"],"picked":"Coffee Dripper"},{"not_picked":["Astrolabe","Replay:Drink Me"],"picked":"Black Star"}],"items_purged_floors":[],"is_endless":false,"potions_floor_spawned":[11,13],"killed_by":"Shell Parasite","ascension_level":12}}