{"host":"or8fr2mp0k3eluj8","time":1613379997,"event":{"mods":["AchievementEnabler","BaseMod","Colored Map","DeckTracker","Minty Spire (QoL Compilation)","SuperFastMode"],"gold_per_floor":[116,133,149,137,137,137,148,167,167,187,42,7,7,17,17,121,121,133,133,149,149,74,74,106,106,106,120,120,135,154,154,154,154,154],"floor_reached":33,"language":"KOR","playtime":778,"items_purged":["Strike_P"],"score":263,"play_id":"565736d8-c44a-403e-a2cb-cda6f251ce66","local_time":"20210215180637","is_ascension_mode":false,"campfire_choices":[{"data":"Ragnarok","floor":6,"key":"SMITH"},{"floor":13,"key":"REST"},{"floor":15,"key":"REST"},{"data":"WreathOfFlame","floor":23,"key":"SMITH"},{"floor":25,"key":"REST"},{"floor":32,"key":"REST"}],"circlet_count":0,"master_deck":["Strike_P","Strike_P","Strike_P","Defend_P","Defend_P","Defend_P","Defend_P","Eruption","Vigilance","Ragnarok+1","Prostrate","Prostrate","Consecrate","WreathOfFlame+1","JustLucky","Blasphemy+1"],"relics":["PureWater","White Beast Statue","Sling","Sozu","Regal Pillow","CeramicFish","TeardropLocket"],"acts_visited":["Exordium","TheCity"],"potions_floor_usage":[16,24,24,31],"damage_taken":[{"damage":10,"enemies":"Small Slimes","floor":1,"turns":2},{"damage":12,"enemies":"Cultist","floor":2,"turns":3},{"damage":2,"enemies":"Jaw Worm","floor":3,"turns":2},{"damage":15,"enemies":"Exordium Thugs","floor":4,"turns":5},{"damage":16,"enemies":"Looter","floor":7,"turns":3},{"damage":4,"enemies":"Exordium Wildlife","floor":8,"turns":2},{"damage":6,"enemies":"Gremlin Gang","floor":10,"turns":3},{"damage":0,"enemies":"Blue Slaver","floor":14,"turns":2},{"damage":35,"enemies":"Hexaghost","floor":16,"turns":7},{"damage":19,"enemies":"Shell Parasite","floor":18,"turns":8},{"damage":0,"enemies":"Chosen","floor":20,"turns":2},{"damage":15,"enemies":"Gremlin Leader","floor":24,"turns":2},{"damage":33,"enemies":"Snake Plant","floor":27,"turns":2},{"damage":11,"enemies":"Centurion and Healer","floor":29,"turns":2},{"damage":0,"enemies":"Snecko","floor":30,"turns":1},{"damage":0,"enemies":"3 Cultists","floor":31,"turns":3},{"damage":99999,"enemies":"Collector","floor":33,"turns":3}],"seed_played":"3713298478705362307","potions_obtained":[{"floor":7,"key":"SteroidPotion"},{"floor":10,"key":"DuplicationPotion"},{"floor":14,"key":"SmokeBomb"},{"floor":16,"key":"Strength Potion"}],"is_trial":false,"path_per_floor":["M","M","M","M","?","R","M","M","T","M","$","$","R","M","R","B",null,"M","?","M","?","$","R","E","R","T","M","?","M","M","M","R","B"],"character_chosen":"WATCHER","items_purchased":["Sling","WreathOfFlame"],"campfire_rested":4,"item_purchase_floors":[11,12],"current_hp_per_floor":[62,50,48,33,33,33,17,13,13,7,7,7,28,28,49,14,72,53,53,53,53,53,53,38,72,72,39,26,15,15,15,53,0,0],"gold":154,"neow_bonus":"ONE_RANDOM_RARE_CARD","is_daily":false,"chose_seed":false,"campfire_upgraded":2,"win_rate":0.0,"timestamp":1613379997,"path_taken":["M","M","M","M","?","R","M","M","T","M","?","$","R","M","R","BOSS","M","?","?","?","?","R","E","R","T","M","?","M","M","M","R","BOSS"],"items_purchased_type":["Relic","Card"],"build_version":"2020-12-22","purchased_purges":1,"victory":false,"max_hp_per_floor":[72,72,72,72,72,72,72,72,72,72,72,72,72,72,72,72,72,72,72,72,72,72,72,72,72,72,72,77,77,77,77,77,77,77],"card_choices":[{"not_picked":["Halt","Consecrate","PathToVictory"],"picked":"SKIP","floor":1},{"not_picked":["ThirdEye","SashWhip"],"picked":"Prostrate","floor":2},{"not_picked":["Weave","SignatureMove","Sanctity"],"picked":"SKIP","floor":3},{"not_picked":["BowlingBash","TalkToTheHand"],"picked":"Prostrate","floor":4},{"not_picked":["FlurryOfBlows","SashWhip","Vengeance"],"picked":"SKIP","floor":7},{"not_picked":["ClearTheMind","InnerPeace","CarveReality"],"picked":"SKIP","floor":8},{"not_picked":["MasterReality","CutThroughFate"],"picked":"Consecrate","floor":10},{"not_picked":["Prostrate","InnerPeace"],"picked":"JustLucky","floor":14},{"not_picked":["Alpha","ConjureBlade"],"picked":"Blasphemy","floor":16},{"not_picked":["Nirvana","Fasting2","Meditate"],"picked":"SKIP","floor":18},{"not_picked":["MentalFortress","FollowUp","TalkToTheHand"],"picked":"SKIP","floor":20},{"not_picked":["Perseverance","FollowUp","FlyingSleeves"],"picked":"SKIP","floor":24},{"not_picked":["FearNoEvil","EmptyFist","Wireheading"],"picked":"SKIP","floor":27},{"not_picked":["Adaptation","DeceiveReality","Weave"],"picked":"SKIP","floor":29},{"not_picked":["Fasting2+1","FlurryOfBlows","Pray"],"picked":"SKIP","floor":30}],"player_experience":327067,"relics_obtained":[{"floor":9,"key":"White Beast Statue"},{"floor":19,"key":"Regal Pillow"},{"floor":24,"key":"CeramicFish"},{"floor":26,"key":"TeardropLocket"}],"event_choices":[{"damage_healed":0,"gold_gain":0,"player_choice":"Bought 0 Potions","damage_taken":0,"max_hp_gain":0,"max_hp_loss":0,"event_name":"The Woman in Blue","floor":5,"gold_loss":0},{"damage_healed":0,"gold_gain":0,"player_choice":"Relic","damage_taken":0,"max_hp_gain":0,"max_hp_loss":0,"event_name":"Wheel of Change","floor":19,"gold_loss":0},{"damage_healed":0,"gold_gain":0,"player_choice":"Forge","damage_taken":0,"max_hp_gain":0,"max_hp_loss":0,"event_name":"Accursed Blacksmith","floor":21,"gold_loss":0,"cards_upgraded":["Blasphemy"]},{"damage_healed":0,"gold_gain":0,"player_choice":"Shed Blood","damage_taken":18,"max_hp_gain":5,"max_hp_loss":0,"event_name":"Forgotten Altar","floor":28,"gold_loss":0}],"is_beta":false,"boss_relics":[{"not_picked":["SlaversCollar","Ectoplasm"],"picked":"Sozu"}],"items_purged_floors":[22],"is_endless":false,"potions_floor_spawned":[7,10,14,16,18,20,24,27,29,30,31],"killed_by":"Collector","ascension_level":0}}