{"host":"lw59ann91yhh6pk4","time":1613362966,"event":{"mods":["Act Like it!","BaseMod","Colored Map","Colored Powertips","Downfall","Duelist Mod","GifTheSpireLib","Hermit","MarisaÅiñ∂âJÅ@ñÇóùçπÅj","Minty Spire (QoL Compilation)","StSLib","The Animator","The Bug Knight","The Construct","The Cursed","The Disciple","The Hierophant","The Jungle","The Necromancer","The Runesmith","The Servant 0.9.4","slay the spire mod where everything is the same but ironclad has a cowboy hat"],"gold_per_floor":[117,292,292,11,86,111,124,139,185,202,262,262,282,295,295,394,394,406,406,420,20,34,61,76,76,76,89,89,89,89,109,109,211,211,227,246,246,5,5,5,33,50,50,67,95,95,95,95],"floor_reached":47,"language":"ENG","playtime":3957,"items_purged":["hermit:Strike_Hermit","hermit:Strike_Hermit"],"score":732,"play_id":"c63e8087-d027-40fc-b9af-e117fdd3d493","local_time":"20210215052246","is_ascension_mode":false,"campfire_choices":[{"floor":15,"key":"REST"},{"floor":25,"key":"REST"},{"floor":29,"key":"REST"},{"data":"hermit:Combo","floor":32,"key":"SMITH"},{"data":"Apotheosis","floor":40,"key":"SMITH"},{"floor":46,"key":"REST"}],"circlet_count":0,"master_deck":["hermit:Strike_Hermit","hermit:Strike_Hermit","hermit:Defend_Hermit","hermit:Defend_Hermit","hermit:Defend_Hermit","hermit:Defend_Hermit","hermit:Snapshot","hermit:Covet","hermit:Horror","Doubt","hermit:Enervate","hermit:GhostlyPresence","hermit:Ricochet","hermit:FullyLoaded+1","hermit:EyeOfTheStorm","hermit:Quickdraw","hermit:Roulette","hermit:CalledShot","hermit:TrackingShot","hermit:RoundhouseKick","hermit:Glare+1","downfall:Aged","hermit:BlackWind","hermit:Vantage+1","hermit:BigShot","hermit:LowProfile","hermit:EyeOfTheStorm","animator:Curse_Greed","theDuelist:GravekeeperCurse","hermit:HighCaliber","theDuelist:CurseArmaments","downfall:Icky","hermit:Combo+1","hermit:TrackingShot","hermit:RoundhouseKick","hermit:GhostlyPresence+1","hermit:Horror+1","Dark Shackles","Apotheosis+1","Secret Technique","Secret Technique","hermit:TrackingShot","Writhe","hermit:WideOpen+1","hermit:HighCaliber+1","theDuelist:SummoningCurse","theDuelist:CurseAnubis","hermit:Manifest+1"],"relics":["hermit:Momento","NeowsBlessing","Runesmith:AutoHammer","Kunai","hermit:RyeStalk","Torii","Philosopher\u0027s Stone","downfall:ExtraCursedKey","hermit:CharredGlove","construct:FoamFinger","Pantograph","Sozu","Blood Vial","Girya","Singing Bowl"],"acts_visited":["Exordium","Exordium","TheBeyond"],"potions_floor_usage":[11,14,16,18,18,20,22,33,33,33,47],"damage_taken":[{"damage":0,"enemies":"Cultist","floor":1,"turns":1},{"damage":0,"enemies":"HollowMod:MossKnight","floor":6,"turns":1},{"damage":0,"enemies":"2 Louse","floor":7,"turns":1},{"damage":0,"enemies":"Jaw Worm","floor":8,"turns":2},{"damage":2,"enemies":"Large Slime","floor":10,"turns":4},{"damage":13,"enemies":"Lagavulin Event","floor":11,"turns":5},{"damage":7,"enemies":"2 Fungi Beasts","floor":13,"turns":3},{"damage":0,"enemies":"Lots of Slimes","floor":14,"turns":2},{"damage":30,"enemies":"Slime Boss","floor":16,"turns":11},{"damage":8,"enemies":"theJungle:5_Spyders","floor":18,"turns":6},{"damage":34,"enemies":"theJungle:Flameango_and_Byrd","floor":20,"turns":5},{"damage":16,"enemies":"theJungle:2_Snecko_Cultists","floor":22,"turns":5},{"damage":10,"enemies":"theJungle:MamaSnecko","floor":23,"turns":5},{"damage":9,"enemies":"theJungle:SlimyTreeVines","floor":24,"turns":3},{"damage":16,"enemies":"theJungle:JungleHuntersEncounter","floor":27,"turns":5},{"damage":11,"enemies":"theJungle:2_Flameangoes","floor":31,"turns":3},{"damage":41,"enemies":"theJungle:TotemBoss","floor":33,"turns":7},{"damage":9,"enemies":"3 Shapes","floor":35,"turns":2},{"damage":2,"enemies":"Orb Walker","floor":36,"turns":3},{"damage":2,"enemies":"Nemesis","floor":41,"turns":5},{"damage":26,"enemies":"Jaw Worm Horde","floor":42,"turns":4},{"damage":21,"enemies":"3 Darklings","floor":44,"turns":5},{"damage":28,"enemies":"HollowMod:StalkingDevout","floor":45,"turns":3},{"damage":55,"enemies":"Giant Head","floor":47,"turns":7}],"seed_played":"4877763437428002171","potions_obtained":[{"floor":1,"key":"Slimebound:ThreeZeroPotion"},{"floor":7,"key":"LiquidBronze"},{"floor":11,"key":"GamblersBrew"},{"floor":14,"key":"SteroidPotion"},{"floor":16,"key":"PowerPotion"},{"floor":18,"key":"Energy Potion"},{"floor":20,"key":"PowerPotion"},{"floor":27,"key":"bronze:BurnAndBuffPotion"},{"floor":31,"key":"GamblersBrew"},{"floor":33,"key":"Explosive Potion"}],"is_trial":false,"path_per_floor":["M","?","?","$","?","E","M","M","T","M","?","?","M","M","R","B",null,"M","?","M","$","M","E","M","R","T","M","T","R","?","M","R","B",null,"M","M","?","$","?","R","E","M","T","M","E","R","E"],"character_chosen":"HERMIT","items_purchased":["hermit:Enervate","hermit:GhostlyPresence","hermit:Ricochet","Block Potion","hermit:CharredGlove","Secret Technique","hermit:TrackingShot"],"campfire_rested":4,"item_purchase_floors":[4,4,4,4,21,38,38],"current_hp_per_floor":[75,75,68,68,57,57,57,57,57,55,42,42,35,35,57,27,75,67,67,33,33,17,7,1,23,23,7,7,29,29,18,18,2,75,66,64,54,54,73,73,71,47,47,28,4,27,0,0],"gold":95,"neow_bonus":"THREE_ENEMY_KILL","is_daily":false,"chose_seed":false,"campfire_upgraded":2,"win_rate":0.0,"timestamp":1613362966,"path_taken":["M","?","?","$","?","E","?","M","T","M","?","?","?","M","R","BOSS","M","?","M","$","M","E","M","R","T","M","?","R","?","?","R","BOSS","M","M","?","$","?","R","E","M","T","M","E","R","E"],"items_purchased_type":["Card","Card","Card","Potion","Relic","Card","Card"],"build_version":"2020-12-22","purchased_purges":2,"victory":false,"max_hp_per_floor":[75,75,75,75,75,75,75,75,75,75,75,75,75,75,75,75,75,75,75,75,75,75,75,75,75,75,75,75,75,75,75,75,75,75,75,75,75,75,75,75,75,75,75,75,77,77,77,77],"card_choices":[{"not_picked":["hermit:HoleUp","hermit:CalledShot"],"picked":"hermit:Horror","floor":1},{"not_picked":["hermit:SprayPray","hermit:HighCaliber"],"picked":"hermit:FullyLoaded","floor":6},{"not_picked":["hermit:LowProfile","hermit:Glare"],"picked":"hermit:EyeOfTheStorm","floor":7},{"not_picked":["hermit:CalledShot","hermit:Showdown"],"picked":"hermit:Quickdraw","floor":8},{"not_picked":["hermit:Glare","hermit:Coalescence"],"picked":"hermit:Roulette","floor":10},{"not_picked":["hermit:Glare","hermit:Shortfuse"],"picked":"hermit:CalledShot","floor":11},{"not_picked":["hermit:Vantage","hermit:CalledShot"],"picked":"hermit:TrackingShot","floor":13},{"not_picked":["hermit:Dissolve","hermit:Malice","hermit:ItchyTrigger"],"picked":"SKIP","floor":14},{"not_picked":["hermit:DeadOrAlive","hermit:Magnum"],"picked":"hermit:RoundhouseKick","floor":16},{"not_picked":["hermit:Vantage","hermit:Spite"],"picked":"hermit:Glare+1","floor":18},{"not_picked":["hermit:Misfire","hermit:HoleUp"],"picked":"hermit:Vantage+1","floor":20},{"not_picked":["hermit:Enervate","hermit:HoleUp"],"picked":"hermit:BigShot","floor":22},{"not_picked":["hermit:CursedWeapon","hermit:TrackingShot"],"picked":"hermit:LowProfile","floor":23},{"not_picked":["hermit:LuckOfTheDraw","hermit:Roulette"],"picked":"hermit:EyeOfTheStorm","floor":24},{"not_picked":["hermit:CalledShot","hermit:Virtue"],"picked":"hermit:HighCaliber","floor":27},{"not_picked":["hermit:Desperado","hermit:HighCaliber"],"picked":"hermit:TrackingShot","floor":31},{"not_picked":["hermit:Gambit","hermit:FatalDesire"],"picked":"hermit:RoundhouseKick","floor":33},{"not_picked":["hermit:CalledShot+1","hermit:ShadowCloak"],"picked":"hermit:GhostlyPresence+1","floor":35},{"not_picked":["hermit:Feint","hermit:Manifest"],"picked":"hermit:Horror+1","floor":36},{"not_picked":["Swift Strike","Bandage Up"],"picked":"Dark Shackles","floor":37},{"not_picked":["Panacea","Flash of Steel"],"picked":"Apotheosis","floor":37},{"not_picked":["Enlightenment","Deep Breath"],"picked":"Secret Technique","floor":37},{"not_picked":["hermit:Ricochet+1","hermit:ItchyTrigger"],"picked":"hermit:WideOpen+1","floor":41},{"not_picked":["hermit:HoleUp+1","hermit:Brawl"],"picked":"hermit:HighCaliber+1","floor":42},{"not_picked":["hermit:Grudge","hermit:Gestalt"],"picked":"hermit:Manifest+1","floor":44},{"not_picked":["hermit:Ricochet","hermit:Roulette","hermit:Manifest+1"],"picked":"Singing Bowl","floor":45}],"player_experience":134130,"relics_obtained":[{"floor":6,"key":"Kunai"},{"floor":9,"key":"hermit:RyeStalk"},{"floor":11,"key":"Torii"},{"floor":23,"key":"construct:FoamFinger"},{"floor":28,"key":"Pantograph"},{"floor":41,"key":"Blood Vial"},{"floor":43,"key":"Girya"},{"floor":45,"key":"Singing Bowl"}],"event_choices":[{"damage_healed":0,"gold_gain":175,"player_choice":"AGREE","damage_taken":0,"max_hp_gain":0,"max_hp_loss":0,"event_name":"Liars Game","floor":2,"gold_loss":0,"cards_obtained":["Doubt"]},{"damage_healed":0,"gold_gain":0,"player_choice":"Success","damage_taken":7,"relics_obtained":["Runesmith:AutoHammer"],"max_hp_gain":0,"max_hp_loss":0,"event_name":"Scrap Ooze","floor":3,"gold_loss":0},{"damage_healed":0,"gold_gain":75,"player_choice":"Gather Gold","damage_taken":11,"max_hp_gain":0,"max_hp_loss":0,"event_name":"World of Goop","floor":5,"gold_loss":0},{"damage_healed":0,"gold_gain":30,"player_choice":"Searched \u00272\u0027 times","damage_taken":0,"max_hp_gain":0,"max_hp_loss":0,"event_name":"Dead Adventurer","floor":11,"gold_loss":0},{"damage_healed":0,"gold_gain":0,"player_choice":"Upgraded","damage_taken":0,"max_hp_gain":0,"max_hp_loss":0,"event_name":"Upgrade Shrine","floor":12,"gold_loss":0,"cards_upgraded":["hermit:FullyLoaded"]},{"damage_healed":0,"gold_gain":0,"player_choice":"1 cards matched","damage_taken":0,"max_hp_gain":0,"max_hp_loss":0,"event_name":"Match and Keep!","floor":30,"gold_loss":0,"cards_obtained":["hermit:Combo"]},{"damage_healed":0,"gold_gain":0,"player_choice":"Memory 3","damage_taken":10,"max_hp_gain":0,"max_hp_loss":0,"event_name":"SensoryStone","floor":37,"gold_loss":0},{"damage_healed":19,"gold_gain":0,"player_choice":"Writhe","damage_taken":0,"max_hp_gain":0,"max_hp_loss":0,"event_name":"Winding Halls","floor":39,"gold_loss":0,"cards_obtained":["Writhe"]}],"is_beta":false,"boss_relics":[{"not_picked":["Runic Pyramid","Busted Crown"],"picked":"Philosopher\u0027s Stone"},{"not_picked":["Tiny House","Empty Cage"],"picked":"Sozu"}],"items_purged_floors":[4,21],"is_endless":false,"potions_floor_spawned":[1,7,11,14,16,18,20,27,31,33,35,42,45],"killed_by":"Giant Head","ascension_level":0}}