{"host":"wqdhni9hq4z6pe8c","time":1613367468,"event":{"mods":["BaseMod","Colored Map","Downfall","Highlight Path","Minty Spire (QoL Compilation)","StSLib"],"gold_per_floor":[111,127,127,44,60,86,86,100,100,100,114,126,137,102,102,203,203,220,231,87,99,132,132,232,250,296,313,326,326,326,339,339,339,339],"floor_reached":33,"language":"ENG","playtime":2870,"items_purged":["Defend_P"],"score":253,"play_id":"cffd406a-cf87-41b4-98f8-01a04bf1dcb4","local_time":"20210214233748","is_ascension_mode":false,"campfire_choices":[{"data":"Eruption","floor":7.0,"key":"SMITH"},{"data":"CutThroughFate","floor":10.0,"key":"SMITH"},{"data":"Ragnarok","floor":15.0,"key":"SMITH"},{"data":"BattleHymn","floor":23,"key":"SMITH"},{"floor":29,"key":"RECALL"},{"floor":32,"key":"REST"}],"circlet_count":0,"master_deck":["Strike_P","Strike_P","Strike_P","Strike_P","Defend_P","Defend_P","Defend_P","Eruption+1","Vigilance","Enlightenment","Consecrate","Prostrate+1","CarveReality","Prostrate+1","CutThroughFate+1","Collect","CrushJoints","ThirdEye","Ragnarok+1","ThirdEye","LessonLearned","DeceiveReality+1","Perseverance","BattleHymn+1","JustLucky","JustLucky","SandsOfTime","Vengeance","CutThroughFate","FlurryOfBlows"],"relics":["PureWater","Gambling Chip","Mercury Hourglass","Sozu","Red Mask","Enchiridion"],"acts_visited":["Exordium","TheCity"],"potions_floor_usage":[16,31,33],"damage_taken":[{"damage":7.0,"enemies":"Jaw Worm","floor":1.0,"turns":4.0},{"damage":4.0,"enemies":"Cultist","floor":2.0,"turns":5.0},{"damage":0.0,"enemies":"2 Louse","floor":5.0,"turns":2.0},{"damage":14.0,"enemies":"Lagavulin","floor":6.0,"turns":6.0},{"damage":0.0,"enemies":"Large Slime","floor":8.0,"turns":1.0},{"damage":5.0,"enemies":"Gremlin Gang","floor":11.0,"turns":4.0},{"damage":0.0,"enemies":"Looter","floor":12.0,"turns":2.0},{"damage":0.0,"enemies":"Lots of Slimes","floor":13.0,"turns":3.0},{"damage":40,"enemies":"The Guardian","floor":16,"turns":9},{"damage":8,"enemies":"2 Thieves","floor":18,"turns":3},{"damage":0,"enemies":"Chosen","floor":19,"turns":4},{"damage":5,"enemies":"Centurion and Healer","floor":21,"turns":6},{"damage":0,"enemies":"Masked Bandits","floor":22,"turns":2},{"damage":1,"enemies":"Snake Plant","floor":25,"turns":3},{"damage":6,"enemies":"Chosen and Byrds","floor":27,"turns":3},{"damage":0,"enemies":"3 Cultists","floor":28,"turns":4},{"damage":8,"enemies":"Snake Plant","floor":31,"turns":3},{"damage":51,"enemies":"Champ","floor":33,"turns":5}],"seed_played":"-309634568386970527","potions_obtained":[{"floor":1.0,"key":"SpeedPotion"},{"floor":6.0,"key":"Block Potion"},{"floor":13.0,"key":"StancePotion"}],"is_trial":false,"path_per_floor":["M","M","?","$","M","E","R","M","T","R","M","M","M","?","R","B",null,"M","M","$","M","?","R","?","M","T","M","M","R","?","M","R","B"],"character_chosen":"WATCHER","items_purchased":["CarveReality","Prostrate","BattleHymn"],"campfire_rested":1,"item_purchase_floors":[4,4,20],"current_hp_per_floor":[65,61,61,61,61,47,47,47,47,47,42,42,42,60,60,20,72,64,64,64,59,59,59,59,58,58,52,52,52,36,28,49,0,0],"gold":339,"neow_bonus":"RANDOM_COLORLESS","is_daily":false,"chose_seed":false,"campfire_upgraded":4,"win_rate":0.0,"timestamp":1613367468,"path_taken":["M","M","?","$","M","E","R","M","T","R","?","?","M","?","R","BOSS","M","M","$","M","?","R","?","?","T","M","?","R","?","M","R","BOSS"],"items_purchased_type":["Card","Card","Card"],"build_version":"2020-12-22","purchased_purges":1,"victory":false,"max_hp_per_floor":[72,72,72,72,72,72,72,72,72,72,72,72,72,72,72,72,72,72,72,72,72,72,72,72,72,72,72,72,72,72,72,72,72,72],"card_choices":[{"not_picked":["Impatience","Jack Of All Trades"],"picked":"Enlightenment","floor":0.0},{"not_picked":["SandsOfTime","Evaluate"],"picked":"Consecrate","floor":1.0},{"not_picked":["Evaluate","JustLucky"],"picked":"Prostrate","floor":2.0},{"not_picked":["SashWhip","FlurryOfBlows"],"picked":"CutThroughFate","floor":5.0},{"not_picked":["ClearTheMind","FlyingSleeves"],"picked":"Collect","floor":6.0},{"not_picked":["Crescendo","FollowUp"],"picked":"CrushJoints","floor":8.0},{"not_picked":["Evaluate","Study"],"picked":"ThirdEye","floor":11.0},{"not_picked":["Adaptation","BowlingBash"],"picked":"Ragnarok","floor":12.0},{"not_picked":["Collect","Protect"],"picked":"ThirdEye","floor":13.0},{"not_picked":["Blasphemy","Establishment"],"picked":"LessonLearned","floor":16},{"not_picked":["ClearTheMind+1","Indignation"],"picked":"DeceiveReality+1","floor":18},{"not_picked":["FollowUp","EmptyFist"],"picked":"Perseverance","floor":19},{"not_picked":["Perseverance+1","InnerPeace"],"picked":"JustLucky","floor":21},{"not_picked":["SashWhip","LikeWater+1"],"picked":"JustLucky","floor":22},{"not_picked":["Fasting2","Protect"],"picked":"SandsOfTime","floor":25},{"not_picked":["CrushJoints","DeceiveReality+1"],"picked":"Vengeance","floor":27},{"not_picked":["Consecrate","SashWhip"],"picked":"CutThroughFate","floor":28},{"not_picked":["Protect","CrushJoints+1"],"picked":"FlurryOfBlows","floor":31}],"player_experience":166539,"relics_obtained":[{"floor":6.0,"key":"Gambling Chip"},{"floor":9.0,"key":"Mercury Hourglass"},{"floor":22,"key":"Red Mask"},{"floor":30,"key":"Enchiridion"}],"event_choices":[{"damage_healed":0.0,"max_hp_gain":0.0,"max_hp_loss":0.0,"gold_gain":0.0,"event_name":"Match and Keep!","player_choice":"0 cards matched","floor":3.0,"gold_loss":0.0,"damage_taken":0.0,"cards_obtained":[]},{"damage_healed":18.0,"max_hp_gain":0.0,"max_hp_loss":0.0,"gold_gain":0.0,"event_name":"The Cleric","player_choice":"Healed","floor":14.0,"gold_loss":35.0,"damage_taken":0.0},{"damage_healed":0,"gold_gain":0,"player_choice":"Fought Bandits","damage_taken":0,"max_hp_gain":0,"max_hp_loss":0,"event_name":"Masked Bandits","floor":22,"gold_loss":0},{"damage_healed":0,"gold_gain":100,"player_choice":"Pray","damage_taken":0,"max_hp_gain":0,"max_hp_loss":0,"event_name":"Golden Shrine","floor":24,"gold_loss":0},{"damage_healed":0,"gold_gain":0,"player_choice":"Obtained Book","damage_taken":16,"max_hp_gain":0,"max_hp_loss":0,"event_name":"Cursed Tome","floor":30,"gold_loss":0}],"is_beta":false,"boss_relics":[{"not_picked":["Velvet Choker","SlaversCollar"],"picked":"Sozu"}],"items_purged_floors":[20],"is_endless":false,"potions_floor_spawned":[1,6,13,22,27,28,31],"killed_by":"Champ","ascension_level":0}}