{"host":"1xo5g347e5o4auts","time":1613378831,"event":{"mods":["BaseMod","Minty Spire (QoL Compilation)","Permanent Neow","StSLib"],"gold_per_floor":[13,31,43,118,137,165,175,202,202,202,220,220,220,72,72,72,72],"floor_reached":16,"language":"ENG","playtime":382,"items_purged":[],"score":224,"play_id":"5728c52b-0d9f-4d7f-b0e6-19ba0f433931","local_time":"20210215104711","is_ascension_mode":true,"campfire_choices":[{"data":"Conclude","floor":10,"key":"SMITH"},{"data":"SashWhip","floor":12,"key":"SMITH"},{"data":"EmptyFist","floor":15,"key":"SMITH"}],"circlet_count":0,"master_deck":["AscendersBane","Strike_P","Strike_P","Strike_P","Defend_P","Defend_P","Defend_P","Eruption","Vigilance","SashWhip+1","Sanctity","FlurryOfBlows","ThirdEye","EmptyFist+1","Conclude+1","ClearTheMind","Brilliance","FearNoEvil"],"relics":["PureWater","Orichalcum","Torii","Matryoshka","MawBank","Omamori"],"acts_visited":["Exordium"],"potions_floor_usage":[16,16],"damage_taken":[{"damage":0.0,"enemies":"2 Louse","floor":1.0,"turns":2.0},{"damage":0.0,"enemies":"Jaw Worm","floor":2.0,"turns":2.0},{"damage":0.0,"enemies":"Cultist","floor":3.0,"turns":2.0},{"damage":2.0,"enemies":"2 Fungi Beasts","floor":5.0,"turns":3.0},{"damage":20.0,"enemies":"Gremlin Nob","floor":6.0,"turns":3.0},{"damage":0.0,"enemies":"Looter","floor":7.0,"turns":3.0},{"damage":8,"enemies":"Lagavulin","floor":8,"turns":5},{"damage":1,"enemies":"Gremlin Gang","floor":11,"turns":2},{"damage":19,"enemies":"Hexaghost","floor":16,"turns":9}],"seed_played":"2417493527917429036","potions_obtained":[{"floor":6.0,"key":"AttackPotion"},{"floor":11,"key":"GamblersBrew"}],"is_trial":false,"path_per_floor":["M","M","M","?","M","E","M","E","T","R","M","R","T","$","R","B"],"character_chosen":"WATCHER","items_purchased":["Omamori"],"campfire_rested":0,"item_purchase_floors":[14],"current_hp_per_floor":[61,61,61,50,48,28,28,20,20,20,19,19,19,19,19,0,0],"gold":72,"neow_bonus":"TRANSFORM_TWO_CARDS","is_daily":false,"chose_seed":false,"campfire_upgraded":3,"win_rate":0.0,"timestamp":1613378831,"path_taken":["M","M","M","?","M","E","M","E","T","R","M","R","?","?","R","BOSS"],"items_purchased_type":["Relic"],"build_version":"2020-12-22","purchased_purges":0,"victory":false,"max_hp_per_floor":[68,68,68,68,68,68,68,68,68,68,68,68,68,68,68,68,68],"card_choices":[{"not_picked":["Evaluate","Halt"],"picked":"FlurryOfBlows","floor":1.0},{"not_picked":["Crescendo","EmptyBody"],"picked":"ThirdEye","floor":2.0},{"not_picked":["CrushJoints","Consecrate"],"picked":"EmptyFist","floor":3.0},{"not_picked":["Evaluate","Halt"],"picked":"Conclude","floor":5.0},{"not_picked":["ReachHeaven","Halt"],"picked":"ClearTheMind","floor":6.0},{"not_picked":["LikeWater","BowlingBash"],"picked":"Brilliance","floor":7.0},{"not_picked":["EmptyFist","Fasting2"],"picked":"FearNoEvil","floor":8},{"not_picked":["EmptyFist","SashWhip","Consecrate"],"picked":"SKIP","floor":11}],"player_experience":1490789,"relics_obtained":[{"floor":6.0,"key":"Orichalcum"},{"floor":8,"key":"Torii"},{"floor":9,"key":"Matryoshka"},{"floor":13,"key":"MawBank"}],"event_choices":[{"damage_healed":0.0,"max_hp_gain":0.0,"max_hp_loss":0.0,"gold_gain":75.0,"event_name":"World of Goop","player_choice":"Gather Gold","floor":4.0,"gold_loss":0.0,"damage_taken":11.0}],"is_beta":false,"boss_relics":[],"items_purged_floors":[],"is_endless":false,"potions_floor_spawned":[6,11],"killed_by":"Hexaghost","ascension_level":20}}