{"host":"7m635teefjn47zxe","time":1613393098,"event":{"mods":["BaseMod","Colored Map","Minty Spire (QoL Compilation)","Permanent Neow","Relic Stats","StSLib","everything is the same but u backflip on backflip"],"gold_per_floor":[116,116,191,41,51,87,87,126,151,195,195,215,250,277,277,391,391,405,414,388,95,95,95,115,148,148,148,148],"floor_reached":27,"language":"ENG","playtime":1432,"items_purged":["Writhe"],"score":324,"play_id":"806d90eb-d353-43f3-b7f4-1f1a577557d3","local_time":"20210215134458","is_ascension_mode":true,"campfire_choices":[{"floor":7,"key":"REST"},{"floor":11,"key":"REST"},{"data":"Creative AI","floor":15,"key":"SMITH"},{"data":"Fission","floor":23,"key":"SMITH"}],"circlet_count":0,"master_deck":["Strike_B","Strike_B","Strike_B","Strike_B","Defend_B","Defend_B","Defend_B","Defend_B","Zap","Dualcast","Creative AI+1","Consume","Heatsinks","Leap","Coolheaded","Beam Cell","Auto Shields","Cold Snap","Auto Shields","Chaos","Echo Form","Streamline","Fission+1","Self Repair"],"relics":["Cracked Core","CeramicFish","Strawberry","Regal Pillow","FossilizedHelix","Ornamental Fan","Busted Crown","Bag of Marbles","Lee\u0027s Waffle","Enchiridion","Ancient Tea Set","Mummified Hand"],"acts_visited":["TheCity"],"potions_floor_usage":[8,10,16,24,25,25,27],"damage_taken":[{"damage":13,"enemies":"2 Louse","floor":1,"turns":3},{"damage":15,"enemies":"Jaw Worm","floor":5,"turns":6},{"damage":6,"enemies":"Lagavulin","floor":6,"turns":7},{"damage":35,"enemies":"3 Sentries","floor":8,"turns":8},{"damage":6,"enemies":"Gremlin Nob","floor":10,"turns":3},{"damage":0,"enemies":"Small Slimes","floor":12,"turns":4},{"damage":16,"enemies":"3 Sentries","floor":13,"turns":6},{"damage":0,"enemies":"Blue Slaver","floor":14,"turns":7},{"damage":5,"enemies":"The Guardian","floor":16,"turns":10},{"damage":24,"enemies":"Shell Parasite","floor":18,"turns":12},{"damage":14,"enemies":"2 Thieves","floor":20,"turns":5},{"damage":23,"enemies":"Sentry and Sphere","floor":24,"turns":7},{"damage":43,"enemies":"Gremlin Leader","floor":25,"turns":6},{"damage":37,"enemies":"Slavers","floor":27,"turns":3}],"seed_played":"4831758607591697882","potions_obtained":[{"floor":1,"key":"Energy Potion"},{"floor":5,"key":"EssenceOfDarkness"},{"floor":6,"key":"DuplicationPotion"},{"floor":12,"key":"Strength Potion"},{"floor":16,"key":"EssenceOfSteel"},{"floor":24,"key":"Weak Potion"},{"floor":25,"key":"LiquidMemories"}],"is_trial":false,"path_per_floor":["M","?","?","$","M","E","R","E","T","E","R","M","E","M","R","B",null,"M","?","M","$","?","R","M","E","T","E"],"character_chosen":"DEFECT","items_purchased":["Heatsinks","Leap","Coolheaded","Self Repair","Lee\u0027s Waffle"],"campfire_rested":2,"item_purchase_floors":[4,4,4,21,21],"current_hp_per_floor":[62,62,51,51,36,30,51,23,23,17,55,55,39,39,39,34,68,44,44,30,86,70,70,61,32,32,0,0],"gold":148,"neow_bonus":"THREE_RARE_CARDS","is_daily":false,"chose_seed":false,"campfire_upgraded":2,"win_rate":0.0,"timestamp":1613393098,"path_taken":["M","?","?","$","M","E","R","E","T","E","R","M","E","M","R","BOSS","M","?","M","$","?","R","M","E","T","E"],"items_purchased_type":["Card","Card","Card","Card","Relic"],"build_version":"2020-12-22","purchased_purges":1,"victory":false,"max_hp_per_floor":[75,72,72,72,72,72,72,79,79,79,79,79,79,79,79,79,79,79,79,79,86,86,86,86,86,86,86,86],"relic_stats":{"Regal Pillow":15,"Lee\u0027s Waffle":56,"Busted Crown":8,"counters":[14,87],"Ornamental Fan":[12],"Mummified Hand":[5],"CeramicFish":81,"obtain_stats":[{"Regal Pillow":9,"Lee\u0027s Waffle":21,"Busted Crown":17,"Ornamental Fan":13,"Mummified Hand":26,"CeramicFish":6,"Strawberry":8,"Enchiridion":22,"Bag of Marbles":19,"Cracked Core":0,"Ancient Tea Set":25,"FossilizedHelix":10},{"Regal Pillow":4,"Lee\u0027s Waffle":11,"Busted Crown":9,"Ornamental Fan":7,"Mummified Hand":13,"CeramicFish":3,"Strawberry":4,"Enchiridion":11,"Bag of Marbles":10,"Cracked Core":0,"Ancient Tea Set":13,"FossilizedHelix":5},{"Regal Pillow":24,"Lee\u0027s Waffle":71,"Busted Crown":54,"Ornamental Fan":37,"Mummified Hand":84,"CeramicFish":16,"Strawberry":24,"Enchiridion":71,"Bag of Marbles":66,"Cracked Core":0,"Ancient Tea Set":84,"FossilizedHelix":27}]},"card_choices":[{"not_picked":["Multi-Cast","All For One"],"picked":"Creative AI","floor":0},{"not_picked":["Compile Driver","Turbo"],"picked":"Consume","floor":1},{"not_picked":["Redo","Scrape"],"picked":"Beam Cell","floor":5},{"not_picked":["Redo","Reboot"],"picked":"Auto Shields","floor":6},{"not_picked":["Melter","Darkness"],"picked":"Cold Snap","floor":8},{"not_picked":["Barrage","Turbo"],"picked":"Auto Shields","floor":10},{"not_picked":["Leap","Barrage"],"picked":"Chaos","floor":12},{"not_picked":["Darkness","Recycle"],"picked":"Echo Form","floor":13},{"not_picked":["BootSequence","Beam Cell"],"picked":"Streamline","floor":14},{"not_picked":["Creative AI","Echo Form"],"picked":"Fission","floor":16},{"not_picked":["Streamline"],"picked":"SKIP","floor":18},{"not_picked":["Streamline"],"picked":"SKIP","floor":20},{"not_picked":["Fusion"],"picked":"SKIP","floor":24},{"not_picked":["Creative AI"],"picked":"SKIP","floor":25}],"player_experience":185911,"relics_obtained":[{"floor":6,"key":"CeramicFish"},{"floor":8,"key":"Strawberry"},{"floor":9,"key":"Regal Pillow"},{"floor":10,"key":"FossilizedHelix"},{"floor":13,"key":"Ornamental Fan"},{"floor":22,"key":"Enchiridion"},{"floor":25,"key":"Ancient Tea Set"},{"floor":26,"key":"Mummified Hand"}],"event_choices":[{"cards_removed":["Parasite"],"damage_healed":0,"gold_gain":0,"player_choice":"Forget","damage_taken":0,"max_hp_gain":0,"max_hp_loss":0,"event_name":"Living Wall","floor":2,"gold_loss":0},{"damage_healed":0,"gold_gain":75,"player_choice":"Gather Gold","damage_taken":11,"max_hp_gain":0,"max_hp_loss":0,"event_name":"World of Goop","floor":3,"gold_loss":0},{"damage_healed":0,"gold_gain":0,"player_choice":"Opened","damage_taken":0,"relics_obtained":["Bag of Marbles"],"max_hp_gain":0,"max_hp_loss":0,"event_name":"The Mausoleum","floor":19,"gold_loss":0,"cards_obtained":["Writhe"]},{"damage_healed":0,"gold_gain":0,"player_choice":"Obtained Book","damage_taken":16,"max_hp_gain":0,"max_hp_loss":0,"event_name":"Cursed Tome","floor":22,"gold_loss":0}],"is_beta":false,"boss_relics":[{"not_picked":["Nuclear Battery","SlaversCollar"],"picked":"Busted Crown"}],"items_purged_floors":[21],"is_endless":false,"potions_floor_spawned":[1,5,6,12,16,24,25],"killed_by":"Slavers","ascension_level":5}}