{"host":"br1k745010e75u9o","time":1613398438,"event":{"mods":["BaseMod","CCEM2","Conspire","Downfall","Friendly Minions","Hermit","Hubris","Infinite Spire","Mari Mod (Legacy)","Mari\u0027s V1 Patch","Minty Spire (QoL Compilation)","Rare Cards Sparkle","Replay The Spire","StSLib","The Cursed","Yohane!"],"gold_per_floor":[117,217,233,244,244,244,264,16,16,79,95,95,107,123,123,221,221,232,232,245,259,259,259,259,259,259,259,259,284,303,313,313,332,332,332,332],"floor_reached":35,"language":"ENG","playtime":3285,"items_purged":["TheCursedMod:Dregs"],"score":271,"play_id":"a88d846b-e902-4e34-87c1-3009d837207d","local_time":"20210215141358","is_ascension_mode":false,"campfire_choices":[{"data":"Combust","floor":6,"key":"SMITH"},{"floor":12,"key":"REST"},{"data":"Demon Form","floor":15,"key":"SMITH"},{"floor":23,"key":"REST"},{"data":"Rupture","floor":27,"key":"SMITH"},{"floor":32,"key":"REST"},{"floor":34,"key":"REST"}],"circlet_count":0,"master_deck":["Strike_R","Strike_R","Strike_R","Strike_R","Strike_R","Defend_R","Defend_R","Defend_R","Defend_R","Bash","Combust+1","Twin Strike","Rupture+1","Hemogenesis","Flex","Demon Form+1","Demon Form","CurseOfTheBell","Hemogenesis","Combust","J.A.X.","Spot Weakness","Flex","Flex","Seeing Red+1"],"relics":["Burning Blood","Ginger","hubris:Icosahedron","CCEMRelics:GlassOfMilk","CCEMRelics:DissonantTune","Calling Bell","Dream Catcher","infinitespire:Bottled Soul","conspire:GiftBox","Juzu Bracelet","Incense Burner"],"acts_visited":["Exordium","TheCity"],"potions_floor_usage":[10,16,20,21,31,35],"damage_taken":[{"damage":6,"enemies":"Jaw Worm","floor":1,"turns":3},{"damage":17,"enemies":"infinitespire:Voidling","floor":3,"turns":5},{"damage":7,"enemies":"conspire:RoseBush","floor":4,"turns":3},{"damage":11,"enemies":"conspire:2 RoseBushes","floor":7,"turns":3},{"damage":32,"enemies":"Lagavulin Event","floor":10,"turns":6},{"damage":21,"enemies":"Exordium Wildlife","floor":11,"turns":4},{"damage":11,"enemies":"Large Slime","floor":13,"turns":5},{"damage":9,"enemies":"Lots of Slimes","floor":14,"turns":4},{"damage":28,"enemies":"Fading Forest","floor":16,"turns":11},{"damage":33,"enemies":"Spheric Guardian","floor":18,"turns":5},{"damage":16,"enemies":"2 Thieves","floor":20,"turns":4},{"damage":43,"enemies":"Shelled Parasite and Fungi","floor":21,"turns":5},{"damage":22,"enemies":"conspire:Head Lice","floor":29,"turns":6},{"damage":39,"enemies":"Centurion and Healer","floor":30,"turns":7},{"damage":26,"enemies":"Sentry and Sphere","floor":31,"turns":4},{"damage":18,"enemies":"conspire:HollyBat","floor":33,"turns":9},{"damage":71,"enemies":"Automaton","floor":35,"turns":8}],"seed_played":"-5759441116333108424","potions_obtained":[{"floor":1,"key":"BlessingOfTheForge"},{"floor":7,"key":"champ:CounterPotion"},{"floor":10,"key":"SteroidPotion"},{"floor":14,"key":"Toxic Potion"},{"floor":18,"key":"Block Potion"},{"floor":30,"key":"Elixir"},{"floor":31,"key":"SkillPotion"}],"is_trial":false,"path_per_floor":["M","?","M","M","?","R","M","$","T","?","M","R","M","M","R","B",null,"M","?","M","M","?","R","PTL","PTL","?","R","T","E","M","M","R","M","R","B"],"character_chosen":"IRONCLAD","items_purchased":["Rupture","Hemogenesis"],"campfire_rested":4,"item_purchase_floors":[8,8],"current_hp_per_floor":[80,80,69,68,68,68,63,63,63,46,38,62,62,64,64,57,80,65,65,65,38,38,62,62,62,62,62,62,51,30,15,39,42,66,0,0],"gold":332,"neow_bonus":"ONE_RARE_RELIC","is_daily":false,"chose_seed":false,"campfire_upgraded":3,"win_rate":0.0,"timestamp":1613398438,"path_taken":["M","?","?","M","?","R","M","$","T","?","M","R","M","M","R","BOSS","M","?","M","M","?","R","PTL","PTL","?","R","T","E","M","M","R","M","R","BOSS"],"items_purchased_type":["Card","Card"],"build_version":"2020-12-22","purchased_purges":1,"victory":false,"max_hp_per_floor":[80,80,80,80,80,80,80,80,80,80,80,80,80,80,80,80,80,80,80,80,80,80,80,80,80,80,80,80,80,80,80,80,80,80,80,80],"card_choices":[{"not_picked":["Wild Strike","Armaments"],"picked":"Combust","floor":1},{"not_picked":["Wild Strike","Metallicize","Headbutt"],"picked":"SKIP","floor":3},{"not_picked":["Thunderclap","Burning Pact"],"picked":"Twin Strike","floor":4},{"not_picked":["ReplayTheSpireMod:Stacked","Headbutt","Rage"],"picked":"SKIP","floor":7},{"not_picked":["Uppercut","Sword Boomerang"],"picked":"Flex","floor":10},{"not_picked":["ReplayReversal","ReplayTheSpireMod:Corrosion Curse","Whirlwind"],"picked":"SKIP","floor":11},{"not_picked":["Defy Death","Shockwave","Havoc"],"picked":"SKIP","floor":13},{"not_picked":["Intimidate","Wild Strike"],"picked":"Demon Form","floor":14},{"not_picked":["hubris:StunningStrike","Immolate"],"picked":"Demon Form","floor":16},{"not_picked":["conspire:HitWhereItHurts","Exhume"],"picked":"Hemogenesis","floor":17},{"not_picked":["Infernal Blade","Headbutt","Fire Breathing"],"picked":"SKIP","floor":18},{"not_picked":["Perfected Strike","Sentinel","Reckless Charge+1"],"picked":"SKIP","floor":20},{"not_picked":["Warcry","Thunderclap","conspire:ExplosiveBarrier+1"],"picked":"SKIP","floor":21},{"not_picked":["ReplayTheSpireMod:Strike From Hell+1","Armaments+1"],"picked":"Combust","floor":23},{"not_picked":["Iron Wave","ReplayTheSpireMod:Strike From Hell+1"],"picked":"Spot Weakness","floor":29},{"not_picked":["Defy Death","Cleave"],"picked":"Flex","floor":30},{"not_picked":["Pummel+1","Replay:Undeath\u0027s Touch","Body Slam"],"picked":"SKIP","floor":31},{"not_picked":["ReplayTheSpireMod:Strike From Hell","Feel No Pain"],"picked":"Flex","floor":32},{"not_picked":["Life Link","Impervious"],"picked":"Seeing Red+1","floor":33}],"player_experience":63697,"relics_obtained":[{"floor":9,"key":"CCEMRelics:GlassOfMilk"},{"floor":10,"key":"CCEMRelics:DissonantTune"},{"floor":17,"key":"Dream Catcher"},{"floor":17,"key":"infinitespire:Bottled Soul"},{"floor":17,"key":"conspire:GiftBox"},{"floor":28,"key":"Juzu Bracelet"},{"floor":29,"key":"Incense Burner"}],"event_choices":[{"damage_healed":0,"gold_gain":100,"player_choice":"Pray","damage_taken":0,"max_hp_gain":0,"max_hp_loss":0,"event_name":"Golden Shrine","floor":2,"gold_loss":0},{"damage_healed":0,"gold_gain":0,"player_choice":"Searched \u00271\u0027 times","damage_taken":0,"max_hp_gain":0,"max_hp_loss":0,"event_name":"Dead Adventurer","floor":10,"gold_loss":0},{"damage_healed":0,"gold_gain":0,"player_choice":"Ignored","damage_taken":0,"max_hp_gain":0,"max_hp_loss":0,"event_name":"Vampires","floor":19,"gold_loss":0},{"damage_healed":0,"gold_gain":0,"player_choice":"Ignored","damage_taken":0,"max_hp_gain":0,"max_hp_loss":0,"event_name":"Ghosts","floor":22,"gold_loss":0},{"damage_healed":0,"gold_gain":0,"player_choice":"Obtain J.A.X.","damage_taken":0,"max_hp_gain":0,"max_hp_loss":0,"event_name":"Drug Dealer","floor":26,"gold_loss":0,"cards_obtained":["J.A.X."]}],"is_beta":false,"boss_relics":[{"not_picked":["infinitespire:Burning Sword","CCEMRelics:DefectiveTurbocharger"],"picked":"Calling Bell"}],"items_purged_floors":[8],"is_endless":false,"potions_floor_spawned":[1,7,10,14,18,30,31],"killed_by":"Automaton","ascension_level":0}}