{"host":"kh6fvhxn285ncg0o","time":1613402404,"event":{"mods":["Act Like it!","BaseMod","Colored Map","Friendly Minions","Keyboard Shortcuts","Minty Spire (QoL Compilation)","Quick Restart","Relic Stats","StSLib","SuperFastMode","UnlockEverythingMod"],"gold_per_floor":[116,41,52,68,68,68,83,8,8,47,47,66,109,127,127,220,220,236,260,276,276,296,296,327,340,412,452,452,487,512,528,528,619,619,640,640,665,236,299,330,345,345,345,345,379,402,440,157,157,157,157,157,157,74,118,118],"floor_reached":57,"language":"KOR","playtime":2373,"items_purged":["Strike_G","Strike_G+1","Predator+1"],"score":3228,"play_id":"499ab07a-0849-4f80-b8b2-b796a0978317","local_time":"20210216002004","is_ascension_mode":true,"campfire_choices":[{"data":"Deadly Poison","floor":6.0,"key":"SMITH"},{"data":"Catalyst","floor":15.0,"key":"SMITH"},{"data":"Bullet Time","floor":23,"key":"SMITH"},{"data":"Crippling Poison","floor":28,"key":"SMITH"},{"data":"Burst","floor":32,"key":"SMITH"},{"data":"Acrobatics","floor":44,"key":"SMITH"},{"floor":49,"key":"RECALL"},{"data":"Purity","floor":53,"key":"SMITH"}],"circlet_count":0,"master_deck":["AscendersBane","Defend_G","Defend_G","Defend_G","Defend_G","Defend_G","Survivor","Neutralize","Catalyst+1","Deadly Poison+1","Bullet Time+1","Backflip","Escape Plan","Burst+1","Flechettes","Noxious Fumes","Crippling Poison+1","PiercingWail+1","Concentrate","Acrobatics+1","Adrenaline","Purity+1","Catalyst","Tactician+1","Adrenaline","Calculated Gamble+1","Reflex","Deflect+1"],"relics":["Runic Pyramid","Golden Idol","Paper Crane","Gambling Chip","InkBottle","Empty Cage","Ice Cream","Meat on the Bone","Orichalcum","Girya","HoveringKite","ClockworkSouvenir","Torii","Vajra","Akabeko","Centennial Puzzle","TwistedFunnel","Bottled Lightning"],"acts_visited":["Exordium","TheCity","TheBeyond","TheEnding"],"potions_floor_usage":[16,27,29,47,56,56],"damage_taken":[{"damage":0.0,"enemies":"Jaw Worm","floor":1.0,"turns":5.0},{"damage":4.0,"enemies":"2 Louse","floor":3.0,"turns":3.0},{"damage":0.0,"enemies":"Small Slimes","floor":4.0,"turns":6.0},{"damage":0.0,"enemies":"Blue Slaver","floor":7.0,"turns":4.0},{"damage":2.0,"enemies":"Lagavulin","floor":10.0,"turns":5.0},{"damage":0.0,"enemies":"2 Fungi Beasts","floor":12.0,"turns":4.0},{"damage":19.0,"enemies":"Gremlin Nob","floor":13.0,"turns":4.0},{"damage":3.0,"enemies":"Large Slime","floor":14.0,"turns":6.0},{"damage":0,"enemies":"Slime Boss","floor":16,"turns":8},{"damage":1,"enemies":"3 Byrds","floor":18,"turns":6},{"damage":0,"enemies":"Chosen","floor":19,"turns":3},{"damage":0,"enemies":"Snake Plant","floor":20,"turns":2},{"damage":7,"enemies":"3 Cultists","floor":22,"turns":6},{"damage":15,"enemies":"Slavers","floor":24,"turns":7},{"damage":0,"enemies":"Snecko","floor":25,"turns":3},{"damage":0,"enemies":"Book of Stabbing","floor":27,"turns":5},{"damage":10,"enemies":"Slavers","floor":29,"turns":4},{"damage":0,"enemies":"Chosen and Byrds","floor":30,"turns":4},{"damage":0,"enemies":"Centurion and Healer","floor":31,"turns":5},{"damage":17,"enemies":"Champ","floor":33,"turns":7},{"damage":0,"enemies":"Orb Walker","floor":35,"turns":2},{"damage":6,"enemies":"3 Darklings","floor":37,"turns":3},{"damage":11,"enemies":"2 Orb Walkers","floor":39,"turns":4},{"damage":0,"enemies":"Giant Head","floor":40,"turns":4},{"damage":8,"enemies":"Jaw Worm Horde","floor":41,"turns":3},{"damage":0,"enemies":"Nemesis","floor":45,"turns":3},{"damage":0,"enemies":"Spire Growth","floor":46,"turns":2},{"damage":0,"enemies":"Reptomancer","floor":47,"turns":3},{"damage":17,"enemies":"Time Eater","floor":50,"turns":4},{"damage":1,"enemies":"Awakened One","floor":51,"turns":5},{"damage":0,"enemies":"Shield and Spear","floor":55,"turns":3},{"damage":26,"enemies":"The Heart","floor":56,"turns":4}],"seed_played":"2884468212429721678","potions_obtained":[{"floor":1.0,"key":"Swift Potion"},{"floor":7.0,"key":"EntropicBrew"},{"floor":14.0,"key":"Fire Potion"},{"floor":16,"key":"AttackPotion"},{"floor":19,"key":"Energy Potion"},{"floor":27,"key":"Poison Potion"},{"floor":29,"key":"Fire Potion"},{"floor":33,"key":"PowerPotion"},{"floor":47,"key":"Poison Potion"}],"is_trial":false,"path_per_floor":["M","?","M","M","?","R","M","$","T","E","?","M","E","M","R","B",null,"M","M","M","?","M","R","E","M","T","E","R","E","M","M","R","B",null,"M","?","M","$","?","E","M","?","T","R","E","M","E","$","R","B","B",null,"R","$","E","B",null],"character_chosen":"THE_SILENT","items_purchased":["ClockworkSouvenir","Purity","Catalyst","TwistedFunnel","Reflex"],"campfire_rested":0,"item_purchase_floors":[38,38,38,48,54],"current_hp_per_floor":[59,59,55,55,55,55,55,55,55,53,35,35,16,13,13,13,48,47,47,47,47,40,40,25,25,25,37,37,39,39,39,39,34,54,54,54,48,48,37,37,41,41,41,41,41,41,41,41,41,36,35,54,54,54,54,40],"gold":118,"neow_bonus":"BOSS_RELIC","is_daily":false,"chose_seed":false,"campfire_upgraded":7,"win_rate":0.0,"timestamp":1613402404,"path_taken":["M","?","M","M","?","R","M","$","T","E","?","M","E","M","R","BOSS","M","M","M","?","M","R","E","M","T","E","R","E","M","M","R","BOSS","M","?","M","$","?","E","M","?","T","R","E","M","E","$","R","BOSS","BOSS","R","$","E","BOSS"],"items_purchased_type":["Relic","Card","Card","Relic","Card"],"build_version":"2020-12-22","purchased_purges":3,"victory":true,"max_hp_per_floor":[66,66,66,66,60,60,60,60,60,60,60,60,60,60,60,60,60,60,60,60,60,60,60,60,60,60,60,60,60,60,60,60,60,60,60,60,60,60,60,60,60,60,60,60,60,60,60,60,60,60,60,60,60,60,60,60],"relic_stats":{"Centennial Puzzle":[8],"Torii":4,"counters":[32,137],"Golden Idol":231,"Gambling Chip":[69],"HoveringKite":[29],"Orichalcum":[90],"obtain_stats":[{"Ice Cream":24,"TwistedFunnel":48,"Girya":29,"Torii":39,"Golden Idol":5,"HoveringKite":34,"Vajra":40,"Paper Crane":9,"Orichalcum":27,"Empty Cage":17,"Akabeko":45,"ClockworkSouvenir":38,"Centennial Puzzle":47,"Gambling Chip":10,"Bottled Lightning":55,"InkBottle":13,"Ring of the Snake":0,"Runic Pyramid":0,"Meat on the Bone":26},{"Ice Cream":14,"TwistedFunnel":28,"Girya":17,"Torii":23,"Golden Idol":3,"HoveringKite":20,"Vajra":24,"Paper Crane":4,"Orichalcum":16,"Empty Cage":9,"Akabeko":26,"ClockworkSouvenir":22,"Centennial Puzzle":28,"Gambling Chip":5,"Bottled Lightning":31,"InkBottle":7,"Ring of the Snake":0,"Runic Pyramid":0,"Meat on the Bone":15},{"Ice Cream":69,"TwistedFunnel":121,"Girya":81,"Torii":106,"Golden Idol":14,"HoveringKite":97,"Vajra":110,"Paper Crane":18,"Orichalcum":77,"Empty Cage":45,"Akabeko":116,"ClockworkSouvenir":102,"Centennial Puzzle":121,"Gambling Chip":23,"Bottled Lightning":133,"InkBottle":31,"Ring of the Snake":0,"Runic Pyramid":0,"Meat on the Bone":72}],"InkBottle":[54],"Meat on the Bone":72},"card_choices":[{"not_picked":["Leg Sweep","Endless Agony"],"picked":"Catalyst","floor":1.0},{"not_picked":["Backflip","Dagger Throw"],"picked":"Deadly Poison","floor":4.0},{"not_picked":["Concentrate","Storm of Steel"],"picked":"Predator","floor":7.0},{"not_picked":["Acrobatics","Blur"],"picked":"Bullet Time","floor":10.0},{"not_picked":["Predator","Cloak And Dagger"],"picked":"Backflip","floor":12.0},{"not_picked":["Underhanded Strike","Dodge and Roll","Poisoned Stab"],"picked":"SKIP","floor":13.0},{"not_picked":["Dodge and Roll","Dagger Spray"],"picked":"Escape Plan","floor":14.0},{"not_picked":["Storm of Steel","Bullet Time"],"picked":"Burst","floor":16},{"not_picked":["Terror","Reflex"],"picked":"Flechettes","floor":18},{"not_picked":["Skewer","Underhanded Strike","Poisoned Stab"],"picked":"SKIP","floor":19},{"not_picked":["Skewer","Underhanded Strike","Poisoned Stab"],"picked":"SKIP","floor":19},{"not_picked":["Deadly Poison","Sucker Punch","Outmaneuver"],"picked":"SKIP","floor":20},{"not_picked":["Blade Dance","Skewer"],"picked":"Crippling Poison","floor":22},{"not_picked":["Underhanded Strike+1","Finisher"],"picked":"PiercingWail+1","floor":24},{"not_picked":["Underhanded Strike+1","Bouncing Flask"],"picked":"Concentrate","floor":25},{"not_picked":["Quick Slash","Slice","Underhanded Strike"],"picked":"SKIP","floor":27},{"not_picked":["Noxious Fumes","Envenom"],"picked":"Acrobatics","floor":29},{"not_picked":["Sucker Punch","Accuracy+1","Bane"],"picked":"SKIP","floor":30},{"not_picked":["Prepared","Sucker Punch","Blur"],"picked":"SKIP","floor":31},{"not_picked":["Venomology","Doppelganger"],"picked":"Adrenaline","floor":33},{"not_picked":["Sucker Punch","Deflect","Backflip"],"picked":"SKIP","floor":35},{"not_picked":["Bane","Setup+1","Noxious Fumes+1"],"picked":"SKIP","floor":37},{"not_picked":["Dagger Throw","Slice"],"picked":"Tactician+1","floor":40},{"not_picked":["Unload","Dodge and Roll","Sucker Punch"],"picked":"SKIP","floor":41},{"not_picked":["Tactician","Underhanded Strike","Sucker Punch"],"picked":"SKIP","floor":45},{"not_picked":["Tactician","Underhanded Strike","Sucker Punch"],"picked":"SKIP","floor":45},{"not_picked":["Storm of Steel","Terror","Dodge and Roll"],"picked":"SKIP","floor":46},{"not_picked":["Dodge and Roll","Envenom"],"picked":"Calculated Gamble+1","floor":47},{"not_picked":["Flechettes","Sucker Punch"],"picked":"Deflect+1","floor":55}],"player_experience":1420799,"relics_obtained":[{"floor":9.0,"key":"Paper Crane"},{"floor":10.0,"key":"Gambling Chip"},{"floor":13.0,"key":"InkBottle"},{"floor":24,"key":"Ice Cream"},{"floor":26,"key":"Meat on the Bone"},{"floor":27,"key":"Orichalcum"},{"floor":29,"key":"Girya"},{"floor":39,"key":"Torii"},{"floor":40,"key":"Vajra"},{"floor":45,"key":"Akabeko"},{"floor":47,"key":"Centennial Puzzle"},{"floor":55,"key":"Bottled Lightning"}],"event_choices":[{"cards_removed":["Strike_G"],"damage_healed":0.0,"max_hp_gain":0.0,"max_hp_loss":0.0,"gold_gain":0.0,"event_name":"The Cleric","player_choice":"Card Removal","floor":2.0,"gold_loss":75.0,"damage_taken":0.0},{"damage_healed":0.0,"max_hp_gain":0.0,"max_hp_loss":6.0,"gold_gain":0.0,"event_name":"Golden Idol","player_choice":"Lose Max HP","floor":5.0,"gold_loss":0.0,"damage_taken":0.0,"relics_obtained":["Golden Idol"]},{"damage_healed":0.0,"max_hp_gain":0.0,"max_hp_loss":0.0,"gold_gain":0.0,"event_name":"Shining Light","player_choice":"Entered Light","floor":11.0,"gold_loss":0.0,"damage_taken":18.0,"cards_upgraded":["Strike_G","Predator"]},{"damage_healed":0,"gold_gain":0,"player_choice":"Read","damage_taken":0,"max_hp_gain":0,"max_hp_loss":0,"event_name":"The Library","floor":21,"gold_loss":0,"cards_obtained":["Noxious Fumes"]},{"damage_healed":0,"gold_gain":0,"player_choice":"Ignored","damage_taken":0,"max_hp_gain":0,"max_hp_loss":0,"event_name":"Tomb of Lord Red Mask","floor":36,"gold_loss":0},{"damage_healed":0,"gold_gain":0,"player_choice":"Fight","damage_taken":0,"max_hp_gain":0,"max_hp_loss":0,"event_name":"Mysterious Sphere","floor":39,"gold_loss":0},{"damage_healed":0,"gold_gain":0,"player_choice":"Copied","damage_taken":0,"max_hp_gain":0,"max_hp_loss":0,"event_name":"Duplicator","floor":42,"gold_loss":0,"cards_obtained":["Adrenaline"]}],"is_beta":false,"boss_relics":[{"not_picked":["Black Star","Tiny House"],"picked":"Empty Cage"},{"not_picked":["SlaversCollar","Philosopher\u0027s Stone"],"picked":"HoveringKite"}],"items_purged_floors":[8,38,48],"is_endless":false,"potions_floor_spawned":[1,7,14,16,19,20,24,27,29,33,37,40,41,47],"ascension_level":20}}