{"host":"tj6tjcyqgbd0xj5u","time":1613356262,"event":{"mods":["Aspiration","BaseMod","Better Match","BetterRewards","Challenge The Spire","Conspire","Defuse TimeMaze Blight","Dota2Spire","Downfall","Energized Spire","Evolution","GifTheSpireLib","Good Game Mod","Halation","Hubris","Hyrulean Relics","Infinite Spire","Minty Spire (QoL Compilation)","Reliquary","Replay The Spire","Reworked Bosses","Spikes Relics","StS++","StSLib","Stuff the Spire"],"gold_per_floor":[111,121,121,73,73,106,106,125,125,142,55,83,83,1,1,101,101,116,116,41,41,53,53,53],"floor_reached":23,"language":"ENG","playtime":733,"items_purged":["Strike_P"],"score":286,"play_id":"4769ea54-fd27-45f1-bd74-4f8defbcf19b","local_time":"20210214223102","is_ascension_mode":true,"campfire_choices":[{"floor":7,"key":"REST"},{"data":"LessonLearned","floor":15,"key":"SMITH"}],"circlet_count":0,"master_deck":["Strike_P","Strike_P","Strike_P","Defend_P","Defend_P","Defend_P","Defend_P","Eruption+1","Vigilance","Replay:Dark Deal+1","FlyingSleeves","CutThroughFate","BowlingBash+1","Protect","Crescendo+1","EmptyFist","LessonLearned+1","FlurryOfBlows","FlurryOfBlows","CutThroughFate+1","DevaForm"],"relics":["PureWater","EVO:Axolotl","REME:ComplimentaryCards","hubris:Towel","Question Card","Anchor","Dota2Spire:BladeMail","energizedSpire:MagnifyingGlass","MutagenicStrength"],"acts_visited":["Exordium","TheCity"],"potions_floor_usage":[23,23],"damage_taken":[{"damage":30,"enemies":"infinitespire:Voidling","floor":1,"turns":3},{"damage":1,"enemies":"2 Louse","floor":2,"turns":2},{"damage":39,"enemies":"Lagavulin","floor":6,"turns":4},{"damage":3,"enemies":"Jaw Worm","floor":8,"turns":3},{"damage":0,"enemies":"3 Louse","floor":10,"turns":2},{"damage":3,"enemies":"3 Sentries","floor":12,"turns":5},{"damage":0,"enemies":"Slime Boss","floor":16,"turns":4},{"damage":19,"enemies":"conspire:FuzzyDice","floor":18,"turns":6},{"damage":5,"enemies":"Spheric Guardian","floor":22,"turns":3},{"damage":60,"enemies":"Gremlin Leader","floor":23,"turns":4}],"seed_played":"-3954441830088569968","potions_obtained":[{"floor":2,"key":"Venom Potion"},{"floor":12,"key":"Elixir"},{"floor":18,"key":"Milkshake"},{"floor":22,"key":"Energy Potion"}],"is_trial":false,"path_per_floor":["M","M","?","$","?","E","R","M","T","M","$","E","?","$","R","B",null,"M","?","$","?","M","E"],"character_chosen":"WATCHER","items_purchased":["BowlingBash","Crescendo+1","EmptyFist","FlurryOfBlows","CutThroughFate"],"campfire_rested":1,"item_purchase_floors":[4,11,11,14,14],"current_hp_per_floor":[49,48,48,48,48,9,28,35,35,35,35,32,75,75,75,75,75,56,56,56,56,51,0,0],"gold":53,"neow_bonus":"RANDOM_COLORLESS_2","is_daily":false,"chose_seed":false,"campfire_upgraded":1,"win_rate":0.0,"timestamp":1613356262,"path_taken":["M","?","?","?","?","E","R","M","T","?","$","E","?","$","R","BOSS","M","?","$","?","M","E"],"items_purchased_type":["Card","Card","Card","Card","Card"],"build_version":"2020-12-22","purchased_purges":1,"victory":false,"max_hp_per_floor":[65,65,65,65,65,65,65,65,65,65,65,65,75,75,75,75,75,75,75,75,75,75,75,75],"card_choices":[{"not_picked":["ReplayTheSpireMod:Brewmster","Violence"],"picked":"Replay:Dark Deal","floor":0},{"not_picked":["Meditate","Replay:Hum"],"picked":"FlyingSleeves","floor":1},{"not_picked":["StSpp:LatentStrike","FlyingSleeves"],"picked":"CutThroughFate","floor":2},{"not_picked":["BowlingBash","Swivel","FollowUp"],"picked":"SKIP","floor":6},{"not_picked":["Nirvana","StSpp:LatentStrike","DeceiveReality"],"picked":"Protect","floor":8},{"not_picked":["Replay:BluntJabs","Evaluate","Replay:AtTheReady","CarveReality"],"picked":"SKIP","floor":10},{"not_picked":["SpiritShield","StSpp:Renounce","ClearTheMind"],"picked":"LessonLearned","floor":12},{"not_picked":["DeusExMachina","StSpp:Patience","StSpp:VitalPoint"],"picked":"DevaForm","floor":16},{"not_picked":["PathToVictory+1","FollowUp","Replay:AtTheReady","Protect"],"picked":"SKIP","floor":18},{"not_picked":["BowlingBash+1","Prostrate+1","FollowUp+1","StSpp:TimeDodge"],"picked":"SKIP","floor":22}],"player_experience":143485,"relics_obtained":[{"floor":6,"key":"Question Card"},{"floor":9,"key":"Anchor"},{"floor":12,"key":"Dota2Spire:BladeMail"}],"event_choices":[{"damage_healed":0,"gold_gain":0,"player_choice":"Grow","damage_taken":0,"max_hp_gain":0,"max_hp_loss":0,"event_name":"Living Wall","floor":3,"gold_loss":0,"cards_upgraded":["Replay:Dark Deal"]},{"cards_removed":["sneckomod:UnknownRareAttack"],"damage_healed":33,"gold_gain":0,"player_choice":"Offered Rare","damage_taken":0,"max_hp_gain":10,"max_hp_loss":0,"event_name":"Bonfire Elementals","floor":13,"gold_loss":0},{"damage_healed":0,"gold_gain":0,"player_choice":"Inject Mutagens","damage_taken":0,"relics_obtained":["MutagenicStrength"],"max_hp_gain":0,"max_hp_loss":0,"event_name":"Drug Dealer","floor":21,"gold_loss":0}],"is_beta":false,"boss_relics":[{"not_picked":["Replay:Grab Bag","Empty Cage"],"picked":"energizedSpire:MagnifyingGlass"}],"items_purged_floors":[20],"is_endless":false,"potions_floor_spawned":[2,12,18,22],"killed_by":"Gremlin Leader","ascension_level":1}}