{"host":"prxrhpgaxnj4om9r","time":1613399475,"event":{"mods":["AchievementEnabler","BaseMod","Colored Map","DeckTracker","Minty Spire (QoL Compilation)"],"gold_per_floor":[115,115,127,102,102,102,132,132,132,132,132,143,0,11,11,115,115,130,130,229,256,270,297,0,10,10,26,42,56,86,97,97,198,198,210,222,222,16,66,66,66],"floor_reached":40,"language":"KOR","playtime":1735,"items_purged":[],"score":656,"play_id":"88a837ba-266c-4209-9619-b66d706f4083","local_time":"20210215233115","is_ascension_mode":true,"campfire_choices":[{"data":"Shrug It Off","floor":6,"key":"SMITH"},{"data":"Heavy Blade","floor":8,"key":"SMITH"},{"data":"Carnage","floor":10,"key":"SMITH"},{"data":"Wild Strike","floor":15,"key":"SMITH"},{"floor":32,"key":"REST"}],"circlet_count":0,"master_deck":["Strike_R","Strike_R","Strike_R","Strike_R+1","Defend_R","Defend_R","Bash+1","Heavy Blade+1","Carnage+1","Shrug It Off+1","Wild Strike+1","Battle Trance+1","Iron Wave","Feed","Hemokinesis","Immolate","Reckless Charge","Shrug It Off+1","Power Through+1","Fire Breathing","Spot Weakness","Cleave+1","Headbutt+1","Dual Wield+1","Offering","Heavy Blade+1","Seeing Red+1","Flame Barrier+1"],"relics":["Burning Blood","NeowsBlessing","Matryoshka","Vajra","Pear","Bronze Scales","Mark of Pain","Ancient Tea Set","Bag of Preparation","Potion Belt","StrikeDummy","War Paint","MealTicket","SacredBark","TheAbacus","Gambling Chip"],"acts_visited":["Exordium","TheCity","TheBeyond"],"potions_floor_usage":[14,16,29,31,32,33,35,39,40,40],"damage_taken":[{"damage":0,"enemies":"Small Slimes","floor":1,"turns":1},{"damage":0,"enemies":"2 Louse","floor":3,"turns":1},{"damage":0,"enemies":"Lagavulin","floor":7,"turns":1},{"damage":1,"enemies":"Jaw Worm","floor":12,"turns":2},{"damage":0,"enemies":"Exordium Wildlife","floor":14,"turns":1},{"damage":0,"enemies":"Slime Boss","floor":16,"turns":4},{"damage":27,"enemies":"3 Byrds","floor":18,"turns":5},{"damage":6,"enemies":"2 Thieves","floor":22,"turns":2},{"damage":2,"enemies":"Gremlin Leader","floor":23,"turns":5},{"damage":0,"enemies":"Snecko","floor":25,"turns":2},{"damage":28,"enemies":"Shelled Parasite and Fungi","floor":27,"turns":5},{"damage":19,"enemies":"Centurion and Healer","floor":28,"turns":3},{"damage":13,"enemies":"Snake Plant","floor":29,"turns":3},{"damage":36,"enemies":"Book of Stabbing","floor":30,"turns":5},{"damage":25,"enemies":"Sentry and Sphere","floor":31,"turns":4},{"damage":76,"enemies":"Collector","floor":33,"turns":7},{"damage":14,"enemies":"Orb Walker","floor":35,"turns":3},{"damage":30,"enemies":"3 Darklings","floor":36,"turns":3},{"damage":31,"enemies":"Mind Bloom Boss Battle","floor":39,"turns":7},{"damage":94,"enemies":"Giant Head","floor":40,"turns":7}],"seed_played":"-8582192013102039436","potions_obtained":[{"floor":3,"key":"Explosive Potion"},{"floor":7,"key":"ColorlessPotion"},{"floor":12,"key":"BloodPotion"},{"floor":14,"key":"BloodPotion"},{"floor":18,"key":"GamblersBrew"},{"floor":25,"key":"Ancient Potion"},{"floor":28,"key":"FairyPotion"},{"floor":31,"key":"AttackPotion"},{"floor":33,"key":"ColorlessPotion"},{"floor":39,"key":"DuplicationPotion"}],"is_trial":false,"path_per_floor":["M","?","M","$","?","R","E","R","T","R","?","M","$","M","R","B",null,"M","?","?","T","M","E","$","M","T","M","M","M","E","M","R","B",null,"M","M","?","$","?","E"],"character_chosen":"IRONCLAD","items_purchased":["Shrug It Off","Bronze Scales","Fire Breathing","StrikeDummy","TheAbacus","Explosive Potion"],"campfire_rested":1,"item_purchase_floors":[4,13,24,24,38,38],"current_hp_per_floor":[80,80,80,80,85,85,85,85,95,95,76,81,81,87,87,93,95,77,77,77,77,77,84,84,90,90,71,58,71,41,22,73,37,104,96,72,72,87,62,0,0],"gold":66,"neow_bonus":"THREE_ENEMY_KILL","is_daily":false,"chose_seed":false,"campfire_upgraded":4,"win_rate":0.0,"timestamp":1613399475,"path_taken":["M","?","M","$","?","R","E","R","T","R","?","M","?","?","R","BOSS","M","?","?","?","M","E","?","M","T","M","M","?","E","M","R","BOSS","M","M","?","$","?","E"],"items_purchased_type":["Card","Relic","Card","Relic","Relic","Potion"],"build_version":"2020-12-22","purchased_purges":0,"victory":false,"max_hp_per_floor":[80,80,80,80,85,85,85,85,95,95,95,95,95,95,95,95,95,98,98,98,98,98,101,101,101,101,104,104,104,104,104,104,104,104,104,104,104,104,104,104,104],"card_choices":[{"not_picked":["Iron Wave","Metallicize"],"picked":"Heavy Blade","floor":1},{"not_picked":["Dual Wield","Burning Pact"],"picked":"Carnage","floor":3},{"not_picked":["Metallicize","Pommel Strike"],"picked":"Wild Strike","floor":7},{"not_picked":["Heavy Blade","Shockwave"],"picked":"Battle Trance","floor":12},{"not_picked":["Clothesline","Clash"],"picked":"Iron Wave","floor":14},{"not_picked":["Barricade","Bludgeon"],"picked":"Feed","floor":16},{"not_picked":["Searing Blow","Anger"],"picked":"Hemokinesis","floor":18},{"not_picked":["Havoc","Carnage"],"picked":"Shrug It Off+1","floor":22},{"not_picked":["Entrench","Sever Soul"],"picked":"Power Through+1","floor":23},{"not_picked":["Clash+1","True Grit","Thunderclap"],"picked":"SKIP","floor":25},{"not_picked":["Uppercut+1","Twin Strike+1"],"picked":"Spot Weakness","floor":27},{"not_picked":["Ghostly Armor","Warcry"],"picked":"Cleave+1","floor":28},{"not_picked":["Clash","Brutality","Second Wind"],"picked":"SKIP","floor":29},{"not_picked":["Blood for Blood","Clothesline"],"picked":"Headbutt+1","floor":30},{"not_picked":["Anger+1","Shockwave"],"picked":"Dual Wield+1","floor":31},{"not_picked":["Immolate","Brutality"],"picked":"Offering","floor":33},{"not_picked":["Reckless Charge","Rage"],"picked":"Heavy Blade+1","floor":35},{"not_picked":["Feel No Pain+1","Whirlwind"],"picked":"Seeing Red+1","floor":36},{"not_picked":["True Grit","Pommel Strike+1"],"picked":"Flame Barrier+1","floor":39}],"player_experience":466620,"relics_obtained":[{"floor":7,"key":"Matryoshka"},{"floor":9,"key":"Vajra"},{"floor":9,"key":"Pear"},{"floor":21,"key":"Ancient Tea Set"},{"floor":21,"key":"Bag of Preparation"},{"floor":23,"key":"Potion Belt"},{"floor":26,"key":"War Paint"},{"floor":30,"key":"MealTicket"},{"floor":39,"key":"Gambling Chip"}],"event_choices":[{"damage_healed":0,"gold_gain":0,"player_choice":"Leave","damage_taken":0,"max_hp_gain":0,"max_hp_loss":0,"event_name":"The Cleric","floor":2,"gold_loss":0},{"damage_healed":0,"gold_gain":0,"player_choice":"Donut","damage_taken":0,"max_hp_gain":5,"max_hp_loss":0,"event_name":"Big Fish","floor":5,"gold_loss":0},{"damage_healed":0,"gold_gain":0,"player_choice":"Entered Light","damage_taken":19,"max_hp_gain":0,"max_hp_loss":0,"event_name":"Shining Light","floor":11,"gold_loss":0,"cards_upgraded":["Bash","Strike_R"]},{"damage_healed":0,"gold_gain":0,"cards_transformed":["Strike_R","Defend_R"],"player_choice":"Became Test Subject","damage_taken":0,"max_hp_gain":0,"max_hp_loss":0,"event_name":"Drug Dealer","floor":19,"gold_loss":0,"cards_obtained":["Immolate","Reckless Charge"]},{"damage_healed":0,"gold_gain":99,"player_choice":"Stole From Cult","damage_taken":0,"max_hp_gain":0,"max_hp_loss":0,"event_name":"Nest","floor":20,"gold_loss":0},{"cards_removed":["Defend_R"],"damage_healed":0,"gold_gain":0,"player_choice":"Removed Skill","damage_taken":0,"max_hp_gain":0,"max_hp_loss":0,"event_name":"Falling","floor":37,"gold_loss":0},{"damage_healed":0,"gold_gain":0,"player_choice":"Fight","damage_taken":0,"max_hp_gain":0,"max_hp_loss":0,"event_name":"MindBloom","floor":39,"gold_loss":0}],"is_beta":false,"boss_relics":[{"not_picked":["Busted Crown","Tiny House"],"picked":"Mark of Pain"},{"not_picked":["Empty Cage","Fusion Hammer"],"picked":"SacredBark"}],"items_purged_floors":[],"is_endless":false,"potions_floor_spawned":[3,7,12,14,18,25,28,31,33,39],"killed_by":"Giant Head","ascension_level":4}}