{"host":"8ztb9kwpjc2zof9s","time":1613371050,"event":{"mods":["BaseMod","Block Reminder","Curses Come First","Minty Spire (QoL Compilation)","Relic Stats","StSLib"],"gold_per_floor":[363,363,33,51,68,95,95,95,122,197,217,217,92,112,112,208,208,221,221,221,121,101,101,120,120,120,140,152,152,167,167,167,266,266,277,287,299,318,318,345,92,126,126,138,162,174,206,17,17,17],"floor_reached":51,"language":"ENG","playtime":1953,"items_purged":["Strike_G","Strike_G","Strike_G"],"score":1181,"play_id":"1bcf9617-d09d-4610-ad62-ff10650f9a8c","local_time":"20210214223730","is_ascension_mode":true,"campfire_choices":[{"floor":7,"key":"REST"},{"floor":12,"key":"REST"},{"data":"Footwork","floor":15,"key":"SMITH"},{"data":"Catalyst","floor":23,"key":"SMITH"},{"data":"Neutralize","floor":25,"key":"SMITH"},{"data":"Backflip","floor":29,"key":"SMITH"},{"data":"Catalyst","floor":32,"key":"SMITH"},{"data":"Adrenaline","floor":44,"key":"SMITH"},{"data":"Backflip","floor":46,"key":"SMITH"},{"floor":49,"key":"REST"}],"circlet_count":0,"master_deck":["AscendersBane","Defend_G","Defend_G","Defend_G","Defend_G","Defend_G","Survivor","Neutralize+1","Footwork+1","Noxious Fumes+1","Noxious Fumes+1","Catalyst+1","Backflip+1","PiercingWail","Catalyst+1","Adrenaline+1","Dash+1","Escape Plan","Backflip+1","Parasite"],"relics":["Ring of the Snake","Frozen Egg 2","Strawberry","Bronze Scales","Busted Crown","Kunai","Runic Pyramid","Meat on the Bone","Bottled Tornado","MawBank","Medical Kit"],"acts_visited":["Exordium","TheCity","TheBeyond"],"potions_floor_usage":[6,11,14,14,33,33,38,40,45,50,50],"damage_taken":[{"damage":9,"enemies":"Cultist","floor":1,"turns":6},{"damage":2,"enemies":"2 Louse","floor":4,"turns":4},{"damage":1,"enemies":"Jaw Worm","floor":5,"turns":7},{"damage":33,"enemies":"Gremlin Nob","floor":6,"turns":5},{"damage":5,"enemies":"3 Louse","floor":11,"turns":3},{"damage":2,"enemies":"Lots of Slimes","floor":14,"turns":4},{"damage":51,"enemies":"Slime Boss","floor":16,"turns":11},{"damage":6,"enemies":"Shell Parasite","floor":18,"turns":6},{"damage":0,"enemies":"Spheric Guardian","floor":24,"turns":5},{"damage":0,"enemies":"Snecko","floor":27,"turns":6},{"damage":0,"enemies":"Centurion and Healer","floor":28,"turns":7},{"damage":2,"enemies":"Sentry and Sphere","floor":30,"turns":6},{"damage":34,"enemies":"Collector","floor":33,"turns":10},{"damage":4,"enemies":"3 Shapes","floor":35,"turns":5},{"damage":0,"enemies":"Orb Walker","floor":36,"turns":4},{"damage":20,"enemies":"Sphere and 2 Shapes","floor":37,"turns":5},{"damage":0,"enemies":"Spire Growth","floor":38,"turns":7},{"damage":4,"enemies":"Giant Head","floor":40,"turns":8},{"damage":0,"enemies":"Nemesis","floor":42,"turns":7},{"damage":0,"enemies":"Transient","floor":45,"turns":5},{"damage":0,"enemies":"Writhing Mass","floor":47,"turns":5},{"damage":2,"enemies":"Donu and Deca","floor":50,"turns":11}],"seed_played":"3551773297156478177","potions_obtained":[{"floor":4,"key":"SkillPotion"},{"floor":6,"key":"SkillPotion"},{"floor":11,"key":"Regen Potion"},{"floor":18,"key":"AttackPotion"},{"floor":22,"key":"GamblersBrew"},{"floor":30,"key":"SkillPotion"},{"floor":33,"key":"BlessingOfTheForge"},{"floor":37,"key":"FearPotion"},{"floor":38,"key":"SpeedPotion"},{"floor":40,"key":"SkillPotion"},{"floor":47,"key":"FearPotion"}],"is_trial":false,"path_per_floor":["M","?","$","M","M","E","R","?","T","?","M","R","$","M","R","B",null,"M","?","?","$","?","R","M","R","T","M","M","R","M","?","R","B",null,"M","M","M","M","?","E","$","E","T","R","M","R","M","$","R","B",null],"character_chosen":"THE_SILENT","items_purchased":["Frozen Egg 2","Noxious Fumes+1","Fire Potion","Escape Plan","Backflip","Medical Kit","Block Potion"],"campfire_rested":3,"item_purchase_floors":[3,3,13,41,41,48,48],"current_hp_per_floor":[54,54,54,52,51,25,48,41,41,30,25,48,48,60,60,9,60,54,54,54,54,54,54,54,54,54,54,54,54,52,52,52,18,62,58,58,38,38,38,34,34,46,46,46,46,46,46,46,69,67],"gold":17,"neow_bonus":"TWO_FIFTY_GOLD","is_daily":false,"chose_seed":false,"campfire_upgraded":7,"win_rate":0.0,"timestamp":1613371050,"path_taken":["M","?","$","M","?","E","R","?","T","?","M","R","$","M","R","BOSS","M","?","?","$","?","R","M","R","T","M","M","R","?","?","R","BOSS","M","M","M","M","?","E","$","E","T","R","M","R","?","$","R","BOSS"],"items_purchased_type":["Relic","Card","Potion","Card","Card","Relic","Potion"],"build_version":"2020-12-22","purchased_purges":3,"victory":true,"max_hp_per_floor":[70,70,70,70,70,77,77,77,77,77,77,77,77,77,77,77,77,77,77,77,77,77,77,77,77,77,77,77,77,77,77,77,77,77,77,77,77,77,77,77,77,77,77,77,77,77,77,77,77,77],"relic_stats":{"Busted Crown":28,"counters":[22,137],"Bronze Scales":[300],"Kunai":[3],"MawBank":60,"Medical Kit":[6],"obtain_stats":[{"Busted Crown":17,"Strawberry":6,"Bronze Scales":9,"Kunai":26,"Frozen Egg 2":3,"Bottled Tornado":42,"MawBank":43,"Medical Kit":48,"Ring of the Snake":0,"Runic Pyramid":34,"Meat on the Bone":40},{"Busted Crown":7,"Strawberry":4,"Bronze Scales":4,"Kunai":9,"Frozen Egg 2":1,"Bottled Tornado":19,"MawBank":19,"Medical Kit":21,"Ring of the Snake":0,"Runic Pyramid":13,"Meat on the Bone":18},{"Busted Crown":40,"Strawberry":22,"Bronze Scales":22,"Kunai":51,"Frozen Egg 2":6,"Bottled Tornado":116,"MawBank":116,"Medical Kit":126,"Ring of the Snake":0,"Runic Pyramid":80,"Meat on the Bone":109}],"Ring of the Snake":[44],"Meat on the Bone":12},"card_choices":[{"not_picked":["Outmaneuver","Blur"],"picked":"Footwork","floor":1},{"not_picked":["Skewer","Dagger Spray","Quick Slash"],"picked":"SKIP","floor":4},{"not_picked":["Bane","Dagger Throw"],"picked":"Noxious Fumes+1","floor":5},{"not_picked":["Underhanded Strike","Dagger Throw","Burst"],"picked":"SKIP","floor":6},{"not_picked":["Bane","Underhanded Strike"],"picked":"Catalyst","floor":11},{"not_picked":["Cloak And Dagger","Dagger Throw"],"picked":"Backflip","floor":14},{"not_picked":["Riddle With Holes"],"picked":"SKIP","floor":18},{"not_picked":["All Out Attack"],"picked":"SKIP","floor":24},{"not_picked":["Quick Slash"],"picked":"SKIP","floor":27},{"not_picked":["Deflect"],"picked":"SKIP","floor":28},{"not_picked":[],"picked":"PiercingWail","floor":30},{"not_picked":[],"picked":"Adrenaline","floor":33},{"not_picked":["Poisoned Stab+1"],"picked":"SKIP","floor":35},{"not_picked":["Sucker Punch+1"],"picked":"SKIP","floor":36},{"not_picked":["Dodge and Roll"],"picked":"SKIP","floor":37},{"not_picked":[],"picked":"Dash+1","floor":38},{"not_picked":["Flying Knee"],"picked":"SKIP","floor":40},{"not_picked":["Setup+1"],"picked":"SKIP","floor":42},{"not_picked":["Calculated Gamble"],"picked":"SKIP","floor":45},{"not_picked":["Underhanded Strike"],"picked":"SKIP","floor":47}],"player_experience":345178,"relics_obtained":[{"floor":6,"key":"Strawberry"},{"floor":9,"key":"Bronze Scales"},{"floor":26,"key":"Kunai"},{"floor":40,"key":"Meat on the Bone"},{"floor":42,"key":"Bottled Tornado"},{"floor":43,"key":"MawBank"}],"event_choices":[{"cards_removed":["Injury"],"damage_healed":0,"gold_gain":0,"player_choice":"Removed Curses","damage_taken":0,"max_hp_gain":0,"max_hp_loss":0,"event_name":"Fountain of Cleansing","floor":2,"gold_loss":0},{"cards_removed":["Strike_G"],"damage_healed":0,"gold_gain":0,"player_choice":"Card Removal","damage_taken":7,"max_hp_gain":0,"max_hp_loss":0,"event_name":"Golden Wing","floor":8,"gold_loss":0},{"damage_healed":0,"gold_gain":75,"player_choice":"Gather Gold","damage_taken":11,"max_hp_gain":0,"max_hp_loss":0,"event_name":"World of Goop","floor":10,"gold_loss":0},{"cards_removed":["Strike_G"],"damage_healed":0,"gold_gain":0,"player_choice":"Elegance","damage_taken":0,"max_hp_gain":0,"max_hp_loss":0,"event_name":"Back to Basics","floor":19,"gold_loss":0},{"damage_healed":0,"gold_gain":0,"player_choice":"Ignored","damage_taken":0,"max_hp_gain":0,"max_hp_loss":0,"event_name":"Vampires","floor":20,"gold_loss":0},{"damage_healed":0,"gold_gain":0,"player_choice":"Bought 1 Potion","damage_taken":0,"max_hp_gain":0,"max_hp_loss":0,"event_name":"The Woman in Blue","floor":22,"gold_loss":0},{"damage_healed":0,"gold_gain":0,"player_choice":"Read","damage_taken":0,"max_hp_gain":0,"max_hp_loss":0,"event_name":"The Library","floor":31,"gold_loss":0,"cards_obtained":["Catalyst"]},{"damage_healed":0,"gold_gain":0,"player_choice":"0 cards matched","damage_taken":0,"max_hp_gain":0,"max_hp_loss":0,"event_name":"Match and Keep!","floor":39,"gold_loss":0,"cards_obtained":[]}],"is_beta":false,"boss_relics":[{"not_picked":["SacredBark","Ectoplasm"],"picked":"Busted Crown"},{"not_picked":["Snecko Eye","Cursed Key"],"picked":"Runic Pyramid"}],"items_purged_floors":[13,21,41],"is_endless":false,"potions_floor_spawned":[4,6,11,18,30,33,37,38,40,47],"ascension_level":12}}