{"host":"qp7xs8nuzfsyommi","time":1613418883,"event":{"mods":["2.2 Compatiblity","BaseMod","Colored Powertips","DeckTracker","Highlight Path","Minty Spire (QoL Compilation)","Permanent Neow","Quick Restart","StSLib"],"gold_per_floor":[112,132,132,148,165,165,178,193,193,193,193],"floor_reached":10,"language":"ENG","playtime":517,"items_purged":[],"score":124,"play_id":"a62e270c-bdab-4b7c-9f2b-c658c7387c21","local_time":"20210215145443","is_ascension_mode":true,"campfire_choices":[{"data":"Recycle","floor":6,"key":"SMITH"}],"circlet_count":0,"master_deck":["AscendersBane","Strike_B","Strike_B","Strike_B","Strike_B","Defend_B","Defend_B","Defend_B","Defend_B","Zap","Dualcast","Recycle+1","Go for the Eyes","Beam Cell","Echo Form"],"relics":["Runic Pyramid"],"acts_visited":["Exordium"],"potions_floor_usage":[8],"damage_taken":[{"damage":2,"enemies":"Cultist","floor":1,"turns":4},{"damage":9,"enemies":"Jaw Worm","floor":2,"turns":6},{"damage":4,"enemies":"2 Louse","floor":4,"turns":3},{"damage":4,"enemies":"Looter","floor":5,"turns":3},{"damage":7,"enemies":"2 Fungi Beasts","floor":7,"turns":4},{"damage":7,"enemies":"3 Louse","floor":8,"turns":2},{"damage":40,"enemies":"3 Sentries","floor":10,"turns":6}],"seed_played":"4644757633100260739","potions_obtained":[{"floor":3,"key":"Explosive Potion"},{"floor":3,"key":"BlessingOfTheForge"},{"floor":8,"key":"SneckoOil"}],"is_trial":false,"path_per_floor":["M","M","?","M","M","R","M","M","T","E"],"character_chosen":"DEFECT","items_purchased":[],"campfire_rested":0,"item_purchase_floors":[],"current_hp_per_floor":[62,53,53,49,45,45,38,31,31,0,0],"gold":193,"neow_bonus":"BOSS_RELIC","is_daily":false,"chose_seed":false,"campfire_upgraded":1,"win_rate":0.0,"timestamp":1613418883,"path_taken":["M","M","?","M","M","R","M","M","T","E"],"items_purchased_type":[],"build_version":"2020-12-22","purchased_purges":0,"victory":false,"max_hp_per_floor":[71,71,71,71,71,71,71,71,71,71,71],"card_choices":[{"not_picked":["Redo","Go for the Eyes"],"picked":"Recycle","floor":1},{"not_picked":["Cold Snap","Conserve Battery"],"picked":"Go for the Eyes","floor":2},{"not_picked":["Blizzard","Sweeping Beam"],"picked":"Beam Cell","floor":4},{"not_picked":["FTL","Double Energy"],"picked":"Echo Form","floor":5},{"not_picked":["Coolheaded","Barrage","Skim"],"picked":"SKIP","floor":7},{"not_picked":["Rebound","Steam","Scrape"],"picked":"SKIP","floor":8}],"player_experience":1913956,"relics_obtained":[],"event_choices":[{"damage_healed":0,"gold_gain":0,"player_choice":"Got Potions","damage_taken":0,"max_hp_gain":0,"max_hp_loss":0,"event_name":"Lab","floor":3,"gold_loss":0}],"is_beta":false,"boss_relics":[],"items_purged_floors":[],"is_endless":false,"potions_floor_spawned":[4,7,8],"killed_by":"3 Sentries","ascension_level":20}}