{"host":"6xghz2lkudss8si6","time":1613405651,"event":{"mods":["AchievementEnabler","BaseMod","Colored Map","DeckTracker","Minty Spire (QoL Compilation)","Quick Restart","StSLib","SuperFastMode"],"gold_per_floor":[109,121,121,141,141,173,173,199,226,226,226,253,271,288,288,384,384,397,407,257,257,273,273,299,311,336,336,336,346,360,388,388,492,492,512,512,512,529,529,529,558,568,594,614,614,649,55,55,55,55],"floor_reached":51,"language":"KOR","playtime":2285,"items_purged":["Lockon+1"],"score":1150,"play_id":"5c72c97b-8b1d-4a9a-b02f-9a1933c37420","local_time":"20210216011411","is_ascension_mode":true,"campfire_choices":[{"data":"Doom and Gloom","floor":7.0,"key":"SMITH"},{"data":"Barrage","floor":10.0,"key":"SMITH"},{"data":"Blizzard","floor":15,"key":"SMITH"},{"data":"Cold Snap","floor":23,"key":"SMITH"},{"data":"Coolheaded","floor":28,"key":"SMITH"},{"data":"Glacier","floor":32,"key":"SMITH"},{"data":"Reboot","floor":40,"key":"SMITH"},{"floor":45,"key":"REST"},{"data":"Capacitor","floor":49,"key":"SMITH"}],"circlet_count":0,"master_deck":["Defend_B","Defend_B","Defend_B","Defend_B","Dualcast","Doom and Gloom+1","Cold Snap+1","Rebound","Blizzard+1","Barrage+1","Melter","Cold Snap+1","Capacitor+1","Reboot+1","Redo+1","Self Repair+1","Leap","Coolheaded+1","Leap","Chill","Go for the Eyes+1","Glacier+1","Amplify","CurseOfTheBell","Coolheaded+1","BootSequence+1","Hologram+1"],"relics":["Runic Dome","Orichalcum","Lantern","Strawberry","Bottled Flame","Astrolabe","ClockworkSouvenir","DataDisk","Regal Pillow","Enchiridion","Smiling Mask","Calling Bell","Omamori","Eternal Feather","Pocketwatch","Darkstone Periapt","PreservedInsect","Molten Egg 2","Runic Capacitor","Bag of Preparation","Bag of Marbles"],"acts_visited":["Exordium","TheCity","TheBeyond"],"potions_floor_usage":[12,13,16,24,41,41,41,50],"damage_taken":[{"damage":1.0,"enemies":"2 Louse","floor":1.0,"turns":3.0},{"damage":1.0,"enemies":"Cultist","floor":2.0,"turns":3.0},{"damage":0.0,"enemies":"Small Slimes","floor":4.0,"turns":3.0},{"damage":9.0,"enemies":"3 Sentries","floor":6.0,"turns":6.0},{"damage":10.0,"enemies":"Lagavulin","floor":8.0,"turns":5.0},{"damage":0,"enemies":"Gremlin Nob","floor":12,"turns":3},{"damage":0,"enemies":"Looter","floor":13,"turns":2},{"damage":6,"enemies":"Red Slaver","floor":14,"turns":2},{"damage":6,"enemies":"Slime Boss","floor":16,"turns":6},{"damage":11,"enemies":"Shell Parasite","floor":18,"turns":4},{"damage":2,"enemies":"Chosen","floor":19,"turns":5},{"damage":21,"enemies":"Snecko","floor":22,"turns":5},{"damage":8,"enemies":"Slavers","floor":24,"turns":4},{"damage":1,"enemies":"Chosen and Byrds","floor":25,"turns":7},{"damage":5,"enemies":"Centurion and Healer","floor":29,"turns":5},{"damage":4,"enemies":"3 Cultists","floor":30,"turns":5},{"damage":9,"enemies":"Book of Stabbing","floor":31,"turns":5},{"damage":33,"enemies":"Champ","floor":33,"turns":13},{"damage":0,"enemies":"Orb Walker","floor":35,"turns":5},{"damage":11,"enemies":"3 Shapes","floor":38,"turns":9},{"damage":73,"enemies":"Giant Head","floor":41,"turns":11},{"damage":19,"enemies":"Transient","floor":42,"turns":5},{"damage":1,"enemies":"Sphere and 2 Shapes","floor":44,"turns":7},{"damage":6,"enemies":"Nemesis","floor":46,"turns":7},{"damage":0,"enemies":"Donu and Deca","floor":50,"turns":12}],"seed_played":"-2768062628965736170","potions_obtained":[{"floor":4.0,"key":"AttackPotion"},{"floor":6.0,"key":"Block Potion"},{"floor":11.0,"key":"Fruit Juice"},{"floor":11.0,"key":"AttackPotion"},{"floor":11.0,"key":"SkillPotion"},{"floor":12,"key":"Fire Potion"},{"floor":13,"key":"Weak Potion"},{"floor":16,"key":"Block Potion"},{"floor":22,"key":"Block Potion"},{"floor":29,"key":"FearPotion"},{"floor":31,"key":"ColorlessPotion"},{"floor":44,"key":"Weak Potion"},{"floor":46,"key":"SneckoOil"}],"is_trial":false,"path_per_floor":["M","M","?","M","?","E","R","E","T","R","?","E","M","M","R","B",null,"M","M","$","?","M","R","E","M","T","?","R","M","M","E","R","B",null,"M","?","?","M","?","R","E","M","T","M","R","E","$","?","R","B",null],"character_chosen":"DEFECT","items_purchased":["ClockworkSouvenir","Runic Capacitor","Bag of Preparation","Dexterity Potion","Bag of Marbles","SkillPotion"],"campfire_rested":1,"item_purchase_floors":[20,47,47,47,47,47],"current_hp_per_floor":[67,66,66,66,66,57,57,47,54,54,54,54,59,53,53,47,77,76,84,84,84,73,73,65,64,64,48,48,53,59,60,60,37,75,85,85,85,87,87,87,24,15,15,24,80,84,84,84,87,87],"gold":55,"neow_bonus":"BOSS_RELIC","is_daily":false,"chose_seed":false,"campfire_upgraded":8,"win_rate":0.0,"timestamp":1613405651,"path_taken":["M","M","?","?","?","E","R","E","T","R","?","E","?","M","R","BOSS","M","?","$","?","M","R","E","M","T","?","R","M","M","E","R","BOSS","M","?","?","?","?","R","E","M","T","M","R","E","$","?","R","BOSS"],"items_purchased_type":["Relic","Relic","Relic","Potion","Relic","Potion"],"build_version":"2020-12-22","purchased_purges":1,"victory":true,"max_hp_per_floor":[75,75,75,75,75,75,75,75,82,82,82,82,87,87,87,87,87,87,87,87,87,87,87,87,87,87,87,87,87,87,87,87,87,87,87,87,87,87,87,87,87,87,87,87,87,87,87,87,87,87],"card_choices":[{"not_picked":["Barrage","Rebound"],"picked":"Doom and Gloom","floor":1.0},{"not_picked":["Aggregate","Conserve Battery"],"picked":"Cold Snap","floor":2.0},{"not_picked":["Heatsinks","Darkness"],"picked":"Rebound","floor":4.0},{"not_picked":["Leap","Sweeping Beam"],"picked":"Blizzard","floor":6.0},{"not_picked":["Auto Shields","Compile Driver"],"picked":"Barrage","floor":8.0},{"not_picked":["Barrage","Consume"],"picked":"Melter","floor":12},{"not_picked":["Hologram","Rip and Tear"],"picked":"Cold Snap","floor":13},{"not_picked":["Conserve Battery","Aggregate"],"picked":"Capacitor","floor":14},{"not_picked":["Meteor Strike","Thunder Strike"],"picked":"Reboot","floor":16},{"not_picked":["Auto Shields+1","Self Repair"],"picked":"Leap","floor":18},{"not_picked":["Gash","Chaos+1"],"picked":"Coolheaded","floor":19},{"not_picked":["Ball Lightning","Compile Driver","Steam"],"picked":"SKIP","floor":22},{"not_picked":["Hello World","Rebound"],"picked":"Leap","floor":24},{"not_picked":["Electrodynamics","Sweeping Beam","Beam Cell"],"picked":"SKIP","floor":25},{"not_picked":["Double Energy","Cold Snap"],"picked":"Chill","floor":29},{"not_picked":["Steam","Streamline"],"picked":"Go for the Eyes+1","floor":30},{"not_picked":["Compile Driver","Heatsinks"],"picked":"Glacier","floor":31},{"not_picked":["Meteor Strike","Thunder Strike"],"picked":"Amplify","floor":33},{"not_picked":["Compile Driver","Conserve Battery"],"picked":"Coolheaded+1","floor":35},{"not_picked":["Beam Cell+1","Auto Shields"],"picked":"BootSequence+1","floor":38},{"not_picked":["Stack+1","Electrodynamics","Streamline+1"],"picked":"SKIP","floor":41},{"not_picked":["Chaos","Self Repair","Fusion"],"picked":"SKIP","floor":42},{"not_picked":["Scrape+1","Steam","Sweeping Beam+1"],"picked":"SKIP","floor":44},{"not_picked":["Fission","Rip and Tear+1"],"picked":"Hologram+1","floor":46}],"player_experience":238574,"relics_obtained":[{"floor":6.0,"key":"Orichalcum"},{"floor":8.0,"key":"Lantern"},{"floor":9.0,"key":"Strawberry"},{"floor":12,"key":"Bottled Flame"},{"floor":24,"key":"DataDisk"},{"floor":26,"key":"Regal Pillow"},{"floor":27,"key":"Enchiridion"},{"floor":31,"key":"Smiling Mask"},{"floor":34,"key":"Omamori"},{"floor":34,"key":"Eternal Feather"},{"floor":34,"key":"Pocketwatch"},{"floor":41,"key":"Darkstone Periapt"},{"floor":43,"key":"PreservedInsect"},{"floor":46,"key":"Molten Egg 2"}],"event_choices":[{"damage_healed":0.0,"max_hp_gain":0.0,"max_hp_loss":0.0,"gold_gain":0.0,"event_name":"Accursed Blacksmith","player_choice":"Forge","floor":3.0,"gold_loss":0.0,"damage_taken":0.0,"cards_upgraded":["Cold Snap"]},{"cards_removed":["Strike_B"],"damage_healed":0.0,"max_hp_gain":0.0,"max_hp_loss":0.0,"gold_gain":0.0,"event_name":"Living Wall","player_choice":"Forget","floor":5.0,"gold_loss":0.0,"damage_taken":0.0},{"damage_healed":0.0,"max_hp_gain":0.0,"max_hp_loss":0.0,"gold_gain":0.0,"event_name":"Lab","player_choice":"Got Potions","floor":11.0,"gold_loss":0.0,"damage_taken":0.0},{"damage_healed":0,"gold_gain":0,"player_choice":"Ignored","damage_taken":0,"max_hp_gain":0,"max_hp_loss":0,"event_name":"Vampires","floor":21,"gold_loss":0},{"damage_healed":0,"gold_gain":0,"player_choice":"Obtained Book","damage_taken":16,"max_hp_gain":0,"max_hp_loss":0,"event_name":"Cursed Tome","floor":27,"gold_loss":0},{"damage_healed":0,"gold_gain":0,"player_choice":"Ignored","damage_taken":0,"max_hp_gain":0,"max_hp_loss":0,"event_name":"Mysterious Sphere","floor":36,"gold_loss":0},{"damage_healed":0,"gold_gain":0,"player_choice":"Ignored","damage_taken":0,"max_hp_gain":0,"max_hp_loss":0,"event_name":"SecretPortal","floor":37,"gold_loss":0},{"damage_healed":0,"gold_gain":0,"player_choice":"Ignored","damage_taken":0,"max_hp_gain":0,"max_hp_loss":0,"event_name":"Tomb of Lord Red Mask","floor":39,"gold_loss":0},{"cards_removed":["Zap"],"damage_healed":0,"gold_gain":0,"player_choice":"Removed Skill","damage_taken":0,"max_hp_gain":0,"max_hp_loss":0,"event_name":"Falling","floor":48,"gold_loss":0}],"is_beta":false,"boss_relics":[{"not_picked":["Coffee Dripper","Fusion Hammer"],"picked":"Astrolabe"},{"not_picked":["SlaversCollar","Runic Pyramid"],"picked":"Calling Bell"}],"items_purged_floors":[47],"is_endless":false,"potions_floor_spawned":[4,6,12,13,16,22,29,31,44,46],"ascension_level":7}}