{"host":"¿à÷økuyou","time":1613389186,"event":{"mods":["ATMod(°¢èªMod)","Act Like it!","BaseMod","BetterRewards","Minty Spire (QoL Compilation)","Quick Restart","StSLib"],"gold_per_floor":[114,114,39,39,39,69,69,69,94,124,139,169,169,184,184,309,309,324,143,58,58,58,88,103,103,178,208,83,83,83,113,113,213,213,228,264,264,279,129,159,159,174,174,524,554,254,10,40,40,40],"floor_reached":51,"language":"ZHS","playtime":1139,"items_purged":["Strike_R","Strike_R","Bash","Strike_R+1","AT_CaressingTears+1"],"score":1151,"play_id":"3ce9cd4c-9d72-45ec-85fc-31dd3410369f","local_time":"20210215193946","daily_mods":["Heirloom","Flight","Night Terrors"],"is_ascension_mode":false,"campfire_choices":[{"data":"AT_FamilyPortrait","floor":7.0,"key":"SMITH"},{"data":"AT_BodySlamDance","floor":8.0,"key":"SMITH"},{"data":"Feel No Pain","floor":13.0,"key":"SMITH"},{"data":"AT_ShrugMaster","floor":15.0,"key":"SMITH"},{"data":"Barricade","floor":29.0,"key":"SMITH"},{"data":"Dark Embrace","floor":30.0,"key":"SMITH"},{"data":"AT_CaressingTears","floor":32.0,"key":"SMITH"},{"data":"Demon Form","floor":49,"key":"SMITH"}],"circlet_count":0,"master_deck":["Defend_R","Defend_R","Defend_R+1","AT_FamilyPortrait+1","AT_BodySlamDance+1","Feel No Pain+1","AT_ShrugMaster+1","Barricade+1","CurseOfTheBell","Shrug It Off","Dark Embrace+1","Whirlwind","Offering+1","Shrug It Off+1","Impervious+1","AT_EmpoweredMortalDraw+1","Offering+1","Feel No Pain","Demon Form+1"],"relics":["Burning Blood","AT_ATBox","AT_RabadonDeathcap","Toy Ornithopter","Vajra","Art of War","AT_RedTearstoneRing","Paper Frog","Calling Bell","Potion Belt","HornCleat","Unceasing Top","Akabeko","AT_EbonyIvory","AT_TimeSand","Toxic Egg 2","Nunchaku","AT_MortalBlade","Gambling Chip","AT_SpeedBoots","Question Card","MealTicket","Old Coin","CaptainsWheel","AT_SunfireAegis","AT_GoldPhoenixTree"],"acts_visited":["Exordium","TheCity","TheBeyond"],"potions_floor_usage":[50,50],"damage_taken":[{"damage":0.0,"enemies":"2 Louse","floor":1.0,"turns":1.0},{"damage":21.0,"enemies":"Lagavulin","floor":6.0,"turns":5.0},{"damage":9.0,"enemies":"3 Sentries","floor":10.0,"turns":3.0},{"damage":0.0,"enemies":"Jaw Worm","floor":11.0,"turns":1.0},{"damage":0.0,"enemies":"Lagavulin","floor":12.0,"turns":3.0},{"damage":0.0,"enemies":"Cultist","floor":14.0,"turns":3.0},{"damage":0.0,"enemies":"Hexaghost","floor":16.0,"turns":3.0},{"damage":0.0,"enemies":"2 Thieves","floor":18.0,"turns":4.0},{"damage":2.0,"enemies":"Book of Stabbing","floor":23.0,"turns":2.0},{"damage":0.0,"enemies":"Spheric Guardian","floor":24.0,"turns":2.0},{"damage":37.0,"enemies":"Slavers","floor":27.0,"turns":3.0},{"damage":12.0,"enemies":"Book of Stabbing","floor":31.0,"turns":1.0},{"damage":13.0,"enemies":"Champ","floor":33.0,"turns":2.0},{"damage":10,"enemies":"Orb Walker","floor":35,"turns":2},{"damage":42,"enemies":"2 Orb Walkers","floor":36,"turns":4},{"damage":0,"enemies":"3 Shapes","floor":38,"turns":1},{"damage":6,"enemies":"Nemesis","floor":40,"turns":3},{"damage":6,"enemies":"Sphere and 2 Shapes","floor":42,"turns":1},{"damage":24,"enemies":"Mind Bloom Boss Battle","floor":44,"turns":3},{"damage":6,"enemies":"Reptomancer","floor":45,"turns":3},{"damage":12,"enemies":"Nemesis","floor":48,"turns":1},{"damage":24,"enemies":"Time Eater","floor":50,"turns":3}],"seed_played":"5535013652570512859","potions_obtained":[{"floor":1.0,"key":"SpeedPotion"},{"floor":10.0,"key":"Regen Potion"},{"floor":12.0,"key":"HeartOfIron"},{"floor":16.0,"key":"EntropicBrew"},{"floor":24.0,"key":"BloodPotion"},{"floor":35,"key":"SpeedPotion"}],"is_trial":false,"path_per_floor":["M","?","$","?","T","E","R","R","T","E","M","E","R","M","R","B",null,"M","$","?","?","?","E","M","?","T","E","$","R","R","E","R","B",null,"M","?","?","M","$","E","?","M","T","?","E","$","$","E","R","B",null],"character_chosen":"IRONCLAD","items_purchased":["Dark Embrace","AT_SpeedBoots","AT_SunfireAegis","Feel No Pain"],"campfire_rested":0,"item_purchase_floors":[19,39,46,47],"current_hp_per_floor":[80,64,64,57,57,42,42,42,42,39,45,51,51,57,57,63,80,80,80,80,80,80,80,80,65,65,35,35,35,35,29,29,22,85,81,61,61,67,67,67,67,67,67,49,51,66,81,75,75,83],"gold":40,"neow_bonus":"","is_daily":true,"chose_seed":false,"campfire_upgraded":8,"win_rate":0.0,"timestamp":1613389186,"path_taken":["M","?","?","?","?","E","R","R","T","E","?","E","R","?","R","BOSS","M","$","?","?","?","E","M","?","T","E","?","R","R","E","R","BOSS","M","?","?","?","$","E","?","?","T","?","E","?","$","E","R","BOSS"],"items_purchased_type":["Card","Relic","Relic","Card"],"build_version":"2020-12-18","purchased_purges":5,"victory":true,"max_hp_per_floor":[80,80,80,80,80,80,80,80,80,80,80,80,80,80,80,80,80,80,80,80,80,80,80,80,85,85,85,85,85,85,85,85,85,85,85,85,85,85,85,85,85,85,85,85,85,85,85,85,85,85],"card_choices":[{"not_picked":["Twin Strike","Disarm"],"picked":"AT_BodySlamDance","floor":1.0},{"not_picked":["True Grit","Blood for Blood","Heavy Blade"],"picked":"SKIP","floor":6.0},{"not_picked":["Havoc","Metallicize","Cleave"],"picked":"SKIP","floor":10.0},{"not_picked":["Havoc","Metallicize","Cleave"],"picked":"SKIP","floor":10.0},{"not_picked":["Havoc","Metallicize","Cleave"],"picked":"SKIP","floor":10.0},{"not_picked":["Iron Wave","Armaments"],"picked":"Feel No Pain","floor":11.0},{"not_picked":["Ghostly Armor","Iron Wave","Uppercut"],"picked":"SKIP","floor":12.0},{"not_picked":["Fiend Fire","Cleave"],"picked":"AT_ShrugMaster","floor":14.0},{"not_picked":["Feed","Immolate"],"picked":"Barricade","floor":16.0},{"not_picked":["Pummel","Thunderclap"],"picked":"Shrug It Off","floor":18.0},{"not_picked":["Fire Breathing+1","Intimidate","Bloodletting"],"picked":"SKIP","floor":23.0},{"not_picked":["Cleave+1","Double Tap","Carnage"],"picked":"SKIP","floor":24.0},{"not_picked":["Shrug It Off+1","Feed"],"picked":"Offering+1","floor":27.0},{"not_picked":["Blood for Blood+1","Corruption"],"picked":"Shrug It Off+1","floor":31.0},{"not_picked":["Fiend Fire","Double Tap+1"],"picked":"Impervious+1","floor":33.0},{"not_picked":["Twin Strike+1","Anger","Pommel Strike"],"picked":"SKIP","floor":35},{"not_picked":["Pommel Strike+1","AT_ManFootWork+1","Cleave+1"],"picked":"SKIP","floor":38},{"not_picked":["Blood for Blood+1","Flex+1","Pummel"],"picked":"SKIP","floor":40},{"not_picked":["Iron Wave+1","Limit Break+1","Warcry+1","Inflame"],"picked":"SKIP","floor":42},{"not_picked":["Twin Strike","Clash","Wild Strike","Dual Wield+1"],"picked":"SKIP","floor":45},{"not_picked":["Blood for Blood","Cleave+1","Seeing Red+1"],"picked":"Demon Form","floor":48}],"player_experience":214254,"relics_obtained":[{"floor":5.0,"key":"Toy Ornithopter"},{"floor":6.0,"key":"Vajra"},{"floor":9.0,"key":"Art of War"},{"floor":10.0,"key":"AT_RedTearstoneRing"},{"floor":12.0,"key":"Paper Frog"},{"floor":17.0,"key":"Potion Belt"},{"floor":17.0,"key":"HornCleat"},{"floor":17.0,"key":"Unceasing Top"},{"floor":23.0,"key":"AT_EbonyIvory"},{"floor":26.0,"key":"AT_TimeSand"},{"floor":27.0,"key":"Toxic Egg 2"},{"floor":31.0,"key":"Nunchaku"},{"floor":36,"key":"Gambling Chip"},{"floor":40,"key":"Question Card"},{"floor":43,"key":"MealTicket"},{"floor":44,"key":"Old Coin"},{"floor":45,"key":"CaptainsWheel"},{"floor":48,"key":"AT_GoldPhoenixTree"}],"event_choices":[{"damage_healed":0.0,"max_hp_gain":0.0,"max_hp_loss":0.0,"gold_gain":0.0,"event_name":"Shining Light","player_choice":"Entered Light","floor":2.0,"gold_loss":0.0,"damage_taken":16.0,"cards_upgraded":["Defend_R","Strike_R"]},{"cards_removed":["Strike_R"],"damage_healed":0.0,"max_hp_gain":0.0,"max_hp_loss":0.0,"gold_gain":0.0,"event_name":"Golden Wing","player_choice":"Card Removal","floor":4.0,"gold_loss":0.0,"damage_taken":7.0},{"damage_healed":0.0,"max_hp_gain":0.0,"max_hp_loss":0.0,"gold_gain":0.0,"event_name":"Addict","player_choice":"Obtained Relic","floor":20.0,"gold_loss":85.0,"damage_taken":0.0,"relics_obtained":["Akabeko"]},{"damage_healed":0.0,"max_hp_gain":0.0,"max_hp_loss":0.0,"gold_gain":0.0,"event_name":"Vampires","player_choice":"Ignored","floor":21.0,"gold_loss":0.0,"damage_taken":0.0},{"damage_healed":0.0,"max_hp_gain":0.0,"max_hp_loss":0.0,"gold_gain":0.0,"cards_transformed":["Strike_R","Defend_R"],"event_name":"Drug Dealer","player_choice":"Became Test Subject","floor":22.0,"gold_loss":0.0,"damage_taken":0.0,"cards_obtained":["Whirlwind","AT_CaressingTears"]},{"damage_healed":0.0,"max_hp_gain":5.0,"max_hp_loss":0.0,"gold_gain":0.0,"event_name":"Forgotten Altar","player_choice":"Shed Blood","floor":25.0,"gold_loss":0.0,"damage_taken":20.0},{"damage_healed":0,"gold_gain":0,"player_choice":"Fight","damage_taken":0,"max_hp_gain":0,"max_hp_loss":0,"event_name":"Mysterious Sphere","floor":36,"gold_loss":0},{"damage_healed":0,"gold_gain":0,"player_choice":"Upgraded","damage_taken":0,"max_hp_gain":0,"max_hp_loss":0,"event_name":"Upgrade Shrine","floor":37,"gold_loss":0,"cards_upgraded":["AT_EmpoweredMortalDraw"]},{"damage_healed":0,"gold_gain":0,"player_choice":"1 cards matched","damage_taken":0,"max_hp_gain":0,"max_hp_loss":0,"event_name":"Match and Keep!","floor":41,"gold_loss":0,"cards_obtained":["Offering"]},{"damage_healed":0,"gold_gain":0,"player_choice":"Fight","damage_taken":0,"max_hp_gain":0,"max_hp_loss":0,"event_name":"MindBloom","floor":44,"gold_loss":0}],"is_beta":true,"boss_relics":[{"not_picked":["SlaversCollar","Mark of Pain"],"picked":"Calling Bell"},{"not_picked":["Fusion Hammer","Astrolabe"],"picked":"AT_MortalBlade"}],"items_purged_floors":[3,19,28,46,47],"is_endless":false,"potions_floor_spawned":[1,10,12,16,24,35,42,45],"ascension_level":0}}