{"host":"u7lm8z2rvb4dg2oo","time":1613378117,"event":{"mods":["AchievementEnabler","BaseMod","Bestiary","Block Reminder","Colored Map","Colored Powertips","Curses Come First","DeckTracker","Googly Eyes","Highlight Path","Minty Spire (QoL Compilation)","Quick Restart","StSLib"],"gold_per_floor":[109,119,119,24,24,38,38,71,98,114,114,114,185,209,209,307,307,327,343,91,141,191,219,269,287,287,302,312,338,338,371,371,449,449,468,518,536,586,601,601,201,201,201,236,5,5,25,50,50,50],"floor_reached":51,"language":"ENG","playtime":2023,"items_purged":["Strike_G"],"score":1433,"play_id":"1ffcfc71-4d67-4319-a37c-163888fffb5f","local_time":"20210215033517","is_ascension_mode":true,"campfire_choices":[{"floor":7.0,"key":"REST"},{"floor":11.0,"key":"REST"},{"floor":15.0,"key":"REST"},{"data":"Terror","floor":30.0,"key":"SMITH"},{"data":"Venomology","floor":32.0,"key":"SMITH"},{"data":"Adrenaline","floor":40.0,"key":"SMITH"},{"data":"Accuracy","floor":42.0,"key":"SMITH"},{"data":"Finisher","floor":46.0,"key":"SMITH"},{"data":"Blade Dance","floor":49.0,"key":"SMITH"}],"circlet_count":0,"master_deck":["AscendersBane","Defend_G+1","Defend_G","Survivor","Neutralize","Bane","Accuracy+1","Blade Dance+1","Unload","Slice","Slice+1","Backstab+1","Venomology+1","Riddle With Holes+1","A Thousand Cuts+1","Choke+1","Cloak And Dagger+1","Cloak And Dagger","Terror+1","Adrenaline+1","Necronomicurse","Choke+1","Leg Sweep","Footwork","Backstab","Mind Blast","Finisher+1","Blade Dance+1"],"relics":["Ring of the Snake","Akabeko","Bloody Idol","War Paint","Centennial Puzzle","SsserpentHead","Astrolabe","Necronomicon","FossilizedHelix","StrikeDummy","HornCleat","Omamori","Empty Cage","Whetstone","Pocketwatch","Dream Catcher","TwistedFunnel","Bottled Lightning"],"acts_visited":["Exordium","TheCity","TheBeyond"],"potions_floor_usage":[50,50,50],"damage_taken":[{"damage":0.0,"enemies":"Small Slimes","floor":1.0,"turns":4.0},{"damage":3.0,"enemies":"2 Louse","floor":2.0,"turns":3.0},{"damage":0.0,"enemies":"Cultist","floor":6.0,"turns":2.0},{"damage":28.0,"enemies":"Gremlin Nob","floor":8.0,"turns":4.0},{"damage":0.0,"enemies":"Exordium Wildlife","floor":10.0,"turns":3.0},{"damage":8.0,"enemies":"Looter","floor":13.0,"turns":2.0},{"damage":0.0,"enemies":"2 Fungi Beasts","floor":14.0,"turns":2.0},{"damage":25.0,"enemies":"The Guardian","floor":16.0,"turns":16.0},{"damage":0.0,"enemies":"Spheric Guardian","floor":18.0,"turns":1.0},{"damage":6.0,"enemies":"3 Byrds","floor":19.0,"turns":2.0},{"damage":15.0,"enemies":"Slavers","floor":23.0,"turns":5.0},{"damage":0.0,"enemies":"Shelled Parasite and Fungi","floor":25.0,"turns":3.0},{"damage":0.0,"enemies":"Chosen and Byrds","floor":27.0,"turns":2.0},{"damage":0.0,"enemies":"Snake Plant","floor":28.0,"turns":1.0},{"damage":0.0,"enemies":"Gremlin Leader","floor":29.0,"turns":3.0},{"damage":7.0,"enemies":"Slavers","floor":31.0,"turns":4.0},{"damage":21.0,"enemies":"Automaton","floor":33.0,"turns":6.0},{"damage":0.0,"enemies":"3 Darklings","floor":35.0,"turns":3.0},{"damage":0.0,"enemies":"Orb Walker","floor":37.0,"turns":2.0},{"damage":0.0,"enemies":"Spire Growth","floor":39.0,"turns":2.0},{"damage":0.0,"enemies":"Giant Head","floor":44.0,"turns":6.0},{"damage":0.0,"enemies":"Maw","floor":47.0,"turns":4.0},{"damage":0.0,"enemies":"Reptomancer","floor":48.0,"turns":2.0},{"damage":58,"enemies":"Time Eater","floor":50,"turns":4}],"seed_played":"2427234378264775778","potions_obtained":[{"floor":1.0,"key":"EssenceOfSteel"},{"floor":10.0,"key":"Swift Potion"},{"floor":19.0,"key":"SneckoOil"},{"floor":28.0,"key":"Swift Potion"},{"floor":31.0,"key":"SkillPotion"},{"floor":33.0,"key":"Block Potion"},{"floor":44.0,"key":"AttackPotion"}],"is_trial":false,"path_per_floor":["M","M","?","$","?","M","R","E","T","M","R","?","M","M","R","B",null,"M","M","$","?","?","E","?","M","T","M","M","E","R","E","R","B",null,"M","?","M","?","M","R","$","R","T","E","$","R","M","E","R","B",null],"character_chosen":"THE_SILENT","items_purchased":["Blade Dance","Dexterity Potion","Terror","Adrenaline","CultistPotion","Whetstone","Mind Blast","LiquidMemories","TwistedFunnel","Regen Potion"],"campfire_rested":3,"item_purchase_floors":[4,4,20,20,41,41,41,41,45,45],"current_hp_per_floor":[59,56,33,33,33,33,52,24,24,24,43,43,35,35,54,29,57,57,51,51,51,35,25,43,48,48,53,58,63,63,61,61,45,61,66,66,66,66,66,66,66,66,66,66,66,66,66,66,66,17],"gold":50,"neow_bonus":"RANDOM_COMMON_RELIC","is_daily":false,"chose_seed":false,"campfire_upgraded":6,"win_rate":0.0,"timestamp":1613378117,"path_taken":["M","M","?","$","?","M","R","E","T","M","R","?","?","M","R","BOSS","M","M","$","?","?","E","?","M","T","M","M","E","R","E","R","BOSS","M","?","M","?","M","R","$","R","T","E","$","R","M","E","R","BOSS"],"items_purchased_type":["Card","Potion","Card","Card","Potion","Relic","Card","Potion","Relic","Potion"],"build_version":"2020-12-22","purchased_purges":1,"victory":true,"max_hp_per_floor":[66,66,66,66,66,66,66,66,66,66,66,66,66,66,66,66,66,66,66,66,66,66,66,66,66,66,66,66,66,66,66,66,66,66,66,66,66,66,66,66,66,66,66,66,66,66,66,66,66,66],"card_choices":[{"not_picked":["Skewer","Dodge and Roll"],"picked":"Bane","floor":1.0},{"not_picked":["Finisher","Distraction"],"picked":"Accuracy","floor":2.0},{"not_picked":["Quick Slash","Skewer"],"picked":"Slice","floor":6.0},{"not_picked":["PiercingWail","Noxious Fumes"],"picked":"Slice","floor":8.0},{"not_picked":["Slice","Backflip","PiercingWail"],"picked":"SKIP","floor":10.0},{"not_picked":["Expertise","Escape Plan","Backflip"],"picked":"SKIP","floor":13.0},{"not_picked":["PiercingWail","Prepared"],"picked":"Backstab","floor":14.0},{"not_picked":["Adrenaline","Envenom"],"picked":"Venomology","floor":16.0},{"not_picked":["Deadly Poison","Bane"],"picked":"Cloak And Dagger+1","floor":18.0},{"not_picked":["All Out Attack+1","Underhanded Strike"],"picked":"Cloak And Dagger","floor":19.0},{"not_picked":["Riddle With Holes+1","Reflex"],"picked":"Choke+1","floor":23.0},{"not_picked":["Bane","Setup","Sucker Punch"],"picked":"SKIP","floor":25.0},{"not_picked":["Concentrate","Reflex"],"picked":"Leg Sweep","floor":27.0},{"not_picked":["Tools of the Trade","Cloak And Dagger","All Out Attack"],"picked":"SKIP","floor":28.0},{"not_picked":["Heel Hook+1","Noxious Fumes","Terror"],"picked":"SKIP","floor":29.0},{"not_picked":["Eviscerate","Distraction","Riddle With Holes+1"],"picked":"SKIP","floor":31.0},{"not_picked":["Bane","Outmaneuver+1"],"picked":"Footwork","floor":35.0},{"not_picked":["Predator","Cloak And Dagger"],"picked":"Backstab","floor":37.0},{"not_picked":["Well Laid Plans+1","Backstab","Quick Slash"],"picked":"SKIP","floor":39.0},{"not_picked":["Catalyst","Endless Agony"],"picked":"Finisher","floor":44.0},{"not_picked":["Flying Knee","Dagger Spray+1","Deadly Poison+1"],"picked":"SKIP","floor":47.0},{"not_picked":["Dash+1","Dagger Throw"],"picked":"Blade Dance","floor":48.0}],"player_experience":1092588,"relics_obtained":[{"floor":8.0,"key":"War Paint"},{"floor":9.0,"key":"Centennial Puzzle"},{"floor":22.0,"key":"Necronomicon"},{"floor":23.0,"key":"FossilizedHelix"},{"floor":26.0,"key":"StrikeDummy"},{"floor":29.0,"key":"HornCleat"},{"floor":31.0,"key":"Omamori"},{"floor":43.0,"key":"Pocketwatch"},{"floor":44.0,"key":"Dream Catcher"},{"floor":48.0,"key":"Bottled Lightning"}],"event_choices":[{"damage_healed":0.0,"max_hp_gain":0.0,"max_hp_loss":0.0,"gold_gain":0.0,"event_name":"Golden Idol","player_choice":"Take Damage","floor":3.0,"gold_loss":0.0,"damage_taken":23.0,"relics_obtained":["Golden Idol"]},{"damage_healed":0.0,"max_hp_gain":0.0,"max_hp_loss":0.0,"gold_gain":0.0,"cards_transformed":["Strike_G"],"event_name":"Living Wall","player_choice":"Change","floor":5.0,"gold_loss":0.0,"damage_taken":0.0,"cards_obtained":["Unload"]},{"damage_healed":0.0,"max_hp_gain":0.0,"max_hp_loss":0.0,"gold_gain":0.0,"event_name":"FaceTrader","player_choice":"Trade","floor":12.0,"gold_loss":0.0,"damage_taken":0.0,"relics_obtained":["SsserpentHead"]},{"damage_healed":0.0,"max_hp_gain":0.0,"max_hp_loss":0.0,"gold_gain":0.0,"event_name":"Forgotten Altar","player_choice":"Gave Idol","floor":21.0,"relics_lost":["Golden Idol"],"gold_loss":0.0,"damage_taken":0.0,"relics_obtained":["Bloody Idol"]},{"damage_healed":0.0,"max_hp_gain":0.0,"max_hp_loss":0.0,"gold_gain":0.0,"event_name":"Cursed Tome","player_choice":"Obtained Book","floor":22.0,"gold_loss":0.0,"damage_taken":21.0},{"damage_healed":13.0,"max_hp_gain":0.0,"max_hp_loss":0.0,"gold_gain":0.0,"event_name":"The Library","player_choice":"Heal","floor":24.0,"gold_loss":0.0,"damage_taken":0.0},{"damage_healed":0.0,"max_hp_gain":0.0,"max_hp_loss":0.0,"gold_gain":0.0,"event_name":"Tomb of Lord Red Mask","player_choice":"Ignored","floor":36.0,"gold_loss":0.0,"damage_taken":0.0},{"cards_removed":["Defend_G"],"damage_healed":0.0,"max_hp_gain":0.0,"max_hp_loss":0.0,"gold_gain":0.0,"event_name":"Purifier","player_choice":"Purged","floor":38.0,"gold_loss":0.0,"damage_taken":0.0}],"is_beta":false,"boss_relics":[{"not_picked":["Runic Dome","Sozu"],"picked":"Astrolabe"},{"not_picked":["Fusion Hammer","Ring of the Serpent"],"picked":"Empty Cage"}],"items_purged_floors":[20],"is_endless":false,"potions_floor_spawned":[1,10,14,19,28,31,33,35,44],"ascension_level":15}}