{"host":"q2jvq5jw2vmpd5b4","time":1613373120,"event":{"mods":["BaseMod","Downfall","Minty Spire (QoL Compilation)","StSLib"],"gold_per_floor":[349,363,363,379,28,45,70,95,95,95,95,112,112,129,145,245,245,245,261,286,57,57,70,70,70,88,104,136,151,177,192,207,302,302,202,219,408,426,446,346,346,246,278,295,325,343,343,393,403,403,403,430,2,2,2,2,2,2],"floor_reached":56,"language":"ENG","playtime":6361,"items_purged":["hexamod:Strike","hexamod:Strike","Pain","hexamod:SuperheatedStrike"],"score":828,"play_id":"3975fc60-f422-447f-8402-eb1f82d6c093","local_time":"20210214231200","is_ascension_mode":false,"campfire_choices":[{"data":"hexamod:Float","floor":1.0,"key":"SMITH"},{"data":"hexamod:FastForward","floor":10.0,"key":"SMITH"},{"data":"hexamod:TimeWarp","floor":13.0,"key":"SMITH"},{"data":"hexamod:HexaLevel","floor":18.0,"key":"SMITH"},{"data":"Trip","floor":25.0,"key":"SMITH"},{"floor":35.0,"key":"RECALL"},{"floor":40.0,"key":"REST"},{"data":"hexamod:HeatCrush","floor":42.0,"key":"SMITH"},{"floor":47.0,"key":"REST"},{"floor":54,"key":"REST"}],"circlet_count":0,"master_deck":["hexamod:Sear","hexamod:Float+1","hexamod:HauntingEcho","hexamod:Float+1","hexamod:StepThrough","hexamod:PowerFromBeyond","hexamod:FastForward+1","hexamod:TimeWarp+1","hexamod:Hexaguard","hexamod:HexaLevel+1","hexamod:SpectersWail","hexamod:TimeWarp","hexamod:StepThrough","Trip+1","hexamod:TimeOfNeed","hexamod:Hexaguard+1","hexamod:ChargedBarrage+1","hexamod:WildfireWeapon","hexamod:ForkedFlame","hexamod:EtherealExpedition+1","hexamod:WildfireWeapon","hexamod:HeatCrush+1","hexamod:PhantomFireball+1","hexamod:HeatShield+1","hexamod:RecurringNightmare+1","hexamod:PowerFromBeyond+1","hexamod:GhostShield+1","Madness+1","hexamod:StepThrough"],"relics":["hexamod:SpiritBrand","Membership Card","Gambling Chip","Tiny Chest","Oddly Smooth Stone","Sundial","Sozu","Bag of Preparation","Anchor","Pen Nib","Toxic Egg 2","White Beast Statue","Pandora\u0027s Box","downfall:HeartBlessingGreen","Vajra","downfall:HeartBlessingRed","downfall:HeartBlessingBlue","Ornamental Fan","Pocketwatch","FossilizedHelix","hexamod:SoulConsumer","Orichalcum","hexamod:JarOfFuel","Bottled Lightning"],"acts_visited":["Exordium","TheCity","TheBeyond","TheEnding"],"potions_floor_usage":[],"damage_taken":[{"damage":1.0,"enemies":"Cultist","floor":2.0,"turns":3.0},{"damage":1.0,"enemies":"Jaw Worm","floor":4.0,"turns":3.0},{"damage":0.0,"enemies":"downfall:FleeingMerchant","floor":5.0,"turns":4.0},{"damage":0.0,"enemies":"2 Louse","floor":6.0,"turns":2.0},{"damage":8.0,"enemies":"Lagavulin","floor":8.0,"turns":6.0},{"damage":5.0,"enemies":"Blue Slaver","floor":12.0,"turns":3.0},{"damage":0.0,"enemies":"downfall:LooterAlt","floor":14.0,"turns":3.0},{"damage":0.0,"enemies":"Exordium Wildlife","floor":15.0,"turns":2.0},{"damage":24.0,"enemies":"IC_STATUS_ARCHETYPE","floor":16.0,"turns":9.0},{"damage":0.0,"enemies":"3 Byrds","floor":19.0,"turns":3.0},{"damage":0.0,"enemies":"downfall:FleeingMerchant","floor":21.0,"turns":4.0},{"damage":0.0,"enemies":"Shell Parasite","floor":23.0,"turns":3.0},{"damage":0.0,"enemies":"Snake Plant","floor":26.0,"turns":3.0},{"damage":4.0,"enemies":"Cultist and Chosen","floor":27.0,"turns":3.0},{"damage":3.0,"enemies":"Book of Stabbing","floor":28.0,"turns":3.0},{"damage":0.0,"enemies":"Shelled Parasite and Fungi","floor":29.0,"turns":3.0},{"damage":0.0,"enemies":"Gremlin Leader","floor":30.0,"turns":4.0},{"damage":5.0,"enemies":"Centurion and Healer","floor":31.0,"turns":4.0},{"damage":0.0,"enemies":"Snecko","floor":32.0,"turns":3.0},{"damage":31.0,"enemies":"DF_ARCHETYPE_CLAW","floor":33.0,"turns":6.0},{"damage":6.0,"enemies":"3 Darklings","floor":36.0,"turns":3.0},{"damage":11.0,"enemies":"downfall:FleeingMerchant","floor":37.0,"turns":3.0},{"damage":0.0,"enemies":"3 Shapes","floor":38.0,"turns":2.0},{"damage":33.0,"enemies":"Spire Growth","floor":39.0,"turns":4.0},{"damage":36.0,"enemies":"Nemesis","floor":43.0,"turns":3.0},{"damage":0.0,"enemies":"3 Darklings","floor":44.0,"turns":3.0},{"damage":0.0,"enemies":"Reptomancer","floor":45.0,"turns":3.0},{"damage":0.0,"enemies":"Transient","floor":46.0,"turns":6.0},{"damage":6.0,"enemies":"Transient","floor":48.0,"turns":4.0},{"damage":0.0,"enemies":"Jaw Worm Horde","floor":49.0,"turns":3.0},{"damage":13,"enemies":"WA_ARCHETYPE_DIVINITY","floor":50,"turns":9},{"damage":45,"enemies":"downfall:CharBossMerchant","floor":52,"turns":7},{"damage":44,"enemies":"downfall:NeowBoss","floor":55,"turns":12},{"damage":13,"enemies":"downfall:NeowBossFinal","floor":56,"turns":5}],"seed_played":"-8966755447141891195","potions_obtained":[{"floor":4.0,"key":"BlessingOfTheForge"},{"floor":8.0,"key":"ColorlessPotion"},{"floor":12.0,"key":"AttackPotion"},{"floor":15.0,"key":"hexamod:InfernoChargePotion"}],"is_trial":false,"path_per_floor":["R","M","?","M","$","M","T","E","T","R","?","M","R","M","M","B",null,"R","M","T","$","?","M","T","R","M","M","E","M","E","M","M","B",null,"R","M","$","M","M","R","T","R","E","M","E","M","R","?","M","B",null,"E","$","R","B","B"],"character_chosen":"THE_SPIRIT","items_purchased":["Membership Card","Gambling Chip","hexamod:TimeWarp","hexamod:StepThrough","Trip","Vajra","Orichalcum","hexamod:JarOfFuel","Madness+1","Bottled Lightning","hexamod:StepThrough"],"campfire_rested":3,"item_purchase_floors":[5,5,21,21,21,37,53,53,53,53,53],"current_hp_per_floor":[63,62,62,61,61,61,61,53,53,53,53,48,48,48,48,24,63,63,63,63,63,63,63,63,63,63,59,56,56,56,51,51,20,63,63,57,46,46,13,31,31,41,5,5,5,5,26,20,20,7,73,28,28,49,9,0,0,0],"gold":2,"neow_bonus":"TWO_FIFTY_GOLD","is_daily":false,"chose_seed":false,"campfire_upgraded":6,"win_rate":0.0,"timestamp":1613373120,"path_taken":["R","M","?","M","?","M","T","E","?","R","?","M","R","?","M","BOSS","R","M","?","$","?","?","T","R","M","M","E","M","E","M","M","BOSS","R","M","$","M","M","R","T","R","E","M","E","M","R","?","M","BOSS","E","$","R","BOSS","BOSS"],"items_purchased_type":["Relic","Relic","Card","Card","Card","Relic","Relic","Relic","Card","Relic","Card"],"build_version":"2020-12-22","purchased_purges":4,"victory":false,"max_hp_per_floor":[63,63,63,63,63,63,63,63,63,63,63,63,63,63,63,63,63,63,63,63,63,63,63,63,63,63,63,63,63,63,63,63,63,63,63,63,63,63,63,63,63,73,73,73,73,73,73,73,73,73,73,73,73,73,73,73,73,73],"card_choices":[{"not_picked":["hexamod:NightmareStrike","hexamod:SkipABeat"],"picked":"hexamod:HauntingEcho","floor":2.0},{"not_picked":["hexamod:FlamesFromBeyond","hexamod:ShieldOfDarkness"],"picked":"hexamod:StepThrough","floor":4.0},{"not_picked":["hexamod:InspiringFlames","hexamod:BurningTouch"],"picked":"hexamod:PowerFromBeyond","floor":5.0},{"not_picked":["hexamod:SecondSeal","hexamod:SpectersWail","hexamod:HeatMetal"],"picked":"SKIP","floor":6.0},{"not_picked":["hexamod:NightmareGuise","hexamod:ChargedBarrage"],"picked":"hexamod:FastForward","floor":8.0},{"not_picked":["hexamod:Firestarter","hexamod:NightmareGuise"],"picked":"hexamod:TimeWarp","floor":12.0},{"not_picked":["hexamod:EtherealExpedition","hexamod:HeatMetal"],"picked":"hexamod:Hexaguard","floor":14.0},{"not_picked":["hexamod:GhostLash","hexamod:Firestarter","hexamod:RetreatToShadows"],"picked":"SKIP","floor":15.0},{"not_picked":["hexamod:Toasty","hexamod:VolcanoVisage"],"picked":"hexamod:HexaLevel","floor":16.0},{"not_picked":["hexamod:BurningTouch","hexamod:SuperheatedStrike","hexamod:Firestarter"],"picked":"SKIP","floor":19.0},{"not_picked":["hexamod:GhostLash","hexamod:CatchUp"],"picked":"hexamod:SpectersWail","floor":21.0},{"not_picked":["hexamod:Incineration+1","hexamod:Firestarter","hexamod:SuperheatedStrike"],"picked":"SKIP","floor":23.0},{"not_picked":["hexamod:FastForward","hexamod:NightmareGuise"],"picked":"hexamod:TimeOfNeed","floor":26.0},{"not_picked":["hexamod:ShieldOfDarkness","hexamod:SpectersWail","hexamod:EmpoweredFlame"],"picked":"SKIP","floor":27.0},{"not_picked":["hexamod:GhostShield+1","hexamod:ThirdSeal","hexamod:InspiringFlames+1"],"picked":"SKIP","floor":28.0},{"not_picked":["hexamod:NecessarySacrifice+1","hexamod:SwordOfDarkness+1"],"picked":"hexamod:Hexaguard+1","floor":29.0},{"not_picked":["hexamod:NightmareGuise+1","hexamod:DynamicBlow"],"picked":"hexamod:ChargedBarrage+1","floor":30.0},{"not_picked":["hexamod:FirstSeal","hexamod:SecondSeal","hexamod:GhostShield+1"],"picked":"SKIP","floor":31.0},{"not_picked":["hexamod:NightmareStrike+1","hexamod:ThermalTransfer","hexamod:FourthSeal"],"picked":"SKIP","floor":32.0},{"not_picked":["hexamod:GhostflameInferno+1","hexamod:FlameSwitch+1"],"picked":"hexamod:WildfireWeapon","floor":33.0},{"not_picked":["hexamod:Rewind+1","hexamod:NightmareStrike","hexamod:Firestarter"],"picked":"SKIP","floor":36.0},{"not_picked":["hexamod:SpectralSpark+1","hexamod:NecessarySacrifice+1"],"picked":"hexamod:PhantomFireball+1","floor":37.0},{"not_picked":["hexamod:ThermalTransfer+1","hexamod:TimeOfNeed+1","hexamod:SpectralAdrenaline+1"],"picked":"SKIP","floor":38.0},{"not_picked":["hexamod:Rewind+1","hexamod:FlamesFromBeyond+1","hexamod:EtherealExpedition+1"],"picked":"SKIP","floor":39.0},{"not_picked":["hexamod:FastForward+1","hexamod:GhostLash+1"],"picked":"hexamod:HeatShield+1","floor":43.0},{"not_picked":["hexamod:SoulSteal+1","hexamod:SpectralSpark+1"],"picked":"hexamod:RecurringNightmare+1","floor":44.0},{"not_picked":["hexamod:UnlimitedPower+1","hexamod:FlamesFromBeyond+1","hexamod:FastForward+1"],"picked":"SKIP","floor":45.0},{"not_picked":["hexamod:Haunt+1","hexamod:FirstSeal"],"picked":"hexamod:PowerFromBeyond+1","floor":46.0},{"not_picked":["hexamod:ExtraCrispy+1","hexamod:AdvancingGuard+1","hexamod:SwordOfDarkness"],"picked":"SKIP","floor":49.0},{"not_picked":["hexamod:EmpoweredFlame","hexamod:GhostShield+1","hexamod:SoulSteal+1"],"picked":"SKIP","floor":52},{"not_picked":["hexamod:EmpoweredFlame","hexamod:SoulSteal+1"],"picked":"hexamod:GhostShield+1","floor":52}],"player_experience":1591176,"relics_obtained":[{"floor":7.0,"key":"Tiny Chest"},{"floor":8.0,"key":"Oddly Smooth Stone"},{"floor":9.0,"key":"Sundial"},{"floor":20.0,"key":"Bag of Preparation"},{"floor":24.0,"key":"Pen Nib"},{"floor":28.0,"key":"Toxic Egg 2"},{"floor":30.0,"key":"White Beast Statue"},{"floor":43.0,"key":"Ornamental Fan"},{"floor":45.0,"key":"Pocketwatch"},{"floor":48.0,"key":"FossilizedHelix"},{"floor":52,"key":"hexamod:SoulConsumer"}],"event_choices":[{"cards_removed":["hexamod:Strike"],"damage_healed":0.0,"max_hp_gain":0.0,"max_hp_loss":0.0,"gold_gain":0.0,"event_name":"The Cleric","player_choice":"Card Removal","floor":11.0,"gold_loss":0.0,"damage_taken":0.0}],"is_beta":false,"boss_relics":[{"not_picked":["Busted Crown","Tiny House"],"picked":"Sozu"},{"not_picked":["Fusion Hammer","SacredBark"],"picked":"Pandora\u0027s Box"}],"items_purged_floors":[5,21,37,53],"is_endless":false,"potions_floor_spawned":[4,8,12,14,15,23,26,28,29,31,32,33,36,37,38,39,43,44,45,46,48,49,52],"killed_by":"downfall:NeowBossFinal","ascension_level":0}}