{"host":"ty2cix8xj6r3ad26","time":1613412899,"event":{"mods":["AchievementEnabler","BaseMod","BetterRewards","Minty Spire (QoL Compilation)","Quick Restart","StSLib","SuperFastMode"],"gold_per_floor":[118,168,183,58,77,103,103,113,140,169,169,183,244,259,259,337,337,354,279,279,291,148,180,180,200,200,200,200,225,236,261,261,335,335,347,47,47,57,57,86,105,135,189,214,230,230,240,251,251,251],"floor_reached":51,"language":"ENG","playtime":4059,"items_purged":["Strike_R","Strike_R","Strike_R","Defend_R"],"score":1937,"play_id":"ba34a82d-7f0d-43ba-aa6a-6c8a61326efc","local_time":"20210215201459","is_ascension_mode":true,"campfire_choices":[{"data":"Rampage","floor":7.0,"key":"SMITH"},{"data":"1","floor":11.0,"key":"LIFT"},{"data":"2","floor":15.0,"key":"LIFT"},{"data":"3","floor":24.0,"key":"LIFT"},{"data":"Heavy Blade","floor":28.0,"key":"SMITH"},{"data":"Corruption","floor":32.0,"key":"SMITH"},{"data":"Dark Embrace","floor":49,"key":"SMITH"}],"circlet_count":0,"master_deck":["AscendersBane","Defend_R","Defend_R","Pommel Strike","Ghostly Armor","Rampage+1","Shrug It Off","Feel No Pain","Double Tap","Heavy Blade+1","Offering","Corruption+1","Impervious","Thunderclap","Flex","Ghostly Armor","Dark Embrace+1","Feed","Fiend Fire","Ghostly Armor","Madness","Madness","Entrench","Reaper","Body Slam+1"],"relics":["Burning Blood","FossilizedHelix","Champion Belt","Girya","Lee\u0027s Waffle","Red Skull","Boot","Centennial Puzzle","Mercury Hourglass","Sozu","Regal Pillow","Question Card","Gambling Chip","CaptainsWheel","Mark of Pain","Brimstone","Calipers","Oddly Smooth Stone","MealTicket","Eternal Feather"],"acts_visited":["Exordium","TheCity","TheBeyond"],"potions_floor_usage":[],"damage_taken":[{"damage":0.0,"enemies":"2 Louse","floor":1.0,"turns":3.0},{"damage":0.0,"enemies":"Cultist","floor":3.0,"turns":4.0},{"damage":0.0,"enemies":"Jaw Worm","floor":5.0,"turns":4.0},{"damage":23.0,"enemies":"Gremlin Nob","floor":6.0,"turns":5.0},{"damage":0.0,"enemies":"Looter","floor":8.0,"turns":4.0},{"damage":17.0,"enemies":"3 Sentries","floor":10.0,"turns":13.0},{"damage":16.0,"enemies":"Exordium Wildlife","floor":12.0,"turns":5.0},{"damage":16.0,"enemies":"Gremlin Nob","floor":13.0,"turns":4.0},{"damage":0.0,"enemies":"2 Fungi Beasts","floor":14.0,"turns":2.0},{"damage":16.0,"enemies":"The Guardian","floor":16.0,"turns":7.0},{"damage":0.0,"enemies":"Chosen","floor":18.0,"turns":4.0},{"damage":0.0,"enemies":"2 Thieves","floor":21.0,"turns":4.0},{"damage":8.0,"enemies":"Book of Stabbing","floor":23.0,"turns":5.0},{"damage":6.0,"enemies":"Centurion and Healer","floor":25.0,"turns":4.0},{"damage":13.0,"enemies":"Gremlin Leader","floor":29.0,"turns":4.0},{"damage":0.0,"enemies":"Snecko","floor":30.0,"turns":4.0},{"damage":6.0,"enemies":"Slavers","floor":31.0,"turns":4.0},{"damage":6.0,"enemies":"Collector","floor":33.0,"turns":8.0},{"damage":18.0,"enemies":"3 Darklings","floor":35.0,"turns":4.0},{"damage":0.0,"enemies":"Orb Walker","floor":38.0,"turns":3.0},{"damage":0.0,"enemies":"Reptomancer","floor":40.0,"turns":2.0},{"damage":14.0,"enemies":"4 Shapes","floor":41.0,"turns":4.0},{"damage":12.0,"enemies":"Nemesis","floor":42.0,"turns":5.0},{"damage":6.0,"enemies":"Reptomancer","floor":44.0,"turns":3.0},{"damage":0,"enemies":"Maw","floor":45,"turns":5},{"damage":0,"enemies":"3 Darklings","floor":47,"turns":5},{"damage":9,"enemies":"Jaw Worm Horde","floor":48,"turns":3},{"damage":17,"enemies":"Time Eater","floor":50,"turns":5}],"seed_played":"-7414218274304799627","potions_obtained":[{"floor":6.0,"key":"Dexterity Potion"},{"floor":12.0,"key":"SmokeBomb"},{"floor":13.0,"key":"PowerPotion"}],"is_trial":false,"path_per_floor":["M","?","M","$","M","E","R","M","T","E","R","M","?","M","R","B",null,"M","?","?","M","$","E","R","M","T","?","R","E","M","E","R","B",null,"M","$","?","M","?","E","M","E","T","E","M","?","M","M","R","B",null],"character_chosen":"IRONCLAD","items_purchased":["FossilizedHelix","Pommel Strike","Ghostly Armor","Rampage","Girya","Lee\u0027s Waffle","Shrug It Off","Impervious","Brimstone"],"campfire_rested":0,"item_purchase_floors":[0,0,0,0,0,0,0,22,36],"current_hp_per_floor":[82,74,80,80,82,65,65,71,71,60,60,50,40,46,46,36,71,77,77,53,59,59,57,57,57,57,57,57,50,56,59,59,59,82,70,70,65,71,55,61,53,47,47,47,71,71,90,87,90,79],"gold":251,"neow_bonus":"","is_daily":false,"chose_seed":false,"campfire_upgraded":4,"win_rate":0.0,"timestamp":1613412899,"path_taken":["M","?","?","?","M","E","R","M","T","E","R","M","?","M","R","BOSS","M","?","?","M","?","E","R","M","T","?","R","E","M","E","R","BOSS","M","$","?","M","?","E","M","E","T","E","M","?","M","?","R","BOSS"],"items_purchased_type":["Relic","Card","Card","Card","Relic","Relic","Card","Card","Relic"],"build_version":"2020-12-22","purchased_purges":4,"victory":true,"max_hp_per_floor":[82,82,82,82,82,82,82,82,82,82,82,82,82,82,82,82,82,82,82,87,87,87,87,87,87,87,87,87,87,87,90,90,90,90,90,90,90,90,90,90,90,90,90,90,90,90,90,90,90,90],"card_choices":[{"not_picked":["Clothesline","Shrug It Off","Pommel Strike"],"picked":"SKIP","floor":1.0},{"not_picked":["Wild Strike","Havoc"],"picked":"Feel No Pain","floor":3.0},{"not_picked":["Havoc","Intimidate","Dropkick"],"picked":"SKIP","floor":5.0},{"not_picked":["Warcry","Wild Strike"],"picked":"Double Tap","floor":6.0},{"not_picked":["Perfected Strike","Sword Boomerang"],"picked":"Heavy Blade","floor":8.0},{"not_picked":["Iron Wave","Havoc","Heavy Blade"],"picked":"SKIP","floor":10.0},{"not_picked":["Havoc","Dual Wield","Evolve"],"picked":"SKIP","floor":12.0},{"not_picked":["Headbutt","Rampage"],"picked":"Offering","floor":14.0},{"not_picked":["Immolate","Juggernaut"],"picked":"Corruption","floor":16.0},{"not_picked":["Metallicize","Anger","Perfected Strike"],"picked":"SKIP","floor":18.0},{"not_picked":["Sword Boomerang","Warcry","Cleave"],"picked":"SKIP","floor":21.0},{"not_picked":["Iron Wave+1","Battle Trance","Twin Strike"],"picked":"SKIP","floor":23.0},{"not_picked":["Iron Wave+1","Battle Trance","Twin Strike"],"picked":"SKIP","floor":23.0},{"not_picked":["Iron Wave+1","Battle Trance","Twin Strike"],"picked":"SKIP","floor":23.0},{"not_picked":["Dropkick","Sword Boomerang"],"picked":"Thunderclap","floor":25.0},{"not_picked":["Disarm","Uppercut","Body Slam+1"],"picked":"Dark Embrace","floor":29.0},{"not_picked":["Headbutt+1","Shrug It Off","Clothesline"],"picked":"Feed","floor":30.0},{"not_picked":["Anger","Sword Boomerang","Flex","Iron Wave"],"picked":"SKIP","floor":31.0},{"not_picked":["Feed","Brutality","Exhume"],"picked":"Fiend Fire","floor":33.0},{"not_picked":["Heavy Blade","Rupture+1","Wild Strike","Perfected Strike"],"picked":"SKIP","floor":35.0},{"not_picked":["Second Wind","Heavy Blade","Evolve"],"picked":"Ghostly Armor","floor":38.0},{"not_picked":["Twin Strike","Clash+1","Havoc","Reckless Charge"],"picked":"SKIP","floor":40.0},{"not_picked":["Wild Strike","Dark Embrace","Fire Breathing","Pommel Strike+1"],"picked":"SKIP","floor":41.0},{"not_picked":["Body Slam","Armaments+1","Warcry"],"picked":"Entrench","floor":42.0},{"not_picked":["Intimidate+1","Cleave+1","Uppercut+1"],"picked":"Reaper","floor":44.0},{"not_picked":["Flex","Shrug It Off","Dark Embrace","Anger"],"picked":"SKIP","floor":45},{"not_picked":["Flex","Dual Wield","Burning Pact"],"picked":"Body Slam+1","floor":47},{"not_picked":["Battle Trance+1","Headbutt","Sword Boomerang+1","Heavy Blade"],"picked":"SKIP","floor":48}],"player_experience":575619,"relics_obtained":[{"floor":6.0,"key":"Red Skull"},{"floor":9.0,"key":"Boot"},{"floor":10.0,"key":"Centennial Puzzle"},{"floor":13.0,"key":"Mercury Hourglass"},{"floor":23.0,"key":"Regal Pillow"},{"floor":26.0,"key":"Question Card"},{"floor":29.0,"key":"Gambling Chip"},{"floor":31.0,"key":"CaptainsWheel"},{"floor":40.0,"key":"Calipers"},{"floor":42.0,"key":"Oddly Smooth Stone"},{"floor":43.0,"key":"MealTicket"},{"floor":44.0,"key":"Eternal Feather"}],"event_choices":[{"damage_healed":0.0,"max_hp_gain":0.0,"max_hp_loss":0.0,"gold_gain":50.0,"event_name":"FaceTrader","player_choice":"Touch","floor":2.0,"gold_loss":0.0,"damage_taken":8.0},{"damage_healed":0.0,"max_hp_gain":0.0,"max_hp_loss":0.0,"gold_gain":30.0,"event_name":"Dead Adventurer","player_choice":"Searched \u00272\u0027 times","floor":13.0,"gold_loss":0.0,"damage_taken":0.0},{"cards_removed":["Strike_R"],"damage_healed":0.0,"max_hp_gain":0.0,"max_hp_loss":0.0,"gold_gain":0.0,"event_name":"Beggar","player_choice":"Gave Gold","floor":19.0,"gold_loss":75.0,"damage_taken":0.0},{"damage_healed":0.0,"max_hp_gain":5.0,"max_hp_loss":0.0,"gold_gain":0.0,"event_name":"Forgotten Altar","player_choice":"Shed Blood","floor":20.0,"gold_loss":0.0,"damage_taken":29.0},{"damage_healed":0.0,"max_hp_gain":0.0,"max_hp_loss":0.0,"gold_gain":0.0,"cards_transformed":["Defend_R","Strike_R"],"event_name":"Drug Dealer","player_choice":"Became Test Subject","floor":27.0,"gold_loss":0.0,"damage_taken":0.0,"cards_obtained":["Flex","Ghostly Armor"]},{"damage_healed":0.0,"max_hp_gain":0.0,"max_hp_loss":0.0,"gold_gain":0.0,"event_name":"SensoryStone","player_choice":"Memory 2","floor":37.0,"gold_loss":0.0,"damage_taken":5.0},{"damage_healed":0.0,"max_hp_gain":0.0,"max_hp_loss":0.0,"gold_gain":0.0,"event_name":"Winding Halls","player_choice":"Embrace Madness","floor":39.0,"gold_loss":0.0,"damage_taken":16.0,"cards_obtained":["Madness","Madness"]},{"cards_removed":["Bash"],"damage_healed":0,"gold_gain":0,"player_choice":"Card Removal","damage_taken":0,"max_hp_gain":0,"max_hp_loss":0,"event_name":"Wheel of Change","floor":46,"gold_loss":0}],"is_beta":false,"boss_relics":[{"not_picked":["SacredBark","Astrolabe"],"picked":"Sozu"},{"not_picked":["Busted Crown","Runic Cube"],"picked":"Mark of Pain"}],"items_purged_floors":[0,0,4,36],"is_endless":false,"potions_floor_spawned":[6,12,13,25,30,33,40,45,47,48],"ascension_level":15}}