{"host":"nlbr7nnijupf3yfg","time":1613415547,"event":{"mods":["AchievementEnabler","BaseMod","BetterRewards","Colored Powertips","DeckTracker","Downfall","Hermit","Hubris","Infinite Spire","Minty Spire (QoL Compilation)","Quick Restart","Replay The Spire","StSLib","SuperFastMode","The Saiyan","The Servant 0.9.4"],"gold_per_floor":[117,117,117,135,135,135,173,196,223,223,242,94,138,152,152,277,277,292,46,145,161,179,179,179,179,202,202,245,268,286,286,286,286,286],"floor_reached":33,"language":"ENG","playtime":525,"items_purged":["downfall:Aged","Strike_R"],"score":450,"play_id":"528f39ed-7cc8-4646-ae2c-026df8196dae","local_time":"20210215135907","is_ascension_mode":true,"campfire_choices":[{"data":"Bloodletting","floor":6,"key":"SMITH"},{"data":"Bash","floor":10,"key":"SMITH"},{"floor":15,"key":"REST"},{"floor":23,"key":"REST"},{"floor":25,"key":"REST"},{"data":"Strike_R","floor":27,"key":"SMITH"},{"floor":32,"key":"REST"}],"circlet_count":0,"master_deck":["AscendersBane","Strike_R","Strike_R+1","Defend_R","Defend_R","Defend_R+1","Defend_R+1","Bash+1","Bloodletting+1","Pommel Strike","Twin Strike","Havoc","Clothesline","Perfected Strike","Anger+1","Flame Barrier","infinitespire:OneForAll","Demon Form","Thunderclap","True Grit+1","Pommel Strike","Heavy Blade","Havoc","Fiend Fire","Inflame","Thunderclap+1","ReplayTheSpireMod:Stacked+1","hubris:Rewind"],"relics":["Burning Blood","NeowsBlessing","Golden Idol","infinitespire:Beetle Shell","hubris:OldNail","Smiling Mask","ReplayTheSpireMod:CursedCoin","hubris:TenFootPole","ReplayFunnel","bronze:MakeshiftBattery","Bronze Scales","Simple Rune","hubris:Reverence","infinitespire:Bottled Soul"],"acts_visited":["Exordium","TheCity"],"potions_floor_usage":[16,16,22,28,28],"damage_taken":[{"damage":0,"enemies":"Cultist","floor":1,"turns":1},{"damage":0,"enemies":"2 Louse","floor":4,"turns":1},{"damage":0,"enemies":"3 Sentries","floor":7,"turns":1},{"damage":13,"enemies":"Jaw Worm","floor":8,"turns":4},{"damage":14,"enemies":"Looter","floor":11,"turns":3},{"damage":19,"enemies":"Gremlin Nob","floor":13,"turns":3},{"damage":15,"enemies":"Exordium Wildlife","floor":14,"turns":4},{"damage":43,"enemies":"The Guardian","floor":16,"turns":9},{"damage":33,"enemies":"Shell Parasite","floor":18,"turns":4},{"damage":3,"enemies":"Spheric Guardian","floor":21,"turns":3},{"damage":25,"enemies":"Chosen and Byrds","floor":22,"turns":6},{"damage":23,"enemies":"Gremlin Leader","floor":28,"turns":4},{"damage":27,"enemies":"Centurion and Healer","floor":29,"turns":6},{"damage":22,"enemies":"Snecko","floor":30,"turns":4},{"damage":55,"enemies":"hubris:MusketHawk","floor":33,"turns":6}],"seed_played":"-3983158444745035132","potions_obtained":[{"floor":1,"key":"DuplicationPotion"},{"floor":4,"key":"Strength Potion"},{"floor":13,"key":"Block Potion"},{"floor":21,"key":"bronze:BurnAndBuffPotion"},{"floor":22,"key":"Weak Potion"}],"is_trial":false,"path_per_floor":["M","?","?","M","?","R","E","M","T","R","M","$","E","M","R","B",null,"M","$","?","M","M","R","?","R","T","R","E","M","M","AVR","R","B"],"character_chosen":"IRONCLAD","items_purchased":["ReplayTheSpireMod:CursedCoin","Anger+1","hubris:TenFootPole","Flame Barrier","True Grit+1","Bronze Scales"],"campfire_rested":4,"item_purchase_floors":[12,12,12,12,19,19],"current_hp_per_floor":[78,78,58,64,52,52,58,51,51,51,43,43,30,21,45,8,62,35,35,35,38,19,43,43,67,67,67,50,29,13,13,37,0,0],"gold":286,"neow_bonus":"THREE_ENEMY_KILL","is_daily":false,"chose_seed":false,"campfire_upgraded":3,"win_rate":0.0,"timestamp":1613415547,"path_taken":["M","?","?","M","?","R","E","M","T","R","M","$","E","M","R","BOSS","M","$","?","M","M","R","?","R","T","R","E","M","?","AVR","R","BOSS"],"items_purchased_type":["Relic","Card","Relic","Card","Card","Relic"],"build_version":"2020-12-22","purchased_purges":2,"victory":false,"max_hp_per_floor":[80,80,80,80,80,80,80,80,80,80,80,80,80,80,80,80,80,80,80,80,80,80,80,80,80,80,80,80,80,80,80,80,80,80],"card_choices":[{"not_picked":["Shrug It Off","Heavy Blade"],"picked":"Bloodletting","floor":1},{"not_picked":["Clothesline","hubris:ReadiedAction"],"picked":"Twin Strike","floor":4},{"not_picked":["Carnage","Body Slam"],"picked":"Havoc","floor":7},{"not_picked":["Headbutt","Abandon"],"picked":"Clothesline","floor":8},{"not_picked":["Body Slam","Iron Wave"],"picked":"Perfected Strike","floor":11},{"not_picked":["Shrug It Off","Sword Boomerang"],"picked":"infinitespire:OneForAll","floor":13},{"not_picked":["Run Through","Clothesline","Iron Wave"],"picked":"SKIP","floor":14},{"not_picked":["Berserk","Juggernaut"],"picked":"Demon Form","floor":16},{"not_picked":["Headbutt","Perfected Strike"],"picked":"Thunderclap","floor":18},{"not_picked":["Wild Strike","Carnage"],"picked":"Pommel Strike","floor":21},{"not_picked":["Wild Strike","Run Through"],"picked":"Heavy Blade","floor":22},{"not_picked":["Seeing Red","Clash"],"picked":"Inflame","floor":28},{"not_picked":["Replay:Undeath\u0027s Touch","Entrench"],"picked":"Thunderclap+1","floor":29},{"not_picked":["Shrug It Off","Thunderclap"],"picked":"ReplayTheSpireMod:Stacked+1","floor":30}],"player_experience":65346,"relics_obtained":[{"floor":7,"key":"hubris:OldNail"},{"floor":9,"key":"Smiling Mask"},{"floor":13,"key":"ReplayFunnel"},{"floor":26,"key":"Simple Rune"},{"floor":28,"key":"hubris:Reverence"}],"event_choices":[{"damage_healed":0,"gold_gain":0,"player_choice":"Take Damage","damage_taken":20,"relics_obtained":["Golden Idol"],"max_hp_gain":0,"max_hp_loss":0,"event_name":"Golden Idol","floor":3,"gold_loss":0},{"damage_healed":0,"gold_gain":0,"player_choice":"Success","damage_taken":12,"relics_obtained":["infinitespire:Beetle Shell"],"max_hp_gain":0,"max_hp_loss":0,"event_name":"Scrap Ooze","floor":5,"gold_loss":0},{"damage_healed":0,"gold_gain":99,"player_choice":"Stole From Cult","damage_taken":0,"max_hp_gain":0,"max_hp_loss":0,"event_name":"Nest","floor":20,"gold_loss":0},{"damage_healed":0,"gold_gain":0,"cards_transformed":["Strike_R","Strike_R"],"player_choice":"Became Test Subject","damage_taken":0,"max_hp_gain":0,"max_hp_loss":0,"event_name":"Drug Dealer","floor":24,"gold_loss":0,"cards_obtained":["Havoc","Fiend Fire"]}],"is_beta":false,"boss_relics":[{"not_picked":["hubris:ScarierMask","hubris:TerracottaHorce"],"picked":"bronze:MakeshiftBattery"}],"items_purged_floors":[12,19],"is_endless":false,"potions_floor_spawned":[1,4,13,21,22],"killed_by":"hubris:MusketHawk","ascension_level":10}}