{"host":"y4fuci1jk2rsxnep","time":1613416557,"event":{"mods":["AchievementEnabler","BaseMod","Colored Powertips","Custom Start","Defuse TimeMaze Blight","Dio Mod","Downfall","Hermit","Hero for Fun","Hubris","Hunter ??","Infinite Spire","Minty Spire (QoL Compilation)","Quick Restart","Reliquary","Remove Card Discount Mod","Replay The Spire","StSLib","The Blackbeard","The Bug Knight","The Mystic","The Runesmith"],"gold_per_floor":[360,360,372,72,3,33,46,46,46,62,82,47,47,47,47,47,47],"floor_reached":16,"language":"ENG","playtime":826,"items_purged":["hermit:Strike_Hermit","hermit:Strike_Hermit"],"score":105,"play_id":"9fae4f4a-c6d8-48ba-948e-215929dbd00f","local_time":"20210215201557","is_ascension_mode":true,"campfire_choices":[{"data":"hermit:TakeAim","floor":8,"key":"SMITH"},{"data":"hermit:Midnight","floor":15,"key":"SMITH"}],"circlet_count":0,"master_deck":["hermit:Strike_Hermit","hermit:Strike_Hermit","hermit:Defend_Hermit","hermit:Defend_Hermit","hermit:Defend_Hermit","hermit:Defend_Hermit","hermit:Snapshot","hermit:Covet","hermit:Deadeye","hermit:HighCaliber","hermit:TakeAim+1","hermit:TakeAim","hermit:Midnight+1","hermit:Virtue"],"relics":["hermit:Momento","PreservedInsect","hubris:EmptyBottle","Pen Nib","reliquary:BallBearing"],"acts_visited":["Exordium"],"potions_floor_usage":[],"damage_taken":[{"damage":1,"enemies":"Jaw Worm","floor":1,"turns":4},{"damage":1,"enemies":"Cultist","floor":3,"turns":3},{"damage":19,"enemies":"3 Sentries","floor":6,"turns":7},{"damage":7,"enemies":"2 Louse","floor":7,"turns":3},{"damage":10,"enemies":"Looter","floor":10,"turns":3},{"damage":6,"enemies":"Gremlin Gang","floor":11,"turns":6},{"damage":30,"enemies":"Slime Boss","floor":16,"turns":3}],"seed_played":"7866112607577800136","potions_obtained":[{"floor":1,"key":"FearPotion"},{"floor":6,"key":"Swift Potion"},{"floor":10,"key":"champ:CounterPotion"}],"is_trial":false,"path_per_floor":["M","?","M","$","$","E","M","R","T","M","M","$","?","?","R","B"],"character_chosen":"HERMIT","items_purchased":["PreservedInsect","hubris:EmptyBottle","hermit:TakeAim","hermit:Virtue"],"campfire_rested":0,"item_purchase_floors":[4,4,5,12],"current_hp_per_floor":[67,67,66,66,66,47,40,40,40,30,24,24,27,27,27,0,0],"gold":47,"neow_bonus":"TWO_FIFTY_GOLD","is_daily":false,"chose_seed":false,"campfire_upgraded":2,"win_rate":0.0,"timestamp":1613416557,"path_taken":["M","?","?","?","$","E","M","R","T","M","M","$","?","?","R","BOSS"],"items_purchased_type":["Relic","Relic","Card","Card"],"build_version":"2020-12-22","purchased_purges":2,"victory":false,"max_hp_per_floor":[68,68,68,68,68,68,68,68,68,68,68,68,71,71,71,71,71],"card_choices":[{"not_picked":["hermit:Snipe","hermit:Enervate"],"picked":"hermit:Deadeye","floor":1},{"not_picked":["hermit:Ricochet","hermit:Dive"],"picked":"hermit:HighCaliber","floor":3},{"not_picked":["hermit:NoHoldsBarred","hermit:TakeCover"],"picked":"hermit:TakeAim","floor":6},{"not_picked":["hermit:Manifest","hermit:TrackingShot"],"picked":"hermit:Midnight","floor":7},{"not_picked":["hermit:Dive","hermit:Spite","hermit:DeadMansHand"],"picked":"SKIP","floor":10},{"not_picked":["hermit:Misfire","hermit:TrackingShot","hermit:Showdown"],"picked":"SKIP","floor":11}],"player_experience":587857,"relics_obtained":[{"floor":6,"key":"Pen Nib"},{"floor":9,"key":"reliquary:BallBearing"}],"event_choices":[{"damage_healed":0,"gold_gain":0,"player_choice":"Ignored","damage_taken":0,"max_hp_gain":0,"max_hp_loss":0,"event_name":"Purifier","floor":2,"gold_loss":0},{"damage_healed":0,"gold_gain":0,"player_choice":"0 cards matched","damage_taken":0,"max_hp_gain":0,"max_hp_loss":0,"event_name":"Match and Keep!","floor":14,"gold_loss":0,"cards_obtained":[]}],"is_beta":false,"boss_relics":[],"items_purged_floors":[4,4],"is_endless":false,"potions_floor_spawned":[1,6,10],"killed_by":"Slime Boss","ascension_level":1}}