{"host":"gzsdmyo07u314vug","time":1613385443,"event":{"mods":["2.2 Compatiblity","Astrologer","BaseMod","Colored Powertips","GifTheSpireLib","Gremlin Mod","Hermit","Jorbs\u0027s Wanderer Trilogy","Minty Spire (QoL Compilation)","Quick Restart","Rare Cards Sparkle","Relic Stats","Replay The Spire","Robot Space Explorer","Shop Mod","StSLib","The Bladedancer","The Bug Knight","The Construct","The Cursed","The Elementalist","The Hierophant","The IronCluck","The Marked","The Necromancer","The Runesmith","The Servant 0.9.4","Unceasing Turn Reminder","everything is the same but u backflip on backflip","slay the spire mod where everything is the same but ironclad has a cowboy hat"],"gold_per_floor":[116,129,54,69,82,115,115,115,142,142,155,74,74,74,74],"floor_reached":14,"language":"ENG","playtime":563,"items_purged":["TheCursedMod:Strike_TheCursed"],"score":108,"play_id":"2a7da758-8b60-4a1d-b8b2-0b6342fe4e51","local_time":"20210215073723","is_ascension_mode":true,"campfire_choices":[{"data":"TheCursedMod:AntiAging","floor":7,"key":"SMITH"},{"floor":10,"key":"REST"},{"data":"TheCursedMod:CursedWand","floor":13,"key":"SMITH"}],"circlet_count":0,"master_deck":["TheCursedMod:Strike_TheCursed","TheCursedMod:Strike_TheCursed","TheCursedMod:Defend_TheCursed","TheCursedMod:Defend_TheCursed","TheCursedMod:Defend_TheCursed","TheCursedMod:Defend_TheCursed","TheCursedMod:CursedWand+1","TheCursedMod:CleanUpWorkshop","TheCursedMod:Dregs","stsjorbsmod:Procrastination","Secret Technique","TheCursedMod:CursedBlade","TheCursedMod:SpitefulPlan","TheCursedMod:Wield","TheCursedMod:AntiAging+1","TheCursedMod:TacticalStrike","TheCursedMod:CursedSpellbook"],"relics":["TheCursedMod:BlackMagic101","Replay:Mystery Machine","Smiling Mask","Orichalcum"],"acts_visited":["Exordium"],"potions_floor_usage":[6],"damage_taken":[{"damage":5,"enemies":"Small Slimes","floor":1,"turns":3},{"damage":0,"enemies":"Cultist","floor":2,"turns":4},{"damage":0,"enemies":"Jaw Worm","floor":4,"turns":4},{"damage":27,"enemies":"Exordium Thugs","floor":5,"turns":5},{"damage":55,"enemies":"Gremlin Nob","floor":6,"turns":6},{"damage":3,"enemies":"3 Louse","floor":11,"turns":5},{"damage":36,"enemies":"Lagavulin","floor":14,"turns":5}],"seed_played":"4054537330322830229","potions_obtained":[{"floor":5,"key":"Regen Potion"}],"is_trial":false,"path_per_floor":["M","M","$","M","M","E","R","?","T","R","M","?","R","E"],"character_chosen":"THE_CURSED","items_purchased":[],"campfire_rested":1,"item_purchase_floors":[],"current_hp_per_floor":[70,70,70,70,43,3,3,3,3,25,25,25,25,0,0],"gold":74,"neow_bonus":"RANDOM_COLORLESS_2","is_daily":false,"chose_seed":false,"campfire_upgraded":2,"win_rate":0.0,"timestamp":1613385443,"path_taken":["M","M","$","M","M","E","R","?","T","R","?","?","R","E"],"items_purchased_type":[],"build_version":"2020-12-22","purchased_purges":1,"victory":false,"max_hp_per_floor":[75,75,75,75,75,75,75,75,75,75,78,78,78,81,81],"relic_stats":{"counters":[7,32],"Orichalcum":[6],"Smiling Mask":0,"obtain_stats":[{"TheCursedMod:BlackMagic101":0,"Replay:Mystery Machine":6,"Orichalcum":12,"Smiling Mask":9},{"TheCursedMod:BlackMagic101":0,"Replay:Mystery Machine":5,"Orichalcum":6,"Smiling Mask":5},{"TheCursedMod:BlackMagic101":0,"Replay:Mystery Machine":22,"Orichalcum":27,"Smiling Mask":22}]},"card_choices":[{"not_picked":["Thinking Ahead","Mayhem"],"picked":"Secret Technique","floor":0},{"not_picked":["TheCursedMod:WearCloak","TheCursedMod:CursedShiv"],"picked":"TheCursedMod:CursedBlade","floor":1},{"not_picked":["TheCursedMod:Torture","TheCursedMod:TacticalStrike","TheCursedMod:CursedStaff"],"picked":"SKIP","floor":2},{"not_picked":["TheCursedMod:RavingStaff","TheCursedMod:Mangle"],"picked":"TheCursedMod:SpitefulPlan","floor":4},{"not_picked":["TheCursedMod:Torture","TheCursedMod:CircleOfCorruption"],"picked":"TheCursedMod:Wield","floor":5},{"not_picked":["TheCursedMod:CircleOfBlood","TheCursedMod:SurpriseAttack"],"picked":"TheCursedMod:AntiAging","floor":6},{"not_picked":["TheCursedMod:CircleOfWindfury","TheCursedMod:CursedShiv"],"picked":"TheCursedMod:CursedSpellbook","floor":11}],"player_experience":896711,"relics_obtained":[{"floor":6,"key":"Replay:Mystery Machine"},{"floor":9,"key":"Smiling Mask"}],"event_choices":[{"damage_healed":0,"gold_gain":0,"cards_transformed":["TheCursedMod:Strike_TheCursed"],"player_choice":"Transformed","damage_taken":0,"max_hp_gain":0,"max_hp_loss":0,"event_name":"Transmorgrifier","floor":8,"gold_loss":0,"cards_obtained":["TheCursedMod:TacticalStrike"]},{"damage_healed":0,"gold_gain":0,"player_choice":"Paid Gold","damage_taken":0,"relics_obtained":["Orichalcum"],"max_hp_gain":0,"max_hp_loss":0,"event_name":"WeMeetAgain","floor":12,"gold_loss":81}],"is_beta":false,"boss_relics":[],"items_purged_floors":[3],"is_endless":false,"potions_floor_spawned":[5],"killed_by":"Lagavulin","ascension_level":4}}