{"host":"04x9isxu4s2lvye3","time":1613418927,"event":{"mods":["BaseMod","Colored Powertips","Highlight Path","Minty Spire (QoL Compilation)"],"gold_per_floor":[115,115,126,139,164,164,198,224,224,241,251,265,93,110,110,214,214,231,257,257,272,272,272,285,314,337,168,183,183,202,235,235,235,235],"floor_reached":33,"language":"ENG","playtime":2319,"items_purged":["Strike_R","Infernal Blade"],"score":403,"play_id":"5b6def2a-fbe7-4d8f-a364-15660c946fa0","local_time":"20210215145527","is_ascension_mode":true,"campfire_choices":[{"data":"Bash","floor":6.0,"key":"SMITH"},{"data":"Clothesline","floor":15.0,"key":"SMITH"},{"data":"Shockwave","floor":23.0,"key":"SMITH"},{"data":"Double Tap","floor":29.0,"key":"SMITH"},{"data":"Inflame","floor":32,"key":"SMITH"}],"circlet_count":0,"master_deck":["Bash+1","Dark Embrace","Dropkick","Good Instincts","Shrug It Off","True Grit","Sentinel","Clothesline+1","Reaper+1","Pommel Strike","Double Tap+1","Battle Trance","Fiend Fire+1","Shockwave+1","Power Through","Body Slam","Battle Trance","Anger","Inflame+1","Flame Barrier","Bite+1","Bite+1","Bite+1","Bite+1","Bite+1","Fire Breathing","Bloodletting","True Grit+1","Wild Strike+1"],"relics":["Burning Blood","Pen Nib","Omamori","Pantograph","Pandora\u0027s Box","Red Mask","Molten Egg 2","Bag of Preparation","Whetstone","Dream Catcher"],"acts_visited":["Exordium","TheCity"],"potions_floor_usage":[33],"damage_taken":[{"damage":7.0,"enemies":"2 Louse","floor":1.0,"turns":3.0},{"damage":1.0,"enemies":"Cultist","floor":3.0,"turns":5.0},{"damage":2.0,"enemies":"Jaw Worm","floor":4.0,"turns":4.0},{"damage":6.0,"enemies":"Exordium Wildlife","floor":7.0,"turns":5.0},{"damage":30.0,"enemies":"Lagavulin","floor":8.0,"turns":10.0},{"damage":9.0,"enemies":"2 Fungi Beasts","floor":10.0,"turns":5.0},{"damage":4.0,"enemies":"Large Slime","floor":11.0,"turns":7.0},{"damage":14.0,"enemies":"3 Louse","floor":12.0,"turns":3.0},{"damage":13.0,"enemies":"Exordium Wildlife","floor":14.0,"turns":6.0},{"damage":48.0,"enemies":"The Guardian","floor":16.0,"turns":18.0},{"damage":18.0,"enemies":"2 Thieves","floor":18.0,"turns":4.0},{"damage":25.0,"enemies":"Masked Bandits","floor":19.0,"turns":5.0},{"damage":0.0,"enemies":"Chosen","floor":21.0,"turns":3.0},{"damage":19.0,"enemies":"Snake Plant","floor":24.0,"turns":5.0},{"damage":48.0,"enemies":"Book of Stabbing","floor":25.0,"turns":6.0},{"damage":2.0,"enemies":"Snecko","floor":28.0,"turns":5.0},{"damage":9.0,"enemies":"Centurion and Healer","floor":30.0,"turns":3.0},{"damage":30,"enemies":"Gremlin Leader","floor":31,"turns":7},{"damage":133,"enemies":"Champ","floor":33,"turns":15}],"seed_played":"-3195231243925567211","potions_obtained":[{"floor":3.0,"key":"ColorlessPotion"},{"floor":8.0,"key":"FearPotion"},{"floor":14.0,"key":"Regen Potion"},{"floor":16.0,"key":"Dexterity Potion"},{"floor":18.0,"key":"SteroidPotion"},{"floor":24.0,"key":"ElixirPotion"},{"floor":25.0,"key":"ElixirPotion"},{"floor":31,"key":"Ancient Potion"}],"is_trial":false,"path_per_floor":["M","?","M","M","T","R","M","E","T","M","M","M","$","M","R","B",null,"M","?","T","M","?","R","M","E","T","$","M","R","M","E","R","B"],"character_chosen":"IRONCLAD","items_purchased":["Block Potion","SteroidPotion","Bloodletting"],"campfire_rested":0,"item_purchase_floors":[13,13,27],"current_hp_per_floor":[71,71,76,80,80,80,80,56,56,53,55,55,55,48,48,35,69,57,46,46,52,52,52,51,33,33,33,54,54,56,47,47,0,0],"gold":235,"neow_bonus":"TRANSFORM_CARD","is_daily":false,"chose_seed":false,"campfire_upgraded":5,"win_rate":0.0,"timestamp":1613418927,"path_taken":["M","?","M","?","?","R","M","E","T","M","M","?","$","?","R","BOSS","M","?","?","M","?","R","M","E","T","$","M","R","M","E","R","BOSS"],"items_purchased_type":["Potion","Potion","Card"],"build_version":"2020-12-22","purchased_purges":2,"victory":false,"max_hp_per_floor":[80,80,80,80,80,80,80,80,80,80,80,80,80,80,80,80,80,80,80,80,80,56,56,56,56,56,56,56,56,56,56,56,56,56],"card_choices":[{"not_picked":["Anger","Inflame"],"picked":"Dropkick","floor":1.0},{"not_picked":["Searing Blow","Twin Strike"],"picked":"Shrug It Off","floor":3.0},{"not_picked":["Carnage","Headbutt"],"picked":"True Grit","floor":4.0},{"not_picked":["Flex","Wild Strike"],"picked":"Sentinel","floor":7.0},{"not_picked":["Sever Soul","Havoc"],"picked":"Infernal Blade","floor":8.0},{"not_picked":["Power Through","Heavy Blade"],"picked":"Clothesline","floor":10.0},{"not_picked":["Armaments","Rampage"],"picked":"Reaper","floor":11.0},{"not_picked":["Shrug It Off","Wild Strike"],"picked":"Pommel Strike","floor":12.0},{"not_picked":["Dropkick","Clothesline","Heavy Blade"],"picked":"SKIP","floor":14.0},{"not_picked":["Immolate","Juggernaut"],"picked":"Double Tap","floor":16.0},{"not_picked":["Havoc","True Grit"],"picked":"Inflame","floor":18.0},{"not_picked":["Infernal Blade","Warcry"],"picked":"Flame Barrier","floor":21.0},{"not_picked":["Twin Strike+1","Dark Embrace+1","Pommel Strike+1"],"picked":"SKIP","floor":24.0},{"not_picked":["Iron Wave+1","Reaper+1"],"picked":"Fire Breathing","floor":25.0},{"not_picked":["Infernal Blade","Flex","Searing Blow+1"],"picked":"SKIP","floor":28.0},{"not_picked":["Wild Strike+1","Warcry"],"picked":"True Grit+1","floor":30.0},{"not_picked":["Barricade","Inflame"],"picked":"Wild Strike+1","floor":31}],"player_experience":301230,"relics_obtained":[{"floor":5.0,"key":"Pen Nib"},{"floor":8.0,"key":"Omamori"},{"floor":9.0,"key":"Pantograph"},{"floor":19.0,"key":"Red Mask"},{"floor":20.0,"key":"Molten Egg 2"},{"floor":25.0,"key":"Bag of Preparation"},{"floor":26.0,"key":"Whetstone"},{"floor":31,"key":"Dream Catcher"}],"event_choices":[{"damage_healed":0.0,"max_hp_gain":0.0,"max_hp_loss":0.0,"gold_gain":0.0,"event_name":"Match and Keep!","player_choice":"1 cards matched","floor":2.0,"gold_loss":0.0,"damage_taken":0.0,"cards_obtained":["Good Instincts"]},{"damage_healed":0.0,"max_hp_gain":0.0,"max_hp_loss":0.0,"gold_gain":0.0,"event_name":"Masked Bandits","player_choice":"Fought Bandits","floor":19.0,"gold_loss":0.0,"damage_taken":0.0},{"damage_healed":0.0,"max_hp_gain":0.0,"max_hp_loss":24.0,"gold_gain":0.0,"event_name":"Vampires","player_choice":"Became a vampire","floor":22.0,"gold_loss":0.0,"damage_taken":0.0,"cards_obtained":["Bite","Bite","Bite","Bite","Bite"]}],"is_beta":false,"boss_relics":[{"not_picked":["Velvet Choker","Runic Cube"],"picked":"Pandora\u0027s Box"}],"items_purged_floors":[13,27],"is_endless":false,"potions_floor_spawned":[3,8,14,16,18,24,25,31],"killed_by":"Champ","ascension_level":6}}