{"host":"vlqej45p0v31lhdi","time":1613421671,"event":{"mods":["AchievementEnabler","BaseMod","Bestiary","Colored Powertips","Minty Spire (QoL Compilation)","Relic Stats"],"gold_per_floor":[110,127,127,147,161,161,194,99,99,99,127,39,52,82,82,157,157,171,171,171,43,63,63,77,77,129,143,160,179,179,11,11,90,90,102,122,122,43,0,0,20,47,47,47,60,70,405,51,51,51],"floor_reached":51,"language":"ENG","playtime":2428,"items_purged":["Strike_R","Strike_R+1"],"score":1546,"play_id":"e7953760-2ad4-408a-b65f-0ba2693f515d","local_time":"20210215144111","is_ascension_mode":true,"campfire_choices":[{"floor":6.0,"key":"REST"},{"floor":10.0,"key":"REST"},{"floor":15.0,"key":"REST"},{"data":"Whirlwind","floor":23.0,"key":"SMITH"},{"data":"Berserk","floor":25.0,"key":"SMITH"},{"data":"Feel No Pain","floor":30.0,"key":"SMITH"},{"data":"Burning Pact","floor":32.0,"key":"SMITH"},{"data":"Dark Embrace","floor":40.0,"key":"SMITH"},{"data":"Second Wind","floor":44.0,"key":"SMITH"},{"data":"Reaper","floor":49,"key":"SMITH"}],"circlet_count":0,"master_deck":["AscendersBane","Defend_R+1","Defend_R+1","Defend_R+1","Defend_R+1","Bash+1","Headbutt+1","Ghostly Armor+1","Burning Pact+1","Rampage+1","Whirlwind+1","Shrug It Off+1","Cleave+1","Feel No Pain+1","Berserk+1","Offering+1","Clothesline+1","Impervious+1","Metallicize+1","Necronomicurse","Armaments+1","Whirlwind+1","Evolve+1","Second Wind+1","Sever Soul+1","Barricade+1","Inflame+1","Dark Embrace+1","Second Wind+1","Entrench+1","Shrug It Off+1","Burning Pact","Reaper+1","Thunderclap","Evolve"],"relics":["Runic Cube","InkBottle","Mercury Hourglass","Dead Branch","Odd Mushroom","Coffee Dripper","Necronomicon","Anchor","OrangePellets","Velvet Choker","Mark of the Bloom","Red Mask","Bronze Scales","Bottled Tornado","Old Coin","Membership Card"],"acts_visited":["Exordium","TheCity","TheBeyond"],"potions_floor_usage":[50],"damage_taken":[{"damage":13.0,"enemies":"Jaw Worm","floor":1.0,"turns":4.0},{"damage":1.0,"enemies":"Cultist","floor":2.0,"turns":3.0},{"damage":3.0,"enemies":"Small Slimes","floor":4.0,"turns":4.0},{"damage":15.0,"enemies":"2 Fungi Beasts","floor":5.0,"turns":6.0},{"damage":38.0,"enemies":"Lagavulin","floor":7.0,"turns":8.0},{"damage":20.0,"enemies":"3 Sentries","floor":11.0,"turns":5.0},{"damage":0.0,"enemies":"Exordium Wildlife","floor":13.0,"turns":4.0},{"damage":9.0,"enemies":"The Mushroom Lair","floor":14.0,"turns":2.0},{"damage":12.0,"enemies":"Slime Boss","floor":16.0,"turns":7.0},{"damage":5.0,"enemies":"Spheric Guardian","floor":18.0,"turns":3.0},{"damage":22.0,"enemies":"3 Byrds","floor":22.0,"turns":3.0},{"damage":6.0,"enemies":"Snake Plant","floor":24.0,"turns":4.0},{"damage":0.0,"enemies":"Cultist and Chosen","floor":27.0,"turns":4.0},{"damage":3.0,"enemies":"Centurion and Healer","floor":28.0,"turns":3.0},{"damage":0.0,"enemies":"Snake Plant","floor":29.0,"turns":3.0},{"damage":0.0,"enemies":"Automaton","floor":33.0,"turns":8.0},{"damage":0.0,"enemies":"Orb Walker","floor":35.0,"turns":4.0},{"damage":18.0,"enemies":"3 Shapes","floor":36.0,"turns":2.0},{"damage":0.0,"enemies":"3 Darklings","floor":41.0,"turns":1.0},{"damage":0.0,"enemies":"Reptomancer","floor":42.0,"turns":5.0},{"damage":0.0,"enemies":"Spire Growth","floor":45.0,"turns":6.0},{"damage":2.0,"enemies":"Transient","floor":46.0,"turns":5.0},{"damage":4.0,"enemies":"Nemesis","floor":47.0,"turns":5.0},{"damage":34,"enemies":"Awakened One","floor":50,"turns":11}],"seed_played":"3682013489732953556","potions_obtained":[{"floor":2.0,"key":"Dexterity Potion"},{"floor":11.0,"key":"SkillPotion"},{"floor":14.0,"key":"Energy Potion"},{"floor":16.0,"key":"ColorlessPotion"},{"floor":24.0,"key":"SkillPotion"},{"floor":28.0,"key":"ElixirPotion"},{"floor":29.0,"key":"BloodPotion"},{"floor":35.0,"key":"LiquidBronze"},{"floor":36.0,"key":"Regen Potion"},{"floor":47.0,"key":"PowerPotion"}],"is_trial":false,"path_per_floor":["M","M","?","M","M","R","E","$","T","R","E","$","M","?","R","B",null,"M","?","?","$","M","R","M","R","T","M","M","M","R","$","R","B",null,"M","M","?","$","?","R","M","E","T","R","M","M","E","$","R","B",null],"character_chosen":"IRONCLAD","items_purchased":["Whirlwind","Shrug It Off","Feel No Pain","BlessingOfTheForge","OrangePellets","Dark Embrace","Membership Card","Reaper","Thunderclap","Evolve"],"campfire_rested":3,"item_purchase_floors":[8,8,12,21,31,38,48,48,48,48],"current_hp_per_floor":[55,54,54,51,36,58,20,20,20,42,22,22,22,13,35,23,62,57,57,36,36,14,14,8,8,8,8,5,20,20,20,20,20,61,61,43,43,43,43,43,43,43,43,43,43,41,37,37,37,3],"gold":51,"neow_bonus":"BOSS_RELIC","is_daily":false,"chose_seed":false,"campfire_upgraded":7,"win_rate":0.0,"timestamp":1613421671,"path_taken":["M","M","?","M","?","R","E","$","T","R","E","?","M","?","R","BOSS","M","?","?","$","M","R","M","R","T","M","M","M","R","?","R","BOSS","M","M","?","$","?","R","M","E","T","R","M","M","E","$","R","BOSS"],"items_purchased_type":["Card","Card","Card","Potion","Relic","Card","Relic","Card","Card","Card"],"build_version":"2020-12-22","purchased_purges":2,"victory":true,"max_hp_per_floor":[75,75,75,75,75,75,75,75,75,75,75,75,75,75,75,75,75,75,75,75,75,75,75,75,75,75,75,75,75,75,75,75,75,75,75,75,75,75,75,75,75,75,75,75,75,75,75,75,75,75],"relic_stats":{"OrangePellets":[8],"Mark of the Bloom":50,"counters":[24,108],"Dead Branch":[117],"Bronze Scales":[97],"Necronomicon":[42],"obtain_stats":[{"Mark of the Bloom":37,"Dead Branch":11,"Velvet Choker":34,"Odd Mushroom":14,"Bottled Tornado":43,"Burning Blood":0,"Mercury Hourglass":9,"Old Coin":47,"OrangePellets":31,"Anchor":26,"Bronze Scales":42,"Coffee Dripper":17,"Necronomicon":20,"Red Mask":39,"Membership Card":48,"InkBottle":7,"Runic Cube":0},{"Mark of the Bloom":18,"Dead Branch":6,"Velvet Choker":16,"Odd Mushroom":8,"Bottled Tornado":20,"Burning Blood":0,"Mercury Hourglass":5,"Old Coin":23,"OrangePellets":15,"Anchor":12,"Bronze Scales":20,"Coffee Dripper":9,"Necronomicon":10,"Red Mask":18,"Membership Card":23,"InkBottle":5,"Runic Cube":0},{"Mark of the Bloom":75,"Dead Branch":30,"Velvet Choker":69,"Odd Mushroom":35,"Bottled Tornado":81,"Burning Blood":0,"Mercury Hourglass":25,"Old Coin":97,"OrangePellets":61,"Anchor":51,"Bronze Scales":81,"Coffee Dripper":41,"Necronomicon":44,"Red Mask":75,"Membership Card":97,"InkBottle":25,"Runic Cube":0}],"InkBottle":[34],"Runic Cube":[39],"Mercury Hourglass":[383]},"card_choices":[{"not_picked":["Body Slam","Clash"],"picked":"Headbutt","floor":1.0},{"not_picked":["Flex","Dropkick"],"picked":"Ghostly Armor","floor":2.0},{"not_picked":["Reckless Charge","Wild Strike"],"picked":"Burning Pact","floor":4.0},{"not_picked":["Body Slam","Heavy Blade"],"picked":"Rampage","floor":5.0},{"not_picked":["Searing Blow","Heavy Blade","Body Slam"],"picked":"SKIP","floor":7.0},{"not_picked":["Ghostly Armor","Flex"],"picked":"Cleave","floor":11.0},{"not_picked":["Wild Strike","Body Slam","Dropkick"],"picked":"SKIP","floor":13.0},{"not_picked":["Rage","Uppercut"],"picked":"Berserk","floor":14.0},{"not_picked":["Demon Form","Berserk"],"picked":"Offering","floor":16.0},{"not_picked":["Blood for Blood","Headbutt+1"],"picked":"Clothesline","floor":18.0},{"not_picked":["Entrench","Blood for Blood+1"],"picked":"Armaments+1","floor":22.0},{"not_picked":["Fire Breathing","Iron Wave"],"picked":"Whirlwind+1","floor":24.0},{"not_picked":["Warcry","Clothesline"],"picked":"Evolve","floor":27.0},{"not_picked":["Warcry","Clash"],"picked":"Second Wind","floor":28.0},{"not_picked":["Rupture","Dual Wield"],"picked":"Sever Soul","floor":29.0},{"not_picked":["Bludgeon","Limit Break"],"picked":"Barricade","floor":33.0},{"not_picked":["Pummel","Sever Soul","Headbutt"],"picked":"SKIP","floor":35.0},{"not_picked":["Shrug It Off","Evolve+1"],"picked":"Inflame+1","floor":36.0},{"not_picked":["Cleave","Clothesline"],"picked":"Second Wind","floor":41.0},{"not_picked":["Pommel Strike+1","Twin Strike"],"picked":"Entrench+1","floor":42.0},{"not_picked":["Clothesline","Rampage","Body Slam"],"picked":"SKIP","floor":45.0},{"not_picked":["Cleave","Carnage"],"picked":"Shrug It Off+1","floor":46.0},{"not_picked":["Body Slam","Bloodletting"],"picked":"Burning Pact","floor":47.0}],"player_experience":2906548,"relics_obtained":[{"floor":7.0,"key":"InkBottle"},{"floor":9.0,"key":"Mercury Hourglass"},{"floor":11.0,"key":"Dead Branch"},{"floor":14.0,"key":"Odd Mushroom"},{"floor":20.0,"key":"Necronomicon"},{"floor":26.0,"key":"Anchor"},{"floor":42.0,"key":"Bronze Scales"},{"floor":43.0,"key":"Bottled Tornado"},{"floor":47.0,"key":"Old Coin"}],"event_choices":[{"cards_removed":["Strike_R"],"damage_healed":0.0,"max_hp_gain":0.0,"max_hp_loss":0.0,"gold_gain":0.0,"event_name":"Purifier","player_choice":"Purged","floor":3.0,"gold_loss":0.0,"damage_taken":0.0},{"damage_healed":0.0,"max_hp_gain":0.0,"max_hp_loss":0.0,"gold_gain":0.0,"event_name":"Mushrooms","player_choice":"Fought Mushrooms","floor":14.0,"gold_loss":0.0,"damage_taken":0.0},{"damage_healed":0.0,"max_hp_gain":0.0,"max_hp_loss":0.0,"gold_gain":0.0,"cards_transformed":["Strike_R","Strike_R"],"event_name":"Drug Dealer","player_choice":"Became Test Subject","floor":19.0,"gold_loss":0.0,"damage_taken":0.0,"cards_obtained":["Impervious","Metallicize"]},{"damage_healed":0.0,"max_hp_gain":0.0,"max_hp_loss":0.0,"gold_gain":0.0,"event_name":"Cursed Tome","player_choice":"Obtained Book","floor":20.0,"gold_loss":0.0,"damage_taken":21.0},{"damage_healed":0.0,"max_hp_gain":0.0,"max_hp_loss":0.0,"gold_gain":0.0,"event_name":"MindBloom","player_choice":"Upgrade","floor":37.0,"gold_loss":0.0,"damage_taken":0.0,"cards_upgraded":["Strike_R","Defend_R","Defend_R","Defend_R","Defend_R","Bash","Headbutt","Ghostly Armor","Rampage","Shrug It Off","Cleave","Offering","Clothesline","Impervious","Metallicize","Evolve","Second Wind","Sever Soul","Barricade"],"relics_obtained":["Mark of the Bloom"]},{"damage_healed":0.0,"max_hp_gain":0.0,"max_hp_loss":0.0,"gold_gain":0.0,"event_name":"Tomb of Lord Red Mask","player_choice":"Paid","floor":39.0,"gold_loss":43.0,"damage_taken":0.0,"relics_obtained":["Red Mask"]}],"is_beta":false,"boss_relics":[{"not_picked":["Fusion Hammer","Astrolabe"],"picked":"Coffee Dripper"},{"not_picked":["Calling Bell","Pandora\u0027s Box"],"picked":"Velvet Choker"}],"items_purged_floors":[21,48],"is_endless":false,"potions_floor_spawned":[2,11,14,16,24,28,29,35,36,47],"ascension_level":16}}