{"host":"jpqwruqnh1dd5q7l","time":1613369240,"event":{"mods":["AchievementEnabler","Alarm Clock","BaseMod","Better Altar","Better Match","Better Note","Better Sensory Stone","Better Skull","Chat Monstrosity","ChefMod","Colored Powertips","Curses Come First","Hermit","Marisa????????","Minty Spire (QoL Compilation)","Rare Cards Sparkle","Relic Sorter","Shop Mod","Spire Birthday Party","StSLib","The Disciple","The Exalted","slay the spire mod where everything is the same but ironclad has a cowboy hat"],"gold_per_floor":[115,115,128,128,140,140,140,140,165,199,164,174,191,208,208,307,307,326,326,326,326,294,320,320,11,57,57,69,69,79,4,4,100,100,111,161,161,187,187,214,214,233,305,353,2,0,0,11,11,11],"floor_reached":51,"language":"ENG","playtime":5514,"items_purged":["Bromod:Defend_Bro"],"score":691,"play_id":"62cc825a-c8dd-4da3-9157-22521c8d5847","local_time":"20210215010720","is_ascension_mode":false,"campfire_choices":[{"data":"Bromod:RadialBlind","floor":6,"key":"SMITH"},{"floor":15,"key":"REST"},{"data":"Bromod:Rejuvenation","floor":24,"key":"SMITH"},{"data":"Bromod:RadialJavelin","floor":27,"key":"SMITH"},{"data":"Bromod:ShatteringImpact","floor":29,"key":"SMITH"},{"data":"Creative AI","floor":32,"key":"SMITH"},{"floor":41,"key":"REST"},{"floor":49,"key":"REST"}],"circlet_count":0,"master_deck":["Bromod:Strike_Bro","Bromod:Strike_Bro","Bromod:Defend_Bro","Bromod:Defend_Bro","Bromod:SlashDash","Bromod:SlashDash","Bromod:SlashDash","Bromod:RadialBlind+1","Bromod:SteelFiber","Bromod:BodyCount","Bromod:ContagiousSpread+1","Bromod:SlashDash","Bromod:BulletJump","Bromod:ShatteringImpact+1","Bromod:LifeStrike","Bromod:Vitality","Creative AI+1","Bromod:ShatteringImpact+1","Bromod:Rejuvenation+1","Bromod:RadialJavelin+1","Bromod:BulletJump","Bromod:OrganShatter","Bromod:NoReturn+1","Bromod:VoltaicStrike","CurseOfTheBell","Bromod:FastHands+1","Bromod:RelentlessCombination","Discovery","Thinking Ahead","Bromod:FinishingTouch","Bromod:OrganShatter","Bromod:BriefRespite+1"],"relics":["Bromod:Ordis","Bromod:AscarisDevice","Juzu Bracelet","NlothsMask","Regal Pillow","Bromod:ArcaneGrace","Tiny Chest","Blood Vial","Calling Bell","Ancient Tea Set","InkBottle","Incense Burner","Gambling Chip","Lantern","Kunai","Bromod:ArcaneVictory","Happy Flower","OrangePellets","Bronze Scales","Red Mask","Toxic Egg 2"],"acts_visited":["Exordium","TheCity","TheBeyond"],"potions_floor_usage":[10,12,16,22,23,23,28,33,40,50,50],"damage_taken":[{"damage":5,"enemies":"Small Slimes","floor":1,"turns":3},{"damage":0,"enemies":"Jaw Worm","floor":3,"turns":4},{"damage":5,"enemies":"2 Louse","floor":5,"turns":5},{"damage":30,"enemies":"Gremlin Nob","floor":10,"turns":7},{"damage":3,"enemies":"Exordium Thugs","floor":12,"turns":7},{"damage":0,"enemies":"Large Slime","floor":13,"turns":6},{"damage":0,"enemies":"Blue Slaver","floor":14,"turns":5},{"damage":31,"enemies":"Hexaghost","floor":16,"turns":15},{"damage":0,"enemies":"Shell Parasite","floor":18,"turns":6},{"damage":12,"enemies":"2 Thieves","floor":22,"turns":5},{"damage":50,"enemies":"Slavers","floor":23,"turns":14},{"damage":4,"enemies":"Centurion and Healer","floor":28,"turns":8},{"damage":0,"enemies":"Cultist and Chosen","floor":30,"turns":6},{"damage":13,"enemies":"Automaton","floor":33,"turns":11},{"damage":15,"enemies":"3 Darklings","floor":35,"turns":5},{"damage":0,"enemies":"Mind Bloom Boss Battle","floor":36,"turns":11},{"damage":54,"enemies":"Giant Head","floor":40,"turns":9},{"damage":26,"enemies":"3 Shapes","floor":42,"turns":8},{"damage":18,"enemies":"Writhing Mass","floor":48,"turns":4},{"damage":39,"enemies":"Time Eater","floor":50,"turns":14}],"seed_played":"6631463791460118097","potions_obtained":[{"floor":5,"key":"AttackPotion"},{"floor":10,"key":"Bromod:Kuva"},{"floor":14,"key":"Block Potion"},{"floor":21,"key":"LiquidBronze"},{"floor":21,"key":"Bromod:HealthRestore"},{"floor":21,"key":"Dexterity Potion"},{"floor":30,"key":"Energy Potion"},{"floor":33,"key":"SneckoOil"},{"floor":48,"key":"ColorlessPotion"}],"is_trial":false,"path_per_floor":["M","?","M","?","M","R","?","?","T","E","?","M","M","M","R","B",null,"M","?","?","?","M","E","R","$","T","R","M","R","M","?","R","B",null,"M","?","?","T","?","E","R","M","T","T","$","?","T","M","R","B",null],"character_chosen":"THE_EXALTED","items_purchased":["Bromod:RadialJavelin","Bromod:BulletJump","Block Potion","OrangePellets","Bronze Scales","Fire Potion"],"campfire_rested":3,"item_purchase_floors":[25,25,25,45,45,45],"current_hp_per_floor":[77,77,77,77,72,72,72,65,65,35,55,52,52,52,82,51,82,82,82,82,82,79,59,59,59,59,59,67,67,76,76,76,67,82,71,82,82,82,78,44,78,63,63,63,63,63,63,51,78,76],"gold":11,"neow_bonus":"TEN_PERCENT_HP_BONUS","is_daily":false,"chose_seed":false,"campfire_upgraded":5,"win_rate":0.0,"timestamp":1613369240,"path_taken":["M","?","M","?","M","R","?","?","T","E","?","M","M","M","R","BOSS","M","?","?","?","M","E","R","$","T","R","M","R","M","?","R","BOSS","M","?","?","?","?","E","R","M","T","?","$","?","?","M","R","BOSS"],"items_purchased_type":["Card","Card","Potion","Relic","Relic","Potion"],"build_version":"2020-12-22","purchased_purges":1,"victory":true,"max_hp_per_floor":[82,82,82,82,82,82,82,82,82,82,82,82,82,82,82,82,82,82,82,82,82,82,82,82,82,82,82,82,82,82,82,82,82,82,82,82,82,82,78,78,78,78,78,78,78,78,78,78,78,78],"card_choices":[{"not_picked":["Bromod:FastHands","Bromod:FormaBlueprint"],"picked":"Bromod:RadialBlind","floor":1},{"not_picked":["Bromod:SlipMagazine","Bromod:Foundry"],"picked":"Bromod:SteelFiber","floor":3},{"not_picked":["Bromod:TargetCracker","Bromod:Reflection"],"picked":"Bromod:BodyCount","floor":5},{"not_picked":["Bromod:SlipMagazine","Bromod:Vitality"],"picked":"Bromod:ContagiousSpread","floor":10},{"not_picked":["Bromod:Maglev","Bromod:HornetStrike"],"picked":"Bromod:SlashDash","floor":12},{"not_picked":["Bromod:PressurePoint","Bromod:PointBlank"],"picked":"Bromod:BulletJump","floor":13},{"not_picked":["Bromod:QuickDraw","Bromod:PointStrike"],"picked":"Bromod:ShatteringImpact","floor":14},{"not_picked":["Bromod:VitalSense","Bromod:Frostbite"],"picked":"Bromod:LifeStrike","floor":16},{"not_picked":["Bromod:SlashDash","Bromod:Foundry"],"picked":"Bromod:Vitality","floor":18},{"not_picked":["Bromod:SteelCharge","Bromod:BodyCount+1"],"picked":"Bromod:ShatteringImpact+1","floor":22},{"not_picked":["Bromod:Redirection","Bromod:BulletJump"],"picked":"Bromod:Rejuvenation","floor":23},{"not_picked":["Bromod:ShatteringImpact","Bromod:Foundry"],"picked":"Bromod:OrganShatter","floor":28},{"not_picked":["Bromod:QuickDraw+1","Bromod:Reflection"],"picked":"Bromod:NoReturn+1","floor":30},{"not_picked":["Bromod:Berserker","Bromod:ChillingReload"],"picked":"Bromod:VoltaicStrike","floor":33},{"not_picked":["Bromod:BodyCount+1","Bromod:SpeedTrigger"],"picked":"Bromod:FastHands+1","floor":35},{"not_picked":["Bromod:Reflection","Bromod:ShatteringImpact"],"picked":"Bromod:RelentlessCombination","floor":36},{"not_picked":["Good Instincts","Madness"],"picked":"Discovery","floor":37},{"not_picked":["Magnetism","Violence"],"picked":"Thinking Ahead","floor":37},{"not_picked":["Bromod:PointStrike","Bromod:SlashDash"],"picked":"Bromod:FinishingTouch","floor":40},{"not_picked":["Bromod:PressurePoint","Bromod:Fury"],"picked":"Bromod:OrganShatter","floor":42},{"not_picked":["Bromod:SteelCharge","Bromod:SlipMagazine+1"],"picked":"Bromod:BriefRespite+1","floor":48}],"player_experience":182708,"relics_obtained":[{"floor":10,"key":"Regal Pillow"},{"floor":23,"key":"Tiny Chest"},{"floor":26,"key":"Blood Vial"},{"floor":34,"key":"Ancient Tea Set"},{"floor":34,"key":"InkBottle"},{"floor":34,"key":"Incense Burner"},{"floor":36,"key":"Gambling Chip"},{"floor":38,"key":"Lantern"},{"floor":40,"key":"Kunai"},{"floor":43,"key":"Bromod:ArcaneVictory"},{"floor":44,"key":"Happy Flower"},{"floor":47,"key":"Toxic Egg 2"}],"event_choices":[{"cards_removed":["Bromod:Strike_Bro"],"damage_healed":0,"gold_gain":0,"player_choice":"Forget","damage_taken":0,"max_hp_gain":0,"max_hp_loss":0,"event_name":"Living Wall","floor":2,"gold_loss":0},{"damage_healed":0,"gold_gain":0,"player_choice":"Box","damage_taken":0,"relics_obtained":["Juzu Bracelet"],"max_hp_gain":0,"max_hp_loss":0,"event_name":"Big Fish","floor":4,"gold_loss":0,"cards_obtained":["Regret"]},{"damage_healed":0,"gold_gain":0,"player_choice":"Trade","damage_taken":0,"relics_obtained":["NlothsMask"],"max_hp_gain":0,"max_hp_loss":0,"event_name":"FaceTrader","floor":7,"gold_loss":0},{"cards_removed":["Regret"],"damage_healed":0,"gold_gain":0,"player_choice":"Card Removal","damage_taken":7,"max_hp_gain":0,"max_hp_loss":0,"event_name":"Golden Wing","floor":8,"gold_loss":0},{"damage_healed":20,"gold_gain":0,"player_choice":"Healed","damage_taken":0,"max_hp_gain":0,"max_hp_loss":0,"event_name":"The Cleric","floor":11,"gold_loss":35},{"cards_removed":["Bromod:ShatteringImpact"],"damage_healed":0,"gold_gain":0,"player_choice":"Take \u0026 Give","damage_taken":0,"max_hp_gain":0,"max_hp_loss":0,"event_name":"betterNote:BetterNote","floor":20,"gold_loss":0,"cards_obtained":["Creative AI"]},{"damage_healed":0,"gold_gain":0,"player_choice":"Got Potions","damage_taken":0,"max_hp_gain":0,"max_hp_loss":0,"event_name":"Lab","floor":21,"gold_loss":0},{"cards_removed":["Bromod:Defend_Bro"],"damage_healed":0,"gold_gain":0,"player_choice":"Gave Gold","damage_taken":0,"max_hp_gain":0,"max_hp_loss":0,"event_name":"Beggar","floor":31,"gold_loss":75},{"damage_healed":0,"gold_gain":0,"player_choice":"Fight","damage_taken":0,"max_hp_gain":0,"max_hp_loss":0,"event_name":"MindBloom","floor":36,"gold_loss":0},{"damage_healed":0,"gold_gain":3,"player_choice":"1","damage_taken":0,"max_hp_gain":0,"max_hp_loss":0,"event_name":"betterStone:BetterStone","floor":37,"gold_loss":0},{"damage_healed":0,"gold_gain":0,"player_choice":"Max HP","damage_taken":0,"max_hp_gain":0,"max_hp_loss":4,"event_name":"Winding Halls","floor":39,"gold_loss":0},{"damage_healed":0,"gold_gain":0,"player_choice":"Paid","damage_taken":0,"relics_obtained":["Red Mask"],"max_hp_gain":0,"max_hp_loss":0,"event_name":"Tomb of Lord Red Mask","floor":46,"gold_loss":2}],"is_beta":false,"boss_relics":[{"not_picked":["Fusion Hammer","Sozu"],"picked":"Bromod:ArcaneGrace"},{"not_picked":["SacredBark","Tiny House"],"picked":"Calling Bell"}],"items_purged_floors":[25],"is_endless":false,"potions_floor_spawned":[5,10,14,30,33,48],"ascension_level":0}}