{"host":"or8fr2mp0k3eluj8","time":1613396106,"event":{"mods":["AchievementEnabler","BaseMod","Colored Map","DeckTracker","Minty Spire (QoL Compilation)","SuperFastMode"],"gold_per_floor":[115,134,134,10,22,22,51,51,51,64,75,75,90,105,105,205,205,219,187,187,187,97,97,97,97],"floor_reached":24,"language":"KOR","playtime":644,"items_purged":[],"score":233,"play_id":"fbd78a3a-a37b-47cb-8bbc-d687d9eb7fdc","local_time":"20210215223506","is_ascension_mode":true,"campfire_choices":[{"data":"Zap","floor":6,"key":"SMITH"},{"data":"Dualcast","floor":8,"key":"SMITH"},{"data":"Double Energy","floor":15,"key":"SMITH"},{"data":"Seek","floor":23,"key":"SMITH"}],"circlet_count":0,"master_deck":["Strike_B","Strike_B","Strike_B","Defend_B","Defend_B","Defend_B","Zap+1","Dualcast+1","Self Repair+1","FTL","Go for the Eyes","Go for the Eyes","Beam Cell","Turbo","Gash","Double Energy+1","Seek+1","Redo+1","Steam"],"relics":["FrozenCore","NeowsBlessing","Pear","Happy Flower"],"acts_visited":["Exordium","TheCity"],"potions_floor_usage":[16,16],"damage_taken":[{"damage":0,"enemies":"Cultist","floor":1,"turns":1},{"damage":0,"enemies":"Jaw Worm","floor":2,"turns":1},{"damage":0,"enemies":"2 Louse","floor":5,"turns":1},{"damage":22,"enemies":"Gremlin Nob","floor":7,"turns":4},{"damage":0,"enemies":"Looter","floor":10,"turns":3},{"damage":7,"enemies":"Lots of Slimes","floor":11,"turns":4},{"damage":9,"enemies":"2 Fungi Beasts","floor":13,"turns":3},{"damage":20,"enemies":"Large Slime","floor":14,"turns":6},{"damage":53,"enemies":"Hexaghost","floor":16,"turns":11},{"damage":19,"enemies":"3 Byrds","floor":18,"turns":7},{"damage":23,"enemies":"2 Thieves","floor":19,"turns":5},{"damage":43,"enemies":"3 Cultists","floor":24,"turns":5}],"seed_played":"-2005744290208191521","potions_obtained":[{"floor":5,"key":"Ancient Potion"},{"floor":7,"key":"BlessingOfTheForge"},{"floor":10,"key":"FocusPotion"},{"floor":14,"key":"Regen Potion"},{"floor":18,"key":"LiquidMemories"}],"is_trial":false,"path_per_floor":["M","M","$","$","M","R","E","R","T","M","M","?","M","M","R","B",null,"M","M","?","?","?","R","M"],"character_chosen":"DEFECT","items_purchased":["FTL","Go for the Eyes"],"campfire_rested":0,"item_purchase_floors":[4,4],"current_hp_per_floor":[75,75,75,75,75,75,63,63,63,70,70,70,68,55,55,24,85,73,50,34,34,34,34,0,0],"gold":97,"neow_bonus":"THREE_ENEMY_KILL","is_daily":false,"chose_seed":false,"campfire_upgraded":4,"win_rate":0.0,"timestamp":1613396106,"path_taken":["M","M","?","$","?","R","E","R","T","M","M","?","?","M","R","BOSS","M","M","?","?","?","R","?"],"items_purchased_type":["Card","Card"],"build_version":"2020-12-22","purchased_purges":0,"victory":false,"max_hp_per_floor":[75,75,75,75,75,75,85,85,85,85,85,85,85,85,85,85,85,85,85,90,90,90,90,90,90],"card_choices":[{"not_picked":["Rebound","Reinforced Body"],"picked":"Self Repair","floor":1},{"not_picked":["Stack","Defragment","Self Repair"],"picked":"SKIP","floor":2},{"not_picked":["Reprogram","Barrage"],"picked":"Go for the Eyes","floor":5},{"not_picked":["Stack","Coolheaded"],"picked":"Beam Cell","floor":7},{"not_picked":["Ball Lightning","Conserve Battery"],"picked":"Turbo","floor":10},{"not_picked":["Blizzard","Reprogram"],"picked":"Gash","floor":11},{"not_picked":["Chaos","Melter","Thunder Strike"],"picked":"SKIP","floor":13},{"not_picked":["Hello World","Sunder"],"picked":"Double Energy","floor":14},{"not_picked":["Thunder Strike","Biased Cognition"],"picked":"Seek","floor":16},{"not_picked":["Beam Cell","Streamline"],"picked":"Redo+1","floor":18},{"not_picked":["Compile Driver+1","Static Discharge+1"],"picked":"Steam","floor":19}],"player_experience":340691,"relics_obtained":[{"floor":7,"key":"Pear"},{"floor":9,"key":"Happy Flower"}],"event_choices":[{"damage_healed":0,"gold_gain":0,"player_choice":"Got Potions","damage_taken":0,"max_hp_gain":0,"max_hp_loss":0,"event_name":"Lab","floor":12,"gold_loss":0},{"damage_healed":0,"gold_gain":0,"player_choice":"Shed Blood","damage_taken":21,"max_hp_gain":5,"max_hp_loss":0,"event_name":"Forgotten Altar","floor":20,"gold_loss":0},{"cards_removed":["Strike_B"],"damage_healed":0,"gold_gain":0,"player_choice":"Elegance","damage_taken":0,"max_hp_gain":0,"max_hp_loss":0,"event_name":"Back to Basics","floor":21,"gold_loss":0},{"cards_removed":["Defend_B"],"damage_healed":0,"gold_gain":0,"player_choice":"Upgrade and Remove","damage_taken":0,"max_hp_gain":0,"max_hp_loss":0,"event_name":"Designer","floor":22,"gold_loss":90,"cards_upgraded":["Self Repair"]}],"is_beta":false,"boss_relics":[{"not_picked":["SacredBark","Cursed Key"],"picked":"FrozenCore"}],"items_purged_floors":[],"is_endless":false,"potions_floor_spawned":[5,7,10,14,18],"killed_by":"3 Cultists","ascension_level":1}}