{"host":"sav7uxregyirlf69","time":1613393387,"event":{"mods":["AchievementEnabler","BaseMod","Colored Map","DeckTracker","Keyboard Shortcuts","Minty Spire (QoL Compilation)","READ ME - Guardian Mod","StSLib","SuperFastMode"],"gold_per_floor":[112,59,59,134,134,134,163,176,200,200,223,241,112,122,122,197,197,217,217,11,23,33,33,33],"floor_reached":23,"language":"KOR","playtime":303,"items_purged":["Strike_G","Strike_G"],"score":428,"play_id":"63a97843-7ae1-42d0-8a3b-9cd4afeb712e","local_time":"20210215214947","is_ascension_mode":true,"campfire_choices":[{"data":"Bouncing Flask","floor":6,"key":"SMITH"},{"data":"Dagger Spray","floor":10,"key":"SMITH"},{"data":"Blade Dance","floor":15,"key":"SMITH"}],"circlet_count":0,"master_deck":["AscendersBane","Strike_G","Strike_G","Defend_G","Defend_G","Defend_G","Defend_G","Survivor","Neutralize","Backflip","Blade Dance+1","Bouncing Flask+1","Reflex","Dagger Spray+1","Backstab","Corpse Explosion","Escape Plan"],"relics":["Ring of the Snake","NeowsBlessing","Toy Ornithopter","Omamori","Snake Skull","SacredBark"],"acts_visited":["Exordium","TheCity"],"potions_floor_usage":[13,16,16,23],"damage_taken":[{"damage":0,"enemies":"Jaw Worm","floor":1,"turns":1},{"damage":0,"enemies":"Gremlin Nob","floor":7,"turns":1},{"damage":0,"enemies":"2 Louse","floor":8,"turns":1},{"damage":0,"enemies":"Cultist","floor":12,"turns":2},{"damage":0,"enemies":"Large Slime","floor":14,"turns":4},{"damage":64,"enemies":"Slime Boss","floor":16,"turns":10},{"damage":3,"enemies":"Spheric Guardian","floor":18,"turns":3},{"damage":22,"enemies":"3 Byrds","floor":21,"turns":3},{"damage":55,"enemies":"Centurion and Healer","floor":22,"turns":9},{"damage":25,"enemies":"Book of Stabbing","floor":23,"turns":4}],"seed_played":"-1725964024089828276","potions_obtained":[{"floor":1,"key":"Fruit Juice"},{"floor":12,"key":"SkillPotion"},{"floor":16,"key":"GhostInAJar"},{"floor":18,"key":"SkillPotion"},{"floor":22,"key":"SteroidPotion"}],"is_trial":false,"path_per_floor":["M","$","?","?","?","R","E","M","T","R","T","M","$","M","R","B",null,"M","?","$","M","M","E"],"character_chosen":"THE_SILENT","items_purchased":["Blade Dance","SteroidPotion","FairyPotion"],"campfire_rested":0,"item_purchase_floors":[2,13,20],"current_hp_per_floor":[59,59,59,48,48,48,48,48,48,48,48,48,58,58,58,4,54,51,51,51,29,17,0,0],"gold":33,"neow_bonus":"THREE_ENEMY_KILL","is_daily":false,"chose_seed":false,"campfire_upgraded":3,"win_rate":0.0,"timestamp":1613393387,"path_taken":["M","$","?","?","?","R","E","?","T","R","?","M","?","?","R","BOSS","M","?","$","?","?","E"],"items_purchased_type":["Card","Potion","Potion"],"build_version":"2020-12-22","purchased_purges":2,"victory":false,"max_hp_per_floor":[66,66,66,66,66,66,66,66,66,66,66,66,71,71,71,71,71,71,71,71,71,71,71,71],"card_choices":[{"not_picked":["Flechettes","Outmaneuver"],"picked":"Backflip","floor":1},{"not_picked":["Calculated Gamble","Blade Dance"],"picked":"Reflex","floor":7},{"not_picked":["Blade Dance","Blur"],"picked":"Dagger Spray","floor":8},{"not_picked":["Underhanded Strike","Choke"],"picked":"Backstab","floor":12},{"not_picked":["Dagger Throw","Leg Sweep","Outmaneuver"],"picked":"SKIP","floor":14},{"not_picked":["Glass Knife","Doppelganger"],"picked":"Corpse Explosion","floor":16},{"not_picked":["Sucker Punch","Prepared"],"picked":"Escape Plan","floor":18},{"not_picked":["Blade Dance+1","Deadly Poison+1","Dagger Throw"],"picked":"SKIP","floor":21},{"not_picked":["Dagger Spray","Cloak And Dagger","Skewer+1"],"picked":"SKIP","floor":22}],"player_experience":1581782,"relics_obtained":[{"floor":7,"key":"Toy Ornithopter"},{"floor":9,"key":"Omamori"},{"floor":11,"key":"Snake Skull"}],"event_choices":[{"damage_healed":0,"gold_gain":0,"player_choice":"Ignored","damage_taken":0,"max_hp_gain":0,"max_hp_loss":0,"event_name":"Liars Game","floor":3,"gold_loss":0},{"damage_healed":0,"gold_gain":75,"player_choice":"Gather Gold","damage_taken":11,"max_hp_gain":0,"max_hp_loss":0,"event_name":"World of Goop","floor":4,"gold_loss":0},{"damage_healed":0,"gold_gain":0,"cards_transformed":["Defend_G"],"player_choice":"Change","damage_taken":0,"max_hp_gain":0,"max_hp_loss":0,"event_name":"Living Wall","floor":5,"gold_loss":0,"cards_obtained":["Bouncing Flask"]},{"cards_removed":["Strike_G"],"damage_healed":0,"gold_gain":0,"player_choice":"Purged","damage_taken":0,"max_hp_gain":0,"max_hp_loss":0,"event_name":"Purifier","floor":19,"gold_loss":0}],"is_beta":false,"boss_relics":[{"not_picked":["Tiny House","Velvet Choker"],"picked":"SacredBark"}],"items_purged_floors":[13,20],"is_endless":false,"potions_floor_spawned":[1,12,14,16,18,22],"killed_by":"Book of Stabbing","ascension_level":20}}