{"host":"xpzu3ao9bvbn9hmu","time":1613394876,"event":{"mods":["ATMod(∞¢Ë™Mod)","Alarm Clock","BaseMod","Colored Powertips","Dota2Spire","GifTheSpireLib","KinomotoSakuraMod(ƒæ÷Æ±æ”£)","LagranYue(¿≠∏Ò¿ °§‘¬)","Luminous","Marisa£®ÏF”Í°°ƒß¿Ì…≥£©","Minty Spire (QoL Compilation)","Reimu£®≤©¿ˆ¡È√Œ£©","Relic Stats","Remilia£®¿Ÿ√◊¿Ú—«£©","Replay The Spire","SIMod","StSLib","The Gatherer","The Runesmith","The Servant 0.9.4","Waifu the Spire","WarShipGirlsR/’ΩΩ¢…Ÿ≈ÆR mod","Yakumo Yukari mod","Youmu£®ªÍ∆«—˝√Œ£©","Yuyuko","[IsaacMod]“‘»ˆº‚À˛","≤–¡Ù÷ÆŒÔ"],"gold_per_floor":[111,111,124,143,23,48,48,76,76,96,96,96,107,107,107,211,211,226,226,136,136,136],"floor_reached":21,"language":"ZHS","playtime":1152,"items_purged":["Runesmith:Strike_RS"],"score":187,"play_id":"b78f8d31-1f21-40c2-afd8-57d5efa6efc4","local_time":"20210215211436","is_ascension_mode":false,"campfire_choices":[{"data":"Runesmith:CraftMagma","floor":7,"key":"SMITH"},{"data":"Runesmith:Strike_RS","floor":15,"key":"PURGE"}],"circlet_count":1,"master_deck":["Runesmith:Strike_RS","Runesmith:Strike_RS","Runesmith:Defend_RS","Runesmith:Defend_RS","Runesmith:Defend_RS","Runesmith:Defend_RS","Runesmith:CraftFirestone","Runesmith:Fortify","Runesmith:EarthShield","Runesmith:BackupBattery","Runesmith:CraftMagma+1","Runesmith:Terraform","Runesmith:HeatExchange","Runesmith:RunicBlueprint+1","Runesmith:CraftVitae","Runesmith:CraftMedicinae+1","Runesmith:Grindstone","Lust_TH","Runesmith:CraftProtectio+1"],"relics":["Runesmith:CoreCrystal","AT_ATBox","HushsDoor","LagranYue:RandomDrawCardRelic","GuppysHead","NeowsBlessing","AT_BladeRuinedKing","BloodDonationMachine","Pyrelight","ReplayTheSpireMod:Ring of Exchange","Replay:Grab Bag","LagranYue:ContractPerformanceRelic","Circlet"],"acts_visited":["Exordium","TheCity"],"potions_floor_usage":[16],"damage_taken":[{"damage":0,"enemies":"2 Louse","floor":1,"turns":2},{"damage":0,"enemies":"Cultist","floor":3,"turns":1},{"damage":0,"enemies":"Small Slimes","floor":4,"turns":1},{"damage":10,"enemies":"Replay:BlueRogue","floor":6,"turns":6},{"damage":28,"enemies":"Gremlin Nob","floor":8,"turns":4},{"damage":0,"enemies":"2 Fungi Beasts","floor":10,"turns":3},{"damage":5,"enemies":"Lots of Slimes","floor":13,"turns":2},{"damage":12,"enemies":"The Guardian","floor":16,"turns":13},{"damage":19,"enemies":"Shell Parasite","floor":18,"turns":9},{"damage":32,"enemies":"2 Thieves","floor":20,"turns":5},{"damage":28,"enemies":"Shelled Parasite and Fungi","floor":21,"turns":7}],"seed_played":"3749929999819666940","potions_obtained":[{"floor":8,"key":"Dota2Spire:Clarity"},{"floor":10,"key":"Venom Potion"},{"floor":16,"key":"LiquidMemories"}],"is_trial":false,"path_per_floor":["M","?","M","M","$","E","R","E","T","M","?","?","M","?","R","B",null,"M","?","M","M"],"character_chosen":"RUNESMITH_CLASS","items_purchased":["Runesmith:CraftMagma"],"campfire_rested":0,"item_purchase_floors":[5],"current_hp_per_floor":[70,70,70,70,70,60,60,32,32,32,32,32,27,27,27,15,75,58,58,28,0,0],"gold":136,"neow_bonus":"THREE_ENEMY_KILL","is_daily":false,"chose_seed":false,"campfire_upgraded":1,"win_rate":0.0,"timestamp":1613394876,"path_taken":["M","?","M","?","$","E","R","E","T","M","?","?","M","?","R","BOSS","M","?","M","M"],"items_purchased_type":["Card"],"build_version":"2020-12-22","purchased_purges":1,"victory":false,"max_hp_per_floor":[70,70,70,70,70,70,70,70,70,70,70,70,70,70,70,70,75,75,75,75,75,75],"relic_stats":{"counters":[11,53],"obtain_stats":[{"KeepersGift":0,"ReplayTheSpireMod:Ring of Exchange":12,"Runesmith:BrokenRuby":0,"AT_ATBox":0,"LagranYue:RandomDrawCardRelic":0,"NeowsBlessing":0,"Replay:Grab Bag":17,"Circlet":17,"AT_BladeRuinedKing":6,"Pyrelight":11,"Runesmith:CoreCrystal":17,"LagranYue:ContractPerformanceRelic":17,"GuppysHead":0,"HushsDoor":0,"BloodDonationMachine":8},{"KeepersGift":0,"ReplayTheSpireMod:Ring of Exchange":6,"Runesmith:BrokenRuby":0,"AT_ATBox":0,"LagranYue:RandomDrawCardRelic":0,"NeowsBlessing":0,"Replay:Grab Bag":8,"Circlet":8,"AT_BladeRuinedKing":4,"Pyrelight":6,"Runesmith:CoreCrystal":8,"LagranYue:ContractPerformanceRelic":8,"GuppysHead":0,"HushsDoor":0,"BloodDonationMachine":5},{"KeepersGift":0,"ReplayTheSpireMod:Ring of Exchange":17,"Runesmith:BrokenRuby":0,"AT_ATBox":0,"LagranYue:RandomDrawCardRelic":0,"NeowsBlessing":0,"Replay:Grab Bag":32,"Circlet":32,"AT_BladeRuinedKing":10,"Pyrelight":17,"Runesmith:CoreCrystal":32,"LagranYue:ContractPerformanceRelic":32,"GuppysHead":0,"HushsDoor":0,"BloodDonationMachine":14}]},"card_choices":[{"not_picked":["Bomb","Runesmith:HeatedChisel"],"picked":"Runesmith:EarthShield","floor":1},{"not_picked":["Runesmith:StaticCage","Runesmith:Retool"],"picked":"Runesmith:BackupBattery","floor":3},{"not_picked":["Runesmith:Permafrost","Runesmith:Repurpose","Runesmith:MakeshiftArmor"],"picked":"SKIP","floor":4},{"not_picked":["Runesmith:MakeshiftArmor","Runesmith:GoWithTheFlow"],"picked":"Runesmith:Terraform","floor":6},{"not_picked":["Runesmith:GenerateForcefield","Runesmith:ChargedHammer"],"picked":"Runesmith:HeatExchange","floor":8},{"not_picked":["Runesmith:EarthShield","Runesmith:StaticCage"],"picked":"Runesmith:RunicBlueprint","floor":10},{"not_picked":["Runesmith:ShiftingStrike","Runesmith:Retool"],"picked":"Runesmith:CraftVitae","floor":13},{"not_picked":["Runesmith:ArcReactor","Runesmith:LightningRod"],"picked":"Runesmith:CraftMedicinae","floor":16},{"not_picked":["Runesmith:UnstableHammer+1","Runesmith:Electrocute"],"picked":"Runesmith:Grindstone","floor":18},{"not_picked":["Runesmith:EarthShield","Runesmith:ShiftingStrike"],"picked":"Runesmith:CraftProtectio+1","floor":20}],"player_experience":76402,"relics_obtained":[{"floor":6,"key":"AT_BladeRuinedKing"},{"floor":8,"key":"BloodDonationMachine"},{"floor":12,"key":"ReplayTheSpireMod:Ring of Exchange"}],"event_choices":[],"is_beta":false,"boss_relics":[{"not_picked":["Runesmith:UraniumAnvil","Black Star"],"picked":"Replay:Grab Bag"},{"not_picked":["Busted Crown","ChampionBelt"],"picked":"LagranYue:ContractPerformanceRelic"},{"not_picked":["Circlet","Circlet"],"picked":"Circlet"},{"not_picked":["AT_MortalBlade","Snecko Eye"],"picked":"Runesmith:CoreCrystal"},{"not_picked":[]}],"items_purged_floors":[5],"is_endless":false,"potions_floor_spawned":[8,10,16],"killed_by":"Shelled Parasite and Fungi","ascension_level":0}}