{"host":"8is2j71l4wmybkoi","time":1613368293,"event":{"mods":["AchievementEnabler","BaseMod","Colored Map","DeckTracker","Minty Spire (QoL Compilation)","Rare Cards Sparkle","Relic Stats","StSLib","SuperFastMode"],"gold_per_floor":[113,123,123,123,198,232,252,267,267,267,282,296,78,105,105,178,178,191,191,191,91,111,439,450,450,450,476,496,496,496],"floor_reached":29,"language":"KOR","playtime":1054,"items_purged":["Strike_G","Defend_G"],"score":569,"play_id":"c590d2ab-c621-4b35-b790-9cdedd45a318","local_time":"20210215145133","is_ascension_mode":true,"campfire_choices":[{"data":"Dash","floor":10,"key":"SMITH"},{"floor":15,"key":"REST"}],"circlet_count":0,"master_deck":["AscendersBane","Strike_G","Strike_G","Strike_G","Defend_G","Defend_G","Survivor","Neutralize","Dash+1","Deflect","Dagger Spray","Glass Knife","Cloak And Dagger","Prepared","Grand Finale","Leg Sweep","Corpse Explosion","Reflex","Ghostly","Ghostly","Ghostly","Backflip+1","Acrobatics"],"relics":["Ring of the Snake","NeowsBlessing","Regal Pillow","Nunchaku","Gremlin Horn","Sozu","Old Coin","FaceOfCleric","Shuriken","Singing Bowl"],"acts_visited":["Exordium","TheCity"],"potions_floor_usage":[16,23,28],"damage_taken":[{"damage":0,"enemies":"Jaw Worm","floor":1,"turns":1},{"damage":0,"enemies":"Small Slimes","floor":2,"turns":1},{"damage":0,"enemies":"Gremlin Nob","floor":6,"turns":1},{"damage":0,"enemies":"2 Louse","floor":7,"turns":3},{"damage":2,"enemies":"Red Slaver","floor":8,"turns":4},{"damage":1,"enemies":"2 Fungi Beasts","floor":11,"turns":3},{"damage":10,"enemies":"Exordium Thugs","floor":12,"turns":6},{"damage":15,"enemies":"3 Sentries","floor":14,"turns":8},{"damage":26,"enemies":"Slime Boss","floor":16,"turns":10},{"damage":16,"enemies":"Shell Parasite","floor":18,"turns":6},{"damage":5,"enemies":"Chosen","floor":22,"turns":6},{"damage":1,"enemies":"Slavers","floor":23,"turns":3},{"damage":10,"enemies":"Sentry and Sphere","floor":24,"turns":8},{"damage":0,"enemies":"Gremlin Leader","floor":27,"turns":6},{"damage":0,"enemies":"Centurion and Healer","floor":28,"turns":4},{"damage":27,"enemies":"Cultist and Chosen","floor":29,"turns":4}],"seed_played":"-6595092272869244882","potions_obtained":[{"floor":6,"key":"GamblersBrew"},{"floor":11,"key":"PowerPotion"},{"floor":14,"key":"FearPotion"},{"floor":16,"key":"AttackPotion"}],"is_trial":false,"path_per_floor":["M","M","?","?","?","E","M","M","T","R","M","M","$","E","R","B",null,"M","?","?","$","M","E","M","?","T","E","M","M"],"character_chosen":"THE_SILENT","items_purchased":["Grand Finale"],"campfire_rested":1,"item_purchase_floors":[13],"current_hp_per_floor":[59,59,59,52,41,41,41,39,39,39,38,28,28,13,47,21,55,39,39,33,33,28,27,17,17,17,20,23,0,0],"gold":496,"neow_bonus":"THREE_ENEMY_KILL","is_daily":false,"chose_seed":false,"campfire_upgraded":1,"win_rate":0.0,"timestamp":1613368293,"path_taken":["M","M","?","?","?","E","?","M","T","R","M","M","$","E","R","BOSS","M","?","?","?","M","E","M","?","T","E","M","?"],"items_purchased_type":["Card"],"build_version":"2020-12-22","purchased_purges":2,"victory":false,"max_hp_per_floor":[66,66,66,66,66,66,66,66,66,66,66,66,66,66,66,66,66,66,66,33,33,33,33,33,33,33,36,39,39,39],"relic_stats":{"Sozu":2,"Regal Pillow":15,"Nunchaku":[12],"Gremlin Horn":[7,7],"FaceOfCleric":2,"Singing Bowl":4,"counters":[16,74],"Shuriken":[6],"obtain_stats":[{"Sozu":17,"Regal Pillow":6,"Nunchaku":9,"NeowsBlessing":0,"Gremlin Horn":14,"FaceOfCleric":25,"Singing Bowl":27,"Shuriken":26,"Ring of the Snake":0,"Old Coin":23},{"Sozu":9,"Regal Pillow":3,"Nunchaku":5,"NeowsBlessing":0,"Gremlin Horn":8,"FaceOfCleric":13,"Singing Bowl":14,"Shuriken":13,"Ring of the Snake":0,"Old Coin":12},{"Sozu":37,"Regal Pillow":3,"Nunchaku":10,"NeowsBlessing":0,"Gremlin Horn":27,"FaceOfCleric":60,"Singing Bowl":66,"Shuriken":60,"Ring of the Snake":0,"Old Coin":52}],"Ring of the Snake":[32]},"card_choices":[{"not_picked":["Bane","Predator"],"picked":"Dash","floor":1},{"not_picked":["Slice","Poisoned Stab"],"picked":"Deflect","floor":2},{"not_picked":["Prepared","Sucker Punch","Outmaneuver"],"picked":"SKIP","floor":6},{"not_picked":["Bouncing Flask","Flying Knee"],"picked":"Dagger Spray","floor":7},{"not_picked":["Acrobatics","Deflect"],"picked":"Glass Knife","floor":8},{"not_picked":["Flying Knee","Outmaneuver"],"picked":"Cloak And Dagger","floor":11},{"not_picked":["Flechettes","Flying Knee"],"picked":"Prepared","floor":12},{"not_picked":["Terror","Eviscerate"],"picked":"Leg Sweep","floor":14},{"not_picked":["Envenom","Tools of the Trade"],"picked":"Corpse Explosion","floor":16},{"not_picked":["Sucker Punch","Bane"],"picked":"Reflex","floor":18},{"not_picked":["Poisoned Stab","Dodge and Roll+1"],"picked":"Backflip+1","floor":22},{"not_picked":["Bane","Corpse Explosion"],"picked":"Acrobatics","floor":23},{"not_picked":["Expertise","All Out Attack","Choke"],"picked":"SKIP","floor":24},{"not_picked":["All Out Attack+1","Expertise","Poisoned Stab"],"picked":"Singing Bowl","floor":27},{"not_picked":["Distraction","PiercingWail","Bouncing Flask"],"picked":"Singing Bowl","floor":28}],"player_experience":1218175,"relics_obtained":[{"floor":6,"key":"Regal Pillow"},{"floor":9,"key":"Nunchaku"},{"floor":14,"key":"Gremlin Horn"},{"floor":23,"key":"Old Coin"},{"floor":26,"key":"Shuriken"},{"floor":27,"key":"Singing Bowl"}],"event_choices":[{"cards_removed":["Strike_G"],"damage_healed":0,"gold_gain":0,"player_choice":"Forget","damage_taken":0,"max_hp_gain":0,"max_hp_loss":0,"event_name":"Living Wall","floor":3,"gold_loss":0},{"cards_removed":["Defend_G"],"damage_healed":0,"gold_gain":0,"player_choice":"Card Removal","damage_taken":7,"max_hp_gain":0,"max_hp_loss":0,"event_name":"Golden Wing","floor":4,"gold_loss":0},{"damage_healed":0,"gold_gain":75,"player_choice":"Gather Gold","damage_taken":11,"max_hp_gain":0,"max_hp_loss":0,"event_name":"World of Goop","floor":5,"gold_loss":0},{"cards_removed":["Defend_G"],"damage_healed":0,"gold_gain":0,"player_choice":"Elegance","damage_taken":0,"max_hp_gain":0,"max_hp_loss":0,"event_name":"Back to Basics","floor":19,"gold_loss":0},{"damage_healed":0,"gold_gain":0,"player_choice":"Became a Ghost","damage_taken":0,"max_hp_gain":0,"max_hp_loss":33,"event_name":"Ghosts","floor":20,"gold_loss":0,"cards_obtained":["Ghostly","Ghostly","Ghostly"]},{"damage_healed":0,"gold_gain":0,"player_choice":"Trade","damage_taken":0,"relics_obtained":["FaceOfCleric"],"max_hp_gain":0,"max_hp_loss":0,"event_name":"FaceTrader","floor":25,"gold_loss":0}],"is_beta":false,"boss_relics":[{"not_picked":["Ectoplasm","SlaversCollar"],"picked":"Sozu"}],"items_purged_floors":[13,21],"is_endless":false,"potions_floor_spawned":[6,11,14,16,18,23],"killed_by":"Cultist and Chosen","ascension_level":15}}