{"host":"blhqr6uo32maonpv","time":1613372497,"event":{"mods":["BaseMod","Downfall","Minty Spire (QoL Compilation)","StSLib","The Bug Knight","The Marked"],"gold_per_floor":[115,115,115,126,51,51,76,98,98,98,119,162,19,19,19,147,147,131,0,0,0],"floor_reached":20,"language":"ENG","playtime":823,"items_purged":[],"score":228,"play_id":"0a4b581a-5923-410f-9ba0-e5f8cae78062","local_time":"20210215030137","is_ascension_mode":false,"campfire_choices":[{"data":"HollowMod:DesolateDive","floor":6,"key":"SMITH"},{"data":"HollowMod:DoubleDash","floor":15,"key":"SMITH"}],"circlet_count":0,"master_deck":["HollowMod:NailStrikeStart","HollowMod:NailStrikeStart","HollowMod:NailStrikeStart","HollowMod:NailStrikeStart","HollowMod:QuickDashStart","HollowMod:QuickDashStart","HollowMod:QuickDashStart","HollowMod:QuickDashStart","HollowMod:FocusHealStart","HollowMod:PogoStrike","HollowMod:SoulStrike","CurseOfTheBell","CurseOfTheBell","HollowMod:DesolateDive+1","HollowMod:SoulSplash","HollowMod:DoubleDash+1","HollowMod:HeavyBlow","HollowMod:VengefulSpirit","HollowMod:SoulMaster","HollowMod:SharpenedNail"],"relics":["HollowMod:VesselMask","NeowsBlessing","downfall:ExtraCursedBell","MealTicket","Eternal Feather","Incense Burner","Pantograph","Odd Mushroom","Pear","Golden Idol","Gambling Chip","Blood Vial","Orichalcum","Philosopher\u0027s Stone"],"acts_visited":["Exordium","TheCity"],"potions_floor_usage":[12,16],"damage_taken":[{"damage":0,"enemies":"2 Louse","floor":1,"turns":1},{"damage":0,"enemies":"Small Slimes","floor":4,"turns":1},{"damage":0,"enemies":"3 Sentries","floor":7,"turns":2},{"damage":9,"enemies":"The Mushroom Lair","floor":8,"turns":3},{"damage":1,"enemies":"Jaw Worm","floor":11,"turns":3},{"damage":20,"enemies":"Gremlin Nob","floor":12,"turns":5},{"damage":54,"enemies":"The Guardian","floor":16,"turns":14},{"damage":9,"enemies":"2 Thieves","floor":18,"turns":4},{"damage":0,"enemies":"3 Byrds","floor":20,"turns":1}],"seed_played":"-3562828305825215388","potions_obtained":[{"floor":11,"key":"Ancient Potion"},{"floor":12,"key":"Strength Potion"},{"floor":16,"key":"Block Potion"}],"is_trial":false,"path_per_floor":["M","?","?","M","?","R","E","?","T","?","M","E","$","?","R","B",null,"M","?","M"],"character_chosen":"THE_BUGKNIGHT","items_purchased":["Blood Vial"],"campfire_rested":0,"item_purchase_floors":[13],"current_hp_per_floor":[75,75,75,75,80,80,80,71,81,59,58,44,59,52,61,40,90,87,87,89,89],"gold":0,"neow_bonus":"THREE_ENEMY_KILL","is_daily":false,"chose_seed":false,"campfire_upgraded":2,"win_rate":0.0,"timestamp":1613372497,"path_taken":["M","?","?","M","?","R","E","?","T","?","?","E","$","?","R","BOSS","M","?","M"],"items_purchased_type":["Relic"],"build_version":"2020-12-22","purchased_purges":0,"victory":false,"max_hp_per_floor":[75,75,75,75,80,80,80,80,90,90,90,90,90,90,90,90,90,90,90,90,90],"card_choices":[{"not_picked":["HollowMod:SharpenedNail","HollowMod:ShadowDash"],"picked":"HollowMod:SoulStrike","floor":1},{"not_picked":["HollowMod:TaintedHusks","HollowMod:CloakDash"],"picked":"HollowMod:DesolateDive","floor":4},{"not_picked":["HollowMod:BaldurShell","HollowMod:SoulShaman"],"picked":"HollowMod:SoulSplash","floor":7},{"not_picked":["HollowMod:ShadowDash","HollowMod:HowlingWraiths"],"picked":"HollowMod:DoubleDash","floor":8},{"not_picked":["HollowMod:TaintedHusks","HollowMod:ElderbugsWisdom"],"picked":"HollowMod:HeavyBlow","floor":11},{"not_picked":["HollowMod:SoulMaster","HollowMod:DescendingDark"],"picked":"HollowMod:VengefulSpirit","floor":12},{"not_picked":["HollowMod:NewInfectedGuardian","HollowMod:ZotesMagnificence"],"picked":"HollowMod:SoulMaster","floor":16},{"not_picked":["HollowMod:FallenFury+1","HollowMod:DungDefenderAura+1"],"picked":"HollowMod:SharpenedNail","floor":18}],"player_experience":13323,"relics_obtained":[{"floor":2,"key":"MealTicket"},{"floor":2,"key":"Eternal Feather"},{"floor":2,"key":"Incense Burner"},{"floor":7,"key":"Pantograph"},{"floor":8,"key":"Odd Mushroom"},{"floor":9,"key":"Pear"},{"floor":12,"key":"Gambling Chip"}],"event_choices":[{"damage_healed":0,"gold_gain":0,"player_choice":"Ignored","damage_taken":0,"max_hp_gain":0,"max_hp_loss":0,"event_name":"Liars Game","floor":3,"gold_loss":0},{"damage_healed":0,"gold_gain":0,"player_choice":"Fought Mushrooms","damage_taken":0,"max_hp_gain":0,"max_hp_loss":0,"event_name":"Mushrooms","floor":8,"gold_loss":0},{"damage_healed":0,"gold_gain":0,"player_choice":"Take Damage","damage_taken":22,"relics_obtained":["Golden Idol"],"max_hp_gain":0,"max_hp_loss":0,"event_name":"Golden Idol","floor":10,"gold_loss":0},{"damage_healed":0,"gold_gain":0,"player_choice":"Success","damage_taken":7,"relics_obtained":["Orichalcum"],"max_hp_gain":0,"max_hp_loss":0,"event_name":"Scrap Ooze","floor":14,"gold_loss":0},{"damage_healed":0,"gold_gain":0,"player_choice":"Paid Fearfully","damage_taken":0,"max_hp_gain":0,"max_hp_loss":0,"event_name":"Masked Bandits","floor":19,"gold_loss":131}],"is_beta":false,"boss_relics":[{"not_picked":["Ectoplasm","Astrolabe"],"picked":"Philosopher\u0027s Stone"}],"items_purged_floors":[],"is_endless":false,"potions_floor_spawned":[11,12,16],"killed_by":"3 Byrds","ascension_level":0}}