{"host":"7sni158j623xchr2","time":1613429020,"event":{"mods":["BaseMod","Colored Map","Highlight Path","Minty Spire (QoL Compilation)","Permanent Neow","Potion Indicator Mod","Rare Cards Sparkle","Relic Sorter","Relic Stats","StSLib","everything is the same but u backflip on backflip"],"gold_per_floor":[114,189,201,217,48,74,86,86,86,86,66,84,84,115,115,210,210,225,280,379,379,5,5,39,39,113,113,142,16,29,63,63,167,167,179,179,179,179,15,45,56,109,109,109,121,133,133,144,144,144,144,144,47,79,79,79],"floor_reached":55,"language":"ENG","playtime":1679,"items_purged":["Defend_R","Pain","Parasite"],"score":771,"play_id":"61125d09-cc22-4d63-9611-f1a5cba4364b","local_time":"20210215164340","is_ascension_mode":true,"campfire_choices":[{"data":"True Grit","floor":8,"key":"SMITH"},{"data":"Clothesline","floor":13,"key":"SMITH"},{"data":"Blood for Blood","floor":15,"key":"SMITH"},{"data":"Demon Form","floor":23,"key":"SMITH"},{"data":"Dark Shackles","floor":25,"key":"SMITH"},{"data":"Hemokinesis","floor":27,"key":"SMITH"},{"floor":32,"key":"REST"},{"floor":44,"key":"RECALL"},{"data":"Feel No Pain","floor":49,"key":"SMITH"},{"data":"Flame Barrier","floor":52,"key":"SMITH"}],"circlet_count":0,"master_deck":["Strike_R","Strike_R","Strike_R","Strike_R+1","Strike_R","Defend_R","Defend_R","Defend_R","Bash","Clothesline+1","Blood for Blood+1","Cleave+1","PanicButton","Hemokinesis+1","True Grit+1","Feel No Pain+1","Shrug It Off","Demon Form+1","Shrug It Off+1","Dark Shackles+1","Pommel Strike","Offering","Evolve","Deep Breath","Master of Strategy","Flame Barrier+1","Disarm+1","Corruption+1","Sword Boomerang+1","Ghostly Armor+1"],"relics":["Burning Blood","Centennial Puzzle","Darkstone Periapt","Ornamental Fan","Singing Bowl","Cursed Key","Orichalcum","FossilizedHelix","Bottled Lightning","Red Skull","Torii","Coffee Dripper","Frozen Egg 2","Potion Belt","Calipers","CaptainsWheel"],"acts_visited":["Exordium","TheCity","TheBeyond","TheEnding"],"potions_floor_usage":[7,14,16,28,33,42,46,55,55,55,55,55],"damage_taken":[{"damage":6,"enemies":"Cultist","floor":1,"turns":3},{"damage":5,"enemies":"Small Slimes","floor":3,"turns":3},{"damage":6,"enemies":"2 Louse","floor":4,"turns":4},{"damage":14,"enemies":"Gremlin Nob","floor":6,"turns":4},{"damage":9,"enemies":"Large Slime","floor":7,"turns":6},{"damage":12,"enemies":"Exordium Thugs","floor":12,"turns":3},{"damage":13,"enemies":"Lagavulin","floor":14,"turns":7},{"damage":27,"enemies":"Hexaghost","floor":16,"turns":13},{"damage":20,"enemies":"2 Thieves","floor":18,"turns":3},{"damage":37,"enemies":"Gremlin Leader","floor":24,"turns":8},{"damage":33,"enemies":"Slavers","floor":28,"turns":6},{"damage":8,"enemies":"3 Byrds","floor":30,"turns":5},{"damage":2,"enemies":"Gremlin Leader","floor":31,"turns":7},{"damage":25,"enemies":"Automaton","floor":33,"turns":7},{"damage":8,"enemies":"3 Shapes","floor":35,"turns":4},{"damage":37,"enemies":"Reptomancer","floor":40,"turns":5},{"damage":3,"enemies":"Orb Walker","floor":41,"turns":3},{"damage":27,"enemies":"2 Orb Walkers","floor":42,"turns":5},{"damage":24,"enemies":"Spire Growth","floor":45,"turns":4},{"damage":11,"enemies":"Sphere and 2 Shapes","floor":46,"turns":6},{"damage":0,"enemies":"Maw","floor":48,"turns":8},{"damage":43,"enemies":"Time Eater","floor":50,"turns":10},{"damage":55,"enemies":"Shield and Spear","floor":54,"turns":7},{"damage":46,"enemies":"The Heart","floor":55,"turns":5}],"seed_played":"2655974111568245765","potions_obtained":[{"floor":1,"key":"Fruit Juice"},{"floor":3,"key":"CultistPotion"},{"floor":6,"key":"SkillPotion"},{"floor":11,"key":"ElixirPotion"},{"floor":24,"key":"BlessingOfTheForge"},{"floor":31,"key":"PowerPotion"},{"floor":33,"key":"Regen Potion"},{"floor":35,"key":"GamblersBrew"},{"floor":40,"key":"EssenceOfSteel"},{"floor":46,"key":"FearPotion"}],"is_trial":false,"path_per_floor":["M","?","M","M","$","E","M","R","T","?","?","M","R","E","R","B",null,"M","T","?","?","$","R","E","R","T","R","E","$","M","E","R","B",null,"M","?","?","?","$","E","M","?","T","R","M","M","?","M","R","B",null,"R","$","E","B"],"character_chosen":"IRONCLAD","items_purchased":["PanicButton","FossilizedHelix","Dark Shackles","Pommel Strike","Flame Barrier","EntropicBrew"],"campfire_rested":1,"item_purchase_floors":[5,22,22,29,39,53],"current_hp_per_floor":[80,69,70,70,70,62,59,59,59,43,43,37,37,30,30,9,80,66,72,72,72,72,72,43,43,49,49,24,24,24,30,60,41,100,98,90,90,90,90,59,64,45,45,45,29,39,87,87,87,50,87,87,87,38,0,0],"gold":79,"neow_bonus":"RANDOM_COMMON_RELIC","is_daily":false,"chose_seed":false,"campfire_upgraded":8,"win_rate":0.0,"timestamp":1613429020,"path_taken":["M","?","M","M","$","E","M","R","T","?","?","?","R","E","R","BOSS","M","?","?","?","$","R","E","R","T","R","E","$","M","E","R","BOSS","M","?","?","?","$","E","?","?","T","R","M","M","?","M","R","BOSS","R","$","E","BOSS"],"items_purchased_type":["Card","Relic","Card","Card","Card","Potion"],"build_version":"2020-12-22","purchased_purges":3,"victory":false,"max_hp_per_floor":[80,80,80,80,80,80,80,80,80,80,80,80,80,80,80,80,80,80,86,86,86,86,86,88,88,94,94,96,96,98,100,100,100,100,100,102,97,97,94,94,96,98,98,98,100,100,87,87,87,87,87,87,87,87,87,87],"relic_stats":{"Darkstone Periapt":12,"Centennial Puzzle":[69],"Singing Bowl":16,"Torii":25,"counters":[24,136],"Ornamental Fan":[164],"Orichalcum":[72],"Cursed Key":2,"obtain_stats":[{"Darkstone Periapt":6,"Potion Belt":40,"Calipers":42,"Singing Bowl":14,"Torii":31,"Orichalcum":19,"Frozen Egg 2":38,"Cursed Key":17,"Burning Blood":0,"Centennial Puzzle":0,"CaptainsWheel":54,"Ornamental Fan":9,"Coffee Dripper":34,"Bottled Lightning":24,"FossilizedHelix":22,"Red Skull":28},{"Darkstone Periapt":4,"Potion Belt":16,"Calipers":18,"Singing Bowl":7,"Torii":13,"Orichalcum":9,"Frozen Egg 2":15,"Cursed Key":8,"Burning Blood":0,"Centennial Puzzle":0,"CaptainsWheel":23,"Ornamental Fan":5,"Coffee Dripper":14,"Bottled Lightning":10,"FossilizedHelix":9,"Red Skull":11},{"Darkstone Periapt":14,"Potion Belt":88,"Calipers":96,"Singing Bowl":30,"Torii":72,"Orichalcum":46,"Frozen Egg 2":83,"Cursed Key":43,"Burning Blood":0,"Centennial Puzzle":0,"CaptainsWheel":131,"Ornamental Fan":20,"Coffee Dripper":79,"Bottled Lightning":54,"FossilizedHelix":46,"Red Skull":60}],"Burning Blood":132},"card_choices":[{"not_picked":["Entrench","Seeing Red"],"picked":"Clothesline","floor":1},{"not_picked":["Havoc","Headbutt"],"picked":"Blood for Blood","floor":3},{"not_picked":["Iron Wave","Perfected Strike"],"picked":"Cleave","floor":4},{"not_picked":["Metallicize","Havoc"],"picked":"Hemokinesis","floor":6},{"not_picked":["Fire Breathing","Blood for Blood"],"picked":"True Grit","floor":7},{"not_picked":["Burning Pact","Dark Embrace"],"picked":"Feel No Pain","floor":12},{"not_picked":["Twin Strike","Anger"],"picked":"Shrug It Off","floor":14},{"not_picked":["Berserk","Exhume"],"picked":"Demon Form","floor":16},{"not_picked":["Twin Strike","Feel No Pain"],"picked":"Shrug It Off+1","floor":18},{"not_picked":["Bludgeon","Flex","Burning Pact"],"picked":"Singing Bowl","floor":24},{"not_picked":["Anger+1","Exhume","Heavy Blade"],"picked":"Singing Bowl","floor":28},{"not_picked":["Body Slam","Entrench","Sentinel"],"picked":"Singing Bowl","floor":30},{"not_picked":["Iron Wave","Searing Blow","Havoc"],"picked":"Singing Bowl","floor":31},{"not_picked":["Barricade","Juggernaut"],"picked":"Offering","floor":33},{"not_picked":["Perfected Strike","Flex+1"],"picked":"Evolve","floor":35},{"not_picked":["PanicButton","Jack Of All Trades","Purity"],"picked":"Singing Bowl","floor":36},{"not_picked":["Forethought","Madness"],"picked":"Deep Breath","floor":36},{"not_picked":["Forethought","Metamorphosis"],"picked":"Master of Strategy","floor":36},{"not_picked":["Heavy Blade","Demon Form+1"],"picked":"Disarm+1","floor":40},{"not_picked":["Feel No Pain+1","Pommel Strike+1","Clothesline+1"],"picked":"Singing Bowl","floor":41},{"not_picked":["Iron Wave","Reckless Charge+1","Wild Strike"],"picked":"Singing Bowl","floor":42},{"not_picked":["Iron Wave","Shrug It Off","Pommel Strike"],"picked":"Singing Bowl","floor":45},{"not_picked":["Thunderclap+1","Shockwave"],"picked":"Corruption+1","floor":46},{"not_picked":["Iron Wave+1","Havoc+1"],"picked":"Sword Boomerang+1","floor":48},{"not_picked":["Corruption+1","Rampage+1"],"picked":"Ghostly Armor+1","floor":54}],"player_experience":1804823,"relics_obtained":[{"floor":6,"key":"Darkstone Periapt"},{"floor":9,"key":"Ornamental Fan"},{"floor":14,"key":"Singing Bowl"},{"floor":19,"key":"Orichalcum"},{"floor":24,"key":"Bottled Lightning"},{"floor":28,"key":"Red Skull"},{"floor":31,"key":"Torii"},{"floor":40,"key":"Potion Belt"},{"floor":42,"key":"Calipers"},{"floor":54,"key":"CaptainsWheel"}],"event_choices":[{"damage_healed":0,"gold_gain":75,"player_choice":"Gather Gold","damage_taken":11,"max_hp_gain":0,"max_hp_loss":0,"event_name":"World of Goop","floor":2,"gold_loss":0},{"damage_healed":0,"gold_gain":0,"player_choice":"Entered Light","damage_taken":16,"max_hp_gain":0,"max_hp_loss":0,"event_name":"Shining Light","floor":10,"gold_loss":0,"cards_upgraded":["Strike_R","Cleave"]},{"damage_healed":0,"gold_gain":0,"player_choice":"Bought 1 Potion","damage_taken":0,"max_hp_gain":0,"max_hp_loss":0,"event_name":"The Woman in Blue","floor":11,"gold_loss":0},{"damage_healed":0,"gold_gain":99,"player_choice":"Stole From Cult","damage_taken":0,"max_hp_gain":0,"max_hp_loss":0,"event_name":"Nest","floor":20,"gold_loss":0},{"damage_healed":0,"gold_gain":0,"player_choice":"Ignored","damage_taken":0,"max_hp_gain":0,"max_hp_loss":0,"event_name":"Ghosts","floor":21,"gold_loss":0},{"damage_healed":0,"gold_gain":0,"player_choice":"Memory 3","damage_taken":10,"max_hp_gain":0,"max_hp_loss":0,"event_name":"SensoryStone","floor":36,"gold_loss":0},{"damage_healed":0,"gold_gain":0,"player_choice":"Max HP","damage_taken":0,"max_hp_gain":0,"max_hp_loss":5,"event_name":"Winding Halls","floor":37,"gold_loss":0},{"damage_healed":0,"gold_gain":0,"player_choice":"Gave Potion","damage_taken":0,"relics_obtained":["Frozen Egg 2"],"max_hp_gain":0,"max_hp_loss":0,"event_name":"WeMeetAgain","floor":38,"gold_loss":0},{"damage_healed":0,"gold_gain":0,"player_choice":"Fight","damage_taken":0,"max_hp_gain":0,"max_hp_loss":0,"event_name":"Mysterious Sphere","floor":42,"gold_loss":0},{"damage_healed":87,"gold_gain":0,"player_choice":"Heal","damage_taken":0,"max_hp_gain":0,"max_hp_loss":13,"event_name":"The Moai Head","floor":47,"gold_loss":0}],"is_beta":false,"boss_relics":[{"not_picked":["Fusion Hammer","Black Blood"],"picked":"Cursed Key"},{"not_picked":["Philosopher\u0027s Stone","Runic Dome"],"picked":"Coffee Dripper"}],"items_purged_floors":[5,29,39],"is_endless":false,"potions_floor_spawned":[1,3,6,24,31,33,35,40,46],"killed_by":"The Heart","ascension_level":1}}