{"host":"61scwtj8sjvayefi","time":1613405810,"event":{"mods":["2.2 Compatiblity","BaseMod","Downfall","Koishi","Marisa????????","Minty Spire (QoL Compilation)","Remilia??????","StSLib","The Bug Knight","The Senshi","The Servant 0.9.4"],"gold_per_floor":[112,130,10,22,22,55,70,100,100,100,100],"floor_reached":10,"language":"ENG","playtime":619,"items_purged":[],"score":82,"play_id":"e9582b4a-5146-4003-8197-2a6f1efbb8d5","local_time":"20210215101650","is_ascension_mode":true,"campfire_choices":[],"circlet_count":0,"master_deck":["Strike_MRS","Strike_MRS","Strike_MRS","Strike_MRS","Defend_MRS","Defend_MRS","Defend_MRS","Defend_MRS","MasterSpark","UpSweep","Acceleration","ChargingUp","EarthLightRay","MeteoricShower","MagicChant","Orbital","GalacticHalo","ShootingEcho"],"relics":["MiniHakkero","NeowsBlessing","Blue Candle","HollowMod:LifeEnderRelic","Potion Belt","Bag of Preparation"],"acts_visited":["Exordium"],"potions_floor_usage":[6,8,8],"damage_taken":[{"damage":0,"enemies":"2 Louse","floor":1,"turns":1},{"damage":0,"enemies":"Small Slimes","floor":2,"turns":1},{"damage":0,"enemies":"Cultist","floor":4,"turns":1},{"damage":25,"enemies":"Gremlin Nob","floor":6,"turns":4},{"damage":24,"enemies":"Blue Slaver","floor":7,"turns":3},{"damage":18,"enemies":"Lagavulin","floor":8,"turns":3},{"damage":22,"enemies":"3 Sentries","floor":10,"turns":4}],"seed_played":"-604209127254484121","potions_obtained":[{"floor":2,"key":"PowerPotion"},{"floor":6,"key":"FearPotion"},{"floor":7,"key":"Strength Potion"},{"floor":8,"key":"Weak Potion"}],"is_trial":false,"path_per_floor":["M","M","$","M","?","E","M","E","T","E"],"character_chosen":"MARISA","items_purchased":["EarthLightRay","MeteoricShower"],"campfire_rested":0,"item_purchase_floors":[3,3],"current_hp_per_floor":[75,75,75,75,70,45,25,15,15,0,0],"gold":100,"neow_bonus":"THREE_ENEMY_KILL","is_daily":false,"chose_seed":false,"campfire_upgraded":0,"win_rate":0.0,"timestamp":1613405810,"path_taken":["M","M","$","M","?","E","M","E","T","E"],"items_purchased_type":["Card","Card"],"build_version":"2020-12-22","purchased_purges":0,"victory":false,"max_hp_per_floor":[75,75,75,75,75,75,75,75,75,75,75],"card_choices":[{"not_picked":["6A","GravityBeat"],"picked":"Acceleration","floor":1},{"not_picked":["MilkyWay","EnergyFlow"],"picked":"ChargingUp","floor":2},{"not_picked":["WitchOfGreed","UnstableBomb"],"picked":"MagicChant","floor":4},{"not_picked":["Singularity","Occultation"],"picked":"Orbital","floor":6},{"not_picked":["SatelliteIllusion","BlazeAway"],"picked":"GalacticHalo","floor":7},{"not_picked":["GravityBeat","GrandCross"],"picked":"ShootingEcho","floor":8}],"player_experience":62758,"relics_obtained":[{"floor":6,"key":"HollowMod:LifeEnderRelic"},{"floor":8,"key":"Potion Belt"},{"floor":9,"key":"Bag of Preparation"}],"event_choices":[],"is_beta":false,"boss_relics":[],"items_purged_floors":[],"is_endless":false,"potions_floor_spawned":[2,6,7,8],"killed_by":"3 Sentries","ascension_level":1}}