{"host":"wqsqub3crsxqknzv","time":1613414574,"event":{"mods":["BaseMod","Colored Powertips","Lobotomy","LobotomyExtend","Minty Spire (QoL Compilation)","StSLib"],"gold_per_floor":[115,18,18,31,206,206,220,220,220,250,0,0,0,13,13,115,115,115,115,115,115,115,115,115,115,115,45,45,45,45,45,45,45,45,45,45,45,45,45,45,45,45,45,45,45,0,0,0,0,0],"floor_reached":51,"playtime":1738,"items_purged":["SpecialBullet","SpecialBullet"],"score":1014,"play_id":"e7435140-1a5a-44b4-95d1-f648e2872809","local_time":"20210215204254","is_ascension_mode":true,"campfire_choices":[],"circlet_count":0,"master_deck":["ApocalypseBird","LongBird","BigBird","SpecialBullet","SpecialBullet","SpecialBullet","SpecialBullet","InformationCode","SecurityCode","TrainingCode","Logging","Lamp+19","WristCuter","QueenOfHatred","Moonlight","RecordCode","BodiesMountain"],"relics":["CogitoBucket","RabbitCall","LetterFromLob","Blue Candle","White Beast Statue","Vajra","PreservedInsect","Singing Bowl","Ectoplasm","TreeSap","Tiny Chest","SolemnVow_r","Lamp_r","War Paint","Unceasing Top","InkBottle","CaptainsWheel","SkinProphecy","Fusion Hammer","Twilight","Blood Vial","Darkstone Periapt","Bag of Marbles","AtMidnight","Frozen Egg 2","Red Mask"],"acts_visited":["Exordium","TheCity","TheBeyond"],"potions_floor_usage":[51,51],"damage_taken":[{"damage":0.0,"enemies":"Cultist","floor":1.0,"turns":2.0},{"damage":0.0,"enemies":"Small Slimes","floor":4.0,"turns":2.0},{"damage":6.0,"enemies":"2 Louse","floor":7.0,"turns":2.0},{"damage":12.0,"enemies":"Exordium Wildlife","floor":14.0,"turns":3.0},{"damage":25.0,"enemies":"Slime Boss","floor":16.0,"turns":8.0},{"damage":26.0,"enemies":"Chosen","floor":18.0,"turns":2.0},{"damage":22.0,"enemies":"3 Byrds","floor":20.0,"turns":5.0},{"damage":46.0,"enemies":"3 Cultists","floor":22.0,"turns":5.0},{"damage":36.0,"enemies":"Slavers","floor":23.0,"turns":5.0},{"damage":63.0,"enemies":"Centurion and Healer","floor":25.0,"turns":7.0},{"damage":11.0,"enemies":"Colosseum Slavers","floor":28.0,"turns":2.0},{"damage":10.0,"enemies":"Colosseum Nobs","floor":28.0,"turns":2.0},{"damage":11.0,"enemies":"Gremlin Leader","floor":29.0,"turns":2.0},{"damage":38.0,"enemies":"Cultist and Chosen","floor":31.0,"turns":3.0},{"damage":19.0,"enemies":"Champ","floor":33.0,"turns":4.0},{"damage":0.0,"enemies":"3 Shapes","floor":35.0,"turns":1.0},{"damage":41.0,"enemies":"Orb Walker","floor":36.0,"turns":7.0},{"damage":0.0,"enemies":"Orb Walker","floor":38.0,"turns":2.0},{"damage":21.0,"enemies":"Reptomancer","floor":41.0,"turns":2.0},{"damage":31,"enemies":"3 Darklings","floor":44,"turns":4},{"damage":21,"enemies":"Nemesis","floor":45,"turns":3},{"damage":105,"enemies":"Awakened One","floor":50,"turns":7},{"damage":49,"enemies":"Malkuth","floor":51,"turns":4},{"damage":87,"enemies":"Netzach","floor":51,"turns":5},{"damage":208,"enemies":"Geburah","floor":51,"turns":6},{"damage":164,"enemies":"Binah","floor":51,"turns":7},{"damage":250,"enemies":"Angela","floor":51,"turns":5}],"seed_played":"-1776402906217248749","potions_obtained":[{"floor":1.0,"key":"Swift Potion"},{"floor":7.0,"key":"Dexterity Potion"},{"floor":14.0,"key":"PowerPotion"},{"floor":25.0,"key":"SkillPotion"},{"floor":33.0,"key":"FairyPotion"},{"floor":35.0,"key":"AttackPotion"},{"floor":36.0,"key":"Ancient Potion"}],"is_trial":false,"path_per_floor":["M","$","T","M","?","R","M","R","T","?","$","?","?","M","R","B",null,"M","?","M","?","M","E","R","M","T","$","?","E","?","M","R","B",null,"M","M","?","M","T","R","E","R","T","M","E","?","R","$","R","B",null],"character_chosen":"Angela","items_purchased":["WristCuter","PreservedInsect","Moonlight"],"campfire_rested":0,"item_purchase_floors":[2,11,27],"current_hp_per_floor":[70,70,70,70,70,70,70,70,70,70,70,58,58,67,67,72,72,71,60,81,69,65,80,85,51,61,71,87,89,89,75,85,95,95,99,75,85,107,107,107,110,111,111,109,120,123,246,246,246,188],"gold":0,"neow_bonus":"TRANSFORM_CARD","is_daily":false,"chose_seed":false,"campfire_upgraded":0,"win_rate":0.0,"timestamp":1613414574,"path_taken":["M","$","?","?","?","R","M","R","T","?","?","?","?","?","R","BOSS","M","?","M","?","?","E","R","M","T","$","?","E","?","M","R","BOSS","M","M","?","M","?","R","E","R","T","?","E","?","R","$","R","BOSS"],"items_purchased_type":["Card","Relic","Card"],"build_version":"2020-11-29","purchased_purges":2,"victory":true,"max_hp_per_floor":[70,70,70,70,70,70,70,70,70,70,70,70,70,72,72,72,72,74,79,81,81,83,85,85,87,87,87,87,89,89,91,91,95,95,99,103,103,107,107,107,111,111,111,117,123,123,246,246,246,248],"card_choices":[{"not_picked":["FourthMatchFlame"],"picked":"Lamp","floor":1.0},{"not_picked":["Yin","MeatLantern"],"picked":"Funeral","floor":4.0},{"not_picked":["Wingbeat","Tough"],"picked":"SKIP","floor":4.0},{"not_picked":["CrimsonScar","CherryBlossom"],"picked":"SKIP","floor":7.0},{"not_picked":["Soda","Spore"],"picked":"Singing Bowl","floor":14.0},{"not_picked":["MeatLantern","CrumblingArmor"],"picked":"PunishingBird","floor":16.0},{"not_picked":["GoldRush"],"picked":"CENSORED_ego","floor":16.0},{"not_picked":["Murderer","Freischutz"],"picked":"BigBird","floor":18.0},{"not_picked":["RedEyes","Discord"],"picked":"Singing Bowl","floor":18.0},{"not_picked":["Christmas+1","FourthMatchFlame"],"picked":"Singing Bowl","floor":20.0},{"not_picked":["TodaysExpression","Lantern"],"picked":"Singing Bowl","floor":22.0},{"not_picked":["GreedKing","Bloodbath"],"picked":"QueenOfHatred","floor":23.0},{"not_picked":["Twilight","Lantern"],"picked":"Singing Bowl","floor":23.0},{"not_picked":["Pinks","Amita"],"picked":"Singing Bowl","floor":25.0},{"not_picked":["DaCapo"],"picked":"Diffraction","floor":28.0},{"not_picked":["Beak","Lantern+1"],"picked":"Singing Bowl","floor":29.0},{"not_picked":["SomewhereSpear","Wingbeat"],"picked":"Singing Bowl","floor":31.0},{"not_picked":["ParadiseLost","SoundOfStar"],"picked":"Singing Bowl","floor":33.0},{"not_picked":["FieryBird","DespairKnight"],"picked":"LongBird","floor":35.0},{"not_picked":["Beak","BlueScar"],"picked":"Singing Bowl","floor":35.0},{"not_picked":["CUTE","MagicBullet"],"picked":"Singing Bowl","floor":36.0},{"not_picked":["RapturousDream","Regret_ego"],"picked":"Singing Bowl","floor":38.0},{"not_picked":["Tough+1","CUTE"],"picked":"Singing Bowl","floor":41.0},{"not_picked":["Woodsman","BeautyBeast"],"picked":"BodiesMountain","floor":44},{"not_picked":["TheSmile","Lantern+1"],"picked":"Singing Bowl","floor":44},{"not_picked":["Lantern","Amita+1"],"picked":"Singing Bowl","floor":45},{"not_picked":["Tough","Beak"],"picked":"Singing Bowl","floor":45}],"player_experience":27478,"relics_obtained":[{"floor":1.0,"key":"LetterFromLob"},{"floor":3.0,"key":"Blue Candle"},{"floor":9.0,"key":"White Beast Statue"},{"floor":23.0,"key":"Tiny Chest"},{"floor":26.0,"key":"War Paint"},{"floor":28.0,"key":"Unceasing Top"},{"floor":28.0,"key":"InkBottle"},{"floor":29.0,"key":"CaptainsWheel"},{"floor":36.0,"key":"Twilight"},{"floor":39.0,"key":"Blood Vial"},{"floor":41.0,"key":"Darkstone Periapt"},{"floor":43.0,"key":"Bag of Marbles"},{"floor":44,"key":"AtMidnight"},{"floor":45,"key":"Frozen Egg 2"}],"event_choices":[{"damage_healed":0.0,"max_hp_gain":0.0,"max_hp_loss":0.0,"gold_gain":175.0,"event_name":"Liars Game","player_choice":"AGREE","floor":5.0,"gold_loss":0.0,"damage_taken":0.0,"cards_obtained":["Doubt"]},{"damage_healed":0.0,"max_hp_gain":0.0,"max_hp_loss":0.0,"gold_gain":30.0,"event_name":"Dead Adventurer","player_choice":"Searched \u00273\u0027 times","floor":10.0,"gold_loss":0.0,"damage_taken":0.0,"relics_obtained":["Vajra"]},{"damage_healed":0.0,"max_hp_gain":0.0,"max_hp_loss":0.0,"gold_gain":0.0,"event_name":"Scrap Ooze","player_choice":"Success","floor":12.0,"gold_loss":0.0,"damage_taken":12.0,"relics_obtained":["Singing Bowl"]},{"cards_removed":["SpecialBullet"],"damage_healed":0.0,"max_hp_gain":0.0,"max_hp_loss":0.0,"gold_gain":0.0,"event_name":"Bonfire Elementals","player_choice":"Offered Basic","floor":13.0,"gold_loss":0.0,"damage_taken":0.0},{"damage_healed":0.0,"max_hp_gain":5.0,"max_hp_loss":0.0,"gold_gain":0.0,"event_name":"Forgotten Altar","player_choice":"Shed Blood","floor":19.0,"gold_loss":0.0,"damage_taken":19.0},{"damage_healed":0.0,"max_hp_gain":0.0,"max_hp_loss":0.0,"gold_gain":90.0,"event_name":"Knowing Skull","player_choice":"GOLD ","floor":21.0,"potions_obtained":[],"gold_loss":0.0,"damage_taken":12.0,"cards_obtained":[]},{"damage_healed":0.0,"max_hp_gain":0.0,"max_hp_loss":0.0,"gold_gain":0.0,"event_name":"Colosseum","player_choice":"Fight","floor":28.0,"gold_loss":0.0,"damage_taken":0.0},{"damage_healed":0.0,"max_hp_gain":0.0,"max_hp_loss":0.0,"gold_gain":0.0,"event_name":"Colosseum","player_choice":"Fought Nobs","floor":28.0,"gold_loss":0.0,"damage_taken":0.0},{"damage_healed":0.0,"max_hp_gain":0.0,"max_hp_loss":0.0,"gold_gain":0.0,"event_name":"Match and Keep!","player_choice":"0 cards matched","floor":37.0,"gold_loss":0.0,"damage_taken":0.0,"cards_obtained":[]},{"damage_healed":0,"gold_gain":0,"player_choice":"Paid","damage_taken":0,"relics_obtained":["Red Mask"],"max_hp_gain":0,"max_hp_loss":0,"event_name":"Tomb of Lord Red Mask","floor":46,"gold_loss":45}],"is_beta":false,"boss_relics":[{"not_picked":["Runic Pyramid","Tiny House"],"picked":"Ectoplasm"},{"not_picked":["Runic Dome","Snecko Eye"],"picked":"Fusion Hammer"}],"items_purged_floors":[2,11],"is_endless":false,"potions_floor_spawned":[1,7,14,16,20,22,25,28,33,35,36,38,51,51,51,51,51],"ascension_level":1}}