{"host":"y6zg4wwu39otf01a","time":1613423170,"event":{"mods":["Act Like it!","Aspiration","BaseMod","Better Altar","Better Match","Better Note","Better Sensory Stone","Better Skull","Better Third Choice","Challenge The Spire","Colored Map","Colored Powertips","Conspire","GifTheSpireLib","Glutton Mod","Halation","Hermit","Highlight Path","Hubris","Infinite Spire","Mimic Mod","Minty Spire (QoL Compilation)","Quick Restart","Random Character Button","Rare Cards Sparkle","Replay The Spire","Retaliation","Spicy Shops","StSLib","Stuff the Spire","The Blue Laboratory","The Jungle"],"gold_per_floor":[119,35,47,59,59,59,84,84,84,134,167,167,167,167,167,269,269,287,309,309,309,309,341,341,367,398,398,7,33,33,33,33,143,197,221,221,271,271,129,129,173,173,118,164,195,262,262,309,309,309,309],"floor_reached":50,"language":"ENG","playtime":8439,"items_purged":["Normality"],"score":687,"play_id":"5214b813-265d-4819-ab67-833da7fb63da","local_time":"20210215150610","is_ascension_mode":true,"campfire_choices":[{"data":"Eruption","floor":6.0,"key":"SMITH"},{"floor":15.0,"key":"REST"},{"floor":24.0,"key":"DIG"},{"data":"Eruption","floor":27,"key":"SMITH"},{"floor":30,"key":"DIG"},{"floor":32,"key":"DIG"},{"floor":40,"key":"RECALL"},{"data":"ReplayTheSpireMod:Echoes of Time","floor":42,"key":"SMITH"},{"floor":47,"key":"DIG"},{"floor":49,"key":"DIG"}],"circlet_count":0,"master_deck":["Strike_P","Strike_P","Strike_P","Strike_P","Defend_P","Defend_P","Defend_P","Defend_P","Eruption+1","Vigilance","BattleHymn","Evaluate","EmptyFist","Tantrum","hermit:Headshot","Blasphemy","Replay:BluntJabs+1","ReplayTheSpireMod:Splinters","ReplayTheSpireMod:Echo Chamber","DeusExMachina","MasterReality","FlurryOfBlows+1","DevaForm","CommonCold","hermit:Covet","StuffTheSpire:Vigor","DeusExMachina","conspire:Banana","ReplayTheSpireMod:Echoes of Time+1","hubris:Greed","StuffTheSpire:BrainWave","StuffTheSpire:Innocence","Study"],"relics":["ReplayTheSpireMod:Ring of Addiction","infinitespire:Lychee Nut","Cracked Core","Boot","hermit:RyeStalk","halation:SimulatedSpire","aspiration:WatcherSkillbook","StuffTheSpire:Saxophone","SlaversCollar","Shovel","Snack Pack","Thread and Needle","conspire:DeflatedDodgeball","Champion Belt","infinitespire:Chaos","Toy Ornithopter","hubris:EmptyBottle","Replay:Purple Gloves","Eternal Feather","infinitespire:PuzzleCube","Mercury Hourglass","CloakClasp","halation:Diary","Yang","CeramicFish","hubris:Towel","Simple Rune","infinitespire:EvilPickle","ReplayTheSpireMod:SealedPack","StuffTheSpire:GreaterSneckoEye","halation:Trompette","halation:PinkSoulGem","ReplayTheSpireMod:CursedCoin","hubris:GlazedTorus","StuffTheSpire:CocoNut","Bird Faced Urn","conspire:GlowingRock","infinitespire:Golems Mask","conspire:Boomerang","StuffTheSpire:Rhapsscallions"],"acts_visited":["Exordium","TheCity","TheBeyond"],"potions_floor_usage":[25,29,35,35,37,37,41,41,44,50,50],"damage_taken":[{"damage":0.0,"enemies":"Jaw Worm","floor":1.0,"turns":1.0},{"damage":0.0,"enemies":"2 Louse","floor":3.0,"turns":1.0},{"damage":2.0,"enemies":"Small Slimes","floor":4.0,"turns":2.0},{"damage":20.0,"enemies":"3 Sentries","floor":7.0,"turns":5.0},{"damage":41.0,"enemies":"Lagavulin","floor":11.0,"turns":4.0},{"damage":24.0,"enemies":"Fading Forest","floor":16.0,"turns":11.0},{"damage":0.0,"enemies":"2 Thieves","floor":18.0,"turns":2.0},{"damage":6.0,"enemies":"Replay:Snechameleon","floor":23.0,"turns":4.0},{"damage":100034,"enemies":"Slavers","floor":25,"turns":3},{"damage":2,"enemies":"Chosen","floor":26,"turns":4},{"damage":13,"enemies":"Gremlin Leader","floor":29,"turns":3},{"damage":5,"enemies":"Pondfish","floor":33,"turns":5},{"damage":0,"enemies":"3 Shapes","floor":35,"turns":2},{"damage":0,"enemies":"Mind Bloom Boss Battle","floor":37,"turns":4},{"damage":4,"enemies":"R_Hoarder","floor":41,"turns":4},{"damage":0,"enemies":"3 Darklings","floor":43,"turns":5},{"damage":77,"enemies":"Reptomancer","floor":44,"turns":4},{"damage":0,"enemies":"3 Darklings","floor":45,"turns":1},{"damage":4,"enemies":"Transient","floor":46,"turns":5},{"damage":59,"enemies":"4 Shapes","floor":48,"turns":3},{"damage":110,"enemies":"Replay:Hell Engine","floor":50,"turns":6}],"seed_played":"2966673251665974287","potions_obtained":[{"floor":4.0,"key":"Fire Potion"},{"floor":7.0,"key":"ColorlessPotion"},{"floor":16.0,"key":"blueLaboratory:RecallPotion"},{"floor":22.0,"key":"FairyPotion"},{"floor":22.0,"key":"EntropicBrew"},{"floor":25,"key":"conspire:TimeTravelPotion"},{"floor":33,"key":"Toxic Potion"},{"floor":35,"key":"DistilledChaos"},{"floor":37,"key":"AttackPotion"},{"floor":48,"key":"blueLaboratory:BubblePotion"}],"is_trial":false,"path_per_floor":["M","$","M","M","?","R","E","?","T","?","E","?","?","?","R","B",null,"M","?","?","?","AVR","E","R","E","MIM","R","$","E","R","?","R_BF","B",null,"M","?","?","?","$","R","E","R","MIM","E","M","M","R","M","R","B"],"character_chosen":"WATCHER","items_purchased":["halation:LostSnail","CloakClasp","halation:Diary","ReplayTheSpireMod:CursedCoin","hubris:GlazedTorus"],"campfire_rested":1,"item_purchase_floors":[2,28,28,39,39],"current_hp_per_floor":[72,72,72,70,70,70,50,50,50,50,9,9,9,9,30,30,72,72,72,55,55,54,54,54,16,22,34,34,48,52,52,52,50,50,50,30,51,51,51,51,56,58,58,30,34,51,59,3,22,0,0],"gold":309,"neow_bonus":"THREE_ENEMY_KILL","is_daily":false,"chose_seed":false,"campfire_upgraded":3,"win_rate":0.0,"timestamp":1613423170,"path_taken":["M","$","M","M","?","R","E","?","T","?","E","?","?","?","R","BOSS","M","?","?","?","AVR","E","R","E","MIM","R","$","E","R","?","R_BF","BOSS","M","?","?","?","$","R","E","R","MIM","E","?","M","R","M","R","BOSS"],"items_purchased_type":["Relic","Relic","Relic","Relic","Relic"],"build_version":"2020-12-22","purchased_purges":1,"victory":false,"max_hp_per_floor":[72,72,72,72,72,72,72,72,72,72,72,72,72,72,72,72,72,72,72,72,72,54,54,54,54,54,54,54,52,52,52,52,50,50,50,50,51,51,51,51,58,58,58,58,58,59,59,57,58,59,59],"card_choices":[{"not_picked":["PathToVictory","Vengeance"],"picked":"BattleHymn","floor":1.0},{"not_picked":["FlyingSleeves","CrushJoints"],"picked":"Evaluate","floor":3.0},{"not_picked":["Conclude","Swivel"],"picked":"EmptyFist","floor":4.0},{"not_picked":["Replay:ManipulateFuture","EmptyFist"],"picked":"Tantrum","floor":7.0},{"not_picked":["FlyingSleeves","Replay:Cycle","Replay:ManipulateFuture"],"picked":"SKIP","floor":11.0},{"not_picked":["Alpha","Brilliance"],"picked":"Blasphemy","floor":16.0},{"not_picked":["Prostrate","FlyingSleeves"],"picked":"Replay:BluntJabs+1","floor":18.0},{"not_picked":["hubris:Rewind","infinitespire:DeathsTouch"],"picked":"ReplayTheSpireMod:Echo Chamber","floor":20.0},{"not_picked":["DDmod:AllInSkill","Hemokinesis+1","Pommel Strike"],"picked":"DeusExMachina","floor":23.0},{"not_picked":["Wireheading","Replay:Anticipation","Worship"],"picked":"MasterReality","floor":25},{"not_picked":["MentalFortress","Replay:AtTheReady","Wireheading"],"picked":"FlurryOfBlows+1","floor":26},{"not_picked":["Protect","CutThroughFate","EmptyBody","JustLucky+1"],"picked":"SKIP","floor":29},{"not_picked":["Scrawl","Establishment","DeusExMachina"],"picked":"DevaForm","floor":33},{"not_picked":["Neutralize","Eruption","m_Survivalism"],"picked":"hermit:Covet","floor":34},{"not_picked":["Devotion","Establishment","Omniscience"],"picked":"DeusExMachina","floor":34},{"not_picked":["Purity","Dark Shackles","Finesse"],"picked":"conspire:Banana","floor":34},{"not_picked":["ReplayTheSpireMod:Echo Chamber","Replay:Fractal Strike","infinitespire:Punishment"],"picked":"ReplayTheSpireMod:Echoes of Time","floor":34},{"not_picked":["Indignation","Protect+1","Consecrate+1","FollowUp+1"],"picked":"SKIP","floor":35},{"not_picked":["CutThroughFate+1","Protect","Worship","SashWhip"],"picked":"SKIP","floor":41},{"not_picked":["Prostrate","JustLucky","Worship+1","Weave+1"],"picked":"SKIP","floor":41},{"not_picked":["Protect","Replay:ManipulateFuture+1","FlyingSleeves","CarveReality"],"picked":"SKIP","floor":44},{"not_picked":["Halt","Protect+1","CutThroughFate+1","EmptyFist+1"],"picked":"SKIP","floor":44},{"not_picked":["FlurryOfBlows","Replay:BluntJabs+1","JustLucky","Protect+1"],"picked":"SKIP","floor":45},{"not_picked":["BowlingBash","FlurryOfBlows","FlyingSleeves+1","InnerPeace"],"picked":"SKIP","floor":45},{"not_picked":["Indignation","Replay:AtTheReady","EmptyFist+1"],"picked":"Study","floor":46},{"not_picked":["Worship+1","PathToVictory+1","Collect","Crescendo+1"],"picked":"SKIP","floor":46},{"not_picked":["WheelKick+1","FollowUp+1","BowlingBash+1","Sanctity+1"],"picked":"SKIP","floor":48}],"player_experience":834758,"relics_obtained":[{"floor":7.0,"key":"Akabeko"},{"floor":9.0,"key":"infinitespire:ShieldingShard"},{"floor":10.0,"key":"ReplayTheSpireMod:Ring of Challenge"},{"floor":10.0,"key":"Ring of Greed"},{"floor":10.0,"key":"Membership Card"},{"floor":10.0,"key":"Smiling Mask"},{"floor":11.0,"key":"hubris:ToyBattleship"},{"floor":19.0,"key":"Torii"},{"floor":22.0,"key":"Toy Ornithopter"},{"floor":22.0,"key":"hubris:EmptyBottle"},{"floor":23.0,"key":"Replay:Purple Gloves"},{"floor":24.0,"key":"Eternal Feather"},{"floor":25,"key":"infinitespire:PuzzleCube"},{"floor":26,"key":"Mercury Hourglass"},{"floor":29,"key":"Yang"},{"floor":30,"key":"CeramicFish"},{"floor":32,"key":"Simple Rune"},{"floor":36,"key":"StuffTheSpire:GreaterSneckoEye"},{"floor":37,"key":"halation:Trompette"},{"floor":41,"key":"StuffTheSpire:CocoNut"},{"floor":43,"key":"Bird Faced Urn"},{"floor":43,"key":"conspire:GlowingRock"},{"floor":44,"key":"infinitespire:Golems Mask"},{"floor":47,"key":"conspire:Boomerang"},{"floor":49,"key":"StuffTheSpire:Rhapsscallions"}],"event_choices":[{"damage_healed":0.0,"max_hp_gain":0.0,"max_hp_loss":0.0,"gold_gain":1.0,"event_name":"betterStone:BetterStone","player_choice":"4","floor":8.0,"gold_loss":0.0,"damage_taken":0.0,"cards_obtained":["hermit:Headshot"]},{"damage_healed":0.0,"max_hp_gain":0.0,"max_hp_loss":0.0,"gold_gain":0.0,"event_name":"betterThird:BetterScrap","player_choice":"LEAVE","floor":12.0,"gold_loss":0.0,"damage_taken":0.0,"cards_obtained":["Pummel"]},{"damage_healed":0.0,"max_hp_gain":0.0,"max_hp_loss":0.0,"gold_gain":0.0,"event_name":"conspire:Investor","player_choice":"Leave","floor":13.0,"gold_loss":0.0,"damage_taken":0.0},{"damage_healed":0.0,"max_hp_gain":0.0,"max_hp_loss":0.0,"gold_gain":0.0,"event_name":"N\u0027loth","player_choice":"Traded Relic","floor":21.0,"relics_lost":["Torii"],"gold_loss":0.0,"damage_taken":0.0,"relics_obtained":["Nloth\u0027s Gift"]},{"damage_healed":0,"gold_gain":0,"player_choice":"Fight","damage_taken":0,"max_hp_gain":0,"max_hp_loss":0,"event_name":"MindBloom","floor":37,"gold_loss":0}],"is_beta":false,"boss_relics":[{"not_picked":["Fusion Hammer","conspire:SeveredTorchhead"],"picked":"hubris:RunicObelisk"},{"not_picked":["StuffTheSpire:Kangaroo","Honey Jar"],"picked":"ReplayTheSpireMod:SealedPack"}],"items_purged_floors":[22],"is_endless":false,"potions_floor_spawned":[4,7,16,25,33,35,37,46,48],"killed_by":"Replay:Hell Engine","ascension_level":2}}