{"host":"vumwfieg2b2mnrfl","time":1613427771,"event":{"mods":["AchievementEnabler","BaseMod","Minty Spire (QoL Compilation)","Rare Cards Sparkle","Relic Stats"],"gold_per_floor":[116,136,146,165,440,465,465,491,491,59,69,69,69],"floor_reached":12,"language":"ENG","playtime":347,"items_purged":["Regret"],"score":180,"play_id":"c69467be-1041-4da9-8bbf-044f40cce232","local_time":"20210215162251","is_ascension_mode":true,"campfire_choices":[{"data":"Dagger Throw","floor":7.0,"key":"SMITH"}],"circlet_count":0,"master_deck":["AscendersBane","Strike_G","Strike_G","Strike_G","Strike_G","Strike_G","Defend_G","Defend_G","Defend_G","Defend_G","Defend_G","Survivor","Neutralize","Dagger Throw+1","Poisoned Stab","Underhanded Strike","Blade Dance","Backflip","Accuracy","Finisher"],"relics":["Ring of the Snake","NeowsBlessing","Strawberry","Bottled Flame","The Specimen","Shuriken"],"acts_visited":["Exordium"],"potions_floor_usage":[8,12],"damage_taken":[{"damage":0.0,"enemies":"Cultist","floor":1.0,"turns":1.0},{"damage":0.0,"enemies":"2 Louse","floor":2.0,"turns":1.0},{"damage":0.0,"enemies":"Small Slimes","floor":3.0,"turns":1.0},{"damage":3.0,"enemies":"2 Fungi Beasts","floor":4.0,"turns":4.0},{"damage":17.0,"enemies":"Lagavulin","floor":6.0,"turns":5.0},{"damage":27,"enemies":"3 Sentries","floor":8,"turns":9},{"damage":13,"enemies":"Exordium Wildlife","floor":11,"turns":3},{"damage":32,"enemies":"Gremlin Nob","floor":12,"turns":3}],"seed_played":"6133169944994486608","potions_obtained":[{"floor":1.0,"key":"Poison Potion"},{"floor":2.0,"key":"EssenceOfSteel"},{"floor":8,"key":"Regen Potion"}],"is_trial":false,"path_per_floor":["M","M","M","M","?","E","R","E","T","$","M","E"],"character_chosen":"THE_SILENT","items_purchased":["Shuriken","Accuracy"],"campfire_rested":0,"item_purchase_floors":[10,10],"current_hp_per_floor":[59,59,59,56,56,46,46,19,19,19,6,0,0],"gold":69,"neow_bonus":"THREE_ENEMY_KILL","is_daily":false,"chose_seed":false,"campfire_upgraded":1,"win_rate":0.0,"timestamp":1613427771,"path_taken":["M","M","M","?","?","E","R","E","T","$","M","E"],"items_purchased_type":["Relic","Card"],"build_version":"2020-12-22","purchased_purges":1,"victory":false,"max_hp_per_floor":[66,66,66,66,66,73,73,73,73,73,73,73,73],"relic_stats":{"counters":[8,27],"Shuriken":[3],"obtain_stats":[{"Bottled Flame":8,"NeowsBlessing":0,"The Specimen":9,"Shuriken":10,"Strawberry":6,"Ring of the Snake":0},{"Bottled Flame":6,"NeowsBlessing":0,"The Specimen":6,"Shuriken":6,"Strawberry":5,"Ring of the Snake":0},{"Bottled Flame":21,"NeowsBlessing":0,"The Specimen":21,"Shuriken":21,"Strawberry":12,"Ring of the Snake":0}],"Ring of the Snake":[16]},"card_choices":[{"not_picked":["Riddle With Holes","Deadly Poison"],"picked":"Dagger Throw","floor":1.0},{"not_picked":["Slice","Sucker Punch","Bane"],"picked":"SKIP","floor":2.0},{"not_picked":["Well Laid Plans","Cloak And Dagger"],"picked":"Poisoned Stab","floor":3.0},{"not_picked":["Slice","Quick Slash"],"picked":"Underhanded Strike","floor":4.0},{"not_picked":["Dagger Throw","Masterful Stab"],"picked":"Blade Dance","floor":6.0},{"not_picked":["Dagger Throw","Endless Agony"],"picked":"Backflip","floor":8},{"not_picked":["Crippling Poison","Poisoned Stab"],"picked":"Finisher","floor":11}],"player_experience":563206,"relics_obtained":[{"floor":6.0,"key":"Strawberry"},{"floor":8,"key":"Bottled Flame"},{"floor":9,"key":"The Specimen"}],"event_choices":[{"damage_healed":0.0,"max_hp_gain":0.0,"max_hp_loss":0.0,"gold_gain":275.0,"event_name":"Golden Shrine","player_choice":"Desecrate","floor":5.0,"gold_loss":0.0,"damage_taken":0.0,"cards_obtained":["Regret"]}],"is_beta":false,"boss_relics":[],"items_purged_floors":[10],"is_endless":false,"potions_floor_spawned":[1,2,8],"killed_by":"Gremlin Nob","ascension_level":20}}