{"host":"350rh84kbmtekt58","time":1613387637,"event":{"mods":["AchievementEnabler","Act Like it!","BaseMod","Better Synergies","Block Reminder","CapriCore","Challenge The Spire","Colored Map","Colored Powertips","Communication Mod","Downfall","Energized Spire","Friendly Minions","GifTheSpireLib","Highlight Path","Minty Spire (QoL Compilation)","Quick Restart","Replay The Spire","Shop Mod","StSLib","The Animator","The Disciple","The Immortal","The Marked","The Runesmith","The Servant 0.9.4","The Wild Card","Transform Curses","yUi"],"gold_per_floor":[115,115,127,140,155,12,40,40,40,66,66,66,66,95,95,195,195,185,185,185,185,185,211,222,249,275,318,5,17,17],"floor_reached":29,"language":"ENG","playtime":2135,"items_purged":[],"score":338,"play_id":"d2249c4f-e96a-41c8-ac13-715d960ccf05","local_time":"20210215051357","is_ascension_mode":true,"campfire_choices":[{"floor":8,"key":"RECALL"},{"floor":11,"key":"REST"}],"circlet_count":0,"master_deck":["Strike_B","Strike_B","Strike_B","Defend_B","Defend_B","Defend_B","Zap","Dualcast","Glacier","Doom and Gloom","Self Repair","Coolheaded","Meteor Strike","Double Energy","Fusion","Hologram","Rebound+1","Slimebound:CheckThePlaybook","downfall:Icky","FIFO Queue","Conserve Battery+1","Leap+1","Compile Driver+1","HandOfGreed","Meteor Strike"],"relics":["Fusion Hammer","Membership Card","Onion Ring","Mummified Hand","Runesmith:Nanobots","ReplayTheSpireMod:Ring of Addiction","Ring of Peace","Chameleon Ring","SacredBark","Replay:Towering Pillar of Hats","SlaversCollar","Prayer Wheel","Sundial","Singing Bowl","Replay:Bandana","Omamori","Replay:Baseball","Chemical X","Geode"],"acts_visited":["Exordium","TheCity"],"potions_floor_usage":[7,10,14,14,14,16,16,23,24],"damage_taken":[{"damage":6,"enemies":"Jaw Worm","floor":1,"turns":4},{"damage":0,"enemies":"Cultist","floor":3,"turns":4},{"damage":6,"enemies":"2 Louse","floor":4,"turns":2},{"damage":10,"enemies":"Exordium Wildlife","floor":5,"turns":6},{"damage":6,"enemies":"3 Sentries","floor":7,"turns":6},{"damage":20,"enemies":"Lagavulin","floor":10,"turns":4},{"damage":0,"enemies":"Gremlin Nob","floor":14,"turns":2},{"damage":22,"enemies":"The Guardian","floor":16,"turns":9},{"damage":0,"enemies":"2 Thieves","floor":18,"turns":4},{"damage":11,"enemies":"Book of Stabbing","floor":23,"turns":4},{"damage":5,"enemies":"3 Byrds","floor":24,"turns":5},{"damage":26,"enemies":"Slavers","floor":25,"turns":5},{"damage":40,"enemies":"Gremlin Leader","floor":27,"turns":6},{"damage":25,"enemies":"Centurion and Healer","floor":29,"turns":4}],"seed_played":"3446470491342286131","potions_obtained":[{"floor":4,"key":"ColorlessPotion"},{"floor":7,"key":"sneckomod:MuddlingPotion"},{"floor":12,"key":"Swift Potion"},{"floor":12,"key":"BlessingOfTheForge"},{"floor":12,"key":"Dexterity Potion"},{"floor":13,"key":"Strength Potion"},{"floor":14,"key":"Block Potion"},{"floor":15,"key":"EssenceOfSteel"},{"floor":15,"key":"ColorlessPotion"},{"floor":23,"key":"Adrenaline Potion"}],"is_trial":false,"path_per_floor":["M","?","M","M","M","$","E","R","T","E","R","?","R","E","R","B",null,"M","?","?","?","?","E","M","E","T","E","$","M"],"character_chosen":"DEFECT","items_purchased":["Membership Card","Chemical X","Geode","HandOfGreed","Meteor Strike"],"campfire_rested":1,"item_purchase_floors":[6,28,28,28,28],"current_hp_per_floor":[69,69,69,63,60,60,61,61,61,48,70,70,70,75,75,60,75,75,75,73,73,73,67,71,52,52,21,21,0,0],"gold":17,"neow_bonus":"BOSS_RELIC","is_daily":false,"chose_seed":false,"campfire_upgraded":0,"win_rate":0.0,"timestamp":1613387637,"path_taken":["M","?","M","?","M","$","E","R","T","E","R","?","R","E","R","BOSS","M","?","?","?","?","E","M","E","T","E","?","?"],"items_purchased_type":["Relic","Relic","Relic","Card","Card"],"build_version":"2020-12-22","purchased_purges":0,"victory":false,"max_hp_per_floor":[75,75,75,75,75,75,75,75,75,75,75,75,75,75,75,75,75,75,75,73,73,73,71,73,73,73,75,73,73,73],"card_choices":[{"not_picked":["Steam","Consume"],"picked":"Glacier","floor":1},{"not_picked":["Steam","FTL"],"picked":"Doom and Gloom","floor":3},{"not_picked":["Steam","Conserve Battery"],"picked":"Self Repair","floor":4},{"not_picked":["Steam","Turbo"],"picked":"Coolheaded","floor":5},{"not_picked":["Tempest","Go for the Eyes"],"picked":"Meteor Strike","floor":7},{"not_picked":["Steam","Cold Snap"],"picked":"Double Energy","floor":10},{"not_picked":["Sweeping Beam","Leap"],"picked":"Fusion","floor":14},{"not_picked":["Thunder Strike","Amplify"],"picked":"ReplayTheSpireMod:Fabricate Wheel","floor":16},{"not_picked":["Streamline","Coolheaded"],"picked":"Hologram","floor":18},{"not_picked":["Cold Snap","Glacier"],"picked":"Rebound+1","floor":18},{"not_picked":["Steam","ReplayTheSpireMod:Repulse"],"picked":"Conserve Battery+1","floor":23},{"not_picked":["Hello World","Hologram","Static Discharge+1"],"picked":"Singing Bowl","floor":24},{"not_picked":["Gash","Chill+1"],"picked":"Leap+1","floor":24},{"not_picked":["Meteor Strike","Gash"],"picked":"Compile Driver+1","floor":25},{"not_picked":["Beam Cell+1","BasicCrystalCard+1","ReplayTheSpireMod:System Scan+1"],"picked":"Singing Bowl","floor":27}],"player_experience":247089,"relics_obtained":[{"floor":7,"key":"Onion Ring"},{"floor":9,"key":"Mummified Hand"},{"floor":10,"key":"Runesmith:Nanobots"},{"floor":12,"key":"ReplayTheSpireMod:Ring of Addiction"},{"floor":12,"key":"Ring of Peace"},{"floor":12,"key":"Chameleon Ring"},{"floor":12,"key":"SacredBark"},{"floor":14,"key":"Replay:Towering Pillar of Hats"},{"floor":23,"key":"Singing Bowl"},{"floor":25,"key":"Replay:Bandana"},{"floor":26,"key":"Omamori"},{"floor":27,"key":"Replay:Baseball"}],"event_choices":[{"cards_removed":["Defend_B"],"damage_healed":0,"gold_gain":0,"player_choice":"Offered Basic","damage_taken":0,"max_hp_gain":0,"max_hp_loss":0,"event_name":"Bonfire Elementals","floor":2,"gold_loss":0},{"cards_removed":["Strike_B"],"damage_healed":0,"gold_gain":0,"player_choice":"Elegance","damage_taken":0,"max_hp_gain":0,"max_hp_loss":0,"event_name":"Back to Basics","floor":19,"gold_loss":0},{"damage_healed":0,"gold_gain":0,"player_choice":"Read","damage_taken":0,"max_hp_gain":0,"max_hp_loss":0,"event_name":"The Library","floor":21,"gold_loss":0,"cards_obtained":["FIFO Queue"]}],"is_beta":false,"boss_relics":[{"not_picked":["Kintsugi","energizedSpire:RedRose"],"picked":"SlaversCollar"}],"items_purged_floors":[],"is_endless":false,"potions_floor_spawned":[4,7,14,23],"killed_by":"Centurion and Healer","ascension_level":1}}