{"host":"z8galgznf6llawpn","time":1613427780,"event":{"mods":["AchievementEnabler","Act Like it!","Aspiration","BaseMod","Colored Map","Conspire","Energized Spire","Friendly Minions","Minty Spire (QoL Compilation)","Pale of the Ancients","Permanent Neow","Relic Sorter","Replay The Spire","StSLib","The Blue Laboratory","The Servant 0.9.4","Unceasing Turn Reminder"],"gold_per_floor":[117,117,132,207,221,221,254,254,254,254,266,299,316,316,316,420,420,440,53,70,82,82,82,110,129,197,197,257,287,287,316,316,416,416,432,442,542,592,602,628,628,732,732,782,812,832,867,917,917,917,929,945,995,1063,1063,1074,1074,623,623,623],"floor_reached":61,"language":"ENG","playtime":2533,"items_purged":[],"score":1629,"play_id":"016c4c9a-40f4-428e-bcdb-386d37b9645d","local_time":"20210215172300","is_ascension_mode":true,"campfire_choices":[{"data":"Zap","floor":6,"key":"SMITH"},{"data":"ReplayTheSpireMod:Fabricate Wheel","floor":8,"key":"SMITH"},{"data":"BowlingBash","floor":10,"key":"SMITH"},{"floor":15,"key":"REST"},{"data":"Creative AI","floor":23,"key":"SMITH"},{"data":"Biased Cognition","floor":32,"key":"SMITH"},{"data":"Beam Cell","floor":41,"key":"SMITH"},{"data":"Lockon","floor":49,"key":"SMITH"},{"data":"aspiration:Polymerization","floor":55,"key":"SMITH"},{"data":"Leap","floor":57,"key":"SMITH"}],"circlet_count":0,"master_deck":["Strike_B+1","Strike_B+1","Strike_B+1","Defend_B","Defend_B","Defend_B","Zap+1","Dualcast+1","Lockon+1","Leap","BowlingBash+1","Echo Form","Creative AI+1","aspiration:Polymerization+1","Steam","Conserve Battery","Barrage","Biased Cognition+1","Ball Lightning","Stack+1","Ball Lightning","Thunder Strike+1","White Noise+1","BasicCrystalCard+1","conspire:SharedLibrary+1","Beam Cell+1","Defragment+1","Coolheaded+1","Buffer+1","Leap","Redo+1","BootSequence","Leap+1","Echo Form+1"],"relics":["Cracked Core","aspiration:Nostalgia","Replay:M_SmolderingBlood","conspire:DeflatedDodgeball","aspiration:HatOfInfinitePower","Prayer Wheel","Bottled Tornado","energizedSpire:MagnifyingGlass","OrangePellets","Shuriken","Juzu Bracelet","MealTicket","Geode","Golden Egg","SsserpentHead","Girya","ChewingGum","conspire:GlowingRock","StoneCalendar","Vajra","conspire:IceCreamScoop","Blood Vial","conspire:DecoderRing","Whetstone","Mummified Hand","Ring of Hypnosis","ReplayTheSpireMod:Ring of Addiction","Potion Belt","SacredBark","paleoftheancients:Timepiece","paleoftheancients:KeyRelic","CultistMask","Spirit Poop","Mirror","paleoftheancients:SoulOfTheDefect","conspire:TreasureMap","Anchor","Pen Nib"],"acts_visited":["Exordium","TheCity","TheBeyond","paleoftheancients:PaleOfTheAncients"],"potions_floor_usage":[52,60],"damage_taken":[{"damage":1,"enemies":"Jaw Worm","floor":1,"turns":3},{"damage":0,"enemies":"Cultist","floor":3,"turns":2},{"damage":0,"enemies":"2 Louse","floor":5,"turns":3},{"damage":9,"enemies":"Replay:BlueRogue","floor":7,"turns":7},{"damage":15,"enemies":"Looter","floor":11,"turns":4},{"damage":41,"enemies":"Gremlin Nob","floor":12,"turns":5},{"damage":12,"enemies":"Blue Slaver","floor":13,"turns":3},{"damage":7,"enemies":"The Guardian","floor":16,"turns":10},{"damage":23,"enemies":"conspire:FuzzyDice","floor":18,"turns":6},{"damage":9,"enemies":"2 Thieves","floor":20,"turns":4},{"damage":12,"enemies":"Snecko","floor":21,"turns":4},{"damage":26,"enemies":"conspire:Head Lice","floor":24,"turns":6},{"damage":16,"enemies":"Centurion and Healer","floor":25,"turns":7},{"damage":9,"enemies":"Book of Stabbing","floor":29,"turns":5},{"damage":28,"enemies":"conspire:SneckoGhost","floor":31,"turns":5},{"damage":45,"enemies":"Automaton","floor":33,"turns":7},{"damage":15,"enemies":"3 Darklings","floor":35,"turns":5},{"damage":0,"enemies":"3 Shapes","floor":36,"turns":5},{"damage":11,"enemies":"Mind Bloom Boss Battle","floor":37,"turns":5},{"damage":48,"enemies":"Nemesis","floor":40,"turns":7},{"damage":28,"enemies":"2 Orb Walkers","floor":42,"turns":5},{"damage":29,"enemies":"Reptomancer","floor":45,"turns":5},{"damage":13,"enemies":"3 Darklings","floor":46,"turns":5},{"damage":5,"enemies":"R_Hoarder","floor":47,"turns":5},{"damage":87,"enemies":"Awakened One","floor":50,"turns":9},{"damage":62,"enemies":"Awakened One","floor":51,"turns":9},{"damage":3,"enemies":"Awakened One","floor":52,"turns":6},{"damage":5,"enemies":"Awakened One","floor":56,"turns":8},{"damage":0,"enemies":"paleoftheancients:N","floor":60,"turns":9}],"seed_played":"1447403064997418361","potions_obtained":[{"floor":1,"key":"blueLaboratory:PyrophylliteBrew"},{"floor":7,"key":"Milkshake"},{"floor":13,"key":"Strength Potion"},{"floor":28,"key":"FairyPotion"},{"floor":28,"key":"blueLaboratory:HeartbeatPotion"},{"floor":33,"key":"blueLaboratory:CreativityPotion"},{"floor":48,"key":"blueLaboratory:NullPotion"},{"floor":48,"key":"blueLaboratory:BottleOfRum"}],"is_trial":false,"path_per_floor":["M","?","M","?","M","R","E","R","T","R","M","E","M","?","R","B",null,"M","$","M","M","?","R","E","M","T","?","?","E","?","E","R","B",null,"M","M","?","T","?","E","R","?","T","?","E","M","E","?","R","B","M","M","?","T","R","M","R","$","?","B",null],"character_chosen":"DEFECT","items_purchased":["Shuriken","Juzu Bracelet","conspire:TreasureMap","Anchor","Pen Nib"],"campfire_rested":1,"item_purchase_floors":[19,19,58,58,58],"current_hp_per_floor":[74,74,74,63,63,63,54,54,54,54,39,34,22,7,29,22,75,52,52,43,31,31,31,75,59,59,59,59,50,50,22,22,39,75,60,60,49,49,49,55,55,27,27,27,46,62,59,59,59,78,73,74,74,74,74,72,72,74,72,72],"gold":623,"neow_bonus":"NOSTALGIA","is_daily":false,"chose_seed":false,"campfire_upgraded":9,"win_rate":0.0,"timestamp":1613427780,"path_taken":["M","?","?","?","M","R","E","R","T","R","M","E","M","?","R","BOSS","M","$","M","M","?","R","E","M","T","?","?","E","?","E","R","BOSS","M","M","?","?","?","E","R","?","T","?","E","M","E","?","R","BOSS","M","M","?","T","R","M","R","$","?","BOSS"],"items_purchased_type":["Relic","Relic","Relic","Relic","Relic"],"build_version":"2020-12-22","purchased_purges":0,"victory":true,"max_hp_per_floor":[75,75,75,75,75,75,75,75,75,75,75,75,75,75,75,75,75,75,75,75,75,75,75,75,75,75,75,75,75,75,75,75,75,75,75,75,75,75,75,75,75,75,75,75,75,75,75,75,75,78,78,76,76,76,76,74,74,74,72,72],"card_choices":[{"not_picked":["Tempest","Stack"],"picked":"Lockon","floor":1},{"not_picked":["Sweeping Beam","Turbo"],"picked":"BowlingBash","floor":3},{"not_picked":["Crystallizer","Go for the Eyes"],"picked":"Echo Form","floor":5},{"not_picked":["Whirlwind","Reinforced Body"],"picked":"ReplayTheSpireMod:Fabricate Wheel","floor":7},{"not_picked":["Halt","Steam"],"picked":"aspiration:Polymerization","floor":11},{"not_picked":["Headbutt","Halt"],"picked":"Steam","floor":11},{"not_picked":["Multi-Cast","Redo","Infernal Blade"],"picked":"SKIP","floor":12},{"not_picked":["Turbo","Halt"],"picked":"Conserve Battery","floor":13},{"not_picked":["Recycle","Redo"],"picked":"Barrage","floor":13},{"not_picked":["Fission","Hyperbeam"],"picked":"Biased Cognition","floor":16},{"not_picked":["Chaos","Barrage"],"picked":"Ball Lightning","floor":18},{"not_picked":["Cold Snap","Darkness","Streamline+1"],"picked":"SKIP","floor":18},{"not_picked":["Go for the Eyes","Steam Power+1"],"picked":"Stack+1","floor":20},{"not_picked":["Gash","ReplayTheSpireMod:System Scan"],"picked":"Ball Lightning","floor":20},{"not_picked":["Redo","Barrage","Chaos+1"],"picked":"SKIP","floor":21},{"not_picked":["ReplayTheSpireMod:System Scan","Coolheaded","Leap"],"picked":"SKIP","floor":21},{"not_picked":["Auto Shields","Sweeping Beam+1","Redo"],"picked":"SKIP","floor":24},{"not_picked":["Coolheaded","Blizzard","Go for the Eyes+1"],"picked":"SKIP","floor":25},{"not_picked":["Skim","Darkness+1","Steam"],"picked":"SKIP","floor":25},{"not_picked":["Chill","Ball Lightning+1","Steam Power"],"picked":"SKIP","floor":29},{"not_picked":["Rebound","ReplayTheSpireMod:Reroute Power","Reinforced Body"],"picked":"SKIP","floor":31},{"not_picked":["ReplayTheSpireMod:Omega Cannon","ReplayTheSpireMod:Fabricate Wheel"],"picked":"Thunder Strike","floor":33},{"not_picked":["BasicCrystalCard","Self Repair"],"picked":"White Noise","floor":35},{"not_picked":["Darkness","Conserve Battery"],"picked":"BasicCrystalCard+1","floor":35},{"not_picked":["Redo+1","Recycle+1"],"picked":"conspire:SharedLibrary+1","floor":36},{"not_picked":["Panic Button+1","All For One"],"picked":"Beam Cell","floor":36},{"not_picked":["Go for the Eyes","Beam Cell+1"],"picked":"Defragment+1","floor":37},{"not_picked":["Conserve Battery+1","Compile Driver"],"picked":"Coolheaded+1","floor":40},{"not_picked":["Skim+1","Hologram+1","FIFO Queue+1"],"picked":"SKIP","floor":45},{"not_picked":["Doom and Gloom+1","Gash"],"picked":"Buffer","floor":46},{"not_picked":["Recycle+1","Heatsinks+1","ReplayTheSpireMod:Dual Polarity"],"picked":"SKIP","floor":46},{"not_picked":["ReplayGash+1","Time Bomb","Panic Button"],"picked":"SKIP","floor":47},{"not_picked":["Defragment","Panic Button"],"picked":"Leap","floor":51},{"not_picked":["Tempest","ReplaySort"],"picked":"Redo+1","floor":51},{"not_picked":["Static Discharge+1","Ball Lightning"],"picked":"BootSequence","floor":52},{"not_picked":["Go for the Eyes+1","Redo"],"picked":"Leap","floor":52},{"not_picked":["Streamline","Compile Driver+1"],"picked":"Echo Form","floor":56},{"not_picked":["FTL","Streamline+1","Redo"],"picked":"SKIP","floor":56}],"player_experience":419111,"relics_obtained":[{"floor":7,"key":"conspire:DeflatedDodgeball"},{"floor":9,"key":"aspiration:HatOfInfinitePower"},{"floor":12,"key":"Bottled Tornado"},{"floor":24,"key":"MealTicket"},{"floor":28,"key":"Geode"},{"floor":29,"key":"Golden Egg"},{"floor":31,"key":"Girya"},{"floor":37,"key":"conspire:GlowingRock"},{"floor":38,"key":"StoneCalendar"},{"floor":40,"key":"Vajra"},{"floor":42,"key":"conspire:IceCreamScoop"},{"floor":43,"key":"Blood Vial"},{"floor":45,"key":"conspire:DecoderRing"},{"floor":47,"key":"Whetstone"},{"floor":48,"key":"Ring of Hypnosis"},{"floor":48,"key":"ReplayTheSpireMod:Ring of Addiction"},{"floor":48,"key":"Potion Belt"},{"floor":48,"key":"SacredBark"},{"floor":54,"key":"Mirror"},{"floor":56,"key":"paleoftheancients:SoulOfTheDefect"}],"event_choices":[{"damage_healed":0,"gold_gain":0,"cards_transformed":["Strike_B"],"player_choice":"Transformed","damage_taken":0,"max_hp_gain":0,"max_hp_loss":0,"event_name":"Transmorgrifier","floor":2,"gold_loss":0,"cards_obtained":["Leap"]},{"damage_healed":0,"gold_gain":75,"player_choice":"Gather Gold","damage_taken":11,"max_hp_gain":0,"max_hp_loss":0,"event_name":"World of Goop","floor":4,"gold_loss":0},{"damage_healed":0,"gold_gain":0,"player_choice":"Entered Light","damage_taken":15,"max_hp_gain":0,"max_hp_loss":0,"event_name":"Shining Light","floor":14,"gold_loss":0,"cards_upgraded":["Dualcast","Strike_B"]},{"damage_healed":0,"gold_gain":0,"player_choice":"Ignored","damage_taken":0,"max_hp_gain":0,"max_hp_loss":0,"event_name":"Vampires","floor":22,"gold_loss":0},{"damage_healed":0,"gold_gain":0,"player_choice":"Ignored","damage_taken":0,"max_hp_gain":0,"max_hp_loss":0,"event_name":"Beggar","floor":27,"gold_loss":0},{"damage_healed":0,"gold_gain":0,"player_choice":"Trade","damage_taken":0,"relics_obtained":["SsserpentHead"],"max_hp_gain":0,"max_hp_loss":0,"event_name":"FaceTrader","floor":30,"gold_loss":0},{"damage_healed":0,"gold_gain":0,"player_choice":"Fight","damage_taken":0,"max_hp_gain":0,"max_hp_loss":0,"event_name":"MindBloom","floor":37,"gold_loss":0},{"damage_healed":0,"gold_gain":0,"player_choice":"Upgrade","damage_taken":0,"max_hp_gain":0,"max_hp_loss":0,"event_name":"Designer","floor":39,"gold_loss":40,"cards_upgraded":["White Noise"]},{"damage_healed":0,"gold_gain":0,"player_choice":"Fight","damage_taken":0,"max_hp_gain":0,"max_hp_loss":0,"event_name":"Mysterious Sphere","floor":42,"gold_loss":0},{"cards_removed":["Defend_B"],"damage_healed":0,"gold_gain":0,"player_choice":"Removed Skill","damage_taken":0,"max_hp_gain":0,"max_hp_loss":0,"event_name":"Falling","floor":44,"gold_loss":0},{"cards_removed":["Delirium"],"damage_healed":0,"gold_gain":0,"player_choice":"Offered Curse","damage_taken":0,"relics_obtained":["Spirit Poop"],"max_hp_gain":0,"max_hp_loss":0,"event_name":"Bonfire Elementals","floor":53,"gold_loss":0}],"is_beta":false,"boss_relics":[{"not_picked":["Empty Cage","aspiration:FutureDiary"],"picked":"energizedSpire:MagnifyingGlass"},{"not_picked":["Runic Pyramid","energizedSpire:EnergizedDie"],"picked":"ChewingGum"}],"items_purged_floors":[],"is_endless":false,"potions_floor_spawned":[1,7,13,16,21,29,31,33,36,37,42,46,47],"ascension_level":1}}