{"host":"nlbr7nnijupf3yfg","time":1613421048,"event":{"mods":["AchievementEnabler","BaseMod","BetterRewards","Colored Powertips","DeckTracker","Downfall","Hermit","Hubris","Infinite Spire","Minty Spire (QoL Compilation)","Quick Restart","Replay The Spire","StSLib","SuperFastMode","The Saiyan","The Servant 0.9.4"],"gold_per_floor":[111,130,29,29,29,64,84,113,140,153,153,227,227,241,241,340,340,351,351,351,351,351,351,351],"floor_reached":23,"language":"ENG","playtime":417,"items_purged":["Strike_R"],"score":460,"play_id":"4483a85c-1f11-4cd1-8d7e-6fc7aaa3deb1","local_time":"20210215153048","is_ascension_mode":true,"campfire_choices":[{"data":"Inflame","floor":11,"key":"SMITH"},{"floor":13,"key":"REST"},{"data":"Uppercut","floor":15,"key":"SMITH"}],"circlet_count":0,"master_deck":["AscendersBane","infinitespire:OneForAll+1","Strike_R","Strike_R","Strike_R","Defend_R","Defend_R","Defend_R","Defend_R","Hemokinesis","Perfected Strike","ReplayTheSpireMod:Stacked","Dark Embrace","Disarm","Inflame+1","ReplayTheSpireMod:Strike From Hell","Clothesline","Cleave","Anger","Uppercut+1","Feed","Searing Blow+1","ReplayTheSpireMod:Faulty Equipment","Doubt","infinitespire:Starlight","hubris:Rewind"],"relics":["Burning Blood","Blue Doll","Juzu Bracelet","hubris:64BitClover","hubris:CuriousFeather","Cauldron","hubris:Icosahedron","hubris:IronBody","Art of War","infinitespire:PuzzleCube","Tiny Chest","hubris:Backtick","Strange Spoon","White Beast Statue","MutagenicStrength","Torii","Bag of Marbles","Snecko Heart"],"acts_visited":["Exordium","TheCity"],"potions_floor_usage":[8,16,16],"damage_taken":[{"damage":2,"enemies":"Small Slimes","floor":1,"turns":3},{"damage":0,"enemies":"2 Louse","floor":2,"turns":3},{"damage":22,"enemies":"Replay:BlueRogue","floor":6,"turns":4},{"damage":2,"enemies":"Cultist","floor":7,"turns":3},{"damage":16,"enemies":"3 Sentries","floor":8,"turns":8},{"damage":0,"enemies":"Looter","floor":10,"turns":2},{"damage":0,"enemies":"Blue Slaver","floor":14,"turns":1},{"damage":18,"enemies":"Hexaghost","floor":16,"turns":7},{"damage":14,"enemies":"Shell Parasite","floor":18,"turns":3},{"damage":75,"enemies":"Slavers","floor":23,"turns":4}],"seed_played":"-3155020363263822171","potions_obtained":[{"floor":0,"key":"Fruit Juice"},{"floor":0,"key":"bronze:BurnAndBuffPotion"},{"floor":14,"key":"Cursed Concoction"},{"floor":18,"key":"Energy Potion"}],"is_trial":false,"path_per_floor":["M","M","$","?","?","E","M","E","T","M","R","?","R","M","R","B",null,"M","?","?","T","AVR","E"],"character_chosen":"IRONCLAD","items_purchased":["Blue Doll","Juzu Bracelet","Cauldron","Inflame"],"campfire_rested":1,"item_purchase_floors":[0,0,0,3],"current_hp_per_floor":[68,74,74,74,56,40,44,39,39,45,45,45,70,76,76,64,80,72,72,72,72,72,0,0],"gold":351,"neow_bonus":"","is_daily":false,"chose_seed":false,"campfire_upgraded":2,"win_rate":0.0,"timestamp":1613421048,"path_taken":["M","M","$","?","?","E","M","E","T","M","R","?","R","M","R","BOSS","M","?","?","?","AVR","E"],"items_purchased_type":["Relic","Relic","Relic","Card"],"build_version":"2020-12-22","purchased_purges":1,"victory":false,"max_hp_per_floor":[80,80,80,80,80,80,80,85,85,85,85,85,85,85,85,85,85,85,85,85,85,85,85,85],"card_choices":[{"not_picked":["True Grit","Clothesline"],"picked":"Dark Embrace","floor":1},{"not_picked":["Body Slam","Reckless Charge"],"picked":"Disarm","floor":2},{"not_picked":["Headbutt","True Grit"],"picked":"ReplayTheSpireMod:Strike From Hell","floor":6},{"not_picked":["Replay:Undeath\u0027s Touch","Combust"],"picked":"Clothesline","floor":7},{"not_picked":["Searing Blow","Entrench"],"picked":"Cleave","floor":8},{"not_picked":["Perfected Strike","Second Wind"],"picked":"Anger","floor":10},{"not_picked":["Hemokinesis","Juggernaut"],"picked":"Uppercut","floor":14},{"not_picked":["Reaper","Double Tap"],"picked":"Feed","floor":16},{"not_picked":["True Grit+1","hubris:ReadiedAction"],"picked":"Searing Blow+1","floor":18},{"not_picked":["infinitespire:Oblivion","infinitespire:FinalStrike"],"picked":"infinitespire:Starlight","floor":20}],"player_experience":76384,"relics_obtained":[{"floor":6,"key":"Art of War"},{"floor":8,"key":"infinitespire:PuzzleCube"},{"floor":9,"key":"Tiny Chest"},{"floor":18,"key":"White Beast Statue"},{"floor":21,"key":"Torii"}],"event_choices":[{"damage_healed":0,"gold_gain":0,"player_choice":"Success","damage_taken":18,"relics_obtained":["hubris:IronBody"],"max_hp_gain":0,"max_hp_loss":0,"event_name":"Scrap Ooze","floor":5,"gold_loss":0},{"damage_healed":0,"gold_gain":74,"player_choice":"Gained Gold","damage_taken":0,"max_hp_gain":0,"max_hp_loss":0,"event_name":"Golden Wing","floor":12,"gold_loss":0},{"damage_healed":0,"gold_gain":0,"player_choice":"Inject Mutagens","damage_taken":0,"relics_obtained":["MutagenicStrength"],"max_hp_gain":0,"max_hp_loss":0,"event_name":"Drug Dealer","floor":19,"gold_loss":0}],"is_beta":false,"boss_relics":[{"not_picked":["infinitespire:Cupcake","Electric Blood"],"picked":"hubris:Backtick"}],"items_purged_floors":[3],"is_endless":false,"potions_floor_spawned":[1,2,7,14,18],"killed_by":"Slavers","ascension_level":11}}