{"host":"l85rtarfuh0ld3b1","time":1613399470,"event":{"mods":["Act Like it!","BaseMod","BetterRewards","CapriCore","Chen","Decade(王小明)","Gensokyo","KinomotoSakuraMod(木之本樱)","Koishi","Marisa（F雨　魔理沙）","Minty Spire (QoL Compilation)","Permanent Neow","Reimu（博丽灵梦）","Remilia（蕾米莉亚）","Shop Mod","StSLib","TestMod","The Administrix","The Immortal","The Servant 0.9.4","Yakumo Yukari mod"],"gold_per_floor":[115,115,129,1368,1368,1396,1447,1447,1447,1447,1447,1287,1159,1172,1172,1275,1275,1287,1295,1295,1373,1390,1390,1418,1418,1418,1418,639,737,737,769,769,870,870,885,885,640,558,575,601,601,623,647,647,647,347,377,377,377,676,676,676,167,194,194],"floor_reached":56,"language":"ZHS","playtime":3557,"items_purged":["Decade_Defend","Decade_Defend","Decade_Attack","Decade_Attack","KamenRideDecade","Decade_Attack","Decade_Attack","Decade_Defend","Decade_Defend","Kuuga_Rising","Poor:ReiMu","RideBooker_Skill_2","RideBooker_Skill_1","Finesse","testmod-PerfectCombo+2","Finesse","FormRide","AttackRide","Kuuga_GouramAttack+1","Decade_Illusion","FormRideTitan","Panache+1","FormRideTitan+1","KamenRideDecade+1","Flash of Steel+1","Gensokyo:CustomPotion"],"score":2152,"play_id":"b7587f24-a2ee-4356-96c5-a574bfb63f56","local_time":"20210215223110","is_ascension_mode":true,"campfire_choices":[{"data":"1","floor":8.0,"key":"LIFT"},{"data":"Panache","floor":15.0,"key":"SMITH"},{"data":"2","floor":23,"key":"LIFT"},{"data":"3","floor":25,"key":"LIFT"},{"floor":27,"key":"RECALL"},{"data":"FormRidePegasus","floor":30,"key":"SMITH"},{"data":"testmod-Wormhole","floor":32,"key":"SMITH"},{"data":"KamenRide","floor":41,"key":"SMITH"},{"floor":44,"key":"DIG"},{"floor":49,"key":"DIG"},{"floor":52,"key":"DIG"}],"circlet_count":11,"master_deck":["KamenRide+1","Decade_SpecialSkill+1","KamenRideKuuga+1","NMDAZYYGL+1","RideBooker_Skill_2+1","Decade_Defend3+1","Master of Strategy+1","RideBooker_Skill_1+1","Kuuga_Rising+1","Finesse+1","DecadeViolentEmotion+1","FormRide+1","AttackRide+1","Decade_Illusion+1","FormRidePegasus+1","testmod-Wormhole+1","Gensokyo:SevenSchoolMysteries+1","Finesse"],"relics":["Decadriver","TOEIDeficitBill","testmod-TestBox","testmod-Charity","MerchantsRug","Bronze Scales","Prayer Wheel","Frozen Eye","testmod-Alchemist","Darkstone Periapt","Mummified Hand","Bottled Tornado","Frozen Egg 2","Chemical X","Mercury Hourglass","Blue Candle","testmod-CrystalShield","Singing Bowl","testmod-CyclicPeriapt","HornCleat","ClockworkSouvenir","testmod-LifeArmor","Molten Egg 2","Girya","Ginger","Unceasing Top","Letter Opener","Happy Flower","WingedGreaves","Tiny Chest","Sling","Question Card","PureWhite:ReiMu","Shovel","Bag of Preparation","Orichalcum","testmod-Nyarlathotep","TheAbacus","Anchor","TungstenRod","Matryoshka","Membership Card","Centennial Puzzle","Lantern","CeramicFish","Juzu Bracelet","Ornamental Fan","Medical Kit","Shuriken","Pen Nib","testmod-IndustrialRevolution","Dream Catcher","Mastiff:ReiMu","testmod-Acrobat","testmod-DragonStarHat","testmod-Laevatain","Ancient Tea Set","Boot","Gremlin Horn","Bag of Marbles","Nunchaku","AntiCross","testmod-BouquetWithThorns","Eternal Feather","Sundial","Blood Vial","Ice Cream","InkBottle","Tea:ReiMu","testmod-Fortitude","Oddly Smooth Stone","testmod-Justice","White Beast Statue","Pantograph","StoneCalendar","Turnip","Calipers","testmod-ConstraintPeriapt","Thread and Needle","Lizard Tail","testmod-RainbowHikingShoes","testmod-RealStoneCalender","Du-Vu Doll","Torii","Incense Burner","Gensokyo:PortableGap","testmod-Maize","Bird Faced Urn","testmod-InjuryResistance","Gensokyo:BookOfSpecters","testmod-ObsoleteBoomerang","testmod-BlackFramedGlasses","Coffee Dripper","testmod-ThousandKnives","testmod-HeartOfStrike","FossilizedHelix","testmod-FatalChain","CaptainsWheel","Circlet","Runic Pyramid","Gensokyo:EmptyGrave","Gensokyo:TheCrow"],"acts_visited":["Gensokyo:Gensokyo","TheCity","Gensokyo:Gensokyoest","TheEnding"],"potions_floor_usage":[],"damage_taken":[{"damage":0.0,"enemies":"Gensokyo:2_Kodama","floor":1.0,"turns":1.0},{"damage":0.0,"enemies":"Gensokyo:Gryphon","floor":3.0,"turns":1.0},{"damage":0.0,"enemies":"Gensokyo:Mamizou","floor":6.0,"turns":1.0},{"damage":0.0,"enemies":"Gensokyo:3_Fairies","floor":14.0,"turns":2.0},{"damage":0.0,"enemies":"Gensokyo:Yukari","floor":16.0,"turns":1.0},{"damage":0,"enemies":"2 Thieves","floor":18,"turns":1},{"damage":0,"enemies":"Shell Parasite","floor":22,"turns":1},{"damage":0,"enemies":"Gremlin Leader","floor":24,"turns":1},{"damage":0,"enemies":"Slavers","floor":31,"turns":1},{"damage":0,"enemies":"Champ","floor":33,"turns":1},{"damage":0,"enemies":"Gensokyo:3_Boulders","floor":35,"turns":1},{"damage":0,"enemies":"Gensokyo:AncientGuardian","floor":39,"turns":1},{"damage":0,"enemies":"Gensokyo:Kasen","floor":40,"turns":1},{"damage":0,"enemies":"Gensokyo:Doremy","floor":47,"turns":2},{"damage":0,"enemies":"Gensokyo:Shinki","floor":50,"turns":3},{"damage":0,"enemies":"Shield and Spear","floor":54,"turns":1},{"damage":0,"enemies":"The Heart","floor":55,"turns":2}],"seed_played":"2417079799505063172","potions_obtained":[{"floor":0.0,"key":"PanachePotion"},{"floor":0.0,"key":"SpeedPotion"},{"floor":0.0,"key":"SneckoOil"},{"floor":0.0,"key":"Fire Potion"},{"floor":0.0,"key":"DuplicationPotion"},{"floor":0.0,"key":"PanachePotion"},{"floor":0.0,"key":"SpeedPotion"},{"floor":0.0,"key":"SneckoOil"},{"floor":0.0,"key":"Fire Potion"},{"floor":0.0,"key":"DuplicationPotion"},{"floor":1.0,"key":"PanachePotion"},{"floor":3.0,"key":"BlessingOfTheForge"},{"floor":6.0,"key":"FearPotion"},{"floor":14.0,"key":"FairyPotion"},{"floor":16.0,"key":"SteroidPotion"},{"floor":18,"key":"PanachePotion"},{"floor":22,"key":"FearPotion"},{"floor":24,"key":"ColorlessPotion"},{"floor":31,"key":"SmokeBomb"},{"floor":33,"key":"BlessingOfTheForge"},{"floor":35,"key":"Strength Potion"},{"floor":39,"key":"AttackPotion"},{"floor":40,"key":"Block Potion"},{"floor":47,"key":"Swift Potion"},{"floor":48,"key":"Explosive Potion"},{"floor":48,"key":"SmokeBomb"},{"floor":54,"key":"DuplicationPotion"}],"is_trial":false,"path_per_floor":["M","?","M","$","?","E","T","R","T","T","?","?","$","M","R","B",null,"M","?","T","$","M","R","E","R","T","R","$","?","R","E","R","B",null,"M","?","$","?","M","E","R","T","T","R","?","COS","E","?","R","B",null,"R","$","E","B",null],"character_chosen":"Decade","items_purchased":["MerchantsRug","testmod-Faith","Bronze Scales","CrazyTorch:ReiMu","KamenRideDecade","testmod-AssaultLearning","Frozen Eye","testmod-Alchemist","Panache","Toy Ornithopter","Darkstone Periapt","Kunai","Mummified Hand","testmod-ArcanaOfDestiny","Bottled Tornado","Frozen Egg 2","Chemical X","KamenRideDecade+1","Mercury Hourglass","Blue Candle","Art of War","RideBooker","testmod-CrystalShield","Singing Bowl","OrangePellets","Kuuga_Rising","RideBooker_Skill_1","testmod-CyclicPeriapt","HornCleat","ClockworkSouvenir","testmod-Déjàvu","testmod-LifeArmor","testmod-Hope","Molten Egg 2","Girya","TentaclePot:ReiMu","Finesse","Ginger","Unceasing Top","Letter Opener","Happy Flower","Decade_Illusion","WingedGreaves","Tiny Chest","Sling","Mango","RuthlessExorcism:ReiMu","HandDrill","Question Card","Vajra","Akabeko","PureWhite:ReiMu","Shovel","Gambling Chip","Bag of Preparation","FormRideTitan","KamenRideKuuga+1","Pear","Lee\u0027s Waffle","Orichalcum","testmod-Nyarlathotep","TheAbacus","Anchor","AttackRide","TungstenRod","testmod-IWantAll","Matryoshka","Membership Card","Centennial Puzzle","Lantern","testmod-IntensifyImprint","NMDAZYYGL","CeramicFish","MealTicket","DollysMirror","Juzu Bracelet","Ornamental Fan","Medical Kit","Meat on the Bone","Kuuga_GouramAttack+1","Shuriken","War Paint","Fruit Juice","Pen Nib","testmod-SpacePotion","Omamori","testmod-IndustrialRevolution","Dream Catcher","testmod-TurbochargingSystem","FormRide","testmod-SpacePotion","Mastiff:ReiMu","testmod-CasingShield","testmod-Acrobat","testmod-DragonStarHat","Strawberry","Strange Spoon","testmod-Laevatain","PreservedInsect","Ancient Tea Set","ScarletDevilRocket","RideBooker_Skill_2","Boot","Gremlin Horn","Bag of Marbles","testmod-OneHitWonder","Nunchaku","AntiCross","testmod-BouquetWithThorns","Eternal Feather","testmod-Antiphasic","Regal Pillow","testmod-SpacePotion","Toxic Egg 2","Cauldron","Sundial","Blood Vial","Ice Cream","RideBooker_Skill_2+1","testmod-PerfectCombo+1","InkBottle","Tea:ReiMu","testmod-Fortitude","Oddly Smooth Stone","testmod-Justice","White Beast Statue","Decade_Defend3+1","Master of Strategy+1","Fruit Juice","Pantograph","Orrery","Finesse+1","Flash of Steel+1","testmod-PerfectCombo+1","Whetstone","StoneCalendar","Turnip","Calipers","testmod-SpacePotion","testmod-ConstraintPeriapt","Kuuga_Rising+1","Finesse+1","DecadeViolentEmotion+1","Thread and Needle","testmod-SpacePotion","FormRide+1","testmod-SpacePotion","Lizard Tail","AttackRide+1","Potion Belt","Fruit Juice","testmod-RainbowHikingShoes","testmod-RealStoneCalender","Du-Vu Doll","Torii","Incense Burner","Decade_Illusion+1","KamenRideDecade+1","FormRideTitan+1","Panache+1","UnarmedAttack9+1","Blade_Beat+1","KamenRideDecade+1","testmod-ObsoleteBoomerang","testmod-BlackFramedGlasses","testmod-Wormhole","FossilizedHelix","testmod-FatalChain","CaptainsWheel","Finesse","Hibiki_Attack1+1","Kuuga_GouramAttack+1","Panache+1","Blade_Beat","Decade_Dash1","KamenRideDecade+1"],"campfire_rested":0,"item_purchase_floors":[0,0,0,0,0,0,0,0,0,0,0,0,0,0,0,0,0,0,0,0,0,0,0,0,0,0,0,0,0,0,0,0,0,0,0,0,0,0,0,0,0,0,0,0,0,0,0,0,0,0,0,0,0,0,0,0,0,0,0,0,0,0,0,0,0,0,0,0,0,0,0,0,0,0,0,0,0,0,0,0,0,0,0,0,0,0,0,0,0,0,0,0,0,0,0,0,0,0,0,0,0,0,0,0,0,0,0,0,0,0,0,0,0,0,0,0,0,0,0,0,0,0,0,0,0,0,0,0,0,0,0,0,0,0,0,0,0,0,0,0,0,0,0,0,0,0,0,0,0,0,0,0,0,0,0,0,0,0,0,0,4,4,4,13,13,21,28,28,28,53,53,53,53,53,53,53],"current_hp_per_floor":[165,133,165,166,150,163,164,164,164,164,101,101,104,155,164,179,179,193,194,194,199,213,213,229,229,229,229,226,224,224,235,235,254,254,270,249,254,255,267,278,278,279,280,280,277,278,294,294,294,318,318,318,324,345,387],"gold":194,"neow_bonus":"","is_daily":false,"chose_seed":false,"campfire_upgraded":4,"win_rate":0.0,"timestamp":1613399470,"path_taken":["M","?","M","$","?","E","?","R","T","?","?","?","$","M","R","BOSS","M","?","?","$","M","R","E","R","T","R","$","?","R","E","R","BOSS","M","?","$","?","M","E","R","?","T","R","?","COS","E","?","R","BOSS","R","$","E","BOSS"],"items_purchased_type":["Relic","Relic","Relic","Relic","Card","Relic","Relic","Relic","Card","Relic","Relic","Relic","Relic","Relic","Relic","Relic","Relic","Card","Relic","Relic","Relic","Card","Relic","Relic","Relic","Card","Card","Relic","Relic","Relic","Relic","Relic","Relic","Relic","Relic","Relic","Card","Relic","Relic","Relic","Relic","Card","Relic","Relic","Relic","Relic","Relic","Relic","Relic","Relic","Relic","Relic","Relic","Relic","Relic","Card","Card","Relic","Relic","Relic","Relic","Relic","Relic","Card","Relic","Relic","Relic","Relic","Relic","Relic","Relic","Card","Relic","Relic","Relic","Relic","Relic","Relic","Relic","Card","Relic","Relic","Potion","Relic","Potion","Relic","Relic","Relic","Relic","Card","Potion","Relic","Relic","Relic","Relic","Relic","Relic","Relic","Relic","Relic","Relic","Card","Relic","Relic","Relic","Relic","Relic","Relic","Relic","Relic","Relic","Relic","Potion","Relic","Relic","Relic","Relic","Relic","Card","Card","Relic","Relic","Relic","Relic","Relic","Relic","Card","Card","Potion","Relic","Relic","Card","Card","Card","Relic","Relic","Relic","Relic","Potion","Relic","Card","Card","Card","Relic","Potion","Card","Potion","Relic","Card","Relic","Potion","Relic","Relic","Relic","Relic","Relic","Card","Card","Card","Card","Card","Card","Card","Relic","Relic","Card","Relic","Relic","Relic","Card","Card","Card","Card","Card","Card","Card"],"build_version":"2020-12-22","purchased_purges":26,"victory":true,"max_hp_per_floor":[165,165,165,166,150,163,164,164,164,164,164,164,167,175,175,179,179,193,194,194,199,213,213,229,229,229,229,226,224,224,235,235,254,254,270,249,254,255,267,278,278,279,280,280,277,278,294,294,294,318,318,318,324,345,387],"card_choices":[{"not_picked":["Hibiki_Attack3+1","Decade_Defend2+1","Hibiki_Attack2+1","Dragreder+1"],"picked":"Singing Bowl","floor":0.0},{"not_picked":["Decade_Defend2+1","AutoVajin+1","UnarmedAttack1+1","Hibiki_Attack2+1"],"picked":"Singing Bowl","floor":0.0},{"not_picked":["Kiva_Eat+1","UnarmedAttack7+1","Decade_Invisible+1","FormRideStorm+1"],"picked":"Singing Bowl","floor":0.0},{"not_picked":["Decade_Defend3+1","AttackRide+1","Decade_Dash1+1"],"picked":"RideBooker_Skill_1+1","floor":0.0},{"not_picked":["DenO_Gun+1","UnarmedAttack3+1","FormRideFlame+1","Blade_Slash+1"],"picked":"Singing Bowl","floor":0.0},{"not_picked":["Decade_Defend3","NMDAZYYGL","KamenRideAgito+1","UnarmedAttack4+1"],"picked":"Singing Bowl","floor":6.0},{"not_picked":["Dragreder","Blade_Slash","KamenRideHibiki+1","MirrorWorld"],"picked":"Singing Bowl","floor":18},{"not_picked":["FormRideFlame","FormRideTitan+1","UnarmedAttack3+1","DragClaw"],"picked":"Singing Bowl","floor":18},{"not_picked":["Decade_Illusion+1","UnarmedAttack6+1","FormRideBasshaa+1","MirrorWorld"],"picked":"Singing Bowl","floor":18},{"not_picked":["Kuuga_GouramAttack+1","Blade_Mach","Hibiki_Attack2+1","PhotonAcceleration+1"],"picked":"Singing Bowl","floor":22},{"not_picked":["KamenRideAgito+1","Blade_Metal+1","DenO_Sword","FormRideBasshaa"],"picked":"Singing Bowl","floor":22},{"not_picked":["DenO_Sword","RideBooker","FormRideDogga","FormRideGaruru+1"],"picked":"Singing Bowl","floor":24},{"not_picked":["NMDAZYYGL","Blade_Beat","KamenRideDecade+1","Kuuga_Rising"],"picked":"Singing Bowl","floor":24},{"not_picked":["FormRideJack","UnarmedAttack1+1","RideBooker_Skill_3","FormRideTitan"],"picked":"Singing Bowl","floor":31},{"not_picked":["NMDAZYYGL","Kabuto_ClockUp","Kuuga_Rising","DenO_Climax+1"],"picked":"Singing Bowl","floor":33},{"not_picked":["Kuuga_Rising","DecadeViolentEmotion","NMDAZYYGL","Kabuto_ClockUp"],"picked":"Singing Bowl","floor":33},{"not_picked":["DenO_Sword","RideBooker_Skill_1+1","Decade_Illusion+1","FormRideStorm"],"picked":"Singing Bowl","floor":35},{"not_picked":["FormRideDragon+1","FormRideJack+1","Decade_Invisible","Decade_Dash1"],"picked":"Singing Bowl","floor":35},{"not_picked":["RideBooker_Skill_2","Dragreder+1","FormRideGaruru","RideBooker_Skill_3+1"],"picked":"Singing Bowl","floor":35},{"not_picked":["KamenRideKabuto+1","Decade_Dash1","FormRideDragon+1","UnarmedAttack5+1"],"picked":"Singing Bowl","floor":39},{"not_picked":["KamenRideDenO+1","DenO_Ax+1","Decade_Dash1","FormRideStorm"],"picked":"Singing Bowl","floor":39},{"not_picked":["Hibiki_Attack1+1","UnarmedAttack7+1","FormRideFlame","PhotonAcceleration+1"],"picked":"Singing Bowl","floor":39},{"not_picked":["Hibiki_FEVER","Hibiki_Attack1+1","Dragreder","FormRideFlame+1"],"picked":"Singing Bowl","floor":40},{"not_picked":["Blade_Beat+1","KamenRideDecade+1","Hibiki_Attack2+1","FormRideFlame+1"],"picked":"Singing Bowl","floor":47},{"not_picked":["DenO_Sword","UnarmedAttack3+1","Kuuga_Rising","Kiva_Frozen+1"],"picked":"Singing Bowl","floor":47},{"not_picked":["Blade_Slash","UnarmedAttack3+1","TimeVent","DragShield"],"picked":"Singing Bowl","floor":54},{"not_picked":["UnarmedAttack5+1","FormRideStorm+1","Blade_Slash","DenO_Ax+1"],"picked":"Singing Bowl","floor":54}],"player_experience":622176,"relics_obtained":[{"floor":6.0,"key":"testmod-Maize"},{"floor":7.0,"key":"Bird Faced Urn"},{"floor":7.0,"key":"testmod-InjuryResistance"},{"floor":9.0,"key":"testmod-Muramasa"},{"floor":10.0,"key":"testmod-TheFather"},{"floor":20,"key":"testmod-Brilliant"},{"floor":24,"key":"testmod-ThousandKnives"},{"floor":26,"key":"testmod-HeartOfStrike"},{"floor":31,"key":"Circlet"},{"floor":40,"key":"Circlet"},{"floor":42,"key":"Circlet"},{"floor":43,"key":"Circlet"},{"floor":44,"key":"Circlet"},{"floor":47,"key":"Circlet"},{"floor":49,"key":"Circlet"},{"floor":52,"key":"Circlet"},{"floor":54,"key":"Circlet"}],"event_choices":[{"damage_healed":0,"gold_gain":0,"player_choice":"Read","damage_taken":0,"max_hp_gain":0,"max_hp_loss":0,"event_name":"The Library","floor":19,"gold_loss":0,"cards_obtained":["FormRidePegasus"]},{"damage_healed":0,"gold_gain":99,"player_choice":"Stole From Cult","damage_taken":0,"max_hp_gain":0,"max_hp_loss":0,"event_name":"Nest","floor":29,"gold_loss":0}],"is_beta":false,"boss_relics":[{"not_picked":["testmod-Recursion","Snecko Eye"],"picked":"Coffee Dripper"},{"not_picked":["Runic Dome","Sozu"],"picked":"Runic Pyramid"}],"items_purged_floors":[0,0,0,0,0,0,0,0,0,0,0,0,0,0,0,0,0,0,0,0,0,0,4,28,37,53],"is_endless":false,"potions_floor_spawned":[1,3,6,14,16,18,22,24,31,33,35,39,40,47,54],"ascension_level":2}}