{"host":"6q94iy5iz6612v89","time":1613355269,"event":{"mods":["2.2 Compatiblity","AchievementEnabler","BaseMod","Colored Map","DeckTracker","Keyboard Shortcuts","Minty Spire (QoL Compilation)","Permanent Neow","StSLib","SuperFastMode"],"gold_per_floor":[110,120,120,120,144,178,22,22,22],"floor_reached":8,"language":"KOR","playtime":67,"items_purged":["Defend_G"],"score":158,"play_id":"24ff678a-f5cd-453b-9e8f-ffb0396e613c","local_time":"20210215111429","is_ascension_mode":true,"campfire_choices":[],"circlet_count":0,"master_deck":["AscendersBane","Strike_G","Strike_G","Strike_G","Strike_G","Strike_G","Defend_G","Defend_G","Defend_G","Defend_G","Survivor","Neutralize","Catalyst","Endless Agony","Dagger Spray","Terror+1"],"relics":["Ring of the Snake","NeowsBlessing","Golden Idol","Toxic Egg 2"],"acts_visited":["Exordium"],"potions_floor_usage":[],"damage_taken":[{"damage":0,"enemies":"Cultist","floor":1,"turns":1},{"damage":0,"enemies":"Small Slimes","floor":2,"turns":1},{"damage":0,"enemies":"Gremlin Nob","floor":6,"turns":1},{"damage":0,"enemies":"Lagavulin","floor":8,"turns":3}],"seed_played":"773818968394870349","potions_obtained":[{"floor":2,"key":"Explosive Potion"}],"is_trial":false,"path_per_floor":["M","M","?","?","T","E","$","E"],"character_chosen":"THE_SILENT","items_purchased":["Terror+1"],"campfire_rested":0,"item_purchase_floors":[7],"current_hp_per_floor":[59,59,64,40,40,40,40,40,40],"gold":22,"neow_bonus":"THREE_ENEMY_KILL","is_daily":false,"chose_seed":false,"campfire_upgraded":0,"win_rate":0.0,"timestamp":1613355269,"path_taken":["M","?","?","?","?","E","$","E"],"items_purchased_type":["Card"],"build_version":"2020-12-22","purchased_purges":1,"victory":false,"max_hp_per_floor":[66,66,71,71,71,71,71,71,71],"card_choices":[{"not_picked":["Quick Slash","Backflip"],"picked":"Catalyst","floor":1},{"not_picked":["Underhanded Strike","Slice"],"picked":"Endless Agony","floor":2},{"not_picked":["Concentrate+1","Terror+1"],"picked":"Dagger Spray","floor":6}],"player_experience":1487308,"relics_obtained":[{"floor":6,"key":"Toxic Egg 2"}],"event_choices":[{"damage_healed":0,"gold_gain":0,"player_choice":"Donut","damage_taken":0,"max_hp_gain":5,"max_hp_loss":0,"event_name":"Big Fish","floor":3,"gold_loss":0},{"damage_healed":0,"gold_gain":0,"player_choice":"Take Damage","damage_taken":24,"relics_obtained":["Golden Idol"],"max_hp_gain":0,"max_hp_loss":0,"event_name":"Golden Idol","floor":4,"gold_loss":0}],"is_beta":false,"boss_relics":[],"items_purged_floors":[7],"is_endless":false,"potions_floor_spawned":[2],"killed_by":"Lagavulin","ascension_level":20}}