{"host":"prxrhpgaxnj4om9r","time":1613367325,"event":{"mods":["AchievementEnabler","BaseMod","Colored Map","DeckTracker","Minty Spire (QoL Compilation)"],"gold_per_floor":[116,191,366,380,17,48,48,65,91,91,103,103,27,62,62,163,163,180,192,192,192,217,217,230,259,259,259,259],"floor_reached":27,"language":"KOR","playtime":799,"items_purged":[],"score":317,"play_id":"86a9c5c7-d64e-4ce2-8cbd-c4ff54471456","local_time":"20210215143525","is_ascension_mode":true,"campfire_choices":[{"data":"Armaments","floor":7.0,"key":"SMITH"},{"data":"Blood for Blood","floor":10,"key":"SMITH"},{"data":"Spot Weakness","floor":12,"key":"SMITH"},{"floor":15,"key":"REST"},{"data":"Searing Blow","floor":23,"key":"SMITH"}],"circlet_count":0,"master_deck":["Strike_R","Strike_R","Strike_R","Strike_R","Strike_R","Defend_R+1","Defend_R+1","Bash","Blood for Blood+1","Doubt","Armaments+1","Heavy Blade","Spot Weakness+1","Clothesline","Flex","Searing Blow+1","Warcry+1","Berserk","Wild Strike","Power Through+1","Barricade","Uppercut","Hemokinesis+1","Impervious+1"],"relics":["Burning Blood","NeowsBlessing","Ginger","Bronze Scales","War Paint","Toxic Egg 2","Black Star","Oddly Smooth Stone","Akabeko","Thread and Needle","HornCleat"],"acts_visited":["Exordium","TheCity"],"potions_floor_usage":[11,16,19,25],"damage_taken":[{"damage":0.0,"enemies":"Small Slimes","floor":1.0,"turns":1.0},{"damage":0.0,"enemies":"Jaw Worm","floor":4.0,"turns":1.0},{"damage":0.0,"enemies":"Lagavulin","floor":6.0,"turns":1.0},{"damage":14.0,"enemies":"2 Louse","floor":8.0,"turns":3.0},{"damage":0,"enemies":"Looter","floor":11,"turns":3},{"damage":21,"enemies":"Gremlin Nob","floor":14,"turns":4},{"damage":42,"enemies":"Hexaghost","floor":16,"turns":9},{"damage":12,"enemies":"Chosen","floor":18,"turns":3},{"damage":11,"enemies":"Spheric Guardian","floor":19,"turns":3},{"damage":15,"enemies":"Snake Plant","floor":24,"turns":4},{"damage":38,"enemies":"Book of Stabbing","floor":25,"turns":4},{"damage":29,"enemies":"Slavers","floor":27,"turns":4}],"seed_played":"7449184624858264897","potions_obtained":[{"floor":1.0,"key":"BlessingOfTheForge"},{"floor":4.0,"key":"Dexterity Potion"},{"floor":16,"key":"Fire Potion"},{"floor":18,"key":"Explosive Potion"}],"is_trial":false,"path_per_floor":["M","?","?","M","$","E","R","M","T","R","M","R","$","E","R","B",null,"M","M","?","?","T","R","M","E","T","E"],"character_chosen":"IRONCLAD","items_purchased":["Ginger","Heavy Blade","Searing Blow"],"campfire_rested":1,"item_purchase_floors":[5,5,13],"current_hp_per_floor":[80,69,69,75,75,80,80,72,72,72,78,78,78,63,80,44,80,74,69,69,69,69,69,60,28,28,0,0],"gold":259,"neow_bonus":"THREE_ENEMY_KILL","is_daily":false,"chose_seed":false,"campfire_upgraded":4,"win_rate":0.0,"timestamp":1613367325,"path_taken":["M","?","?","M","?","E","R","M","T","R","M","R","$","E","R","BOSS","M","M","?","?","?","R","M","E","T","E"],"items_purchased_type":["Relic","Card","Card"],"build_version":"2020-12-22","purchased_purges":0,"victory":false,"max_hp_per_floor":[80,80,80,80,80,80,80,80,80,80,80,80,80,80,80,80,80,80,80,80,80,80,80,80,80,80,80,80],"card_choices":[{"not_picked":["Spot Weakness","Burning Pact"],"picked":"Blood for Blood","floor":1.0},{"not_picked":["Pommel Strike","Whirlwind"],"picked":"Armaments","floor":4.0},{"not_picked":["Second Wind","True Grit"],"picked":"Spot Weakness","floor":6.0},{"not_picked":["Warcry","Dark Embrace"],"picked":"Clothesline","floor":8.0},{"not_picked":["Sword Boomerang","Bloodletting"],"picked":"Flex","floor":11},{"not_picked":["Clash","Wild Strike"],"picked":"Warcry+1","floor":14},{"not_picked":["Brutality","Bludgeon"],"picked":"Berserk","floor":16},{"not_picked":["Thunderclap","Spot Weakness+1"],"picked":"Wild Strike","floor":18},{"not_picked":["Armaments+1","Metallicize"],"picked":"Power Through+1","floor":19},{"not_picked":["Blood for Blood","Reckless Charge"],"picked":"Hemokinesis+1","floor":24},{"not_picked":["Wild Strike","Disarm+1"],"picked":"Impervious+1","floor":25}],"player_experience":459069,"relics_obtained":[{"floor":6.0,"key":"Bronze Scales"},{"floor":9,"key":"War Paint"},{"floor":14,"key":"Toxic Egg 2"},{"floor":22,"key":"Oddly Smooth Stone"},{"floor":25,"key":"Akabeko"},{"floor":25,"key":"Thread and Needle"},{"floor":26,"key":"HornCleat"}],"event_choices":[{"damage_healed":0.0,"max_hp_gain":0.0,"max_hp_loss":0.0,"gold_gain":75.0,"event_name":"World of Goop","player_choice":"Gather Gold","floor":2.0,"gold_loss":0.0,"damage_taken":11.0},{"damage_healed":0.0,"max_hp_gain":0.0,"max_hp_loss":0.0,"gold_gain":175.0,"event_name":"Liars Game","player_choice":"AGREE","floor":3.0,"gold_loss":0.0,"damage_taken":0.0,"cards_obtained":["Doubt"]},{"damage_healed":0,"gold_gain":0,"player_choice":"Ignored","damage_taken":0,"max_hp_gain":0,"max_hp_loss":0,"event_name":"Vampires","floor":20,"gold_loss":0},{"damage_healed":0,"gold_gain":0,"cards_transformed":["Defend_R","Defend_R"],"player_choice":"Became Test Subject","damage_taken":0,"max_hp_gain":0,"max_hp_loss":0,"event_name":"Drug Dealer","floor":21,"gold_loss":0,"cards_obtained":["Barricade","Uppercut"]}],"is_beta":false,"boss_relics":[{"not_picked":["Empty Cage","Philosopher\u0027s Stone"],"picked":"Black Star"}],"items_purged_floors":[],"is_endless":false,"potions_floor_spawned":[1,4,16,18],"killed_by":"Slavers","ascension_level":4}}