{"host":"ubyp1yuphwcqvn8x","time":1613368090,"event":{"mods":["BaseMod","Colored Map","Minty Spire (QoL Compilation)","Permanent Neow","Replay The Spire","StSLib","SuperFastMode","The Construct"],"gold_per_floor":[117,133,133,3,78,78,106,34,34,64,64,92,106,123,123,223,223,148,167,11,25,85,85,117,117,142,142,142],"floor_reached":27,"language":"ENG","playtime":1426,"items_purged":[],"score":416,"play_id":"d88f87e0-5576-4165-9f03-dacceca2577b","local_time":"20210215004810","is_ascension_mode":true,"campfire_choices":[{"data":"Discovery","floor":6.0,"key":"SMITH"},{"data":"Heatsinks","floor":15.0,"key":"SMITH"},{"floor":23,"key":"REST"},{"floor":25,"key":"REST"}],"circlet_count":0,"master_deck":["Strike_B","Strike_B","Strike_B","Strike_B","Defend_B","Defend_B","Defend_B","Defend_B","Zap","BootSequence","White Noise","Reinforced Body+1","Discovery+1","Panacea","Secret Technique","ReplayTheSpireMod:Calculation Training","FIFO Queue","White Noise","Heatsinks+1","FTL","Rainbow","FIFO Queue+1","White Noise","Force Field","Crystallizer","Scrape","ReplayTheSpireMod:System Scan+1"],"relics":["Ring of Chaos","ReplayTheSpireMod:ShopPack","Replay:Wax Seal","PreservedInsect","Girya","Quantum Egg","Chameleon Ring","Prayer Wheel","Black Star","Prayer Wheel","Chemical X","Replay:WaspNest","Akabeko","Happy Flower"],"acts_visited":["Exordium","TheCity"],"potions_floor_usage":[19,24,24],"damage_taken":[{"damage":1.0,"enemies":"Cultist","floor":1.0,"turns":3.0},{"damage":11.0,"enemies":"Jaw Worm","floor":2.0,"turns":4.0},{"damage":0.0,"enemies":"Lagavulin","floor":7.0,"turns":13.0},{"damage":10.0,"enemies":"3 Sentries","floor":10.0,"turns":6.0},{"damage":0.0,"enemies":"Lagavulin","floor":12.0,"turns":6.0},{"damage":1.0,"enemies":"2 Louse","floor":13.0,"turns":3.0},{"damage":1.0,"enemies":"Blue Slaver","floor":14.0,"turns":6.0},{"damage":0.0,"enemies":"The Guardian","floor":16.0,"turns":11.0},{"damage":28.0,"enemies":"2 Thieves","floor":18.0,"turns":5.0},{"damage":11,"enemies":"Chosen","floor":19,"turns":6},{"damage":8,"enemies":"Centurion and Healer","floor":21,"turns":5},{"damage":28,"enemies":"Book of Stabbing","floor":24,"turns":4},{"damage":28,"enemies":"Slavers","floor":27,"turns":2}],"seed_played":"-2899094613530475694","potions_obtained":[{"floor":1.0,"key":"LifebloodPotion"},{"floor":13.0,"key":"Swift Potion"},{"floor":14.0,"key":"AttackPotion"},{"floor":16.0,"key":"Toxic Potion"},{"floor":19,"key":"FocusPotion"},{"floor":22,"key":"PowerPotion"}],"is_trial":false,"path_per_floor":["M","M","?","$","?","R","E","$","T","E","T","E","M","M","R_BF","B",null,"M","M","$","M","?","R","E","R","T","E"],"character_chosen":"DEFECT","items_purchased":["ReplayTheSpireMod:ShopPack","FIFO Queue","Chemical X"],"campfire_rested":2,"item_purchase_floors":[4,8,20],"current_hp_per_floor":[74,63,63,63,52,52,52,52,52,42,42,42,41,40,40,40,75,47,36,36,28,10,32,4,26,26,0,0],"gold":142,"neow_bonus":"BOSS_RELIC","is_daily":false,"chose_seed":false,"campfire_upgraded":2,"win_rate":0.0,"timestamp":1613368090,"path_taken":["M","?","?","$","?","R","E","$","T","E","?","E","M","M","R_BF","BOSS","M","?","$","M","?","R","E","R","T","E"],"items_purchased_type":["Relic","Card","Relic"],"build_version":"2020-12-22","purchased_purges":0,"victory":false,"max_hp_per_floor":[75,75,75,75,75,75,75,75,75,75,75,75,75,75,75,75,75,75,75,75,75,75,75,75,75,75,75,75],"card_choices":[{"not_picked":["Steam","Redo"],"picked":"BootSequence","floor":1.0},{"not_picked":["ReplaySolidLightProjector","Auto Shields"],"picked":"White Noise","floor":2.0},{"not_picked":["Replay:Sssssssssshield","PanicButton"],"picked":"Discovery","floor":4.0},{"not_picked":["Replay:Sssssssssstrike","Specialist"],"picked":"Panacea","floor":4.0},{"not_picked":["Poisoned Strike","Thinking Ahead"],"picked":"Secret Technique","floor":4.0},{"not_picked":["Ball Lightning","Leap"],"picked":"ReplayTheSpireMod:Calculation Training","floor":7.0},{"not_picked":["Multi-Cast","Coolheaded"],"picked":"White Noise","floor":10.0},{"not_picked":["ReplayTheSpireMod:Omega Cannon","Steam","Ball Lightning"],"picked":"SKIP","floor":12.0},{"not_picked":["FTL","Sweeping Beam"],"picked":"Heatsinks","floor":13.0},{"not_picked":["Time Bomb","Panic Button"],"picked":"FTL","floor":14.0},{"not_picked":["All For One","Mirror Shield"],"picked":"Rainbow","floor":16.0},{"not_picked":["Turbo","ReplayTheSpireMod:GoodbyeWorld+1"],"picked":"FIFO Queue+1","floor":18.0},{"not_picked":["Scrape","Recycle"],"picked":"White Noise","floor":18.0},{"not_picked":["Beam Cell","Melter+1","Leap"],"picked":"SKIP","floor":18.0},{"not_picked":["Coolheaded","Reinforced Body+1"],"picked":"Force Field","floor":19},{"not_picked":["Heatsinks","Gash"],"picked":"Crystallizer","floor":19},{"not_picked":["Turbo+1","Storm+1","Coolheaded+1"],"picked":"SKIP","floor":19},{"not_picked":["ReplayTheSpireMod:Repulse","Reboot","Panic Button"],"picked":"SKIP","floor":21},{"not_picked":["Cold Snap","Panic Button+1","Ball Lightning+1"],"picked":"SKIP","floor":21},{"not_picked":["Gash","FIFO Queue","ReplayTheSpireMod:GoodbyeWorld"],"picked":"SKIP","floor":21},{"not_picked":["Leap+1","Reinforced Body"],"picked":"Scrape","floor":22},{"not_picked":["Conserve Battery","Rip and Tear"],"picked":"ReplayTheSpireMod:System Scan+1","floor":24}],"player_experience":1119624,"relics_obtained":[{"floor":7.0,"key":"Replay:Wax Seal"},{"floor":9.0,"key":"PreservedInsect"},{"floor":10.0,"key":"Girya"},{"floor":11.0,"key":"Quantum Egg"},{"floor":12.0,"key":"Chameleon Ring"},{"floor":24,"key":"Replay:WaspNest"},{"floor":24,"key":"Akabeko"},{"floor":26,"key":"Happy Flower"}],"event_choices":[{"damage_healed":0.0,"max_hp_gain":0.0,"max_hp_loss":0.0,"gold_gain":75.0,"event_name":"World of Goop","player_choice":"Gather Gold","floor":5.0,"gold_loss":0.0,"damage_taken":11.0}],"is_beta":false,"boss_relics":[{"not_picked":["construct:ClawGrip","Velvet Choker"],"picked":"Black Star"}],"items_purged_floors":[],"is_endless":false,"potions_floor_spawned":[1,13,14,16,19,21],"killed_by":"Slavers","ascension_level":4}}