{"host":"51qmnr9isyv85d0p","time":1613367851,"event":{"mods":["AchievementEnabler","BaseMod","Colored Map","Colored Powertips","Curses Come First","Downfall","Minty Spire (QoL Compilation)","Red Circlet Mod","Relic Stats","StSLib","TestMod"],"gold_per_floor":[99,11100,9981,9999,10016,10035,10107,10132,10148,10148,9397,9423,9437,8576,8592,8688,8688,8688,8700,8711,8711,8811,8837,8837,8857,8868,8768,8785,7775,7785,7153,7165,7269,7269,7169,7179,7193,7193,6545,6556,6556,5685,5739,5752,5764,5796,5696,5546,5561,5561,5561,5586,4703,4703,4703,4703],"floor_reached":57,"language":"ZHS","playtime":3429,"items_purged":["champ:Defend","champ:Strike","champ:Defend","champ:Strike","downfall:Bewildered","Regret","champ:Defend","champ:Strike"],"score":1604,"play_id":"c0b77cc3-23be-44fc-8b26-70b448ff787a","local_time":"20210215134411","is_ascension_mode":true,"campfire_choices":[{"data":"testmod-Collector","floor":1,"key":"SMITH"},{"data":"champ:StrikeOfGenius","floor":10,"key":"SMITH"},{"data":"champ:GladiatorForm","floor":18,"key":"SMITH"},{"floor":27,"key":"RECALL"},{"data":"champ:Improvising","floor":35,"key":"SMITH"},{"data":"expansioncontent:PolyBeam","floor":47,"key":"SMITH"},{"data":"testmod-Mystery","floor":54,"key":"SMITH"}],"circlet_count":0,"master_deck":["champ:Strike+1","champ:Defend+1","champ:Execute","champ:Taunt","testmod-Collector+1","champ:Encircle","champ:BringItOn","champ:StrikeOfGenius+1","testmod-Mystery+1","champ:Circumvent","champ:SkillfulDodge","champ:VampiricStrike","champ:TornadoPunch","champ:ViciousMockery","champ:StanceDance","champ:VampiricStrike","champ:DefensiveStyle","champ:SkillfulDodge","champ:GladiatorForm+1","champ:BringItOn","champ:Improvising+1","champ:FocusedDefense+1","Parasite","champ:TripleStrike+1","CurseOfTheBell","expansioncontent:PolyBeam+1"],"relics":["champ:ChampionCrown","testmod-TestBox","testmod-PortableAltar","Bag of Preparation","Darkstone Periapt","Guardian:BottledAnomaly","White Beast Statue","testmod-TurbochargingSystem","Toy Ornithopter","Lizard Tail","testmod-Faith","Potion Belt","testmod-BlackFramedGlasses","Regal Pillow","champ:BerserkersGuideToSlaughter","Blue Candle","Boot","downfall:HeartBlessingBlue","Gremlin Horn","testmod-ConstraintPeriapt","TheAbacus","champ:FightingForDummies","testmod-Laevatain","champ:Barbells","Calling Bell","testmod-LifeArmor","testmod-Justice","champ:GladiatorsBookOfMartialProwess","downfall:HeartBlessingRed","Shuriken","Pen Nib","testmod-Charity","hexamod:CandleOfCauterizing","testmod-Hope","Question Card","Lee\u0027s Waffle","Torii","Eternal Feather","downfall:HeartBlessingGreen","testmod-InfectionSource","Vajra","Bronze Scales","Sling"],"acts_visited":["Exordium","TheCity","TheBeyond","TheEnding"],"potions_floor_usage":[3,6,8,8,8,11,11,12,12,12,12,12,13,13,13,14,16,16,16,16,19,19,19,23,28,29,32,32,33,33,36,43,44,44,46,46,50,50,55,55,55,55,55,55,56,56],"damage_taken":[{"damage":34,"enemies":"Cultist","floor":2,"turns":5},{"damage":24,"enemies":"downfall:FleeingMerchant","floor":3,"turns":4},{"damage":1,"enemies":"2 Louse","floor":4,"turns":1},{"damage":16,"enemies":"Jaw Worm","floor":5,"turns":3},{"damage":4,"enemies":"Red Slaver","floor":6,"turns":2},{"damage":15,"enemies":"3 Sentries","floor":8,"turns":3},{"damage":0,"enemies":"3 Louse","floor":9,"turns":1},{"damage":12,"enemies":"downfall:FleeingMerchant","floor":11,"turns":4},{"damage":11,"enemies":"Gremlin Nob","floor":12,"turns":3},{"damage":18,"enemies":"Large Slime","floor":13,"turns":3},{"damage":33,"enemies":"downfall:FleeingMerchant","floor":14,"turns":4},{"damage":0,"enemies":"Exordium Thugs","floor":15,"turns":1},{"damage":14,"enemies":"WA_ARCHETYPE_RETAIN","floor":16,"turns":3},{"damage":1,"enemies":"Shell Parasite","floor":19,"turns":2},{"damage":0,"enemies":"3 Byrds","floor":20,"turns":2},{"damage":13,"enemies":"Gremlin Leader","floor":23,"turns":5},{"damage":0,"enemies":"Centurion and Healer","floor":25,"turns":3},{"damage":0,"enemies":"Snake Plant","floor":26,"turns":2},{"damage":1,"enemies":"Snecko","floor":28,"turns":3},{"damage":0,"enemies":"downfall:FleeingMerchant","floor":29,"turns":4},{"damage":0,"enemies":"Cultist and Chosen","floor":30,"turns":2},{"damage":0,"enemies":"3 Cultists","floor":32,"turns":1},{"damage":16,"enemies":"IC_MUSHROOM_ARCHETYPE","floor":33,"turns":5},{"damage":3,"enemies":"3 Darklings","floor":36,"turns":2},{"damage":0,"enemies":"Orb Walker","floor":37,"turns":2},{"damage":5,"enemies":"Maw","floor":40,"turns":3},{"damage":13,"enemies":"2 Orb Walkers","floor":43,"turns":3},{"damage":9,"enemies":"Spire Growth","floor":44,"turns":3},{"damage":0,"enemies":"3 Darklings","floor":45,"turns":2},{"damage":5,"enemies":"Reptomancer","floor":46,"turns":3},{"damage":0,"enemies":"Jaw Worm Horde","floor":49,"turns":1},{"damage":10,"enemies":"DF_ARCHETYPE_ORBS","floor":50,"turns":3},{"damage":10,"enemies":"downfall:CharBossMerchant","floor":52,"turns":3},{"damage":19,"enemies":"downfall:NeowBoss","floor":55,"turns":7},{"damage":21,"enemies":"downfall:NeowBossFinal","floor":56,"turns":5}],"seed_played":"3960979281797855630","potions_obtained":[{"floor":4,"key":"Explosive Potion"},{"floor":6,"key":"LiquidBronze"},{"floor":8,"key":"champ:OpenerPotion"},{"floor":9,"key":"EntropicBrew"},{"floor":11,"key":"BlessingOfTheForge"},{"floor":12,"key":"Fruit Juice"},{"floor":13,"key":"Energy Potion"},{"floor":14,"key":"testmod-SpacePotion"},{"floor":15,"key":"bronze:BurnAndBuffPotion"},{"floor":16,"key":"Fire Potion"},{"floor":19,"key":"testmod-TestPotion"},{"floor":20,"key":"Regen Potion"},{"floor":23,"key":"Weak Potion"},{"floor":25,"key":"SkillPotion"},{"floor":26,"key":"ColorlessPotion"},{"floor":28,"key":"champ:OpenerPotion"},{"floor":29,"key":"Dexterity Potion"},{"floor":30,"key":"Energy Potion"},{"floor":32,"key":"testmod-SpacePotion"},{"floor":33,"key":"AttackPotion"},{"floor":36,"key":"PowerPotion"},{"floor":37,"key":"BlessingOfTheForge"},{"floor":40,"key":"Strength Potion"},{"floor":43,"key":"bronze:BurnAndBuffPotion"},{"floor":44,"key":"testmod-TimePotion"},{"floor":45,"key":"EssenceOfSteel"},{"floor":46,"key":"Ancient Potion"},{"floor":49,"key":"LiquidMemories"},{"floor":52,"key":"BlessingOfTheForge"}],"is_trial":false,"path_per_floor":["R","M","$","M","M","M","T","E","M","R","$","E","M","$","M","B",null,"R","M","M","?","?","E","T","M","M","R","M","$","M","$","M","B",null,"R","M","M","?","$","M","T","$","?","M","M","E","R","?","M","B",null,"E","$","R","B","B",null],"character_chosen":"THE_CHAMP","items_purchased":["Bag of Preparation","Darkstone Periapt","testmod-SpacePotion","bronze:BurnAndBuffPotion","SpeedPotion","champ:StrikeOfGenius","testmod-Mystery","champ:Circumvent","Guardian:BottledAnomaly","Toy Ornithopter","Lizard Tail","testmod-Faith","EntropicBrew","champ:ViciousMockery","testmod-BlackFramedGlasses","Regal Pillow","champ:BerserkersGuideToSlaughter","SpeedPotion","Dexterity Potion","SkillPotion","champ:VampiricStrike","champ:DefensiveStyle","Gremlin Horn","testmod-ConstraintPeriapt","TheAbacus","Fire Potion","SkillPotion","champ:FightingForDummies","testmod-Laevatain","champ:Barbells","Shuriken","Pen Nib","testmod-Charity","CultistPotion","testmod-Hope","Question Card","Lee\u0027s Waffle","Vajra","Bronze Scales","Sling","Regen Potion"],"campfire_rested":0,"item_purchase_floors":[3,3,3,3,3,3,3,3,3,11,11,11,11,11,14,14,14,14,14,14,14,14,29,29,29,29,29,31,31,31,39,39,39,39,42,42,42,53,53,53,53],"current_hp_per_floor":[89,74,70,69,63,59,59,54,54,54,52,76,74,66,67,79,78,77,76,75,69,69,71,71,70,69,78,77,76,75,92,91,77,95,94,93,92,91,90,90,89,95,87,87,91,95,94,103,103,102,101,101,100,99,98,89],"gold":4703,"neow_bonus":"RANDOM_COLORLESS","is_daily":false,"chose_seed":false,"campfire_upgraded":6,"win_rate":0.0,"timestamp":1613367851,"path_taken":["R","M","$","M","M","?","T","E","M","R","$","E","M","$","M","BOSS","R","M","M","?","?","E","T","M","?","R","M","$","M","$","M","BOSS","R","M","M","?","$","M","T","$","?","?","M","E","R","?","M","BOSS","E","$","R","BOSS","BOSS"],"items_purchased_type":["Relic","Relic","Potion","Potion","Potion","Card","Card","Card","Relic","Relic","Relic","Relic","Potion","Card","Relic","Relic","Relic","Potion","Potion","Potion","Card","Card","Relic","Relic","Relic","Potion","Potion","Relic","Relic","Relic","Relic","Relic","Relic","Potion","Relic","Relic","Relic","Relic","Relic","Relic","Potion"],"build_version":"2020-12-22","purchased_purges":8,"victory":true,"max_hp_per_floor":[89,88,87,86,85,84,83,82,81,80,79,78,82,81,80,79,78,77,76,75,74,73,72,71,70,69,78,77,76,75,92,91,90,95,94,93,92,91,90,90,89,95,95,95,95,95,94,103,103,102,101,101,100,99,98,97],"relic_stats":{"Darkstone Periapt":24,"Regal Pillow":0,"Lee\u0027s Waffle":7,"Gremlin Horn":[18,18],"Torii":0,"counters":[35,102],"Blue Candle":[6],"Eternal Feather":0,"Pen Nib":[7],"Bag of Preparation":[66],"Boot":[6],"Question Card":6,"Lizard Tail":0,"TheAbacus":[12],"Shuriken":[13],"Bronze Scales":[24],"obtain_stats":[{"Darkstone Periapt":3,"Regal Pillow":14,"Gremlin Horn":29,"Torii":43,"Vajra":53,"champ:ChampionCrown":0,"downfall:HeartBlessingGreen":47,"testmod-PortableAltar":0,"testmod-LifeArmor":34,"Bag of Preparation":3,"Boot":23,"Sling":53,"testmod-BlackFramedGlasses":14,"testmod-Charity":39,"Lizard Tail":11,"TheAbacus":29,"downfall:HeartBlessingBlue":27,"testmod-Laevatain":31,"champ:BerserkersGuideToSlaughter":14,"testmod-InfectionSource":52,"Guardian:BottledAnomaly":3,"champ:FightingForDummies":31,"Potion Belt":12,"champ:Barbells":31,"hexamod:CandleOfCauterizing":41,"Lee\u0027s Waffle":42,"testmod-TestBox":0,"downfall:HeartBlessingRed":35,"Blue Candle":21,"Eternal Feather":46,"Pen Nib":39,"testmod-TurbochargingSystem":8,"testmod-ConstraintPeriapt":29,"testmod-Justice":34,"Question Card":42,"White Beast Statue":7,"champ:GladiatorsBookOfMartialProwess":34,"Calling Bell":34,"Shuriken":39,"Bronze Scales":53,"testmod-Hope":42,"testmod-Faith":11,"Toy Ornithopter":11},{"Darkstone Periapt":2,"Regal Pillow":11,"Gremlin Horn":20,"Torii":27,"Vajra":33,"champ:ChampionCrown":0,"downfall:HeartBlessingGreen":30,"testmod-PortableAltar":0,"testmod-LifeArmor":23,"Bag of Preparation":2,"Boot":16,"Sling":33,"testmod-BlackFramedGlasses":11,"testmod-Charity":25,"Lizard Tail":8,"TheAbacus":20,"downfall:HeartBlessingBlue":18,"testmod-Laevatain":21,"champ:BerserkersGuideToSlaughter":11,"testmod-InfectionSource":33,"Guardian:BottledAnomaly":2,"champ:FightingForDummies":21,"Potion Belt":9,"champ:Barbells":21,"hexamod:CandleOfCauterizing":26,"Lee\u0027s Waffle":26,"testmod-TestBox":0,"downfall:HeartBlessingRed":23,"Blue Candle":15,"Eternal Feather":30,"Pen Nib":25,"testmod-TurbochargingSystem":6,"testmod-ConstraintPeriapt":20,"testmod-Justice":23,"Question Card":26,"White Beast Statue":5,"champ:GladiatorsBookOfMartialProwess":23,"Calling Bell":23,"Shuriken":25,"Bronze Scales":33,"testmod-Hope":26,"testmod-Faith":8,"Toy Ornithopter":8},{"Darkstone Periapt":9,"Regal Pillow":33,"Gremlin Horn":58,"Torii":75,"Vajra":90,"champ:ChampionCrown":0,"downfall:HeartBlessingGreen":83,"testmod-PortableAltar":0,"testmod-LifeArmor":66,"Bag of Preparation":9,"Boot":46,"Sling":90,"testmod-BlackFramedGlasses":33,"testmod-Charity":70,"Lizard Tail":23,"TheAbacus":58,"downfall:HeartBlessingBlue":51,"testmod-Laevatain":60,"champ:BerserkersGuideToSlaughter":33,"testmod-InfectionSource":90,"Guardian:BottledAnomaly":9,"champ:FightingForDummies":60,"Potion Belt":26,"champ:Barbells":60,"hexamod:CandleOfCauterizing":73,"Lee\u0027s Waffle":73,"testmod-TestBox":0,"downfall:HeartBlessingRed":66,"Blue Candle":41,"Eternal Feather":83,"Pen Nib":70,"testmod-TurbochargingSystem":18,"testmod-ConstraintPeriapt":58,"testmod-Justice":66,"Question Card":73,"White Beast Statue":15,"champ:GladiatorsBookOfMartialProwess":66,"Calling Bell":66,"Shuriken":70,"Bronze Scales":90,"testmod-Hope":73,"testmod-Faith":23,"Toy Ornithopter":23}],"Toy Ornithopter":73},"card_choices":[{"not_picked":["Dramatic Entrance","testmod-HandmadeProducts"],"picked":"testmod-Collector","floor":0},{"not_picked":["champ:Shatter","champ:TornadoPunch"],"picked":"champ:Encircle","floor":2},{"not_picked":["champ:PerfectedStrike","champ:BladeFlurry"],"picked":"champ:BringItOn","floor":3},{"not_picked":["champ:Backstep","champ:Endure"],"picked":"champ:SkillfulDodge","floor":4},{"not_picked":["champ:Backstep","champ:BerserkersShout","champ:ShieldSigil"],"picked":"SKIP","floor":5},{"not_picked":["champ:AdrenalArmor","champ:GutPunch","champ:RisingSlash"],"picked":"SKIP","floor":6},{"not_picked":["champ:IronFortress","champ:FanOfKnives"],"picked":"champ:VampiricStrike","floor":8},{"not_picked":["champ:Lariat","champ:Backstep"],"picked":"champ:TornadoPunch","floor":9},{"not_picked":["champ:BerserkerStyle","champ:Circumvent","champ:ShieldSlam"],"picked":"SKIP","floor":11},{"not_picked":["champ:GutPunch","champ:RecklessLeap","champ:PreciseThrust"],"picked":"SKIP","floor":12},{"not_picked":["champ:FanOfKnives","champ:ShieldSigil"],"picked":"champ:StanceDance","floor":13},{"not_picked":["champ:Circumvent","champ:GutPunch","champ:FancyFootwork"],"picked":"SKIP","floor":14},{"not_picked":["champ:DefensiveStyle","champ:BerserkerStyle"],"picked":"champ:SkillfulDodge","floor":15},{"not_picked":["champ:IgnorePain","champ:EnchantSword"],"picked":"champ:GladiatorForm","floor":16},{"not_picked":["champ:ShieldSigil","champ:DefensiveShout","champ:CrownThrow"],"picked":"SKIP","floor":19},{"not_picked":["champ:Backstep","champ:AdrenalArmor"],"picked":"champ:BringItOn","floor":20},{"not_picked":["champ:FaceSlap+1","champ:BerserkerStyle"],"picked":"champ:Improvising","floor":23},{"not_picked":["champ:ShieldSigil+1","champ:BringItOn","champ:Haymaker"],"picked":"SKIP","floor":25},{"not_picked":["champ:HeartStrike+1","champ:BerserkerStyle","champ:FocusedBerserking"],"picked":"SKIP","floor":26},{"not_picked":["champ:CrownThrow","champ:LastStand"],"picked":"champ:FocusedDefense+1","floor":28},{"not_picked":["champ:SetATrap+1","champ:ShieldWall","champ:FlashCut"],"picked":"SKIP","floor":29},{"not_picked":["champ:Haymaker","champ:PreciseThrust+1","champ:AdrenalArmor+1"],"picked":"SKIP","floor":30},{"not_picked":["champ:CrownThrow","champ:FocusedBerserking","champ:Circumvent"],"picked":"SKIP","floor":32},{"not_picked":["champ:SteelEdge","champ:EnchantCrown"],"picked":"champ:TripleStrike","floor":33},{"not_picked":["champ:AdrenalArmor","champ:PerfectedStrike","champ:CrookedStrike"],"picked":"SKIP","floor":36},{"not_picked":["champ:BerserkersShout","champ:ArenaPreparation","champ:Backstep"],"picked":"SKIP","floor":37},{"not_picked":["expansioncontent:Hexaburn","expansioncontent:InvincibleStrength"],"picked":"expansioncontent:PolyBeam","floor":38},{"not_picked":["champ:Shatter","champ:FlashCut+1","champ:TornadoPunch"],"picked":"SKIP","floor":40},{"not_picked":["champ:ShieldSigil","champ:PreciseThrust+1","champ:TornadoPunch+1","champ:Backstep+1"],"picked":"SKIP","floor":44},{"not_picked":["champ:StrikeOfGenius","champ:HeartStrike","champ:TornadoPunch+1","champ:StanceDance"],"picked":"SKIP","floor":45},{"not_picked":["champ:ViciousMockery+1","champ:Endure","champ:FocusedBerserking","champ:Circumvent"],"picked":"SKIP","floor":46},{"not_picked":["champ:ShieldWall","champ:ShieldSigil+1","champ:Haymaker+1","champ:Circumvent+1"],"picked":"SKIP","floor":49},{"not_picked":["champ:FalseCounter","champ:Haymaker","champ:IronFortress","champ:PreciseThrust+1"],"picked":"SKIP","floor":52}],"player_experience":73578,"relics_obtained":[{"floor":7,"key":"White Beast Statue"},{"floor":8,"key":"testmod-TurbochargingSystem"},{"floor":12,"key":"Potion Belt"},{"floor":23,"key":"Boot"},{"floor":34,"key":"testmod-LifeArmor"},{"floor":34,"key":"testmod-Justice"},{"floor":34,"key":"champ:GladiatorsBookOfMartialProwess"},{"floor":41,"key":"hexamod:CandleOfCauterizing"},{"floor":43,"key":"Torii"},{"floor":46,"key":"Eternal Feather"},{"floor":52,"key":"testmod-InfectionSource"}],"event_choices":[{"damage_healed":0,"gold_gain":0,"player_choice":"Fight","damage_taken":0,"max_hp_gain":0,"max_hp_loss":0,"event_name":"Mysterious Sphere","floor":43,"gold_loss":0}],"is_beta":false,"boss_relics":[{"not_picked":["testmod-HarvestTotem","testmod-StringDisintegrator","Velvet Choker"]},{"not_picked":["Black Star","testmod-BatchProcessingSystem"],"picked":"Calling Bell"}],"items_purged_floors":[3,11,14,29,31,39,42,53],"is_endless":false,"potions_floor_spawned":[4,6,8,9,11,12,13,14,15,16,19,20,23,25,26,28,29,30,32,33,36,37,40,43,44,45,46,49,52],"ascension_level":4}}