{"host":"ifvrsrzj00f2ebkn","time":1613405541,"event":{"mods":["BaseMod","Colored Map","Colored Powertips","Minty Spire (QoL Compilation)","Random Character Button","Shop Mod","StSLib"],"gold_per_floor":[115,115,134,209,235,235,185,196,220,107,121,132,132,32,32,137,137,156,16,16,16,31,31,62,79,147,147,22,22,38,58,58,154,154,171,21,373,373,389,389,399,399,399,399,77,77,97,97,97,97],"floor_reached":51,"language":"ENG","playtime":6357,"items_purged":["Strike_G","Strike_G","Strike_G","Strike_G","Trip"],"score":703,"play_id":"cb814357-066f-4e18-9f19-922d183d54ca","local_time":"20210216001221","is_ascension_mode":false,"campfire_choices":[{"data":"Deadly Poison","floor":6,"key":"SMITH"},{"floor":15,"key":"REST"},{"floor":23,"key":"REST"},{"floor":27,"key":"REST"},{"floor":29,"key":"REST"},{"floor":32,"key":"REST"},{"floor":40,"key":"REST"},{"floor":42,"key":"REST"},{"data":"Noxious Fumes","floor":46,"key":"SMITH"},{"floor":49,"key":"REST"}],"circlet_count":0,"master_deck":["Defend_G+1","Defend_G+1","Defend_G+1","Defend_G+1","Defend_G+1","Survivor+1","Neutralize+1","Quick Slash+1","Deadly Poison+1","Noxious Fumes+1","Leg Sweep+1","Die Die Die+1","Deadly Poison+1","Backflip+1","Well Laid Plans+1","Deadly Poison+1","Footwork+1","Backstab+1","Noxious Fumes+1","Dodge and Roll+1","Backflip+1","Deadly Poison+1"],"relics":["Ring of the Snake","Strawberry","Juzu Bracelet","Singing Bowl","Velvet Choker","Lantern","HornCleat","Sozu","Old Coin","War Paint","Whetstone","Mark of the Bloom"],"acts_visited":["Exordium","TheCity","TheBeyond"],"potions_floor_usage":[16,16,16,24,25,33],"damage_taken":[{"damage":0,"enemies":"Small Slimes","floor":1,"turns":4},{"damage":0,"enemies":"Cultist","floor":3,"turns":5},{"damage":5,"enemies":"2 Louse","floor":8,"turns":3},{"damage":2,"enemies":"Exordium Wildlife","floor":11,"turns":4},{"damage":0,"enemies":"Looter","floor":12,"turns":4},{"damage":12,"enemies":"Hexaghost","floor":16,"turns":9},{"damage":19,"enemies":"2 Thieves","floor":18,"turns":5},{"damage":3,"enemies":"Chosen","floor":22,"turns":5},{"damage":55,"enemies":"Gremlin Leader","floor":24,"turns":7},{"damage":14,"enemies":"3 Cultists","floor":25,"turns":6},{"damage":12,"enemies":"Cultist and Chosen","floor":30,"turns":5},{"damage":1,"enemies":"Snake Plant","floor":31,"turns":4},{"damage":30,"enemies":"Collector","floor":33,"turns":9},{"damage":0,"enemies":"Orb Walker","floor":35,"turns":4},{"damage":47,"enemies":"2 Orb Walkers","floor":37,"turns":6},{"damage":13,"enemies":"3 Darklings","floor":39,"turns":5},{"damage":11,"enemies":"Spire Growth","floor":41,"turns":6},{"damage":2,"enemies":"Jaw Worm Horde","floor":47,"turns":4},{"damage":21,"enemies":"Time Eater","floor":50,"turns":12}],"seed_played":"-1323921690258220666","potions_obtained":[{"floor":1,"key":"Block Potion"},{"floor":8,"key":"Fire Potion"},{"floor":12,"key":"Weak Potion"},{"floor":16,"key":"SteroidPotion"},{"floor":24,"key":"EssenceOfSteel"},{"floor":30,"key":"Explosive Potion"}],"is_trial":false,"path_per_floor":["M","?","M","?","T","R","?","M","T","$","M","M","?","$","R","B",null,"M","$","?","?","M","R","E","M","T","R","$","R","M","M","R","B",null,"M","$","?","?","M","R","M","R","T","?","$","R","M","?","R","B",null],"character_chosen":"THE_SILENT","items_purchased":["Noxious Fumes","Deadly Poison","Backflip","Well Laid Plans","Whetstone"],"campfire_rested":8,"item_purchase_floors":[10,19,19,19,45],"current_hp_per_floor":[77,77,77,66,73,73,73,68,68,68,66,66,59,59,84,72,84,67,67,50,50,47,74,19,5,5,32,32,59,49,50,78,50,97,97,97,50,50,39,68,59,89,89,89,89,89,87,87,87,66],"gold":97,"neow_bonus":"TEN_PERCENT_HP_BONUS","is_daily":false,"chose_seed":false,"campfire_upgraded":2,"win_rate":0.0,"timestamp":1613405541,"path_taken":["M","?","?","?","?","R","?","M","T","$","M","M","?","$","R","BOSS","M","$","?","?","M","R","E","M","T","R","$","R","M","M","R","BOSS","M","$","?","?","M","R","M","R","T","?","?","R","M","?","R","BOSS"],"items_purchased_type":["Card","Card","Card","Card","Relic"],"build_version":"2020-12-22","purchased_purges":5,"victory":true,"max_hp_per_floor":[77,77,77,77,84,84,84,84,84,84,84,84,84,84,84,84,84,86,86,91,91,91,91,91,91,91,91,91,91,93,95,95,97,97,97,97,97,97,99,99,101,101,101,101,101,101,101,101,101,101],"card_choices":[{"not_picked":["Heel Hook","Finisher"],"picked":"Quick Slash","floor":1},{"not_picked":["Outmaneuver","Choke"],"picked":"Deadly Poison","floor":3},{"not_picked":["Prepared","Bouncing Flask"],"picked":"Blade Dance","floor":8},{"not_picked":["Riddle With Holes","Masterful Stab","Adrenaline"],"picked":"SKIP","floor":11},{"not_picked":["Poisoned Stab","Sucker Punch"],"picked":"Leg Sweep","floor":12},{"not_picked":["Bullet Time","A Thousand Cuts"],"picked":"Die Die Die","floor":16},{"not_picked":["Bouncing Flask","Poisoned Stab","Escape Plan"],"picked":"Singing Bowl","floor":18},{"not_picked":["Finisher+1","Distraction"],"picked":"Footwork+1","floor":22},{"not_picked":["Escape Plan","Underhanded Strike+1"],"picked":"Backstab","floor":24},{"not_picked":["Blade Dance","Poisoned Stab+1"],"picked":"Noxious Fumes","floor":25},{"not_picked":["Tactician","Poisoned Stab","Venomology"],"picked":"Singing Bowl","floor":30},{"not_picked":["PiercingWail","Deflect","Calculated Gamble"],"picked":"Singing Bowl","floor":31},{"not_picked":["Phantasmal Killer","Envenom","Burst"],"picked":"Singing Bowl","floor":33},{"not_picked":["Blade Dance","Leg Sweep+1"],"picked":"Dodge and Roll+1","floor":35},{"not_picked":["Heel Hook","Infinite Blades"],"picked":"Backflip+1","floor":37},{"not_picked":["Transmutation","Panacea"],"picked":"Trip","floor":38},{"not_picked":["Infinite Blades","Noxious Fumes","Calculated Gamble"],"picked":"Singing Bowl","floor":39},{"not_picked":["Slice+1","Leg Sweep","Acrobatics"],"picked":"Singing Bowl","floor":41},{"not_picked":["Dagger Spray+1","Blade Dance"],"picked":"Deadly Poison+1","floor":47}],"player_experience":73601,"relics_obtained":[{"floor":5,"key":"Strawberry"},{"floor":9,"key":"Juzu Bracelet"},{"floor":24,"key":"Lantern"},{"floor":26,"key":"HornCleat"},{"floor":37,"key":"Old Coin"},{"floor":43,"key":"War Paint"}],"event_choices":[{"damage_healed":0,"gold_gain":0,"player_choice":"Forge","damage_taken":0,"max_hp_gain":0,"max_hp_loss":0,"event_name":"Accursed Blacksmith","floor":2,"gold_loss":0,"cards_upgraded":["Neutralize"]},{"damage_healed":0,"gold_gain":75,"player_choice":"Gather Gold","damage_taken":11,"max_hp_gain":0,"max_hp_loss":0,"event_name":"World of Goop","floor":4,"gold_loss":0},{"cards_removed":["Strike_G"],"damage_healed":0,"gold_gain":0,"player_choice":"Card Removal","damage_taken":0,"max_hp_gain":0,"max_hp_loss":0,"event_name":"The Cleric","floor":7,"gold_loss":50},{"damage_healed":0,"gold_gain":0,"player_choice":"Success","damage_taken":7,"relics_obtained":["Singing Bowl"],"max_hp_gain":0,"max_hp_loss":0,"event_name":"Scrap Ooze","floor":13,"gold_loss":0},{"damage_healed":0,"gold_gain":0,"player_choice":"Shed Blood","damage_taken":22,"max_hp_gain":5,"max_hp_loss":0,"event_name":"Forgotten Altar","floor":20,"gold_loss":0},{"damage_healed":0,"gold_gain":0,"player_choice":"Read","damage_taken":0,"max_hp_gain":0,"max_hp_loss":0,"event_name":"The Library","floor":21,"gold_loss":0,"cards_obtained":["Deadly Poison"]},{"damage_healed":0,"gold_gain":0,"player_choice":"Fight","damage_taken":0,"max_hp_gain":0,"max_hp_loss":0,"event_name":"Mysterious Sphere","floor":37,"gold_loss":0},{"damage_healed":0,"gold_gain":0,"player_choice":"Memory 1","damage_taken":0,"max_hp_gain":0,"max_hp_loss":0,"event_name":"SensoryStone","floor":38,"gold_loss":0},{"cards_removed":["Blade Dance"],"damage_healed":0,"gold_gain":0,"player_choice":"Removed Skill","damage_taken":0,"max_hp_gain":0,"max_hp_loss":0,"event_name":"Falling","floor":44,"gold_loss":0},{"damage_healed":0,"gold_gain":0,"player_choice":"Upgrade","damage_taken":0,"relics_obtained":["Mark of the Bloom"],"max_hp_gain":0,"max_hp_loss":0,"event_name":"MindBloom","floor":48,"gold_loss":0,"cards_upgraded":["Defend_G","Defend_G","Defend_G","Survivor","Noxious Fumes","Leg Sweep","Die Die Die","Deadly Poison","Backflip","Well Laid Plans","Deadly Poison"]}],"is_beta":false,"boss_relics":[{"not_picked":["Empty Cage","Tiny House"],"picked":"Velvet Choker"},{"not_picked":["Astrolabe","Fusion Hammer"],"picked":"Sozu"}],"items_purged_floors":[10,14,28,36,45],"is_endless":false,"potions_floor_spawned":[1,8,12,16,24,30,31,37,39,41],"ascension_level":0}}