{"host":"szp1d6dso4pv7ddl","time":1613365666,"event":{"mods":["AchievementEnabler","Alarm Clock","BaseMod","Bestiary","Block Reminder","Colored Map","Colored Powertips","Curses Come First","Dark Map","Displayed Cursed Tome","Highlight Path","Minty Spire (QoL Compilation)","Permanent Neow","Quick Restart","Relic Sorter","Relic Stats","StSLib","Synergy Search"],"gold_per_floor":[118,129,51,63,63,92,92,121,121,121,147,179,210,222,234,323,335,360,382,414,165,165,165,180,205,232,232,143,176,189,189,189,189,189],"floor_reached":33,"language":"ENG","playtime":1627,"items_purged":["Pain"],"score":576,"play_id":"d01255bc-ab09-4c7f-bd9c-24c42f050eef","local_time":"20210214210746","is_ascension_mode":true,"campfire_choices":[{"data":"Bludgeon","floor":7.0,"key":"SMITH"},{"data":"Fiend Fire","floor":10.0,"key":"SMITH"},{"floor":15.0,"key":"REST"},{"floor":23.0,"key":"REST"},{"floor":27.0,"key":"REST"},{"floor":32,"key":"REST"}],"circlet_count":0,"master_deck":["AscendersBane","Strike_R","Strike_R","Strike_R","Strike_R","Defend_R","Defend_R","Defend_R","Defend_R","Bash","Clothesline","Armaments","Hemokinesis","Bludgeon+1","Cleave","Fiend Fire+1","Pommel Strike","Juggernaut","Shrug It Off+1","Battle Trance","Rage","Enlightenment","Headbutt","Power Through","Burning Pact"],"relics":["Burning Blood","Strawberry","Toy Ornithopter","Eternal Feather","Blood Vial","MawBank","Odd Mushroom","WarpedTongs","Fusion Hammer","Oddly Smooth Stone","Tiny Chest","Juzu Bracelet","Enchiridion"],"acts_visited":["Exordium","TheCity"],"potions_floor_usage":[30,30],"damage_taken":[{"damage":14.0,"enemies":"Jaw Worm","floor":1.0,"turns":4.0},{"damage":1.0,"enemies":"Small Slimes","floor":2.0,"turns":5.0},{"damage":3.0,"enemies":"Cultist","floor":4.0,"turns":3.0},{"damage":26.0,"enemies":"Gremlin Nob","floor":6.0,"turns":4.0},{"damage":22.0,"enemies":"Lagavulin","floor":8.0,"turns":4.0},{"damage":8.0,"enemies":"Gremlin Nob","floor":11.0,"turns":3.0},{"damage":34.0,"enemies":"The Mushroom Lair","floor":12.0,"turns":4.0},{"damage":11.0,"enemies":"Looter","floor":13.0,"turns":2.0},{"damage":49.0,"enemies":"The Guardian","floor":16.0,"turns":11.0},{"damage":22.0,"enemies":"Spheric Guardian","floor":18.0,"turns":4.0},{"damage":23.0,"enemies":"3 Byrds","floor":19.0,"turns":5.0},{"damage":18.0,"enemies":"3 Cultists","floor":20.0,"turns":5.0},{"damage":10.0,"enemies":"Snake Plant","floor":24.0,"turns":4.0},{"damage":29.0,"enemies":"Gremlin Leader","floor":25.0,"turns":5.0},{"damage":64,"enemies":"Slavers","floor":29,"turns":7},{"damage":8,"enemies":"Shelled Parasite and Fungi","floor":30,"turns":3},{"damage":67,"enemies":"Collector","floor":33,"turns":10}],"seed_played":"-8973601874439186068","potions_obtained":[{"floor":2.0,"key":"CultistPotion"},{"floor":4.0,"key":"ElixirPotion"},{"floor":12.0,"key":"GamblersBrew"},{"floor":13.0,"key":"SpeedPotion"},{"floor":16.0,"key":"AttackPotion"},{"floor":20.0,"key":"HeartOfIron"},{"floor":22.0,"key":"HeartOfIron"},{"floor":24.0,"key":"EssenceOfSteel"},{"floor":25.0,"key":"SkillPotion"},{"floor":29,"key":"SkillPotion"}],"is_trial":false,"path_per_floor":["M","M","$","M","?","E","R","E","T","R","E","?","M","?","R","B",null,"M","M","M","$","?","R","M","E","T","R","$","E","M","?","R","B"],"character_chosen":"IRONCLAD","items_purchased":["Hemokinesis","Rage","Enlightenment","Power Through"],"campfire_rested":4,"item_purchase_floors":[3,21,21,28],"current_hp_per_floor":[67,72,72,75,68,48,48,37,37,46,46,20,17,17,50,14,65,51,41,31,31,31,67,70,59,59,82,82,24,34,13,52,0,0],"gold":189,"neow_bonus":"RANDOM_COMMON_RELIC","is_daily":false,"chose_seed":false,"campfire_upgraded":2,"win_rate":0.0,"timestamp":1613365666,"path_taken":["M","M","$","M","?","E","R","E","T","R","E","?","?","?","R","BOSS","M","?","M","$","?","R","?","E","T","R","$","E","M","?","R","BOSS"],"items_purchased_type":["Card","Card","Card","Card"],"build_version":"2020-12-22","purchased_purges":1,"victory":false,"max_hp_per_floor":[82,82,82,82,82,82,82,82,82,82,82,82,82,82,82,82,82,82,82,82,82,82,82,82,82,82,82,82,82,82,82,82,82,82],"relic_stats":{"Blood Vial":22,"counters":[17,83],"Eternal Feather":57,"Tiny Chest":0,"Juzu Bracelet":1,"MawBank":120,"obtain_stats":[{"Oddly Smooth Stone":25,"Enchiridion":31,"Eternal Feather":8,"Juzu Bracelet":29,"Odd Mushroom":12,"MawBank":11,"Burning Blood":0,"WarpedTongs":14,"Blood Vial":9,"Strawberry":0,"Tiny Chest":26,"Fusion Hammer":17,"Toy Ornithopter":6},{"Oddly Smooth Stone":14,"Enchiridion":16,"Eternal Feather":5,"Juzu Bracelet":15,"Odd Mushroom":7,"MawBank":6,"Burning Blood":0,"WarpedTongs":8,"Blood Vial":5,"Strawberry":0,"Tiny Chest":14,"Fusion Hammer":9,"Toy Ornithopter":4},{"Oddly Smooth Stone":63,"Enchiridion":73,"Eternal Feather":20,"Juzu Bracelet":70,"Odd Mushroom":27,"MawBank":23,"Burning Blood":0,"WarpedTongs":29,"Blood Vial":20,"Strawberry":0,"Tiny Chest":63,"Fusion Hammer":40,"Toy Ornithopter":16}],"Burning Blood":96,"Toy Ornithopter":40,"WarpedTongs":[52]},"card_choices":[{"not_picked":["True Grit","Heavy Blade"],"picked":"Clothesline","floor":1.0},{"not_picked":["Iron Wave","Shockwave"],"picked":"Armaments","floor":2.0},{"not_picked":["Heavy Blade","Pommel Strike"],"picked":"Bludgeon","floor":4.0},{"not_picked":["Pummel","Heavy Blade"],"picked":"Cleave","floor":6.0},{"not_picked":["Juggernaut","Battle Trance"],"picked":"Fiend Fire","floor":8.0},{"not_picked":["Perfected Strike","Combust","Infernal Blade"],"picked":"SKIP","floor":11.0},{"not_picked":["Body Slam","Intimidate"],"picked":"Pommel Strike","floor":13.0},{"not_picked":["Exhume","Reaper"],"picked":"Juggernaut","floor":16.0},{"not_picked":["Havoc","Twin Strike"],"picked":"Shrug It Off+1","floor":18.0},{"not_picked":["Thunderclap","Clothesline","Sword Boomerang"],"picked":"SKIP","floor":19.0},{"not_picked":["Pommel Strike+1","Whirlwind"],"picked":"Battle Trance","floor":20.0},{"not_picked":["Twin Strike+1","Perfected Strike"],"picked":"Headbutt","floor":24.0},{"not_picked":["Wild Strike","Carnage","Clash"],"picked":"SKIP","floor":25.0},{"not_picked":["Flex","Fire Breathing","Exhume"],"picked":"SKIP","floor":29},{"not_picked":["Rupture","Spot Weakness"],"picked":"Burning Pact","floor":30}],"player_experience":1583662,"relics_obtained":[{"floor":6.0,"key":"Toy Ornithopter"},{"floor":8.0,"key":"Eternal Feather"},{"floor":9.0,"key":"Blood Vial"},{"floor":11.0,"key":"MawBank"},{"floor":12.0,"key":"Odd Mushroom"},{"floor":25.0,"key":"Oddly Smooth Stone"},{"floor":26.0,"key":"Tiny Chest"},{"floor":29,"key":"Juzu Bracelet"}],"event_choices":[{"cards_removed":["Strike_R"],"damage_healed":0.0,"max_hp_gain":0.0,"max_hp_loss":0.0,"gold_gain":0.0,"event_name":"Golden Wing","player_choice":"Card Removal","floor":5.0,"gold_loss":0.0,"damage_taken":7.0},{"damage_healed":0.0,"max_hp_gain":0.0,"max_hp_loss":0.0,"gold_gain":0.0,"event_name":"Mushrooms","player_choice":"Fought Mushrooms","floor":12.0,"gold_loss":0.0,"damage_taken":0.0},{"damage_healed":0.0,"max_hp_gain":0.0,"max_hp_loss":0.0,"gold_gain":0.0,"event_name":"Accursed Blacksmith","player_choice":"Rummage","floor":14.0,"gold_loss":0.0,"damage_taken":0.0,"relics_obtained":["WarpedTongs"],"cards_obtained":["Pain"]},{"damage_healed":0.0,"max_hp_gain":0.0,"max_hp_loss":0.0,"gold_gain":0.0,"event_name":"Lab","player_choice":"Got Potions","floor":22.0,"gold_loss":0.0,"damage_taken":0.0},{"damage_healed":0,"gold_gain":0,"player_choice":"Obtained Book","damage_taken":21,"max_hp_gain":0,"max_hp_loss":0,"event_name":"Cursed Tome","floor":31,"gold_loss":0}],"is_beta":false,"boss_relics":[{"not_picked":["Calling Bell","SacredBark"],"picked":"Fusion Hammer"}],"items_purged_floors":[21],"is_endless":false,"potions_floor_spawned":[2,4,12,13,16,20,24,25,29],"killed_by":"Collector","ascension_level":18}}