{"host":"5hsgormuu0lj4iiq","time":1613351589,"event":{"mods":["AchievementEnabler","BaseMod","Colored Map","Colored Powertips","Minty Spire (QoL Compilation)","Quick Restart","Relic Stats","SuperFastMode","everything is the same but u backflip on backflip","slay the spire mod where everything is the same but ironclad has a cowboy hat"],"gold_per_floor":[114,114,126,139,63,63,63],"floor_reached":6,"language":"ENG","playtime":115,"items_purged":[],"score":58,"play_id":"dce2e57d-dd31-4647-b7cc-5936e2bf33a6","local_time":"20210214201309","is_ascension_mode":true,"campfire_choices":[],"circlet_count":0,"master_deck":["AscendersBane","Strike_B","Strike_B","Strike_B","Defend_B","Defend_B","Defend_B","Defend_B","Zap","Dualcast","Genetic Algorithm","Lockon","Capacitor"],"relics":["Cracked Core","Smiling Mask"],"acts_visited":["Exordium"],"potions_floor_usage":[6],"damage_taken":[{"damage":5,"enemies":"Small Slimes","floor":1,"turns":3},{"damage":1,"enemies":"Cultist","floor":3,"turns":4},{"damage":11,"enemies":"2 Louse","floor":4,"turns":3},{"damage":55,"enemies":"Gremlin Nob","floor":6,"turns":4}],"seed_played":"-1802017870751970586","potions_obtained":[{"floor":3,"key":"PowerPotion"}],"is_trial":false,"path_per_floor":["M","?","M","M","$","E"],"character_chosen":"DEFECT","items_purchased":["Capacitor"],"campfire_rested":0,"item_purchase_floors":[5],"current_hp_per_floor":[63,63,62,51,51,0,0],"gold":63,"neow_bonus":"RANDOM_COMMON_RELIC","is_daily":false,"chose_seed":false,"campfire_upgraded":0,"win_rate":0.0,"timestamp":1613351589,"path_taken":["M","?","M","?","$","E"],"items_purchased_type":["Card"],"build_version":"2020-12-22","purchased_purges":0,"victory":false,"max_hp_per_floor":[75,75,75,75,75,75,75],"relic_stats":{"counters":[4,14],"Smiling Mask":0,"obtain_stats":[{"Cracked Core":0,"Smiling Mask":0},{"Cracked Core":0,"Smiling Mask":0},{"Cracked Core":0,"Smiling Mask":0}]},"card_choices":[{"not_picked":["Conserve Battery","Steam Power","Undo"],"picked":"SKIP","floor":1},{"not_picked":["Turbo","Gash"],"picked":"Genetic Algorithm","floor":3},{"not_picked":["Melter","Force Field"],"picked":"Lockon","floor":4}],"player_experience":734444,"relics_obtained":[],"event_choices":[{"cards_removed":["Strike_B"],"damage_healed":0,"gold_gain":0,"player_choice":"Purged","damage_taken":0,"max_hp_gain":0,"max_hp_loss":0,"event_name":"Purifier","floor":2,"gold_loss":0}],"is_beta":false,"boss_relics":[],"items_purged_floors":[],"is_endless":false,"potions_floor_spawned":[3],"killed_by":"Gremlin Nob","ascension_level":12}}