{"host":"3j2m8n0ywf988fwb","time":1613417082,"event":{"mods":["2.2 Compatiblity","AchievementEnabler","Act Like it!","BaseMod","Better Altar","Better Match","Better Note","Better Sensory Stone","Better Skull","Better Third Choice","Colored Powertips","Dark Map","Hallownest","HexUI Lib","Highlight Path","Marked Mod","Mimic Mod","Minty Spire (QoL Compilation)","Random Character Button","Relic Stats","Ruina","Shop Mod","StSLib","Unceasing Turn Reminder","Weighted Paths","everything is the same but u backflip on backflip"],"gold_per_floor":[114,114,289,289,70,104,104,138,164,132,145,188,257,283,283,388,388,410,515,534,534,558,558,558],"floor_reached":23,"language":"ENG","playtime":1051,"items_purged":["Doubt"],"score":398,"play_id":"37b89d22-aaf5-499b-860d-05dbc81558ad","local_time":"20210215132442","is_ascension_mode":true,"campfire_choices":[{"data":"Blade Dance","floor":7,"key":"SMITH"},{"data":"Tools of the Trade","floor":15,"key":"SMITH"}],"circlet_count":0,"master_deck":["AscendersBane","Strike_G","Strike_G","Strike_G","Defend_G","Defend_G","Defend_G","Defend_G","Defend_G","Survivor","Neutralize+1","Quick Slash","Tools of the Trade+1","Blade Dance+1","Slice","Finisher","Blur","Blade Dance","Cloak And Dagger","PiercingWail","Backflip","Adrenaline","Prepared","Footwork+1","Cloak And Dagger"],"relics":["Ring of the Snake","NeowsBlessing","PreservedInsect","Orrery","Mercury Hourglass","Nunchaku","Anchor","betterThird:SlimedRelic","CeramicFish","Girya","Shuriken","Empty Cage","Bronze Scales","Strawberry"],"acts_visited":["Exordium","ruina:Briah"],"potions_floor_usage":[18,22],"damage_taken":[{"damage":0,"enemies":"Small Slimes","floor":1,"turns":1},{"damage":0,"enemies":"Gremlin Nob","floor":6,"turns":1},{"damage":0,"enemies":"Lagavulin","floor":8,"turns":1},{"damage":0,"enemies":"2 Louse","floor":11,"turns":2},{"damage":7,"enemies":"Gremlin Nob","floor":12,"turns":3},{"damage":0,"enemies":"3 Sentries","floor":13,"turns":3},{"damage":2,"enemies":"3 Sentries","floor":14,"turns":3},{"damage":12,"enemies":"The Guardian","floor":16,"turns":10},{"damage":18,"enemies":"ruina:BadWolf","floor":18,"turns":5},{"damage":0,"enemies":"ruina:3_Bats","floor":20,"turns":4},{"damage":7,"enemies":"ruina:KingOfGreed","floor":22,"turns":3},{"damage":11,"enemies":"ruina:Mountain","floor":23,"turns":2}],"seed_played":"-1506499625895550518","potions_obtained":[{"floor":6,"key":"DuplicationPotion"},{"floor":8,"key":"GamblersBrew"},{"floor":12,"key":"Energy Potion"},{"floor":20,"key":"Swift Potion"}],"is_trial":false,"path_per_floor":["M","?","?","?","$","E","R","E","T","?","M","E","?","E","R","B",null,"M","?","M","?","M","E"],"character_chosen":"THE_SILENT","items_purchased":["Orrery"],"campfire_rested":0,"item_purchase_floors":[5],"current_hp_per_floor":[63,63,63,60,60,60,60,60,60,49,49,42,42,40,40,28,60,42,42,42,18,11,0,0],"gold":558,"neow_bonus":"THREE_ENEMY_KILL","is_daily":false,"chose_seed":false,"campfire_upgraded":2,"win_rate":0.0,"timestamp":1613417082,"path_taken":["M","?","?","?","$","E","R","E","T","?","M","E","?","E","R","BOSS","M","?","?","?","?","E"],"items_purchased_type":["Relic"],"build_version":"2020-12-22","purchased_purges":1,"victory":false,"max_hp_per_floor":[70,70,70,70,70,70,70,70,70,70,70,70,70,70,70,70,70,70,70,70,77,77,77,77],"relic_stats":{"Nunchaku":[10],"counters":[12,37],"Shuriken":[15],"CeramicFish":54,"Bronze Scales":[15],"PreservedInsect":95,"obtain_stats":[{"Girya":13,"NeowsBlessing":0,"CeramicFish":12,"PreservedInsect":4,"Empty Cage":17,"Mercury Hourglass":6,"Nunchaku":8,"Anchor":9,"Shuriken":14,"betterThird:SlimedRelic":10,"Bronze Scales":21,"Strawberry":21,"Orrery":5,"Ring of the Snake":0},{"Girya":5,"NeowsBlessing":0,"CeramicFish":5,"PreservedInsect":1,"Empty Cage":8,"Mercury Hourglass":2,"Nunchaku":3,"Anchor":3,"Shuriken":7,"betterThird:SlimedRelic":3,"Bronze Scales":10,"Strawberry":10,"Orrery":1,"Ring of the Snake":0},{"Girya":8,"NeowsBlessing":0,"CeramicFish":8,"PreservedInsect":1,"Empty Cage":24,"Mercury Hourglass":2,"Nunchaku":3,"Anchor":3,"Shuriken":14,"betterThird:SlimedRelic":3,"Bronze Scales":32,"Strawberry":32,"Orrery":1,"Ring of the Snake":0}],"Ring of the Snake":[24],"Mercury Hourglass":[154]},"card_choices":[{"not_picked":["Flying Knee","Eviscerate"],"picked":"Quick Slash","floor":1},{"not_picked":["Envenom","Acrobatics"],"picked":"Tools of the Trade","floor":5},{"not_picked":["Skewer","Backstab"],"picked":"Blade Dance","floor":5},{"not_picked":["Flying Knee","Noxious Fumes"],"picked":"Slice","floor":5},{"not_picked":["Blur","Backflip"],"picked":"Finisher","floor":5},{"not_picked":["Dodge and Roll","Poisoned Stab"],"picked":"Blur","floor":5},{"not_picked":["Crippling Poison","Finisher","Outmaneuver"],"picked":"SKIP","floor":6},{"not_picked":["PiercingWail","Tools of the Trade"],"picked":"Blade Dance","floor":8},{"not_picked":["Dodge and Roll","Prepared"],"picked":"Cloak And Dagger","floor":11},{"not_picked":["Concentrate","Blur"],"picked":"PiercingWail","floor":12},{"not_picked":["Dagger Spray","PiercingWail"],"picked":"Backflip","floor":13},{"not_picked":["Dodge and Roll","Backflip","Deadly Poison"],"picked":"SKIP","floor":14},{"not_picked":["Venomology","Bullet Time"],"picked":"Adrenaline","floor":16},{"not_picked":["Dagger Spray+1","Poisoned Stab"],"picked":"Prepared","floor":18},{"not_picked":["Dodge and Roll","Backflip+1"],"picked":"Footwork+1","floor":20},{"not_picked":["Caltrops","Riddle With Holes+1"],"picked":"Cloak And Dagger","floor":22}],"player_experience":777061,"relics_obtained":[{"floor":6,"key":"Mercury Hourglass"},{"floor":8,"key":"Nunchaku"},{"floor":9,"key":"Anchor"},{"floor":12,"key":"CeramicFish"},{"floor":14,"key":"Shuriken"}],"event_choices":[{"damage_healed":0,"gold_gain":0,"player_choice":"Grow","damage_taken":0,"max_hp_gain":0,"max_hp_loss":0,"event_name":"Living Wall","floor":2,"gold_loss":0,"cards_upgraded":["Neutralize"]},{"damage_healed":0,"gold_gain":175,"player_choice":"AGREE","damage_taken":114,"max_hp_gain":0,"max_hp_loss":0,"event_name":"betterThird:BetterSerpent","floor":3,"gold_loss":0},{"damage_healed":0,"gold_gain":0,"player_choice":"Relic ","damage_taken":3,"max_hp_gain":0,"max_hp_loss":0,"event_name":"betterThird:BetterScrap","floor":4,"gold_loss":0,"cards_obtained":["Rampage"]},{"damage_healed":0,"gold_gain":0,"player_choice":"Slimed","damage_taken":11,"max_hp_gain":0,"max_hp_loss":0,"event_name":"betterThird:BetterGoop","floor":10,"gold_loss":32},{"damage_healed":0,"gold_gain":0,"player_choice":"Searched \u00273\u0027 times","damage_taken":0,"relics_obtained":["Girya"],"max_hp_gain":0,"max_hp_loss":0,"event_name":"Dead Adventurer","floor":13,"gold_loss":0},{"damage_healed":0,"gold_gain":0,"player_choice":"RE RE ","damage_taken":35,"relics_obtained":["Bronze Scales","Strawberry"],"max_hp_gain":0,"max_hp_loss":0,"event_name":"betterSkull:BetterSkull","floor":21,"gold_loss":0,"cards_upgraded":[]}],"is_beta":false,"boss_relics":[{"not_picked":["Coffee Dripper","Tiny House"],"picked":"Empty Cage"}],"items_purged_floors":[5],"is_endless":false,"potions_floor_spawned":[6,8,12,13,14,20],"killed_by":"ruina:Mountain","ascension_level":10}}