{"host":"d6ni0fvdmr494qs7","time":1613413745,"event":{"mods":["ATMod(°¢èªMod)","BaseMod","Colored Powertips","Downfall","Minty Spire (QoL Compilation)","Replay The Spire","Spicy Shops","StSLib","The Blue Laboratory","¡¾ÒÅÎï¿¨ÅÆ¡¿REMEMod"],"gold_per_floor":[99,99,99,274,274,274,301,329,329,329,17,17,17,17,32,127,127,27,37,54,73,58,58,110,110,192,226,245,45,45,45,55,150,150,150,161,179,198,211,54,54,87,87,87,87,112,112,128,139,139,139,169,24,24,24,24],"floor_reached":57,"language":"ZHS","playtime":2726,"items_purged":["downfall:Malfunctioning","Doubt"],"score":1294,"play_id":"64a61f3c-0a7c-448e-8c58-3a47a9558d97","local_time":"20210216022905","is_ascension_mode":false,"campfire_choices":[{"data":"bronze:Replicate","floor":1.0,"key":"SMITH"},{"floor":13.0,"key":"REST"},{"data":"bronze:SpaghettiCode","floor":18.0,"key":"SMITH"},{"floor":23.0,"key":"RECALL"},{"data":"bronze:Fortify","floor":29.0,"key":"SMITH"},{"data":"bronze:Iterate","floor":35.0,"key":"SMITH"},{"data":"bronze:DelayedSlice","floor":45.0,"key":"SMITH"},{"data":"bronze:Defend","floor":47.0,"key":"SMITH"},{"floor":54.0,"key":"REST"}],"circlet_count":0,"master_deck":["bronze:Strike+1","bronze:Defend+1","bronze:Defend+1","bronze:Replicate+1","bronze:Goto+1","expansioncontent:QuickStudy+1","bronze:Fortify+1","bronze:Iterate+1","bronze:DelayedSlice+1","bronze:Boost+1","bronze:SpaghettiCode+1","bronze:DelayedSlice+1","bronze:Iterate+1","bronze:Turbo+1","bronze:Repulsor+1","bronze:DelayedSlice+1"],"relics":["bronze:BronzeCore","AT_ATBox","REME_ComplimentaryCards","downfall:HeartsMalice","Oddly Smooth Stone","Gambling Chip","AT_SeraphEmbrace","MealTicket","Astrolabe","downfall:HeartBlessingGreen","Orichalcum","War Paint","REME_HandOfSuture","downfall:HeartBlessingRed","downfall:HeartBlessingBlue","ChewingGum","AT_BladeRuinedKing","REME_LimitBreaker","Blood Vial","Blue Candle","AT_SunfireAegis","AT_Kusabimaru","Medical Kit"],"acts_visited":["TheCity","TheBeyond","TheEnding"],"potions_floor_usage":[56,56],"damage_taken":[{"damage":0.0,"enemies":"2 Louse","floor":2.0,"turns":1.0},{"damage":0.0,"enemies":"Small Slimes","floor":3.0,"turns":1.0},{"damage":0.0,"enemies":"Cultist","floor":5.0,"turns":1.0},{"damage":32.0,"enemies":"3 Sentries","floor":8.0,"turns":11.0},{"damage":2.0,"enemies":"downfall:FleeingMerchant","floor":11.0,"turns":4.0},{"damage":0.0,"enemies":"Exordium Wildlife","floor":15.0,"turns":2.0},{"damage":50.0,"enemies":"IC_STATUS_ARCHETYPE","floor":16.0,"turns":9.0},{"damage":3.0,"enemies":"Shell Parasite","floor":19.0,"turns":2.0},{"damage":0.0,"enemies":"Chosen","floor":20.0,"turns":3.0},{"damage":25.0,"enemies":"Snecko","floor":21.0,"turns":5.0},{"damage":17.0,"enemies":"downfall:FleeingMerchant","floor":22.0,"turns":4.0},{"damage":0.0,"enemies":"downfall:FleeingMerchant","floor":26.0,"turns":4.0},{"damage":3.0,"enemies":"Replay:Snechameleon","floor":27.0,"turns":3.0},{"damage":0.0,"enemies":"3 Cultists","floor":28.0,"turns":2.0},{"damage":0.0,"enemies":"Centurion and Healer","floor":32.0,"turns":3.0},{"damage":26.0,"enemies":"SI_MIRROR_ARCHETYPE","floor":33.0,"turns":11.0},{"damage":0.0,"enemies":"3 Darklings","floor":36.0,"turns":2.0},{"damage":0.0,"enemies":"Orb Walker","floor":37.0,"turns":2.0},{"damage":0.0,"enemies":"Sphere and 2 Shapes","floor":38.0,"turns":2.0},{"damage":20.0,"enemies":"Transient","floor":39.0,"turns":5.0},{"damage":3.0,"enemies":"Reptomancer","floor":42.0,"turns":3.0},{"damage":0.0,"enemies":"Spire Growth","floor":48.0,"turns":2.0},{"damage":9.0,"enemies":"Writhing Mass","floor":49.0,"turns":2.0},{"damage":0.0,"enemies":"WA_ARCHETYPE_DIVINITY","floor":50.0,"turns":4.0},{"damage":0.0,"enemies":"downfall:CharBossMerchant","floor":52.0,"turns":3.0},{"damage":13.0,"enemies":"downfall:NeowBoss","floor":55.0,"turns":7.0},{"damage":42,"enemies":"downfall:NeowBossFinal","floor":56,"turns":6}],"seed_played":"-5752266517079421999","potions_obtained":[{"floor":15.0,"key":"blueLaboratory:LouseDecoction"},{"floor":16.0,"key":"blueLaboratory:LouseDecoction"},{"floor":19.0,"key":"SkillPotion"},{"floor":27.0,"key":"REME_GoldPotion"},{"floor":33.0,"key":"blueLaboratory:BottleOfVodka"},{"floor":37.0,"key":"SkillPotion"},{"floor":42.0,"key":"EssenceOfSteel"},{"floor":49.0,"key":"blueLaboratory:NullPotion"},{"floor":52.0,"key":"Explosive Potion"}],"is_trial":false,"path_per_floor":["R","M","M","?","M","?","T","E","?","?","$","?","R","T","M","B",null,"R","M","M","M","$","R","T","?","$","E","M","R","?","?","M","B",null,"R","M","M","M","M","$","T","E","$","?","R","T","R","M","M","B",null,"E","$","R","B","B",null],"character_chosen":"THE_AUTOMATON","items_purchased":["AT_ArchangelStaff","bronze:Boost","War Paint","AT_BladeRuinedKing","Medical Kit"],"campfire_rested":2,"item_purchase_floors":[11,11,26,40,53],"current_hp_per_floor":[70,70,70,70,70,70,70,38,38,38,36,33,54,54,54,4,70,70,67,67,42,40,40,40,80,80,77,77,87,69,69,69,43,95,95,95,95,95,75,90,90,87,95,90,90,90,90,92,85,87,95,95,95,95,82,42],"gold":24,"neow_bonus":"THREE_ENEMY_KILL","is_daily":false,"chose_seed":false,"campfire_upgraded":6,"win_rate":0.0,"timestamp":1613413745,"path_taken":["R","M","M","?","M","?","T","E","?","?","$","?","R","?","M","BOSS","R","M","M","?","$","R","T","?","?","E","?","R","?","?","M","BOSS","R","M","M","M","M","$","T","E","$","?","R","?","R","?","M","BOSS","E","$","R","BOSS","BOSS"],"items_purchased_type":["Relic","Card","Relic","Relic","Relic"],"build_version":"2020-12-22","purchased_purges":2,"victory":true,"max_hp_per_floor":[70,70,70,70,70,70,70,70,70,70,70,70,70,70,70,70,70,70,70,70,70,70,70,70,80,80,80,80,90,95,95,95,95,95,95,95,95,95,95,95,95,95,95,95,95,95,95,95,95,95,95,95,95,95,95,95],"card_choices":[{"not_picked":["bronze:OilSpill","bronze:BuggyMess"],"picked":"bronze:Fortify","floor":2.0},{"not_picked":["bronze:DarkDash","bronze:OilSpill","bronze:GetLatest"],"picked":"SKIP","floor":3.0},{"not_picked":["bronze:BugBarrage","bronze:Overload"],"picked":"bronze:Iterate","floor":5.0},{"not_picked":["bronze:Overload","bronze:ForLoop","bronze:HyperBeam"],"picked":"SKIP","floor":8.0},{"not_picked":["bronze:CleanCode","bronze:OilSpill"],"picked":"bronze:DelayedSlice","floor":11.0},{"not_picked":["bronze:WhirlingStrike","bronze:NullPointer","bronze:BronzeArmor"],"picked":"SKIP","floor":15.0},{"not_picked":["bronze:Virus","bronze:Break"],"picked":"bronze:SpaghettiCode","floor":16.0},{"not_picked":["bronze:Overheat","bronze:Iterate+1","bronze:CutThrough+1"],"picked":"SKIP","floor":19.0},{"not_picked":["bronze:BitShift","bronze:ForceShield"],"picked":"bronze:Turbo+1","floor":20.0},{"not_picked":["bronze:ChildClass","bronze:Invalidate","bronze:Frontload"],"picked":"SKIP","floor":21.0},{"not_picked":["bronze:BitShift","bronze:BugBarrage+1","bronze:CloningBeam+1"],"picked":"SKIP","floor":22.0},{"not_picked":["bronze:Boost+1","bronze:BuggyMess","bronze:Branch"],"picked":"SKIP","floor":26.0},{"not_picked":["bronze:CloningBeam","bronze:FindAndReplace","bronze:Repair"],"picked":"SKIP","floor":27.0},{"not_picked":["bronze:BugBarrage","bronze:OilSpill+1","bronze:DelayedGuard"],"picked":"SKIP","floor":28.0},{"not_picked":["bronze:Deprecate+1","bronze:ForceShield","bronze:CutThrough"],"picked":"SKIP","floor":32.0},{"not_picked":["bronze:NullPointer","bronze:DigitalCarnage+1","bronze:Frontload"],"picked":"SKIP","floor":36.0},{"not_picked":["bronze:Overheat","bronze:CutThrough","bronze:Flail"],"picked":"SKIP","floor":37.0},{"not_picked":["bronze:DigitalCarnage+1","bronze:Shield","bronze:WildBeam"],"picked":"SKIP","floor":38.0},{"not_picked":["bronze:Allocate","bronze:Invalidate","bronze:Safeguard","bronze:WhirlingStrike+1"],"picked":"bronze:Repulsor+1","floor":39.0},{"not_picked":["bronze:Fortify","bronze:DelayedGuard"],"picked":"bronze:DelayedSlice+1","floor":42.0},{"not_picked":["bronze:BitShift","bronze:BuggyMess","bronze:Shield"],"picked":"SKIP","floor":48.0},{"not_picked":["bronze:WhirlingStrike+1","bronze:DelayedSlice","bronze:WildBeam"],"picked":"SKIP","floor":49.0},{"not_picked":["bronze:Shield","bronze:AlphaBuild","bronze:WhirlingStrike+1"],"picked":"SKIP","floor":52.0}],"player_experience":235997,"relics_obtained":[{"floor":7.0,"key":"Oddly Smooth Stone"},{"floor":8.0,"key":"Gambling Chip"},{"floor":24.0,"key":"Orichalcum"},{"floor":27.0,"key":"REME_HandOfSuture"},{"floor":41.0,"key":"REME_LimitBreaker"},{"floor":42.0,"key":"Blood Vial"},{"floor":46.0,"key":"AT_SunfireAegis"},{"floor":52.0,"key":"AT_Kusabimaru"}],"event_choices":[{"damage_healed":0.0,"max_hp_gain":0.0,"max_hp_loss":0.0,"gold_gain":0.0,"event_name":"Scrap Ooze","player_choice":"Success","floor":12.0,"gold_loss":0.0,"damage_taken":3.0,"relics_obtained":["MealTicket"]},{"damage_healed":0.0,"max_hp_gain":0.0,"max_hp_loss":0.0,"gold_gain":0.0,"event_name":"Ghosts","player_choice":"Ignored","floor":31.0,"gold_loss":0.0,"damage_taken":0.0}],"is_beta":false,"boss_relics":[{"not_picked":["Replay:Drink Me","Kintsugi"],"picked":"Astrolabe"},{"not_picked":["Black Star","Coffee Dripper"],"picked":"ChewingGum"}],"items_purged_floors":[11,26],"is_endless":false,"potions_floor_spawned":[15,16,19,27,33,37,42,49,52],"ascension_level":0}}