{"host":"gbgc43u9lfev3bcz","time":1613351314,"event":{"mods":["BaseMod","Better Note","Challenge The Spire","Colored Map","Downfall","Minty Spire (QoL Compilation)","StSLib"],"gold_per_floor":[18,18,32,45,56,381,381,416,497,536,536,461,54,54,54],"floor_reached":14,"language":"ENG","playtime":691,"items_purged":[],"score":205,"play_id":"f6f9474b-f2da-4def-a22d-0770aad89ed7","local_time":"20210214190834","is_ascension_mode":true,"campfire_choices":[{"data":"Night Terror","floor":7,"key":"SMITH"},{"floor":11,"key":"REST"}],"circlet_count":0,"master_deck":["AscendersBane","Strike_G","Strike_G","Strike_G","Defend_G","Defend_G","Defend_G","Defend_G","Defend_G","Survivor","Neutralize","Die Die Die","Poisoned Stab","Night Terror+1","Doppelganger","Distraction","Corpse Explosion","Backflip","Night Terror","Leg Sweep","Catalyst","Sadistic Nature","PiercingWail"],"relics":["Ring of the Snake","Old Coin","WingedGreaves","The Courier","CeramicFish","Happy Flower"],"acts_visited":["Exordium"],"potions_floor_usage":[6,8],"damage_taken":[{"damage":6,"enemies":"Cultist","floor":1,"turns":5},{"damage":6,"enemies":"Jaw Worm","floor":3,"turns":4},{"damage":4,"enemies":"Small Slimes","floor":4,"turns":3},{"damage":4,"enemies":"2 Fungi Beasts","floor":5,"turns":2},{"damage":25,"enemies":"Lagavulin","floor":6,"turns":5},{"damage":6,"enemies":"Gremlin Nob","floor":8,"turns":3},{"damage":27,"enemies":"Lagavulin","floor":10,"turns":7},{"damage":49,"enemies":"Gremlin Nob","floor":14,"turns":4}],"seed_played":"6972991338038208072","potions_obtained":[{"floor":3,"key":"hexamod:SoulburnPotion"},{"floor":4,"key":"FairyPotion"},{"floor":6,"key":"Fire Potion"},{"floor":10,"key":"Explosive Potion"}],"is_trial":false,"path_per_floor":["M","?","M","M","M","E","R","E","T","E","R","?","$","E"],"character_chosen":"THE_SILENT","items_purchased":["Happy Flower","Leg Sweep","Catalyst","Sadistic Nature","PiercingWail"],"campfire_rested":1,"item_purchase_floors":[13,13,13,13,13],"current_hp_per_floor":[53,53,47,43,39,14,14,8,8,12,31,31,31,0,0],"gold":54,"neow_bonus":"THREE_RARE_CARDS","is_daily":false,"chose_seed":false,"campfire_upgraded":1,"win_rate":0.0,"timestamp":1613351314,"path_taken":["M","?","M","M","M","E","R","E","T","E","R","?","$","E"],"items_purchased_type":["Relic","Card","Card","Card","Card"],"build_version":"2020-12-22","purchased_purges":0,"victory":false,"max_hp_per_floor":[66,66,66,66,66,66,66,66,66,66,66,66,66,66,66],"card_choices":[{"not_picked":["Adrenaline","Malaise"],"picked":"Die Die Die","floor":0},{"not_picked":["Bane","Concentrate"],"picked":"Poisoned Stab","floor":1},{"not_picked":["Blade Dance","Riddle With Holes"],"picked":"Doppelganger","floor":3},{"not_picked":["Flying Knee","Sucker Punch"],"picked":"Distraction","floor":4},{"not_picked":["Bane","Calculated Gamble"],"picked":"Corpse Explosion","floor":5},{"not_picked":["Acrobatics","Poisoned Stab","Concentrate"],"picked":"SKIP","floor":6},{"not_picked":["Dodge and Roll","Prepared"],"picked":"Backflip","floor":8},{"not_picked":["Sucker Punch","Deflect"],"picked":"Night Terror","floor":10}],"player_experience":577798,"relics_obtained":[{"floor":6,"key":"Old Coin"},{"floor":8,"key":"WingedGreaves"},{"floor":9,"key":"The Courier"},{"floor":10,"key":"CeramicFish"}],"event_choices":[{"damage_healed":0,"gold_gain":0,"cards_transformed":["Strike_G"],"player_choice":"Change","damage_taken":0,"max_hp_gain":0,"max_hp_loss":0,"event_name":"Living Wall","floor":2,"gold_loss":0,"cards_obtained":["Night Terror"]},{"cards_removed":["Strike_G"],"damage_healed":0,"gold_gain":0,"player_choice":"Card Removal","damage_taken":0,"max_hp_gain":0,"max_hp_loss":0,"event_name":"The Cleric","floor":12,"gold_loss":75}],"is_beta":false,"boss_relics":[],"items_purged_floors":[],"is_endless":false,"potions_floor_spawned":[3,4,6,10],"killed_by":"Gremlin Nob","ascension_level":18}}