{"host":"knk89g45d3vzr5fm","time":1613421750,"event":{"mods":["2.2 Compatiblity","BaseMod","Downfall","Minty Spire (QoL Compilation)","Relic Stats","Reliquary","Replay The Spire","StSLib","The Marked"],"gold_per_floor":[99,111,124,124,140,173,219,249,699,725,725,740,765,801,813,914,914,814,922,954,965,978,1009,1034,1034,1034,1034],"floor_reached":25,"language":"FRA","playtime":1694,"items_purged":[],"score":539,"play_id":"b0e46e26-884e-45ae-8c10-239bc94688f3","local_time":"20210215214230","is_ascension_mode":true,"campfire_choices":[{"floor":1,"key":"DIG"},{"floor":11,"key":"REST"},{"floor":18,"key":"RECALL"}],"circlet_count":0,"master_deck":["AscendersBane","sneckomod:Strike","sneckomod:Defend","sneckomod:Defend","sneckomod:Defend","sneckomod:TailWhip+1","sneckomod:SnekBite","sneckomod:Unknown","sneckomod:Unknown+1","sneckomod:UnknownUncommonSkill","sneckomod:UnknownClassMARKED_PURPLE_COLOR+1","downfall:Malfunctioning","sneckomod:SerpentIdol","sneckomod:UnknownClassGREEN","sneckomod:SoulRoll","downfall:Icky","downfall:Icky","downfall:Icky","sneckomod:UnendingSupply","sneckomod:Unknown1Cost","sneckomod:Mudshield","sneckomod:UnknownColorless","sneckomod:UnknownUncommonPower","sneckomod:SerpentMind","sneckomod:UnknownCommonAttack","sneckomod:UnknownClassGUARDIAN","J.A.X.","sneckomod:UnknownDexterity+1","sneckomod:Transmogrify","sneckomod:Unknown2Cost+1","sneckomod:Memorize+1"],"relics":["ChewingGum","Pet Ghost","reliquary:Aerogel","TungstenRod","ReplayTheSpireMod:TigerMarble","downfall:HeartBlessingGreen","MutagenicStrength","Red Mask","Replay:Mystery Machine","Snecko Heart","Meat on the Bone","Toxic Egg 2","Replay:Baseball"],"acts_visited":["Exordium","TheCity"],"potions_floor_usage":[13,16,19,21],"damage_taken":[{"damage":4,"enemies":"Small Slimes","floor":2,"turns":3},{"damage":3,"enemies":"2 Louse","floor":3,"turns":2},{"damage":4,"enemies":"Jaw Worm","floor":5,"turns":2},{"damage":11,"enemies":"Gremlin Nob","floor":6,"turns":4},{"damage":36,"enemies":"3 Sentries","floor":8,"turns":7},{"damage":15,"enemies":"Gremlin Nob","floor":10,"turns":4},{"damage":0,"enemies":"Exordium Thugs","floor":12,"turns":4},{"damage":0,"enemies":"Lagavulin","floor":13,"turns":8},{"damage":5,"enemies":"downfall:LooterAlt","floor":14,"turns":3},{"damage":4,"enemies":"Red Slaver","floor":15,"turns":4},{"damage":38,"enemies":"IC_STATUS_ARCHETYPE","floor":16,"turns":12},{"damage":15,"enemies":"downfall:Augmenter","floor":19,"turns":6},{"damage":21,"enemies":"Masked Bandits","floor":20,"turns":3},{"damage":0,"enemies":"3 Byrds","floor":21,"turns":5},{"damage":8,"enemies":"Shell Parasite","floor":22,"turns":3},{"damage":38,"enemies":"Gremlin Leader","floor":23,"turns":7},{"damage":11,"enemies":"Book of Stabbing","floor":25,"turns":4}],"seed_played":"1911696184046263101","potions_obtained":[{"floor":3,"key":"Energy Potion"},{"floor":5,"key":"hexamod:SoulburnPotion"},{"floor":10,"key":"SkillPotion"},{"floor":14,"key":"FearPotion"},{"floor":16,"key":"Block Potion"},{"floor":19,"key":"LifebloodPotion"},{"floor":21,"key":"Ancient Potion"}],"is_trial":false,"path_per_floor":["R","M","M","?","M","E","T","E","?","E","R","M","E","M","M","B",null,"R","?","?","M","M","E","T","E"],"character_chosen":"THE_SNECKO","items_purchased":[],"campfire_rested":1,"item_purchase_floors":[],"current_hp_per_floor":[81,77,74,74,70,59,59,23,23,8,35,35,35,42,50,24,74,74,59,50,50,42,11,11,0,0,0],"gold":1034,"neow_bonus":"BOSS_RELIC","is_daily":false,"chose_seed":false,"campfire_upgraded":0,"win_rate":0.0,"timestamp":1613421750,"path_taken":["R","M","M","?","M","E","T","E","?","E","R","M","E","M","M","BOSS","R","?","?","M","M","E","T","E"],"items_purchased_type":[],"build_version":"2020-12-22","purchased_purges":0,"victory":false,"max_hp_per_floor":[90,90,90,90,90,90,90,90,90,90,90,90,90,90,90,90,90,90,90,90,90,90,90,90,90,90,90],"relic_stats":{"counters":[17,81],"obtain_stats":[{"Snecko Heart":17,"reliquary:Aerogel":7,"downfall:HeartBlessingGreen":18,"Replay:Mystery Machine":6,"sneckomod:SneckoSoul":0,"Pet Ghost":1,"Replay:Baseball":24,"MutagenicStrength":19,"ChewingGum":0,"ReplayTheSpireMod:TigerMarble":10,"Red Mask":20,"Toxic Egg 2":23,"TungstenRod":8,"Meat on the Bone":13},{"Snecko Heart":11,"reliquary:Aerogel":4,"downfall:HeartBlessingGreen":11,"Replay:Mystery Machine":4,"sneckomod:SneckoSoul":0,"Pet Ghost":0,"Replay:Baseball":16,"MutagenicStrength":12,"ChewingGum":0,"ReplayTheSpireMod:TigerMarble":6,"Red Mask":13,"Toxic Egg 2":16,"TungstenRod":5,"Meat on the Bone":8},{"Snecko Heart":53,"reliquary:Aerogel":11,"downfall:HeartBlessingGreen":53,"Replay:Mystery Machine":11,"sneckomod:SneckoSoul":0,"Pet Ghost":0,"Replay:Baseball":77,"MutagenicStrength":59,"ChewingGum":0,"ReplayTheSpireMod:TigerMarble":22,"Red Mask":62,"Toxic Egg 2":77,"TungstenRod":18,"Meat on the Bone":34}],"TungstenRod":37,"Meat on the Bone":48},"card_choices":[{"not_picked":["sneckomod:IronFang","sneckomod:ImprovisedGuard"],"picked":"sneckomod:UnknownUncommonSkill","floor":2},{"not_picked":["sneckomod:DiceCrush","sneckomod:TrashToTreasure"],"picked":"sneckomod:UnknownClassMARKED_PURPLE_COLOR","floor":3},{"not_picked":["sneckomod:TrashToTreasure","sneckomod:UnknownClassTHE_CHAMP_GRAY"],"picked":"sneckomod:SerpentIdol","floor":5},{"not_picked":["sneckomod:Nope","sneckomod:Unknown1Cost"],"picked":"sneckomod:UnknownClassGREEN","floor":6},{"not_picked":["sneckomod:Mudshield","sneckomod:MixItUp"],"picked":"sneckomod:SoulRoll","floor":8},{"not_picked":["sneckomod:QuickBite","sneckomod:UnknownClassTHE_BRONZE_AUTOMATON"],"picked":"sneckomod:UnendingSupply","floor":10},{"not_picked":["sneckomod:RainOfDice","sneckomod:UnknownDraw"],"picked":"sneckomod:Unknown1Cost","floor":12},{"not_picked":["sneckomod:UnknownClassTHE_CHAMP_GRAY","sneckomod:UnknownExhaust"],"picked":"sneckomod:Mudshield","floor":13},{"not_picked":["sneckomod:ImprovisedAttack","sneckomod:UnknownClassTHE_BRONZE_AUTOMATON"],"picked":"sneckomod:UnknownColorless","floor":14},{"not_picked":["sneckomod:IronFang","sneckomod:RainOfDice"],"picked":"sneckomod:UnknownUncommonPower","floor":15},{"not_picked":["sneckomod:Mudshield","sneckomod:UnknownRareAttack"],"picked":"sneckomod:SerpentMind","floor":16},{"not_picked":[],"picked":"J.A.X.","floor":19},{"not_picked":["sneckomod:UnknownClassRED+1","sneckomod:UnknownClassMARKED_PURPLE_COLOR+1"],"picked":"sneckomod:UnknownDexterity+1","floor":19},{"not_picked":["sneckomod:DiceBlock","sneckomod:MixItUp"],"picked":"sneckomod:Transmogrify","floor":20},{"not_picked":["sneckomod:UnknownClassTHE_CHAMP_GRAY+1","sneckomod:QuickBite","sneckomod:Unknown1Cost"],"picked":"SKIP","floor":21},{"not_picked":["sneckomod:SnekBeam","sneckomod:UnknownExhaust"],"picked":"sneckomod:Unknown2Cost+1","floor":22},{"not_picked":["sneckomod:UnknownColorless+1","sneckomod:ImprovisedAttack"],"picked":"sneckomod:Memorize+1","floor":23}],"player_experience":2176297,"relics_obtained":[{"floor":1,"key":"Pet Ghost"},{"floor":6,"key":"Replay:Mystery Machine"},{"floor":7,"key":"reliquary:Aerogel"},{"floor":8,"key":"TungstenRod"},{"floor":10,"key":"ReplayTheSpireMod:TigerMarble"},{"floor":13,"key":"Replay:Mystery Machine"},{"floor":13,"key":"Meat on the Bone"},{"floor":19,"key":"MutagenicStrength"},{"floor":20,"key":"Red Mask"},{"floor":21,"key":"Replay:Mystery Machine"},{"floor":22,"key":"Snecko Heart"},{"floor":22,"key":"Meat on the Bone"},{"floor":23,"key":"Meat on the Bone"},{"floor":23,"key":"Toxic Egg 2"},{"floor":24,"key":"Replay:Baseball"}],"event_choices":[{"damage_healed":0,"gold_gain":0,"player_choice":"Fought Bandits","damage_taken":0,"max_hp_gain":0,"max_hp_loss":0,"event_name":"Masked Bandits","floor":20,"gold_loss":0}],"is_beta":false,"boss_relics":[{"not_picked":["SlaversCollar","Replay:Grab Bag"],"picked":"Snecko Heart"}],"items_purged_floors":[],"is_endless":false,"potions_floor_spawned":[3,5,10,12,14,16,19,21],"killed_by":"Book of Stabbing","ascension_level":10}}