{"host":"n605f8gctjc87d7h","time":1613410126,"event":{"mods":["Aspiration","Bard","BaseMod","Better Match","Better Note","Better Skull","Better Third Choice","Conspire","Downfall","Halation","Hermit","Infinite Spire","Minty Spire (QoL Compilation)","Reliquary","Replay The Spire","Retaliation","Shade Mod","Spicy Shops","StSLib","The IronCluck","The Jungle","The Runesmith"],"gold_per_floor":[116,116,129,54,69,69,69,69,69,93,111,127,165,183,183,183,183],"floor_reached":16,"language":"ENG","playtime":1017,"items_purged":["Injury"],"score":198,"play_id":"2b868ed9-0397-452c-a190-5ebc1eb97290","local_time":"20210215092846","is_ascension_mode":true,"campfire_choices":[{"floor":6,"key":"REST"},{"floor":15,"key":"REST"}],"circlet_count":0,"master_deck":["AscendersBane","Strike_B","Strike_B","Strike_B","Defend_B","Defend_B","Defend_B","Defend_B","Zap","Dualcast","hexamod:EtherealExpedition","hexamod:SpectersWail","hexamod:Hexaguard","Gash","hexamod:Hexaguard","Ball Lightning","Warcry","Lockon"],"relics":["Cracked Core","aspiration:Nostalgia","m_DevilBlood","Golden Idol","Pet Ghost","Replay:PocketPolymizer","reliquary:RoseTintedGlasses"],"acts_visited":["Exordium"],"potions_floor_usage":[16],"damage_taken":[{"damage":0,"enemies":"conspire:RoseBush","floor":1,"turns":3},{"damage":7,"enemies":"Small Slimes","floor":3,"turns":3},{"damage":12,"enemies":"Jaw Worm","floor":5,"turns":3},{"damage":0,"enemies":"Large Slime","floor":10,"turns":6},{"damage":17,"enemies":"3 Louse","floor":11,"turns":3},{"damage":0,"enemies":"Exordium Wildlife","floor":12,"turns":2},{"damage":20,"enemies":"Replay:BlueRogue","floor":13,"turns":9},{"damage":27,"enemies":"Exordium Thugs","floor":14,"turns":4},{"damage":35,"enemies":"Fading Forest","floor":16,"turns":7}],"seed_played":"-5429344763908991208","potions_obtained":[{"floor":3,"key":"Milkshake"},{"floor":5,"key":"Venom Potion"},{"floor":12,"key":"FearPotion"},{"floor":14,"key":"Fire Potion"}],"is_trial":false,"path_per_floor":["M","?","M","$","M","R","?","$","T","M","M","M","E","M","R","B"],"character_chosen":"DEFECT","items_purchased":[],"campfire_rested":2,"item_purchase_floors":[],"current_hp_per_floor":[64,64,57,57,45,66,66,66,66,66,49,49,29,2,23,0,0],"gold":183,"neow_bonus":"NOSTALGIA","is_daily":false,"chose_seed":false,"campfire_upgraded":0,"win_rate":0.0,"timestamp":1613410126,"path_taken":["M","?","M","$","M","R","?","?","T","M","M","M","E","M","R","BOSS"],"items_purchased_type":[],"build_version":"2020-12-22","purchased_purges":1,"victory":false,"max_hp_per_floor":[71,71,71,71,71,71,71,71,71,71,71,71,71,71,71,71,71],"card_choices":[{"not_picked":["Warcry","Ball Lightning"],"picked":"hexamod:EtherealExpedition","floor":1},{"not_picked":["Storm","Sentinel"],"picked":"hexamod:SpectersWail","floor":3},{"not_picked":["ReplaySolidLightProjector","Streamline"],"picked":"hexamod:Hexaguard","floor":5},{"not_picked":["Hologram","Compile Driver"],"picked":"Gash","floor":10},{"not_picked":["Force Field","Warcry"],"picked":"hexamod:Hexaguard","floor":11},{"not_picked":["Redo","Sunder"],"picked":"Ball Lightning","floor":12},{"not_picked":["hexamod:FirstSeal","Barrage"],"picked":"Warcry","floor":13},{"not_picked":["Turbo","hexamod:SixthSeal","Ball Lightning"],"picked":"SKIP","floor":14}],"player_experience":874425,"relics_obtained":[{"floor":9,"key":"Replay:PocketPolymizer"},{"floor":13,"key":"reliquary:RoseTintedGlasses"}],"event_choices":[{"damage_healed":0,"gold_gain":0,"player_choice":"Take Wound","damage_taken":0,"relics_obtained":["Golden Idol"],"max_hp_gain":0,"max_hp_loss":0,"event_name":"Golden Idol","floor":2,"gold_loss":0,"cards_obtained":["Injury"]}],"is_beta":false,"boss_relics":[],"items_purged_floors":[4],"is_endless":false,"potions_floor_spawned":[3,5,12,14],"killed_by":"Fading Forest","ascension_level":18}}