{"host":"zwezhz46a5cjkxff","time":1613361624,"event":{"mods":["AchievementEnabler","BaseMod","Colored Map","Colored Powertips","DeckTracker","Minty Spire (QoL Compilation)","Permanent Neow","Quick Restart","Rare Cards Sparkle","Relic Stats","StSLib","SuperFastMode"],"gold_per_floor":[115,115,135,135,153,191,191,191,191],"floor_reached":8,"language":"ENG","playtime":204,"items_purged":[],"score":62,"play_id":"89e7a2b2-7adb-4346-9433-6f9544127e31","local_time":"20210214220024","is_ascension_mode":true,"campfire_choices":[{"floor":7,"key":"REST"}],"circlet_count":0,"master_deck":["Strike_G","Strike_G","Strike_G","Strike_G","Strike_G","Defend_G","Defend_G","Defend_G","Defend_G","Defend_G","Survivor","Neutralize","Panache","Dagger Spray","Regret","Blur"],"relics":["Ring of the Snake","Golden Idol","Mercury Hourglass","Akabeko"],"acts_visited":["Exordium"],"potions_floor_usage":[6],"damage_taken":[{"damage":3,"enemies":"Small Slimes","floor":1,"turns":6},{"damage":0,"enemies":"2 Louse","floor":3,"turns":3},{"damage":3,"enemies":"Jaw Worm","floor":5,"turns":5},{"damage":17,"enemies":"Lagavulin","floor":6,"turns":6},{"damage":49,"enemies":"Gremlin Nob","floor":8,"turns":5}],"seed_played":"-8784650072937004008","potions_obtained":[{"floor":1,"key":"PowerPotion"}],"is_trial":false,"path_per_floor":["M","?","M","?","M","E","R","E"],"character_chosen":"THE_SILENT","items_purchased":[],"campfire_rested":1,"item_purchase_floors":[],"current_hp_per_floor":[60,45,45,45,42,25,43,0,0],"gold":191,"neow_bonus":"RANDOM_COLORLESS_2","is_daily":false,"chose_seed":false,"campfire_upgraded":0,"win_rate":0.0,"timestamp":1613361624,"path_taken":["M","?","M","?","M","E","R","E"],"items_purchased_type":[],"build_version":"2020-12-22","purchased_purges":0,"victory":false,"max_hp_per_floor":[63,63,63,63,63,63,63,63,63],"relic_stats":{"counters":[5,25],"Golden Idol":16,"obtain_stats":[{"Golden Idol":2,"Akabeko":6,"Ring of the Snake":0,"Mercury Hourglass":4},{"Golden Idol":1,"Akabeko":4,"Ring of the Snake":0,"Mercury Hourglass":2},{"Golden Idol":6,"Akabeko":20,"Ring of the Snake":0,"Mercury Hourglass":9}],"Ring of the Snake":[10],"Mercury Hourglass":[36]},"card_choices":[{"not_picked":["Metamorphosis","The Bomb"],"picked":"Panache","floor":0},{"not_picked":["Leg Sweep","Dagger Throw"],"picked":"Dagger Spray","floor":1},{"not_picked":["Backflip","PiercingWail","Choke"],"picked":"SKIP","floor":3},{"not_picked":["Flying Knee","Bane"],"picked":"Blur","floor":5},{"not_picked":["Dagger Spray","Flying Knee","Blur"],"picked":"SKIP","floor":6}],"player_experience":111661,"relics_obtained":[{"floor":6,"key":"Akabeko"}],"event_choices":[{"damage_healed":0,"gold_gain":0,"player_choice":"Take Damage","damage_taken":15,"relics_obtained":["Golden Idol"],"max_hp_gain":0,"max_hp_loss":0,"event_name":"Golden Idol","floor":2,"gold_loss":0},{"damage_healed":0,"gold_gain":0,"player_choice":"Box","damage_taken":0,"relics_obtained":["Mercury Hourglass"],"max_hp_gain":0,"max_hp_loss":0,"event_name":"Big Fish","floor":4,"gold_loss":0,"cards_obtained":["Regret"]}],"is_beta":false,"boss_relics":[],"items_purged_floors":[],"is_endless":false,"potions_floor_spawned":[1],"killed_by":"Gremlin Nob","ascension_level":2}}