{"host":"8a72fthmlk1o8pdb","time":1613361242,"event":{"mods":["AchievementEnabler","Aspiration","Astrologer","Bard","BaseMod","Beaked The Cultist","Better Sensory Stone","Better Skull","Better Third Choice","ChefMod","Colored Map","Colored Powertips","Dark Map","Downfall","Friendly Minions","GifTheSpireLib","Googly Eyes","Gremlin Mod","Hermit","Hubris","JesterMod","Jorbs\u0027s Wanderer Trilogy","Marisa????????","Minty Spire (QoL Compilation)","Permanent Neow","Random Character Button","Rare Cards Sparkle","Relic Stats","Reliquary","Robot Space Explorer","Shade Mod","Shop Mod","Somnambulant","StSLib","The Animator","The Blue Laboratory","The Construct","The Cursed","The Disciple","The Hayseed","The Hierophant","The Jungle","The Marked","The Mystic","The Necromancer","The Poker Player","The Problem Sleuth","The Runesmith","thorton"],"gold_per_floor":[12,12,24,42,57,57,82,13,40,50,64,64,79,91,91,196,196],"floor_reached":16,"language":"ENG","playtime":6175,"items_purged":[],"score":156,"play_id":"fbfd33ad-08d8-4a87-97de-c32d2cf86bc0","local_time":"20210214195402","is_ascension_mode":false,"campfire_choices":[{"data":"Shade:Strike_Shade","floor":6,"key":"PURGE"},{"data":"Shade:Strike_Shade","floor":12,"key":"PURGE"},{"floor":15,"key":"REST"}],"circlet_count":0,"master_deck":["Shade:Strike_Shade","Shade:Strike_Shade","Shade:Defend_Shade","Shade:Defend_Shade","Shade:Defend_Shade","Shade:Defend_Shade","Shade:AnimateDead","Shade:CarefulCut","Shade:AncientSpear","Shade:AncientSpear","Shade:GreyBargain","Shade:Carnophage","Shade:UnbarTheGrave","Shade:AblativeArmor","Shade:DangerousRitual"],"relics":["Shade:YorickSkull","Peace Pipe","reliquary:JackalopeAntler","reliquary:PurpleTingedLeaf"],"acts_visited":["Exordium"],"potions_floor_usage":[7,7],"damage_taken":[{"damage":0,"enemies":"Cultist","floor":1,"turns":3},{"damage":0,"enemies":"2 Louse","floor":3,"turns":1},{"damage":0,"enemies":"Small Slimes","floor":4,"turns":2},{"damage":0,"enemies":"Exordium Thugs","floor":5,"turns":4},{"damage":14,"enemies":"Lagavulin","floor":7,"turns":5},{"damage":0,"enemies":"Large Slime","floor":10,"turns":4},{"damage":0,"enemies":"2 Fungi Beasts","floor":11,"turns":3},{"damage":12,"enemies":"Blue Slaver","floor":13,"turns":4},{"damage":21,"enemies":"Exordium Thugs","floor":14,"turns":5},{"damage":16,"enemies":"Slime Boss","floor":16,"turns":8}],"seed_played":"-425838228748956994","potions_obtained":[{"floor":1,"key":"Energy Potion"},{"floor":4,"key":"Fire Potion"},{"floor":7,"key":"blueLaboratory:NullPotion"},{"floor":16,"key":"blueLaboratory:BottledHope"}],"is_trial":false,"path_per_floor":["M","T","M","M","M","R","E","$","T","M","M","R","M","M","R","B"],"character_chosen":"SHADE","items_purchased":["Shade:UnbarTheGrave"],"campfire_rested":1,"item_purchase_floors":[8],"current_hp_per_floor":[65,65,65,65,65,65,51,51,51,53,53,53,42,23,42,29,29],"gold":196,"neow_bonus":"ONE_RARE_RELIC","is_daily":false,"chose_seed":false,"campfire_upgraded":0,"win_rate":0.0,"timestamp":1613361242,"path_taken":["M","?","M","?","M","R","E","?","T","M","?","R","?","M","R","BOSS"],"items_purchased_type":["Card"],"build_version":"2020-12-22","purchased_purges":0,"victory":false,"max_hp_per_floor":[65,65,65,65,65,65,65,65,65,65,65,65,65,65,65,65,65],"relic_stats":{"Peace Pipe":2,"counters":[10,39],"obtain_stats":[{"Peace Pipe":0,"reliquary:JackalopeAntler":2,"Shade:YorickSkull":0,"reliquary:PurpleTingedLeaf":7},{"Peace Pipe":0,"reliquary:JackalopeAntler":1,"Shade:YorickSkull":0,"reliquary:PurpleTingedLeaf":5},{"Peace Pipe":0,"reliquary:JackalopeAntler":3,"Shade:YorickSkull":0,"reliquary:PurpleTingedLeaf":15}]},"card_choices":[{"not_picked":["Shade:Haruspicy","Shade:Brains"],"picked":"Shade:AncientSpear","floor":1},{"not_picked":["Shade:Premonition","Shade:Doomsay"],"picked":"Shade:AncientSpear","floor":3},{"not_picked":["Shade:GraveStillness","Shade:AncientSpear"],"picked":"Shade:GreyBargain","floor":4},{"not_picked":["Shade:FeralStrike","Shade:Premonition"],"picked":"Shade:Carnophage","floor":5},{"not_picked":["Shade:Premonition","Shade:BoneShards","Shade:SoulToxin"],"picked":"SKIP","floor":7},{"not_picked":["Shade:PotionOfRestlessness","Shade:BoneShards","Shade:SanguineRitual"],"picked":"SKIP","floor":10},{"not_picked":["Shade:FreshBones","Shade:BoneShards","Shade:GoDigging"],"picked":"SKIP","floor":11},{"not_picked":["Shade:GreaterAnimation","Shade:Haruspicy"],"picked":"Shade:AblativeArmor","floor":13},{"not_picked":["Shade:GraveStillness","Shade:CallOfTheGrave"],"picked":"Shade:DangerousRitual","floor":14}],"player_experience":204058,"relics_obtained":[{"floor":2,"key":"reliquary:JackalopeAntler"},{"floor":7,"key":"reliquary:PurpleTingedLeaf"}],"event_choices":[],"is_beta":false,"boss_relics":[],"items_purged_floors":[],"is_endless":false,"potions_floor_spawned":[1,4,7,16],"killed_by":"Slime Boss","ascension_level":0}}