{"host":"lehbxtjrpalkmwwj","time":1613398524,"event":{"mods":["ATMod(°¢èªMod)","Aspiration","BaseMod","Challenge The Spire","Colored Map","Colored Powertips","Conspire","Dota2Spire","Energized Spire","Hunter ÁÔÈË","Minty Spire (QoL Compilation)","Quick Restart","Relic Stats","Reliquary","Replay The Spire","Spicy Shops","StSLib","TestMod","The Cursed","The IronCluck","The Poker Player","Waifu the Spire","Wide Potions","[IsaacMod]ÒÔÈö¼âËþ","¡¾ÒÅÎï¿¨ÅÆ¡¿REMEMod","É³µñ²ÄÖÊ°ümod","óô»ðÖ¸ÄÏ"],"gold_per_floor":[109,129,9,9,23,79,79,136,212,251,251,275,275,290,12,625,625,689,739,21,58,98,146,146,192,192,199,199,260,280,376,140,298,298,334,445,245,280,0,0,50,50,50,111,205,289,309,350,45,75,75,75,5,108,240],"floor_reached":56,"language":"ZHS","playtime":1874,"items_purged":["Shame","Injury"],"score":1959,"play_id":"329623c4-8a91-4388-8bd7-fb633273ad1b","local_time":"20210215221524","is_ascension_mode":true,"campfire_choices":[{"floor":7.0,"key":"RECALL"},{"data":"AT_Dispersion","floor":11.0,"key":"SMITH"},{"floor":40.0,"key":"REST"},{"floor":42.0,"key":"REST"},{"floor":52.0,"key":"REST"}],"circlet_count":0,"master_deck":["Strike_B","Strike_B","Strike_B","Strike_B","Defend_B","Defend_B","Defend_B","Defend_B","Zap","Dualcast","AT_Dispersion+1","Streamline","BasicCrystalCard","Defragment+1","Defragment+1","Genetic Algorithm","Biased Cognition+1","Cold Snap","Biased Cognition","Consume","Beam Cell","Double Energy","Ball Lightning","Tempest","AT_TearsDenial","AT_TearsDenial","Static Discharge+1","AT_WaterDrop+1","Amplify","Buffer+1","Coolheaded+1","Auto Shields+1","Spreading Infection","EpicFetus+1","Storm+1","ReplayTheSpireMod:System Scan+1","Crystallizer+1","ReplayRNGCard","Static Discharge+1","Spreading Infection","Hello World+1","Defragment+1","REME_SelfUpgrade+1","Gash","Languid","aspiration:Polymerization+1","Amnesia","Melter+1","Stack+1","ReplayTheSpireMod:Restless Dread","AT_RobotInSpace+1","Heatsinks+1","testmod-RepeatForm+1","testmod-RepeatForm+1","Biased Cognition+1","Regret","Crow Ritual+1","Electrodynamics+1","ReplayTheSpireMod:Dual Polarity+1","Sunder+1","Static Discharge+1","Beam Cell+1","Parasite","Beam Cell+1","conspire:SpireCoStock","conspire:SpireCoStock","conspire:SpireCoStock","conspire:SpireCoStock","AT_HeatAcrobatics+1","Melter+1","Sickly","BasicCrystalCard+1","Time Bomb+1","ReplayTheSpireMod:Doomed","Coolheaded+1","Cold Snap","Ball Lightning+1","Defragment+1","ReplayTheSpireMod:Restless Dread","AT_HeatAcrobatics+1","Redo+1","Hello World+1","Voices","Seek","Shame"],"relics":["Cracked Core","HushsDoor","AT_ATBox","testmod-TestBox","REME_ComplimentaryCards","testmod-SaigiyounoYou","SalivaCoin","NeowsBlessing","Prayer Wheel","TungstenRod","Strawberry","Blue Doll","AT_SunfireAegis","Frozen Egg 2","PunchingBag","Question Card","Fusion Hammer","Ring of Greed","Ring of Hypnosis","Golden Idol","MawBank","PreservedInsect","ReplayTheSpireMod:Lightbulb","Bag of Preparation","reliquary:Buckler","aspiration:ChemicalBlood","Regal Pillow","Replay:Bandana","Ancient Tea Set","conspire:RoyalGoblet","Red Mask","reliquary:OuijaBoard","Pear","TheBible","Turnip","reliquary:ExpiredCoupon","Du-Vu Doll","Replay:Rubber Ducky"],"acts_visited":["Exordium","TheCity","TheBeyond","TheEnding"],"potions_floor_usage":[55,55,55,55,55,55,55,55,55,55],"damage_taken":[{"damage":0.0,"enemies":"Cultist","floor":1.0,"turns":1.0},{"damage":6.0,"enemies":"2 Louse","floor":2.0,"turns":2.0},{"damage":0.0,"enemies":"Jaw Worm","floor":5.0,"turns":1.0},{"damage":40.0,"enemies":"Lagavulin","floor":6.0,"turns":6.0},{"damage":16.0,"enemies":"3 Sentries","floor":8.0,"turns":6.0},{"damage":19.0,"enemies":"Lagavulin","floor":10.0,"turns":6.0},{"damage":7.0,"enemies":"Exordium Thugs","floor":12.0,"turns":4.0},{"damage":0.0,"enemies":"2 Fungi Beasts","floor":14.0,"turns":3.0},{"damage":1.00000002E8,"enemies":"Slime Boss","floor":16.0,"turns":7.0},{"damage":2.0,"enemies":"3 Byrds","floor":18.0,"turns":4.0},{"damage":8.0,"enemies":"Chosen","floor":21.0,"turns":4.0},{"damage":9.0,"enemies":"Snake Plant","floor":22.0,"turns":3.0},{"damage":28.0,"enemies":"Book of Stabbing","floor":23.0,"turns":4.0},{"damage":13.0,"enemies":"Shelled Parasite and Fungi","floor":25.0,"turns":4.0},{"damage":18.0,"enemies":"Gremlin Leader","floor":29.0,"turns":4.0},{"damage":7.0,"enemies":"3 Cultists","floor":30.0,"turns":4.0},{"damage":23.0,"enemies":"Book of Stabbing","floor":31.0,"turns":3.0},{"damage":36.0,"enemies":"Automaton","floor":33.0,"turns":6.0},{"damage":13.0,"enemies":"3 Darklings","floor":35.0,"turns":2.0},{"damage":4.0,"enemies":"Orb Walker","floor":38.0,"turns":3.0},{"damage":21.0,"enemies":"R_Hoarder","floor":41.0,"turns":3.0},{"damage":52.0,"enemies":"Nemesis","floor":44.0,"turns":5.0},{"damage":0.0,"enemies":"Mind Bloom Boss Battle","floor":45.0,"turns":6.0},{"damage":27.0,"enemies":"Giant Head","floor":46.0,"turns":6.0},{"damage":7.0,"enemies":"4 Shapes","floor":47.0,"turns":4.0},{"damage":16.0,"enemies":"3 Darklings","floor":48.0,"turns":4.0},{"damage":37.0,"enemies":"Time Eater","floor":50.0,"turns":7.0},{"damage":39.0,"enemies":"Shield and Spear","floor":54.0,"turns":4.0},{"damage":71,"enemies":"The Heart","floor":55,"turns":6}],"seed_played":"-3447230298340509663","potions_obtained":[{"floor":2.0,"key":"Adrenaline Potion"},{"floor":5.0,"key":"LiquidBronze"},{"floor":6.0,"key":"Fire Potion"},{"floor":16.0,"key":"Explosive Potion"},{"floor":16.0,"key":"REME_GoldPotion"},{"floor":18.0,"key":"PotionOfCapacity"},{"floor":30.0,"key":"REME_GoldPotion"},{"floor":31.0,"key":"testmod-TimePotion"},{"floor":33.0,"key":"Explosive Potion"},{"floor":38.0,"key":"SmokeBomb"},{"floor":38.0,"key":"Elixir"},{"floor":41.0,"key":"Swift Potion"},{"floor":46.0,"key":"Dota2Spire:HealingSalve"},{"floor":46.0,"key":"Swift Potion"},{"floor":54.0,"key":"EntropicBrew"},{"floor":55,"key":"Explosive Potion"}],"is_trial":false,"path_per_floor":["M","M","$","?","M","E","R","E","T","E","R","M","?","M","R","B",null,"M","?","$","M","M","E","?","M","T","?","?","E","M","E","R","B",null,"M","?","?","M","?","R","E","R","T","E","?","E","M","M","R","B",null,"R","$","E","B",null],"character_chosen":"DEFECT","items_purchased":["TungstenRod","AT_TearsDenial","Static Discharge+1","Buffer+1","EpicFetus+1","PreservedInsect","ReplayTheSpireMod:Lightbulb","Storm+1","Ancient Tea Set","Heatsinks+1","testmod-RepeatForm+1","Crow Ritual+1","Electrodynamics+1","Du-Vu Doll","Hello World+1"],"campfire_rested":3,"item_purchase_floors":[3,15,15,17,20,20,20,20,32,32,32,34,34,49,53],"current_hp_per_floor":[69,65,65,65,66,52,52,64,64,59,59,63,63,69,69,28,66,75,75,75,78,73,56,56,62,62,48,48,49,64,56,56,47,64,65,39,39,47,47,69,48,69,79,47,70,67,72,74,74,74,78,79,79,51,41],"gold":240,"neow_bonus":"THREE_ENEMY_KILL","is_daily":false,"chose_seed":false,"campfire_upgraded":1,"win_rate":0.0,"timestamp":1613398524,"path_taken":["M","M","?","?","?","E","R","E","T","E","R","M","?","M","R","BOSS","M","?","?","M","?","E","?","M","T","?","?","E","?","E","R","BOSS","M","?","?","M","?","R","E","R","T","E","?","E","M","?","R","BOSS","R","$","E","BOSS"],"items_purchased_type":["Relic","Card","Card","Card","Card","Relic","Relic","Card","Relic","Card","Card","Card","Card","Relic","Card"],"build_version":"2020-12-22","purchased_purges":2,"victory":true,"max_hp_per_floor":[75,75,75,75,75,82,82,82,82,82,82,82,82,82,82,82,78,78,78,78,78,78,78,78,78,78,78,78,78,78,78,78,78,69,69,69,69,69,69,69,69,69,79,79,79,79,79,79,79,79,79,79,79,79,79],"relic_stats":{"Regal Pillow":3,"counters":[29,122],"Golden Idol":200,"Prayer Wheel":17,"PreservedInsect":443,"Turnip":[2],"Bag of Preparation":[33],"Question Card":47,"MawBank":12,"obtain_stats":[{"reliquary:OuijaBoard":41,"Regal Pillow":29,"AT_ATBox":0,"conspire:RoyalGoblet":34,"Blue Doll":8,"Bag of Preparation":23,"Ancient Tea Set":32,"Replay:Rubber Ducky":54,"Replay:Bandana":31,"Strawberry":6,"Prayer Wheel":1,"reliquary:Buckler":26,"Fusion Hammer":17,"Red Mask":39,"Cracked Core":0,"aspiration:ChemicalBlood":27,"KeepersGift":0,"testmod-TestBox":0,"PunchingBag":16,"Pear":43,"NeowsBlessing":0,"Ring of Hypnosis":19,"Golden Idol":19,"PreservedInsect":20,"Ring of Greed":19,"Frozen Egg 2":13,"testmod-SaigiyounoYou":0,"Question Card":16,"MawBank":19,"Du-Vu Doll":49,"reliquary:ExpiredCoupon":46,"TheBible":44,"Turnip":45,"SalivaCoin":0,"AT_SunfireAegis":10,"HushsDoor":0,"ReplayTheSpireMod:Lightbulb":20,"TungstenRod":3,"REME_ComplimentaryCards":0},{"reliquary:OuijaBoard":21,"Regal Pillow":15,"AT_ATBox":0,"conspire:RoyalGoblet":18,"Blue Doll":5,"Bag of Preparation":13,"Ancient Tea Set":17,"Replay:Rubber Ducky":28,"Replay:Bandana":17,"Strawberry":4,"Prayer Wheel":1,"reliquary:Buckler":14,"Fusion Hammer":9,"Red Mask":20,"Cracked Core":0,"aspiration:ChemicalBlood":14,"KeepersGift":0,"testmod-TestBox":0,"PunchingBag":9,"Pear":21,"NeowsBlessing":0,"Ring of Hypnosis":10,"Golden Idol":10,"PreservedInsect":10,"Ring of Greed":10,"Frozen Egg 2":7,"testmod-SaigiyounoYou":0,"Question Card":9,"MawBank":10,"Du-Vu Doll":26,"reliquary:ExpiredCoupon":24,"TheBible":22,"Turnip":23,"SalivaCoin":0,"AT_SunfireAegis":6,"HushsDoor":0,"ReplayTheSpireMod:Lightbulb":10,"TungstenRod":2,"REME_ComplimentaryCards":0},{"reliquary:OuijaBoard":80,"Regal Pillow":59,"AT_ATBox":0,"conspire:RoyalGoblet":72,"Blue Doll":16,"Bag of Preparation":51,"Ancient Tea Set":66,"Replay:Rubber Ducky":116,"Replay:Bandana":66,"Strawberry":10,"Prayer Wheel":1,"reliquary:Buckler":55,"Fusion Hammer":36,"Red Mask":77,"Cracked Core":0,"aspiration:ChemicalBlood":55,"KeepersGift":0,"testmod-TestBox":0,"PunchingBag":36,"Pear":80,"NeowsBlessing":0,"Ring of Hypnosis":40,"Golden Idol":40,"PreservedInsect":40,"Ring of Greed":40,"Frozen Egg 2":26,"testmod-SaigiyounoYou":0,"Question Card":36,"MawBank":40,"Du-Vu Doll":105,"reliquary:ExpiredCoupon":97,"TheBible":85,"Turnip":91,"SalivaCoin":0,"AT_SunfireAegis":22,"HushsDoor":0,"ReplayTheSpireMod:Lightbulb":40,"TungstenRod":3,"REME_ComplimentaryCards":0}],"TungstenRod":94},"card_choices":[{"not_picked":[],"picked":"SuicideKing","floor":0.0},{"not_picked":["Hyperbeam","AT_HeatAcrobatics"],"picked":"Streamline","floor":1.0},{"not_picked":["Stack","Leap"],"picked":"BasicCrystalCard","floor":1.0},{"not_picked":["Steam","Go for the Eyes"],"picked":"Defragment","floor":2.0},{"not_picked":["Auto Shields","FTL"],"picked":"Defragment","floor":2.0},{"not_picked":["Stack","Steam"],"picked":"Genetic Algorithm","floor":5.0},{"not_picked":["Stack","Ball Lightning"],"picked":"Biased Cognition","floor":5.0},{"not_picked":["Rebound","Go for the Eyes"],"picked":"Cold Snap","floor":6.0},{"not_picked":["Fission","Distribution"],"picked":"Biased Cognition","floor":8.0},{"not_picked":["ReplayTheSpireMod:Reroute Power","Bomb"],"picked":"Consume","floor":10.0},{"not_picked":["Aggregate","Steam"],"picked":"Beam Cell","floor":12.0},{"not_picked":["Sweeping Beam","Distribution"],"picked":"Double Energy","floor":12.0},{"not_picked":["Cancel","Gash"],"picked":"Ball Lightning","floor":14.0},{"not_picked":["BootSequence","Scrape"],"picked":"Tempest","floor":14.0},{"not_picked":["ReplayTheSpireMod:Fabricate Wheel","All For One"],"picked":"AT_WaterDrop+1","floor":16.0},{"not_picked":["ReplayRNGCard","All For One"],"picked":"Amplify","floor":16.0},{"not_picked":["AT_EMC2","Rip and Tear","Beam Cell"],"picked":"Coolheaded+1","floor":18.0},{"not_picked":["Compile Driver","AT_WarpDrive","Turbo"],"picked":"Auto Shields+1","floor":18.0},{"not_picked":["Leap","AT_EMC2","Barrage+1"],"picked":"ReplayTheSpireMod:System Scan+1","floor":21.0},{"not_picked":["Auto Shields","ReplayGash+1","Compile Driver+1"],"picked":"Crystallizer+1","floor":21.0},{"not_picked":["BasicCrystalCard","Panic Button","Leap"],"picked":"ReplayRNGCard","floor":22.0},{"not_picked":["Sweeping Beam","Ball Lightning","Blizzard"],"picked":"Static Discharge+1","floor":22.0},{"not_picked":["Conserve Battery+1","Auto Shields","ReplayTheSpireMod:GoodbyeWorld+1"],"picked":"Hello World+1","floor":23.0},{"not_picked":["Cold Snap","Fusion","Reprogram+1"],"picked":"REME_SelfUpgrade+1","floor":25.0},{"not_picked":["REME_Compress","Leap","Barrage"],"picked":"Gash","floor":25.0},{"not_picked":["Gash+1","ReplayRNGCard","Rip and Tear","Storm+1","conspire:Rain"],"picked":"aspiration:Polymerization+1","floor":29.0},{"not_picked":["ReplayTheSpireMod:Repulse","Compile Driver+1","AT_DarkMatter+1"],"picked":"Melter+1","floor":30.0},{"not_picked":["Scrape","Steam","Fusion"],"picked":"Stack+1","floor":30.0},{"not_picked":["Undo+1","Coolheaded","REME_ForAll"],"picked":"AT_RobotInSpace+1","floor":31.0},{"not_picked":["Core Surge","Fission","Seek"],"picked":"Biased Cognition+1","floor":33.0},{"not_picked":["ReplaySolidLightProjector+1","Panic Button+1","ReplayTheSpireMod:Reroute Power"],"picked":"ReplayTheSpireMod:Dual Polarity+1","floor":35.0},{"not_picked":["Gash+1","Undo+1","Recycle+1"],"picked":"Sunder+1","floor":35.0},{"not_picked":["Go for the Eyes+1","Redo","Auto Shields+1"],"picked":"Static Discharge+1","floor":36.0},{"not_picked":["Hologram+1","BasicCrystalCard","AT_HeatAcrobatics"],"picked":"Beam Cell+1","floor":36.0},{"not_picked":["Barrage+1","Panic Button","BasicCrystalCard"],"picked":"Beam Cell+1","floor":36.0},{"not_picked":["Hologram","Coolheaded","Redo","Recycle+1","Darkness"],"picked":"AT_HeatAcrobatics+1","floor":38.0},{"not_picked":["Turbo+1","Glacier","Stack","aspiration:Polymerization+1","Go for the Eyes"],"picked":"Melter+1","floor":38.0},{"not_picked":["Ball Lightning","Tempest","Leap+1"],"picked":"BasicCrystalCard+1","floor":41.0},{"not_picked":["Rebound","Blizzard+1","Aggregate"],"picked":"Time Bomb+1","floor":44.0},{"not_picked":["Compile Driver","Consume","Time Bomb"],"picked":"Coolheaded+1","floor":45.0},{"not_picked":["Steam","Barrage+1","Reinforced Body","ReplayTheSpireMod:Repulse","BasicCrystalCard"],"picked":"Cold Snap","floor":46.0},{"not_picked":["AT_HeatAcrobatics+1","Steam+1","Beam Cell"],"picked":"Ball Lightning+1","floor":47.0},{"not_picked":["Coolheaded","Go for the Eyes+1","Steam"],"picked":"Defragment+1","floor":47.0},{"not_picked":["Stack+1","Force Field","Double Energy","Meteor Strike","Storm+1"],"picked":"AT_HeatAcrobatics+1","floor":48.0},{"not_picked":["Turbo","FTL","Sunder","Gash+1","Consume+1"],"picked":"Redo+1","floor":48.0},{"not_picked":["Stack+1","ReplaySort+1","Streamline+1"],"picked":"Seek","floor":54.0}],"player_experience":191135,"relics_obtained":[{"floor":6.0,"key":"Strawberry"},{"floor":8.0,"key":"Blue Doll"},{"floor":10.0,"key":"AT_SunfireAegis"},{"floor":16.0,"key":"PunchingBag"},{"floor":16.0,"key":"Question Card"},{"floor":19.0,"key":"Ring of Greed"},{"floor":19.0,"key":"Ring of Hypnosis"},{"floor":19.0,"key":"Golden Idol"},{"floor":19.0,"key":"MawBank"},{"floor":23.0,"key":"Bag of Preparation"},{"floor":26.0,"key":"reliquary:Buckler"},{"floor":29.0,"key":"Regal Pillow"},{"floor":31.0,"key":"Replay:Bandana"},{"floor":41.0,"key":"reliquary:OuijaBoard"},{"floor":43.0,"key":"Pear"},{"floor":44.0,"key":"TheBible"},{"floor":45.0,"key":"Turnip"},{"floor":46.0,"key":"reliquary:ExpiredCoupon"},{"floor":54.0,"key":"Replay:Rubber Ducky"}],"event_choices":[{"damage_healed":0.0,"max_hp_gain":0.0,"max_hp_loss":0.0,"gold_gain":0.0,"event_name":"The Library","player_choice":"Read","floor":24.0,"gold_loss":0.0,"damage_taken":0.0,"cards_obtained":["Defragment"]},{"damage_healed":0.0,"max_hp_gain":0.0,"max_hp_loss":0.0,"gold_gain":0.0,"event_name":"Lab","player_choice":"Got Potions","floor":28.0,"gold_loss":0.0,"damage_taken":0.0},{"damage_healed":0.0,"max_hp_gain":0.0,"max_hp_loss":0.0,"gold_gain":0.0,"event_name":"conspire:Investor","player_choice":"Invest 4","floor":37.0,"gold_loss":0.0,"damage_taken":0.0},{"damage_healed":0.0,"max_hp_gain":0.0,"max_hp_loss":0.0,"gold_gain":0.0,"event_name":"Tomb of Lord Red Mask","player_choice":"Paid","floor":39.0,"gold_loss":280.0,"damage_taken":0.0,"relics_obtained":["Red Mask"]},{"damage_healed":0.0,"max_hp_gain":0.0,"max_hp_loss":0.0,"gold_gain":0.0,"event_name":"MindBloom","player_choice":"Fight","floor":45.0,"gold_loss":0.0,"damage_taken":0.0}],"is_beta":false,"boss_relics":[{"not_picked":["Replay:Ancient Bell","aspiration:Stellarator"],"picked":"Fusion Hammer"},{"not_picked":[]},{"not_picked":["AT_TrinityForce","conspire:SlowCooker"],"picked":"conspire:RoyalGoblet"},{"not_picked":[]}],"items_purged_floors":[15,20],"is_endless":false,"potions_floor_spawned":[2,5,6,14,16,18,23,29,31,38,41,46,47],"ascension_level":7}}