{"host":"2eh6kef149pfh93v","time":1613402360,"event":{"mods":["2.2 Compatiblity","Act Like it!","Aspiration","BaseMod","Clockwork Mod","Conspire","Energized Spire","Gensokyo","GifTheSpireLib","Hero for Fun","Hubris","Infinite Spire","Marisa????????","Minty Spire (QoL Compilation)","Reliquary","Replay The Spire","Shop Mod","StSLib","Stuff the Spire","The Servant 0.9.4","Waifu the Spire","Yakumo Yukari mod"],"gold_per_floor":[195,195,195,292,475,625,465,38,62,168,168,300,300,300,300,402,402],"floor_reached":16,"language":"ENG","playtime":394,"items_purged":[],"score":115,"play_id":"62dab1bc-ad54-4b86-9549-739daddfdd88","local_time":"20210215101920","daily_mods":["Specialized","Vintage","Heirloom","Time Dilation","Flight","Lethality","Midas"],"is_ascension_mode":false,"campfire_choices":[{"floor":13,"key":"REST"},{"floor":15,"key":"REST"}],"circlet_count":0,"master_deck":["Strike_MRS","Strike_MRS","Strike_MRS","Strike_MRS","Defend_MRS","Defend_MRS","Defend_MRS","Defend_MRS","MasterSpark","UpSweep","Robbery","Robbery","Robbery","Robbery","Robbery","MagicChant+1","Gensokyo:RustyChest"],"relics":["MiniHakkero","infinitespire:Magic Flask","hubris:SphereOfDissonance","hubris:Reverence","aspiration:TomeofQuesting","Quantum Egg","Enchiridion","DollysMirror","StuffTheSpire:BottledEssence","hubris:SlimyHat","Tiny Chest","Centennial Puzzle","Replay:Baseball","ReplayFunnel","StuffTheSpire:TintedRock"],"acts_visited":["Gensokyo:Gensokyo"],"potions_floor_usage":[16,16],"damage_taken":[{"damage":0,"enemies":"Gensokyo:2_Kodama","floor":1,"turns":2},{"damage":0,"enemies":"Gensokyo:Python","floor":4,"turns":2},{"damage":5,"enemies":"Gensokyo:Gryphon","floor":6,"turns":2},{"damage":16,"enemies":"Gensokyo:Python_and_Kodama","floor":10,"turns":5},{"damage":30,"enemies":"Gensokyo:2_Rabbits","floor":12,"turns":4},{"damage":79,"enemies":"Gensokyo:Reimu","floor":16,"turns":5}],"seed_played":"244287603618239353","potions_obtained":[{"floor":4,"key":"Regen Potion"},{"floor":5,"key":"CultistPotion"},{"floor":12,"key":"DuplicationPotion"}],"is_trial":true,"path_per_floor":["M","?","$","M","?","M","?","COS","T","M","?","M","R","?","R","B"],"character_chosen":"MARISA","items_purchased":[],"campfire_rested":2,"item_purchase_floors":[],"current_hp_per_floor":[75,75,75,75,75,70,70,70,70,54,54,24,46,46,68,0,0],"gold":402,"neow_bonus":"","is_daily":false,"chose_seed":false,"campfire_upgraded":0,"win_rate":0.0,"timestamp":1613402360,"path_taken":["M","?","$","?","?","M","?","COS","T","?","?","M","R","?","R","BOSS"],"items_purchased_type":[],"build_version":"2020-12-22","purchased_purges":0,"victory":false,"max_hp_per_floor":[75,75,75,75,75,75,75,75,75,75,75,75,75,75,75,75,75],"card_choices":[{"not_picked":["DC","AsteroidBelt"],"picked":"PowerUp","floor":5},{"not_picked":["GalacticHalo","SporeBomb"],"picked":"MagicChant","floor":5}],"player_experience":11162,"relics_obtained":[{"floor":1,"key":"hubris:SphereOfDissonance"},{"floor":4,"key":"hubris:Reverence"},{"floor":5,"key":"aspiration:TomeofQuesting"},{"floor":6,"key":"Quantum Egg"},{"floor":9,"key":"hubris:SlimyHat"},{"floor":10,"key":"Tiny Chest"},{"floor":12,"key":"Replay:Baseball"}],"event_choices":[],"is_beta":false,"boss_relics":[],"items_purged_floors":[],"is_endless":false,"potions_floor_spawned":[4,6,12],"killed_by":"Gensokyo:Reimu","ascension_level":0}}