{"host":"k97npy6own8k4xam","time":1613391012,"event":{"mods":["BaseMod","Bestiary","Minty Spire (QoL Compilation)","Relic Stats","StSLib","ojb\u0027s Better Paths Mod"],"gold_per_floor":[114,84,95,115,134,134,178,178,205,239,239,20,0,19,19,105,105,133,86,110,149,167,167,201,32,32,32,59,59,85,121,130,130,130],"floor_reached":33,"language":"ITA","playtime":1989,"items_purged":[],"score":586,"play_id":"6c00e2fc-3875-4cf0-af85-858f4f2a80d6","local_time":"20210215131012","is_ascension_mode":true,"campfire_choices":[{"data":"Noxious Fumes","floor":6,"key":"SMITH"},{"data":"Catalyst","floor":8,"key":"SMITH"},{"floor":15,"key":"REST"},{"floor":23,"key":"REST"},{"floor":27,"key":"REST"},{"floor":32,"key":"REST"}],"circlet_count":0,"master_deck":["AscendersBane","Strike_G","Strike_G","Strike_G","Defend_G","Defend_G","Defend_G","Defend_G","Defend_G","Survivor","Neutralize","Backflip","Backflip","Noxious Fumes+1","Catalyst+1","Predator","Wraith Form v2","Bane","Caltrops+1","Blade Dance","Corpse Explosion","Eviscerate","Bouncing Flask","Ghostly","Ghostly","Ghostly","Prepared","Leg Sweep","Blur"],"relics":["HoveringKite","CeramicFish","Snake Skull","OrangePellets","Runic Dome","Red Mask","Sundial","ClockworkSouvenir","Unceasing Top","Dream Catcher"],"acts_visited":["Exordium","TheCity"],"potions_floor_usage":[3,5,7,7,10,19,20,21,24,33],"damage_taken":[{"damage":12,"enemies":"Jaw Worm","floor":1,"turns":6},{"damage":0,"enemies":"Cultist","floor":3,"turns":4},{"damage":0,"enemies":"Small Slimes","floor":4,"turns":4},{"damage":0,"enemies":"3 Louse","floor":5,"turns":4},{"damage":24,"enemies":"3 Sentries","floor":7,"turns":7},{"damage":8,"enemies":"Lagavulin","floor":10,"turns":8},{"damage":12,"enemies":"Exordium Wildlife","floor":14,"turns":5},{"damage":7,"enemies":"Hexaghost","floor":16,"turns":9},{"damage":22,"enemies":"Shell Parasite","floor":18,"turns":6},{"damage":4,"enemies":"2 Thieves","floor":19,"turns":5},{"damage":17,"enemies":"Shelled Parasite and Fungi","floor":20,"turns":9},{"damage":7,"enemies":"Masked Bandits","floor":21,"turns":5},{"damage":20,"enemies":"Slavers","floor":24,"turns":4},{"damage":3,"enemies":"Snake Plant","floor":30,"turns":5},{"damage":17,"enemies":"Book of Stabbing","floor":31,"turns":5},{"damage":37,"enemies":"Collector","floor":33,"turns":9}],"seed_played":"-3602908441406047645","potions_obtained":[{"floor":2,"key":"CunningPotion"},{"floor":2,"key":"EntropicBrew"},{"floor":4,"key":"SkillPotion"},{"floor":7,"key":"Fire Potion"},{"floor":16,"key":"Strength Potion"},{"floor":19,"key":"SteroidPotion"},{"floor":21,"key":"LiquidBronze"},{"floor":31,"key":"Fruit Juice"}],"is_trial":false,"path_per_floor":["M","?","M","M","M","R","E","R","T","E","?","$","?","M","R","B",null,"M","M","M","?","?","R","E","$","T","R","?","?","M","E","R","B"],"character_chosen":"THE_SILENT","items_purchased":["OrangePellets","SpeedPotion","ClockworkSouvenir"],"campfire_rested":4,"item_purchase_floors":[12,12,25],"current_hp_per_floor":[47,47,47,47,47,47,23,23,23,15,15,15,15,3,22,15,53,31,27,10,3,3,22,2,2,2,21,21,21,18,1,10,0,0],"gold":130,"neow_bonus":"BOSS_RELIC","is_daily":false,"chose_seed":false,"campfire_upgraded":2,"win_rate":0.0,"timestamp":1613391012,"path_taken":["M","?","?","M","M","R","E","R","T","E","?","$","?","M","R","BOSS","M","M","M","?","?","R","E","$","T","R","?","?","?","E","R","BOSS"],"items_purchased_type":["Relic","Potion","Relic"],"build_version":"2020-12-22","purchased_purges":0,"victory":false,"max_hp_per_floor":[66,66,66,66,66,66,66,66,66,66,66,66,66,66,66,66,66,66,66,66,66,66,66,66,66,66,66,33,33,33,33,33,38,38],"relic_stats":{"OrangePellets":[10],"Dream Catcher":1,"counters":[16,95],"Sundial":[2],"CeramicFish":135,"HoveringKite":[21],"Snake Skull":[53],"obtain_stats":[{"OrangePellets":12,"Runic Dome":17,"Dream Catcher":31,"Sundial":24,"CeramicFish":7,"HoveringKite":0,"Snake Skull":10,"Red Mask":21,"Unceasing Top":26,"Ring of the Snake":0,"ClockworkSouvenir":25},{"OrangePellets":6,"Runic Dome":8,"Dream Catcher":15,"Sundial":13,"CeramicFish":5,"HoveringKite":0,"Snake Skull":6,"Red Mask":12,"Unceasing Top":13,"Ring of the Snake":0,"ClockworkSouvenir":13},{"OrangePellets":33,"Runic Dome":47,"Dream Catcher":86,"Sundial":76,"CeramicFish":25,"HoveringKite":0,"Snake Skull":33,"Red Mask":72,"Unceasing Top":76,"Ring of the Snake":0,"ClockworkSouvenir":76}],"Unceasing Top":[1]},"card_choices":[{"not_picked":["PiercingWail","Cloak And Dagger"],"picked":"Backflip","floor":1},{"not_picked":["Acrobatics","Deflect"],"picked":"Backflip","floor":3},{"not_picked":["Deflect","Backflip"],"picked":"Noxious Fumes","floor":4},{"not_picked":["Masterful Stab","Heel Hook","Backflip"],"picked":"SKIP","floor":5},{"not_picked":["Concentrate","Infinite Blades"],"picked":"Catalyst","floor":7},{"not_picked":["Flechettes","Terror","Unload"],"picked":"SKIP","floor":10},{"not_picked":["Flying Knee","Outmaneuver"],"picked":"Predator","floor":14},{"not_picked":["After Image","Phantasmal Killer"],"picked":"Wraith Form v2","floor":16},{"not_picked":["Cloak And Dagger","Poisoned Stab+1"],"picked":"Bane","floor":18},{"not_picked":["Flechettes","Quick Slash","Slice"],"picked":"SKIP","floor":19},{"not_picked":["Acrobatics","Dagger Throw+1"],"picked":"Caltrops+1","floor":20},{"not_picked":["Cloak And Dagger","Storm of Steel"],"picked":"Blade Dance","floor":21},{"not_picked":["Setup","Infinite Blades"],"picked":"Bouncing Flask","floor":24},{"not_picked":["PiercingWail","Poisoned Stab"],"picked":"Prepared","floor":30},{"not_picked":["Dodge and Roll","Backstab"],"picked":"Leg Sweep","floor":31},{"not_picked":["Concentrate","Backflip"],"picked":"Blur","floor":32}],"player_experience":448927,"relics_obtained":[{"floor":7,"key":"CeramicFish"},{"floor":10,"key":"Snake Skull"},{"floor":21,"key":"Red Mask"},{"floor":24,"key":"Sundial"},{"floor":26,"key":"Unceasing Top"},{"floor":31,"key":"Dream Catcher"}],"event_choices":[{"damage_healed":0,"gold_gain":0,"player_choice":"Bought 2 Potions","damage_taken":0,"max_hp_gain":0,"max_hp_loss":0,"event_name":"The Woman in Blue","floor":2,"gold_loss":0},{"damage_healed":0,"gold_gain":0,"player_choice":"Ignored","damage_taken":0,"max_hp_gain":0,"max_hp_loss":0,"event_name":"Shining Light","floor":11,"gold_loss":0},{"damage_healed":0,"gold_gain":0,"player_choice":"Left Gold","damage_taken":0,"max_hp_gain":0,"max_hp_loss":0,"event_name":"World of Goop","floor":13,"gold_loss":20},{"damage_healed":0,"gold_gain":0,"player_choice":"Fought Bandits","damage_taken":0,"max_hp_gain":0,"max_hp_loss":0,"event_name":"Masked Bandits","floor":21,"gold_loss":0},{"damage_healed":0,"gold_gain":0,"cards_transformed":["Strike_G","Strike_G"],"player_choice":"Became Test Subject","damage_taken":0,"max_hp_gain":0,"max_hp_loss":0,"event_name":"Drug Dealer","floor":22,"gold_loss":0,"cards_obtained":["Corpse Explosion","Eviscerate"]},{"damage_healed":0,"gold_gain":0,"player_choice":"Became a Ghost","damage_taken":0,"max_hp_gain":0,"max_hp_loss":33,"event_name":"Ghosts","floor":28,"gold_loss":0,"cards_obtained":["Ghostly","Ghostly","Ghostly"]},{"damage_healed":0,"gold_gain":0,"player_choice":"0 cards matched","damage_taken":0,"max_hp_gain":0,"max_hp_loss":0,"event_name":"Match and Keep!","floor":29,"gold_loss":0,"cards_obtained":[]}],"is_beta":false,"boss_relics":[{"not_picked":["SlaversCollar","Tiny House"],"picked":"Runic Dome"}],"items_purged_floors":[],"is_endless":false,"potions_floor_spawned":[4,7,14,16,19,21,31],"killed_by":"Collector","ascension_level":20}}