{"host":"op7lvjy5lsqtpdgx","time":1613357841,"event":{"mods":["BaseMod","Minty Spire (QoL Compilation)","StSLib"],"gold_per_floor":[20,20,31,47,57,84,84,99,168,168,168,168,184,41,41,136,136,153,153,153,166,166,166],"floor_reached":22,"language":"ENG","playtime":1702,"items_purged":[],"score":260,"play_id":"50b50694-d08c-4e2f-b073-76f9d41780f5","local_time":"20210215155721","is_ascension_mode":true,"campfire_choices":[{"data":"Fasting2","floor":7,"key":"SMITH"},{"data":"Eruption","floor":10,"key":"SMITH"},{"data":"Consecrate","floor":12,"key":"SMITH"},{"data":"CrushJoints","floor":15,"key":"SMITH"}],"circlet_count":0,"master_deck":["Strike_P","Strike_P","Defend_P","Defend_P","Defend_P","Eruption+1","Vigilance","CrushJoints+1","WindmillStrike","Halt","JustLucky","Fasting2+1","Consecrate+1","CutThroughFate","Weave","DevaForm+1","MentalFortress+1","CarveReality+1","ThirdEye+1"],"relics":["PureWater","CaptainsWheel","Prayer Wheel","Frozen Egg 2","Anchor","Astrolabe"],"acts_visited":["Exordium","TheCity"],"potions_floor_usage":[21,21],"damage_taken":[{"damage":0,"enemies":"Cultist","floor":1,"turns":2},{"damage":7,"enemies":"2 Louse","floor":3,"turns":3},{"damage":2,"enemies":"Jaw Worm","floor":4,"turns":3},{"damage":12,"enemies":"Exordium Wildlife","floor":5,"turns":4},{"damage":11,"enemies":"3 Sentries","floor":6,"turns":8},{"damage":7,"enemies":"Exordium Thugs","floor":8,"turns":4},{"damage":0,"enemies":"Large Slime","floor":13,"turns":3},{"damage":0,"enemies":"Slime Boss","floor":16,"turns":3},{"damage":22,"enemies":"2 Thieves","floor":18,"turns":4},{"damage":0,"enemies":"3 Byrds","floor":21,"turns":4},{"damage":48,"enemies":"Shelled Parasite and Fungi","floor":22,"turns":2}],"seed_played":"-7692190476094298071","potions_obtained":[{"floor":6,"key":"Ambrosia"},{"floor":8,"key":"Fire Potion"},{"floor":13,"key":"Block Potion"},{"floor":16,"key":"Weak Potion"}],"is_trial":false,"path_per_floor":["M","$","M","M","M","E","R","M","T","R","?","R","M","$","R","B",null,"M","?","?","M","M"],"character_chosen":"WATCHER","items_purchased":["Anchor"],"campfire_rested":0,"item_purchase_floors":[14],"current_hp_per_floor":[72,72,65,63,51,40,40,33,33,33,38,38,38,38,38,38,77,55,55,48,48,0,0],"gold":166,"neow_bonus":"ONE_RARE_RELIC","is_daily":false,"chose_seed":false,"campfire_upgraded":4,"win_rate":0.0,"timestamp":1613357841,"path_taken":["M","?","M","M","M","E","R","M","T","R","?","R","M","$","R","BOSS","M","?","?","?","M"],"items_purchased_type":["Relic"],"build_version":"2020-12-22","purchased_purges":0,"victory":false,"max_hp_per_floor":[72,72,72,72,72,72,72,72,72,72,77,77,77,77,77,77,77,77,77,77,77,77,77],"card_choices":[{"not_picked":["EmptyBody","CutThroughFate"],"picked":"CrushJoints","floor":1},{"not_picked":["ClearTheMind","PathToVictory"],"picked":"WindmillStrike","floor":3},{"not_picked":["Nirvana","EmptyFist"],"picked":"Halt","floor":4},{"not_picked":["Perseverance","ForeignInfluence"],"picked":"JustLucky","floor":5},{"not_picked":["Crescendo","CrushJoints"],"picked":"Fasting2","floor":6},{"not_picked":["FlurryOfBlows","PathToVictory"],"picked":"Consecrate","floor":8},{"not_picked":["Perseverance","Consecrate"],"picked":"CutThroughFate","floor":8},{"not_picked":["TalkToTheHand","WheelKick"],"picked":"Weave","floor":13},{"not_picked":["TalkToTheHand","SignatureMove","MasterReality+1"],"picked":"SKIP","floor":13},{"not_picked":["TalkToTheHand","SignatureMove","MasterReality+1"],"picked":"SKIP","floor":13},{"not_picked":["DeusExMachina","Devotion+1"],"picked":"DevaForm+1","floor":16},{"not_picked":["FlurryOfBlows","EmptyBody","SashWhip"],"picked":"SKIP","floor":18},{"not_picked":["JustLucky","FlyingSleeves+1","MentalFortress+1"],"picked":"SKIP","floor":18},{"not_picked":["Meditate","FearNoEvil","BowlingBash"],"picked":"SKIP","floor":21},{"not_picked":["ReachHeaven","EmptyBody","Halt"],"picked":"SKIP","floor":21}],"player_experience":180969,"relics_obtained":[{"floor":6,"key":"Prayer Wheel"},{"floor":9,"key":"Frozen Egg 2"}],"event_choices":[{"damage_healed":0,"gold_gain":0,"player_choice":"Donut","damage_taken":0,"max_hp_gain":5,"max_hp_loss":0,"event_name":"Big Fish","floor":11,"gold_loss":0},{"damage_healed":0,"gold_gain":0,"player_choice":"Ignored","damage_taken":0,"max_hp_gain":0,"max_hp_loss":0,"event_name":"Vampires","floor":19,"gold_loss":0},{"damage_healed":0,"gold_gain":0,"player_choice":"Damaged","damage_taken":7,"max_hp_gain":0,"max_hp_loss":0,"event_name":"Wheel of Change","floor":20,"gold_loss":0}],"is_beta":false,"boss_relics":[{"not_picked":["Pandora\u0027s Box","SlaversCollar"],"picked":"Astrolabe"}],"items_purged_floors":[],"is_endless":false,"potions_floor_spawned":[6,8,13,16],"killed_by":"Shelled Parasite and Fungi","ascension_level":2}}