{"host":"a3gu5zu37ht99mpa","time":1613404143,"event":{"mods":["100% Spire Juice","Act Like it!","Arknights","BaseMod","Better Silent Start","BetterRewards","Conspire","Downfall","Energized Spire","GifTheSpireLib","Gold Saver","Halation","Minty Spire (QoL Compilation)","Prisma Mod","Robot Space Explorer","Shop Mod","StSLib","Stuff the Spire","The Animator","The Servant 0.9.4","Virulent Crown","Wandering Minibosses","yUi"],"gold_per_floor":[269,269,292,307,4,4,26,26,26,26,26],"floor_reached":10,"language":"ENG","playtime":600,"items_purged":[],"score":61,"play_id":"8001a000-4085-401b-bff3-2dbe0f152264","local_time":"20210215104903","is_ascension_mode":true,"campfire_choices":[{"floor":6,"key":"REST"}],"circlet_count":0,"master_deck":["animator:Strike_Overlord","animator:Defend_Overlord","animator:Strike","animator:Strike","animator:Strike","animator:Defend","animator:Defend","animator:Defend","animator:Cocytus","animator:Demiurge","animator:Ain","Regret","animator:Entoma","animator:ElricEdward","animator:NagisaMomoe"],"relics":["animator:LivingPicture","animator:TheMissingPiece","animator:PurgingStone","Shuriken","Philosopher\u0027s Stone","Membership Card","StuffTheSpire:Gunfinga","Strawberry","Molten Egg 2"],"acts_visited":["Exordium"],"potions_floor_usage":[10,10],"damage_taken":[{"damage":2,"enemies":"ats:Genji","floor":1,"turns":5},{"damage":26,"enemies":"Small Slimes","floor":3,"turns":5},{"damage":3,"enemies":"conspire:RoseBush","floor":4,"turns":2},{"damage":6,"enemies":"3 Louse","floor":7,"turns":3},{"damage":15,"enemies":"3 Sentries","floor":10,"turns":2}],"seed_played":"-762547498300117749","potions_obtained":[{"floor":1,"key":"AttackPotion"},{"floor":7,"key":"sneckomod:MuddlingPotion"}],"is_trial":false,"path_per_floor":["M","?","M","M","$","R","M","?","T","E"],"character_chosen":"THE_ANIMATOR","items_purchased":["Membership Card","StuffTheSpire:Gunfinga","Strawberry"],"campfire_rested":1,"item_purchase_floors":[5,5,5],"current_hp_per_floor":[58,58,4,2,9,20,14,14,14,0,0],"gold":26,"neow_bonus":"THREE_RARE_CARDS","is_daily":false,"chose_seed":false,"campfire_upgraded":0,"win_rate":0.0,"timestamp":1613404143,"path_taken":["M","?","M","M","$","R","M","?","T","E"],"items_purchased_type":["Relic","Relic","Relic"],"build_version":"2020-12-22","purchased_purges":0,"victory":false,"max_hp_per_floor":[60,60,30,31,38,38,38,38,38,38,38],"card_choices":[{"not_picked":["animator:Wiz","animator:Boros"],"picked":"animator:Father","floor":0},{"not_picked":["animator:Darkness","animator:OrikoMikuni"],"picked":"animator:Ain","floor":1},{"not_picked":["animator:MetalKnight","animator:IrohaTamaki"],"picked":"animator:Entoma","floor":3},{"not_picked":["animator:Megumin","animator:Chung"],"picked":"animator:ElricEdward","floor":4},{"not_picked":["animator:OrikoMikuni","animator:MamiTomoe"],"picked":"animator:NagisaMomoe","floor":7}],"player_experience":88672,"relics_obtained":[{"floor":9,"key":"Molten Egg 2"}],"event_choices":[{"damage_healed":0,"gold_gain":0,"player_choice":"Box","damage_taken":0,"relics_obtained":["Shuriken"],"max_hp_gain":0,"max_hp_loss":0,"event_name":"Big Fish","floor":2,"gold_loss":0,"cards_obtained":["Regret"]},{"damage_healed":0,"gold_gain":0,"player_choice":"Leave","damage_taken":0,"max_hp_gain":0,"max_hp_loss":0,"event_name":"conspire:Investor","floor":8,"gold_loss":0}],"is_beta":false,"boss_relics":[],"items_purged_floors":[],"is_endless":false,"potions_floor_spawned":[1,7],"killed_by":"3 Sentries","ascension_level":1}}