{"host":"lehbxtjrpalkmwwj","time":1613396272,"event":{"mods":["ATMod(阿瑾Mod)","Aspiration","BaseMod","Challenge The Spire","Colored Map","Colored Powertips","Conspire","Dota2Spire","Energized Spire","Hunter 猎人","Minty Spire (QoL Compilation)","Quick Restart","Relic Stats","Reliquary","Replay The Spire","Spicy Shops","StSLib","TestMod","The Cursed","The IronCluck","The Poker Player","Waifu the Spire","Wide Potions","[IsaacMod]以撒尖塔","【遗物卡牌】REMEMod","沙雕材质包mod","篝火指南"],"gold_per_floor":[115,115,15,27,27,56,8,8,8,41,41,57,82,101,101,205,205,215,229,242,257,268,296,296,327,350,402,55,55,96,162,255,485,485,628,768,1068,1134,1209,1266,1435,1435,1435,1488,1488,21,132,173,173,226,226,226,5,86,163],"floor_reached":56,"language":"ZHS","playtime":2842,"items_purged":["Regret","Injury"],"score":2032,"play_id":"79d40542-bc53-4068-823c-239f383033c5","local_time":"20210215213752","is_ascension_mode":true,"campfire_choices":[{"floor":24.0,"key":"RECALL"},{"data":"EpicFetus","floor":49.0,"key":"SMITH"}],"circlet_count":0,"master_deck":["Strike_G","Strike_G","Strike_G","Strike_G","Defend_G","Defend_G","Defend_G","Defend_G+1","Defend_G","Survivor","Neutralize","EpicFetus+1","GremlinNobPetCall","AT_FamilyPortrait","ReplayTheSpireMod:Scrap Shanks","Ghostly+1","ReplayTheSpireMod:Speed Training+1","Hidden Blade+1","Deadly Poison+1","Die Die Die","Bane","Leg Sweep+1","Hidden Blade+1","Storm of Steel+1","AT_ShadowStep+1","Dagger Throw+1","Hidden Blade+1","PiercingWail+1","Calculated Gamble+1","REME_GreenPollution+1","Flying Knee+1","Acrobatics+1","Expertise+1","Hidden Blade+1","Cloak And Dagger+1","Adrenaline+1","Endless Agony+1","Prepared+1","Prepared+1","Cloak And Dagger+1","Calculated Gamble+1","Prepared+1","Prepared+1","testmod-EternalityOfKhronos+1","Cloak And Dagger+1","Blade Dance+1","Accuracy+1","Draining Mist+1"],"relics":["Ring of the Snake","HushsDoor","AT_ATBox","testmod-TestBox","testmod-HarvestTotem","GuppysHead","NeowsBlessing","Toxic Egg 2","AT_ChloranthyRing","Dota2Spire:BladeMail","testmod-InfectionSource","Oddly Smooth Stone","reliquary:PorcupineQuills","testmod-LifeArmor","ChewingGum","GuppysPaw","RottenBaby","Damocles","BelialBook","DoctorsRemote","Ancient Tea Set","Omamori","Golden Egg","Blue Doll","reliquary:Stiletto","AT_MibuBalloonWealth","Dota2Spire:UrnOfShadows","reliquary:RoseTintedGlasses","Vajra","GuppysTail","NineVolt","Happy Flower","REME_ComplimentaryCards","Anchor","Dota2Spire:HandOfMidas","aspiration:SecretTechniqueScroll","GuppysHairball","reliquary:BallBearing","Bottled Tornado","conspire:DeflatedDodgeball","testmod-RandomTest","Gremlin Horn","Calipers","The Courier","REME_HourglassOfDeath","Centennial Puzzle","testmod-Charity","AT_RedNoBalance","Lantern","Bottled Flame","Dota2Spire:EchoSabre","REME_HandOfSuture","testmod-BalancedPeriapt","reliquary:Aerogel","Bag of Marbles","Art of War","TheBean","aspiration:HummingbirdHeart","ReplayTheSpireMod:Lightbulb","Pantograph","Chameleon Ring"],"acts_visited":["Exordium","TheCity","TheBeyond","TheEnding"],"potions_floor_usage":[55,55,55,55,55],"damage_taken":[{"damage":0.0,"enemies":"Jaw Worm","floor":1.0,"turns":1.0},{"damage":0.0,"enemies":"2 Louse","floor":4.0,"turns":1.0},{"damage":0.0,"enemies":"Gremlin Nob","floor":6.0,"turns":1.0},{"damage":12.0,"enemies":"3 Sentries","floor":10.0,"turns":6.0},{"damage":4.0,"enemies":"Small Slimes","floor":12.0,"turns":3.0},{"damage":10.0,"enemies":"Lagavulin","floor":13.0,"turns":5.0},{"damage":13.0,"enemies":"2 Fungi Beasts","floor":14.0,"turns":4.0},{"damage":60.0,"enemies":"Slime Boss","floor":16.0,"turns":12.0},{"damage":0.0,"enemies":"Shell Parasite","floor":18.0,"turns":3.0},{"damage":0.0,"enemies":"Chosen","floor":19.0,"turns":3.0},{"damage":0.0,"enemies":"Snecko","floor":20.0,"turns":1.0},{"damage":0.0,"enemies":"conspire:HollyBat","floor":21.0,"turns":6.0},{"damage":0.0,"enemies":"Cultist and Chosen","floor":22.0,"turns":3.0},{"damage":0.0,"enemies":"Slavers","floor":23.0,"turns":5.0},{"damage":0.0,"enemies":"Gremlin Leader","floor":25.0,"turns":4.0},{"damage":0.0,"enemies":"conspire:SneckoGhost","floor":27.0,"turns":3.0},{"damage":0.0,"enemies":"Snecko","floor":30.0,"turns":2.0},{"damage":0.0,"enemies":"Centurion and Healer","floor":31.0,"turns":3.0},{"damage":0.0,"enemies":"Automaton","floor":33.0,"turns":4.0},{"damage":0.0,"enemies":"3 Darklings","floor":35.0,"turns":2.0},{"damage":0.0,"enemies":"3 Shapes","floor":36.0,"turns":2.0},{"damage":0.0,"enemies":"Transient","floor":38.0,"turns":4.0},{"damage":0.0,"enemies":"Spire Growth","floor":39.0,"turns":2.0},{"damage":0.0,"enemies":"R_Hoarder","floor":40.0,"turns":3.0},{"damage":0.0,"enemies":"3 Darklings","floor":41.0,"turns":2.0},{"damage":0.0,"enemies":"Nemesis","floor":44.0,"turns":3.0},{"damage":0.0,"enemies":"Jaw Worm Horde","floor":47.0,"turns":2.0},{"damage":0.0,"enemies":"Writhing Mass","floor":48.0,"turns":3.0},{"damage":0.0,"enemies":"Replay:Hell Engine","floor":50.0,"turns":3.0},{"damage":0.0,"enemies":"Shield and Spear","floor":54.0,"turns":3.0},{"damage":0,"enemies":"The Heart","floor":55,"turns":5}],"seed_played":"869524631854921497","potions_obtained":[{"floor":1.0,"key":"Block Potion"},{"floor":6.0,"key":"Swift Potion"},{"floor":11.0,"key":"PowerPotion"},{"floor":21.0,"key":"SpeedPotion"},{"floor":30.0,"key":"Dota2Spire:HealingSalve"},{"floor":33.0,"key":"Flashbang"},{"floor":39.0,"key":"LifebloodPotion"},{"floor":41.0,"key":"SkillPotion"},{"floor":44.0,"key":"EntropicBrew"},{"floor":48.0,"key":"LiquidBronze"}],"is_trial":false,"path_per_floor":["M","?","?","M","?","E","$","?","T","E","?","M","E","M","R_BF","B",null,"M","M","M","M","M","E","R","E","T","E","R","?","M","M","R_BF","B",null,"M","M","?","M","M","E","M","?","T","E","?","R","M","M","R_BF","B",null,"R","$","E","B",null],"character_chosen":"THE_SILENT","items_purchased":["Deadly Poison+1","GuppysPaw","RottenBaby","Damocles","NineVolt","Expertise+1","Happy Flower","GuppysHairball","Cloak And Dagger+1","testmod-Charity","AT_SilverBalance","Lantern","Bottled Flame","Dota2Spire:EchoSabre","REME_HandOfSuture","testmod-BalancedPeriapt","reliquary:Aerogel","Bag of Marbles","Art of War","ReplayTheSpireMod:Lightbulb","LiquidMemories"],"campfire_rested":0,"item_purchase_floors":[7,17,17,17,28,28,28,34,46,46,46,46,46,46,46,46,46,46,46,53,53],"current_hp_per_floor":[133,133,133,133,133,133,133,115,115,103,103,99,89,76,76,16,63,63,63,63,63,63,63,63,63,63,63,63,63,63,63,63,63,53,53,53,53,53,53,53,53,53,53,53,53,53,53,53,53,53,53,53,53,53,53],"gold":163,"neow_bonus":"THREE_ENEMY_KILL","is_daily":false,"chose_seed":false,"campfire_upgraded":1,"win_rate":0.0,"timestamp":1613396272,"path_taken":["M","?","?","M","?","E","$","?","T","E","?","M","E","M","R_BF","BOSS","M","M","M","M","M","E","R","E","T","E","R","?","M","M","R_BF","BOSS","M","M","?","M","M","E","M","?","T","E","?","R","M","M","R_BF","BOSS","R","$","E","BOSS"],"items_purchased_type":["Card","Relic","Relic","Relic","Relic","Card","Relic","Relic","Card","Relic","Relic","Relic","Relic","Relic","Relic","Relic","Relic","Relic","Relic","Relic","Potion"],"build_version":"2020-12-22","purchased_purges":2,"victory":true,"max_hp_per_floor":[140,140,140,140,140,140,140,140,140,140,140,140,140,140,140,140,63,63,63,63,63,63,63,63,63,63,63,63,63,63,63,63,63,53,53,53,53,53,53,53,53,53,53,53,53,53,53,53,53,53,53,53,53,53,53],"relic_stats":{"Centennial Puzzle":[0],"Happy Flower":[14],"Gremlin Horn":[3,3],"counters":[31,102],"Pantograph":0,"Art of War":[3],"obtain_stats":[{"Damocles":17,"Golden Egg":22,"AT_ATBox":0,"Calipers":40,"NineVolt":28,"Gremlin Horn":40,"AT_MibuBalloonWealth":25,"Vajra":27,"testmod-LifeArmor":15,"Bottled Tornado":36,"Centennial Puzzle":44,"TheBean":47,"testmod-InfectionSource":9,"Toxic Egg 2":2,"AT_RedNoBalance":48,"KeepersGift":0,"Dota2Spire:HandOfMidas":31,"testmod-TestBox":0,"Dota2Spire:UrnOfShadows":25,"Happy Flower":28,"Oddly Smooth Stone":10,"BelialBook":18,"AT_SilverBalance":46,"testmod-HarvestTotem":0,"Bottled Flame":46,"reliquary:PorcupineQuills":13,"REME_HourglassOfDeath":44,"reliquary:BallBearing":35,"HushsDoor":0,"GuppysTail":27,"Dota2Spire:EchoSabre":46,"Lantern":46,"GuppysPaw":17,"reliquary:Aerogel":46,"Blue Doll":23,"testmod-RandomTest":39,"Ancient Tea Set":20,"testmod-Charity":46,"Chameleon Ring":54,"Pantograph":54,"Dota2Spire:BladeMail":8,"reliquary:RoseTintedGlasses":26,"Ring of the Snake":0,"AT_ChloranthyRing":6,"DoctorsRemote":19,"NeowsBlessing":0,"RottenBaby":17,"The Courier":41,"Omamori":21,"aspiration:HummingbirdHeart":48,"aspiration:SecretTechniqueScroll":34,"Anchor":30,"ChewingGum":17,"reliquary:Stiletto":23,"REME_HandOfSuture":46,"Bag of Marbles":46,"Art of War":46,"GuppysHead":0,"GuppysHairball":34,"conspire:DeflatedDodgeball":38,"testmod-BalancedPeriapt":46,"ReplayTheSpireMod:Lightbulb":53,"REME_ComplimentaryCards":0},{"Damocles":8,"Golden Egg":13,"AT_ATBox":0,"Calipers":24,"NineVolt":16,"Gremlin Horn":24,"AT_MibuBalloonWealth":15,"Vajra":16,"testmod-LifeArmor":7,"Bottled Tornado":21,"Centennial Puzzle":26,"TheBean":27,"testmod-InfectionSource":3,"Toxic Egg 2":1,"AT_RedNoBalance":28,"KeepersGift":0,"Dota2Spire:HandOfMidas":18,"testmod-TestBox":0,"Dota2Spire:UrnOfShadows":15,"Happy Flower":16,"Oddly Smooth Stone":4,"BelialBook":9,"AT_SilverBalance":26,"testmod-HarvestTotem":0,"Bottled Flame":26,"reliquary:PorcupineQuills":6,"REME_HourglassOfDeath":26,"reliquary:BallBearing":20,"HushsDoor":0,"GuppysTail":16,"Dota2Spire:EchoSabre":26,"Lantern":26,"GuppysPaw":8,"reliquary:Aerogel":26,"Blue Doll":14,"testmod-RandomTest":23,"Ancient Tea Set":11,"testmod-Charity":26,"Chameleon Ring":30,"Pantograph":30,"Dota2Spire:BladeMail":3,"reliquary:RoseTintedGlasses":15,"Ring of the Snake":0,"AT_ChloranthyRing":3,"DoctorsRemote":10,"NeowsBlessing":0,"RottenBaby":8,"The Courier":25,"Omamori":12,"aspiration:HummingbirdHeart":28,"aspiration:SecretTechniqueScroll":19,"Anchor":17,"ChewingGum":8,"reliquary:Stiletto":14,"REME_HandOfSuture":26,"Bag of Marbles":26,"Art of War":26,"GuppysHead":0,"GuppysHairball":19,"conspire:DeflatedDodgeball":22,"testmod-BalancedPeriapt":26,"ReplayTheSpireMod:Lightbulb":29,"REME_ComplimentaryCards":0},{"Damocles":33,"Golden Egg":49,"AT_ATBox":0,"Calipers":83,"NineVolt":61,"Gremlin Horn":83,"AT_MibuBalloonWealth":58,"Vajra":61,"testmod-LifeArmor":21,"Bottled Tornado":74,"Centennial Puzzle":88,"TheBean":90,"testmod-InfectionSource":3,"Toxic Egg 2":1,"AT_RedNoBalance":90,"KeepersGift":0,"Dota2Spire:HandOfMidas":66,"testmod-TestBox":0,"Dota2Spire:UrnOfShadows":58,"Happy Flower":61,"Oddly Smooth Stone":9,"BelialBook":36,"AT_SilverBalance":88,"testmod-HarvestTotem":0,"Bottled Flame":88,"reliquary:PorcupineQuills":17,"REME_HourglassOfDeath":88,"reliquary:BallBearing":72,"HushsDoor":0,"GuppysTail":61,"Dota2Spire:EchoSabre":88,"Lantern":88,"GuppysPaw":33,"reliquary:Aerogel":88,"Blue Doll":54,"testmod-RandomTest":80,"Ancient Tea Set":40,"testmod-Charity":88,"Chameleon Ring":97,"Pantograph":97,"Dota2Spire:BladeMail":3,"reliquary:RoseTintedGlasses":58,"Ring of the Snake":0,"AT_ChloranthyRing":3,"DoctorsRemote":39,"NeowsBlessing":0,"RottenBaby":33,"The Courier":85,"Omamori":46,"aspiration:HummingbirdHeart":92,"aspiration:SecretTechniqueScroll":70,"Anchor":63,"ChewingGum":33,"reliquary:Stiletto":54,"REME_HandOfSuture":88,"Bag of Marbles":88,"Art of War":88,"GuppysHead":0,"GuppysHairball":70,"conspire:DeflatedDodgeball":78,"testmod-BalancedPeriapt":88,"ReplayTheSpireMod:Lightbulb":94,"REME_ComplimentaryCards":0}],"Ring of the Snake":[62]},"card_choices":[{"not_picked":[],"picked":"EpicFetus","floor":0.0},{"not_picked":["PiercingWail","Outmaneuver"],"picked":"ReplayTheSpireMod:Scrap Shanks","floor":1.0},{"not_picked":["Distraction+1","ReplayTheSpireMod:Exploit Weakness+1"],"picked":"ReplayTheSpireMod:Speed Training+1","floor":4.0},{"not_picked":["Underhanded Strike","Slice"],"picked":"Hidden Blade+1","floor":6.0},{"not_picked":["Escape Plan+1","Dodge and Roll+1"],"picked":"Die Die Die","floor":10.0},{"not_picked":["AT_WindFlip","Dodge and Roll+1"],"picked":"Bane","floor":12.0},{"not_picked":["Bouncing Flask+1","Calculated Gamble+1"],"picked":"Leg Sweep+1","floor":13.0},{"not_picked":["Acrobatics+1","Flying Knee"],"picked":"Hidden Blade+1","floor":14.0},{"not_picked":["A Thousand Cuts","REME_SpectralBlade"],"picked":"Storm of Steel+1","floor":16.0},{"not_picked":["Quick Slash","Bane"],"picked":"AT_ShadowStep+1","floor":18.0},{"not_picked":["Acrobatics+1","Bane"],"picked":"Dagger Throw+1","floor":19.0},{"not_picked":["Acrobatics+1","Flying Knee+1"],"picked":"Hidden Blade+1","floor":20.0},{"not_picked":["Dash","Heel Hook"],"picked":"PiercingWail+1","floor":21.0},{"not_picked":["ReplayTheSpireMod:Exploit Weakness+1","Acrobatics+1"],"picked":"Calculated Gamble+1","floor":22.0},{"not_picked":["Outmaneuver+1","Deflect+1"],"picked":"REME_GreenPollution+1","floor":23.0},{"not_picked":["Sneak Up+1","Outmaneuver+1"],"picked":"Flying Knee+1","floor":25.0},{"not_picked":["Deadly Poison+1","Hidden Blade+1"],"picked":"Acrobatics+1","floor":27.0},{"not_picked":["PiercingWail+1","Underhanded Strike+1"],"picked":"Hidden Blade+1","floor":30.0},{"not_picked":["Outmaneuver+1","Flying Knee"],"picked":"Cloak And Dagger+1","floor":31.0},{"not_picked":["REME_ShadowForm","After Image"],"picked":"Adrenaline+1","floor":33.0},{"not_picked":["Dagger Spray+1","PiercingWail+1"],"picked":"Endless Agony+1","floor":35.0},{"not_picked":["Bane+1","Flying Knee+1"],"picked":"Prepared+1","floor":36.0},{"not_picked":["Terror+1","AT_WindFlip+1"],"picked":"Prepared+1","floor":38.0},{"not_picked":["conspire:PoisonWeapons+1","AT_TinkerSharpsword+1"],"picked":"Cloak And Dagger+1","floor":39.0},{"not_picked":["Acrobatics+1","Prepared+1"],"picked":"Calculated Gamble+1","floor":40.0},{"not_picked":["Backflip+1","PiercingWail+1"],"picked":"Prepared+1","floor":41.0},{"not_picked":["Bane","Sucker Punch"],"picked":"Prepared+1","floor":44.0},{"not_picked":["testmod-FightingIntention","AT_BreakingExtremeWeapon"],"picked":"testmod-EternalityOfKhronos+1","floor":45.0},{"not_picked":["Prepared+1","Riddle With Holes+1"],"picked":"Blade Dance+1","floor":47.0},{"not_picked":["Poisoned Stab+1","Acrobatics+1"],"picked":"Accuracy+1","floor":48.0},{"not_picked":["Corpse Explosion+1","Quick Slash+1"],"picked":"Draining Mist+1","floor":54.0}],"player_experience":188291,"relics_obtained":[{"floor":6.0,"key":"AT_ChloranthyRing"},{"floor":9.0,"key":"testmod-InfectionSource"},{"floor":10.0,"key":"Oddly Smooth Stone"},{"floor":13.0,"key":"reliquary:PorcupineQuills"},{"floor":18.0,"key":"BelialBook"},{"floor":19.0,"key":"DoctorsRemote"},{"floor":20.0,"key":"Ancient Tea Set"},{"floor":21.0,"key":"Omamori"},{"floor":22.0,"key":"Golden Egg"},{"floor":23.0,"key":"Blue Doll"},{"floor":23.0,"key":"reliquary:Stiletto"},{"floor":25.0,"key":"AT_MibuBalloonWealth"},{"floor":25.0,"key":"Dota2Spire:UrnOfShadows"},{"floor":26.0,"key":"reliquary:RoseTintedGlasses"},{"floor":27.0,"key":"Vajra"},{"floor":27.0,"key":"GuppysTail"},{"floor":30.0,"key":"Anchor"},{"floor":31.0,"key":"Dota2Spire:HandOfMidas"},{"floor":35.0,"key":"reliquary:BallBearing"},{"floor":36.0,"key":"Bottled Tornado"},{"floor":38.0,"key":"conspire:DeflatedDodgeball"},{"floor":39.0,"key":"testmod-RandomTest"},{"floor":40.0,"key":"Gremlin Horn"},{"floor":40.0,"key":"Calipers"},{"floor":41.0,"key":"The Courier"},{"floor":44.0,"key":"REME_HourglassOfDeath"},{"floor":44.0,"key":"Centennial Puzzle"},{"floor":47.0,"key":"TheBean"},{"floor":48.0,"key":"aspiration:HummingbirdHeart"},{"floor":54.0,"key":"Pantograph"},{"floor":54.0,"key":"Chameleon Ring"}],"event_choices":[{"damage_healed":0.0,"max_hp_gain":0.0,"max_hp_loss":0.0,"gold_gain":0.0,"event_name":"conspire:LoneGhost","player_choice":"Argue","floor":3.0,"gold_loss":0.0,"damage_taken":0.0},{"damage_healed":0.0,"max_hp_gain":0.0,"max_hp_loss":0.0,"gold_gain":0.0,"event_name":"Scrap Ooze","player_choice":"Success","floor":8.0,"gold_loss":0.0,"damage_taken":18.0,"relics_obtained":["Dota2Spire:BladeMail"]},{"damage_healed":0.0,"max_hp_gain":0.0,"max_hp_loss":0.0,"gold_gain":0.0,"event_name":"Lab","player_choice":"Got Potions","floor":11.0,"gold_loss":0.0,"damage_taken":0.0},{"damage_healed":0.0,"max_hp_gain":0.0,"max_hp_loss":0.0,"gold_gain":0.0,"event_name":"Big Fish","player_choice":"Box","floor":15.0,"gold_loss":0.0,"damage_taken":0.0,"relics_obtained":["testmod-LifeArmor"],"cards_obtained":["Regret"]},{"damage_healed":0.0,"max_hp_gain":0.0,"max_hp_loss":0.0,"gold_gain":0.0,"event_name":"给自己的盒子","player_choice":"Swap Relic","floor":29.0,"relics_lost":["REME_ComplimentaryCards"],"gold_loss":0.0,"damage_taken":0.0,"relics_obtained":["REME_ComplimentaryCards"]},{"cards_removed":["Strike_G"],"damage_healed":0.0,"max_hp_gain":0.0,"max_hp_loss":0.0,"gold_gain":0.0,"event_name":"Falling","player_choice":"Removed Attack","floor":42.0,"gold_loss":0.0,"damage_taken":0.0},{"damage_healed":0.0,"max_hp_gain":0.0,"max_hp_loss":0.0,"gold_gain":0.0,"event_name":"SensoryStone","player_choice":"Memory 1","floor":45.0,"gold_loss":0.0,"damage_taken":0.0}],"is_beta":false,"boss_relics":[{"not_picked":["REME_DuelDisc","testmod-Prudence"],"picked":"ChewingGum"},{"not_picked":[]},{"not_picked":["testmod-Nine","testmod-DeterminationOfClimber"],"picked":"aspiration:SecretTechniqueScroll"},{"not_picked":[]}],"items_purged_floors":[17,28],"is_endless":false,"potions_floor_spawned":[1,6,10,12,19,21,30,33,39,41,44,48],"ascension_level":9}}