{"host":"wbs0wzz0alz01mnq","time":1613412318,"event":{"mods":["2.2 Compatiblity","BaseMod","Clawfect","Downfall","GifTheSpireLib","Googly Eyes","Minty Spire (QoL Compilation)","Quick Restart","StSLib"],"gold_per_floor":[99,99,99,99,99,99,99,116,128,142,157,171,171,189,209,305,305,305,305,305,305],"floor_reached":19,"language":"ENG","playtime":2356,"items_purged":[],"score":159,"play_id":"569c285b-33b4-4073-8b75-92207bc93fe3","local_time":"20210215130518","is_ascension_mode":false,"campfire_choices":[{"data":"Guardian:TwinSlam","floor":1,"key":"SMITH"},{"data":"Guardian:SpikerProtocol","floor":6,"key":"SMITH"},{"data":"Guardian:PiercingHide","floor":13,"key":"SMITH"},{"data":"Guardian:Harden","floor":18,"key":"SMITH"}],"circlet_count":0,"master_deck":["Guardian:Strike_Guardian","Guardian:Strike_Guardian","Guardian:Strike_Guardian","Guardian:Defend_Guardian","Guardian:Defend_Guardian","Guardian:Defend_Guardian","Guardian:Defend_Guardian","Guardian:CurlUp","Guardian:TwinSlam+1","Guardian:SpikerProtocol+1","Guardian:FastForward","Guardian:Harden+1","Guardian:Reroute","Guardian:Planning","Guardian:ShieldSpikes","Guardian:PiercingHide+1","Guardian:BodySlam","Guardian:ShieldCharger","Guardian:TemporalStrike"],"relics":["Guardian:ModeShifter","downfall:HeartsMalice","Ginger","Guardian:StasisSlotReductionRelic"],"acts_visited":["Exordium","TheCity"],"potions_floor_usage":[16],"damage_taken":[{"damage":0,"enemies":"Jaw Worm","floor":2,"turns":1},{"damage":0,"enemies":"Cultist","floor":4,"turns":1},{"damage":0,"enemies":"2 Louse","floor":5,"turns":1},{"damage":8,"enemies":"Red Slaver","floor":8,"turns":3},{"damage":17,"enemies":"Gremlin Gang","floor":9,"turns":4},{"damage":8,"enemies":"Exordium Thugs","floor":10,"turns":9},{"damage":0,"enemies":"Exordium Wildlife","floor":11,"turns":10},{"damage":8,"enemies":"Gremlin Gang","floor":12,"turns":5},{"damage":2,"enemies":"Blue Slaver","floor":14,"turns":3},{"damage":11,"enemies":"Large Slime","floor":15,"turns":6},{"damage":23,"enemies":"DF_ARCHETYPE_STREAMLINE","floor":16,"turns":13},{"damage":0,"enemies":"3 Byrds","floor":19,"turns":1}],"seed_played":"5162628441867528620","potions_obtained":[{"floor":10,"key":"Ancient Potion"},{"floor":11,"key":"FairyPotion"},{"floor":14,"key":"SkillPotion"}],"is_trial":false,"path_per_floor":["R","M","?","M","M","R","T","M","M","M","M","M","R","M","M","B",null,"R","M"],"character_chosen":"GUARDIAN","items_purchased":[],"campfire_rested":0,"item_purchase_floors":[],"current_hp_per_floor":[80,80,80,80,80,80,80,72,55,47,47,39,39,37,26,3,80,80,80,80,80],"gold":305,"neow_bonus":"THREE_ENEMY_KILL","is_daily":false,"chose_seed":false,"campfire_upgraded":4,"win_rate":0.0,"timestamp":1613412318,"path_taken":["R","M","?","?","M","R","T","M","M","M","M","?","R","M","M","BOSS","R","M"],"items_purchased_type":[],"build_version":"2020-12-22","purchased_purges":0,"victory":false,"max_hp_per_floor":[80,80,80,80,80,80,80,80,80,80,80,80,80,80,80,80,80,80,80,80,80],"card_choices":[{"not_picked":["Guardian:Gem_Lightblue","Guardian:Gem_Red"],"picked":"Guardian:SpikerProtocol","floor":2},{"not_picked":["Guardian:TemporalShield","Guardian:CrystalBeam"],"picked":"Guardian:Harden","floor":4},{"not_picked":["Guardian:Incinerate","Guardian:RollAttack"],"picked":"Guardian:Reroute","floor":5},{"not_picked":["Guardian:FloatingOrbs","Guardian:Gem_Lightblue"],"picked":"Guardian:Planning","floor":8},{"not_picked":["Guardian:Gem_Red","Guardian:EvasiveProtocol"],"picked":"Guardian:ShieldSpikes","floor":9},{"not_picked":["Guardian:Incinerate","Guardian:Reroute"],"picked":"Guardian:PiercingHide","floor":10},{"not_picked":["Guardian:Clone","Guardian:EvasiveProtocol"],"picked":"Guardian:Gem_Blue","floor":11},{"not_picked":["Guardian:Gem_Cyan","Guardian:RollAttack"],"picked":"Guardian:BodySlam","floor":12},{"not_picked":["Guardian:DonusPower","Guardian:Gem_Cyan"],"picked":"Guardian:ShieldCharger","floor":14},{"not_picked":["Guardian:PolyBeam","Guardian:PiercingHide"],"picked":"Guardian:TemporalStrike","floor":15},{"not_picked":["Guardian:AncientConstruct","Guardian:RevengeProtocol"],"picked":"Guardian:Gem_Orange","floor":16}],"player_experience":48537,"relics_obtained":[{"floor":7,"key":"Ginger"}],"event_choices":[],"is_beta":false,"boss_relics":[{"not_picked":["Runic Pyramid","SlaversCollar"],"picked":"Guardian:StasisSlotReductionRelic"}],"items_purged_floors":[],"is_endless":false,"potions_floor_spawned":[10,11,14,15],"killed_by":"3 Byrds","ascension_level":0}}