{"host":"ydg0vn0pu4pubmdt","time":1613419650,"event":{"mods":["AchievementEnabler","BaseMod","Colored Map","Minty Spire (QoL Compilation)","Quick Restart","SuperFastMode"],"gold_per_floor":[118,132,57,57,57,92,92,92,92,102,114,114,124,155,155,234,234,234,234],"floor_reached":18,"language":"KOR","playtime":301,"items_purged":["Strike_R"],"score":390,"play_id":"4505804e-dc71-4a0e-8cf2-6db18bbb48a8","local_time":"20210216050730","is_ascension_mode":true,"campfire_choices":[{"data":"Body Slam","floor":7.0,"key":"SMITH"},{"data":"Bash","floor":12.0,"key":"SMITH"},{"floor":15.0,"key":"REST"}],"circlet_count":0,"master_deck":["AscendersBane","Strike_R","Strike_R","Strike_R","Strike_R","Defend_R","Defend_R","Defend_R","Defend_R","Bash+1","Second Wind","Body Slam+1","Wild Strike","Pommel Strike","Fire Breathing","Barricade"],"relics":["Burning Blood","NeowsBlessing","Kunai","Blood Vial","Blue Candle"],"acts_visited":["Exordium","TheCity"],"potions_floor_usage":[],"damage_taken":[{"damage":0.0,"enemies":"Cultist","floor":1.0,"turns":1.0},{"damage":0.0,"enemies":"Jaw Worm","floor":2.0,"turns":1.0},{"damage":0.0,"enemies":"3 Sentries","floor":6.0,"turns":2.0},{"damage":8.0,"enemies":"2 Louse","floor":10.0,"turns":2.0},{"damage":17.0,"enemies":"2 Fungi Beasts","floor":11.0,"turns":4.0},{"damage":11.0,"enemies":"Red Slaver","floor":13.0,"turns":4.0},{"damage":56.0,"enemies":"Gremlin Nob","floor":14.0,"turns":5.0},{"damage":38.0,"enemies":"Slime Boss","floor":16.0,"turns":7.0},{"damage":0,"enemies":"Shell Parasite","floor":18,"turns":1}],"seed_played":"-4015327870991592258","potions_obtained":[{"floor":2.0,"key":"BlessingOfTheForge"},{"floor":14.0,"key":"CultistPotion"},{"floor":16.0,"key":"EssenceOfSteel"}],"is_trial":false,"path_per_floor":["M","M","$","?","$","E","R","$","T","M","M","R","M","E","R","B",null,"M"],"character_chosen":"IRONCLAD","items_purchased":[],"campfire_rested":1,"item_purchase_floors":[],"current_hp_per_floor":[74,75,75,80,80,80,80,80,80,78,69,69,66,18,42,12,63,65,65],"gold":234,"neow_bonus":"THREE_ENEMY_KILL","is_daily":false,"chose_seed":false,"campfire_upgraded":2,"win_rate":0.0,"timestamp":1613419650,"path_taken":["M","?","$","?","?","E","R","$","T","M","M","R","M","E","R","BOSS","M"],"items_purchased_type":[],"build_version":"2020-12-22","purchased_purges":1,"victory":false,"max_hp_per_floor":[75,75,75,80,80,80,80,80,80,80,80,80,80,80,80,80,80,80,80],"card_choices":[{"not_picked":["Cleave","Clothesline"],"picked":"Second Wind","floor":1.0},{"not_picked":["Armaments","Sword Boomerang"],"picked":"Body Slam","floor":2.0},{"not_picked":["Double Tap","Body Slam"],"picked":"Wild Strike","floor":6.0},{"not_picked":["Cleave","Armaments"],"picked":"Pommel Strike","floor":10.0},{"not_picked":["Wild Strike","Headbutt","Intimidate"],"picked":"SKIP","floor":11.0},{"not_picked":["Carnage","Combust"],"picked":"Fire Breathing","floor":13.0},{"not_picked":["Intimidate","Clash","Armaments"],"picked":"SKIP","floor":14.0},{"not_picked":["Limit Break","Demon Form"],"picked":"Barricade","floor":16.0}],"player_experience":566652,"relics_obtained":[{"floor":6.0,"key":"Kunai"},{"floor":9.0,"key":"Blood Vial"},{"floor":14.0,"key":"Blue Candle"}],"event_choices":[{"damage_healed":0.0,"max_hp_gain":5.0,"max_hp_loss":0.0,"gold_gain":0.0,"event_name":"Big Fish","player_choice":"Donut","floor":4.0,"gold_loss":0.0,"damage_taken":0.0}],"is_beta":false,"boss_relics":[{"not_picked":["Busted Crown","Velvet Choker","Runic Cube"]}],"items_purged_floors":[3],"is_endless":false,"potions_floor_spawned":[2,14,16],"killed_by":"Shell Parasite","ascension_level":20}}