{"host":"xsuxkwaivmtd234a","time":1613411172,"event":{"mods":["BaseMod","Bestiary","Colored Map","Filter the Spire","Minty Spire (QoL Compilation)","Relic Stats","StSLib"],"gold_per_floor":[10,21,31,31,31,61,61,9,9,26,57,57,24,49,49,154,154,165,165,165,46,46,72,72,72],"floor_reached":24,"language":"ENG","playtime":1054,"items_purged":[],"score":313,"play_id":"c39e51bc-d43b-4cb4-8735-f483a6e5ebba","local_time":"20210215124612","is_ascension_mode":true,"campfire_choices":[{"data":"Hemokinesis","floor":7,"key":"SMITH"},{"data":"Pommel Strike","floor":12,"key":"SMITH"},{"data":"Fire Breathing","floor":15,"key":"SMITH"}],"circlet_count":0,"master_deck":["Strike_R","Strike_R","Strike_R","Defend_R","Defend_R","Defend_R","Defend_R","Bash+1","Fire Breathing+1","Pommel Strike+1","Hemokinesis+1","Cleave","Disarm","Fire Breathing","Bludgeon","Feel No Pain"],"relics":["Burning Blood","Pocketwatch","Mango","TungstenRod","The Courier","Gambling Chip","Empty Cage","Paper Frog","Lee\u0027s Waffle","InkBottle"],"acts_visited":["Exordium","TheCity"],"potions_floor_usage":[11,11,14],"damage_taken":[{"damage":7,"enemies":"Small Slimes","floor":1,"turns":3},{"damage":7,"enemies":"2 Louse","floor":2,"turns":3},{"damage":4,"enemies":"Jaw Worm","floor":3,"turns":4},{"damage":20,"enemies":"Gremlin Nob","floor":6,"turns":4},{"damage":11,"enemies":"Exordium Thugs","floor":10,"turns":3},{"damage":26,"enemies":"Lagavulin","floor":11,"turns":6},{"damage":14,"enemies":"3 Sentries","floor":14,"turns":3},{"damage":25,"enemies":"Slime Boss","floor":16,"turns":6},{"damage":25,"enemies":"2 Thieves","floor":18,"turns":4},{"damage":68,"enemies":"Gremlin Leader","floor":23,"turns":7},{"damage":26,"enemies":"Spheric Guardian","floor":24,"turns":5}],"seed_played":"8631224870098727490","potions_obtained":[{"floor":2,"key":"Energy Potion"},{"floor":10,"key":"Strength Potion"},{"floor":11,"key":"Fire Potion"}],"is_trial":false,"path_per_floor":["M","M","M","?","?","E","R","$","T","M","E","R","$","E","R","B",null,"M","?","T","$","?","E","M"],"character_chosen":"IRONCLAD","items_purchased":["Cleave","Fire Breathing","Lee\u0027s Waffle"],"campfire_rested":0,"item_purchase_floors":[8,13,21],"current_hp_per_floor":[79,78,80,80,80,80,80,80,80,75,55,55,55,47,47,28,78,59,59,59,101,82,20,0,0],"gold":72,"neow_bonus":"ONE_RARE_RELIC","is_daily":false,"chose_seed":false,"campfire_upgraded":3,"win_rate":0.0,"timestamp":1613411172,"path_taken":["M","M","M","?","?","E","R","$","T","M","E","R","$","E","R","BOSS","M","?","?","?","?","E","M"],"items_purchased_type":["Card","Card","Relic"],"build_version":"2020-12-22","purchased_purges":0,"victory":false,"max_hp_per_floor":[80,80,80,80,80,94,94,94,94,94,94,94,94,94,94,94,94,94,94,94,101,106,106,106,106],"relic_stats":{"Lee\u0027s Waffle":42,"counters":[11,48],"Gambling Chip":[13],"obtain_stats":[{"Lee\u0027s Waffle":21,"Gambling Chip":14,"Mango":6,"The Courier":11,"Empty Cage":17,"Burning Blood":0,"TungstenRod":9,"InkBottle":23,"Pocketwatch":0,"Paper Frog":20},{"Lee\u0027s Waffle":9,"Gambling Chip":7,"Mango":4,"The Courier":6,"Empty Cage":8,"Burning Blood":0,"TungstenRod":4,"InkBottle":10,"Pocketwatch":0,"Paper Frog":9},{"Lee\u0027s Waffle":36,"Gambling Chip":26,"Mango":14,"The Courier":23,"Empty Cage":32,"Burning Blood":0,"TungstenRod":14,"InkBottle":43,"Pocketwatch":0,"Paper Frog":36}],"Burning Blood":60,"TungstenRod":40,"InkBottle":[1],"Pocketwatch":[108]},"card_choices":[{"not_picked":["Iron Wave","Havoc"],"picked":"Fire Breathing","floor":1},{"not_picked":["Intimidate","Ghostly Armor"],"picked":"Pommel Strike","floor":2},{"not_picked":["Blood for Blood","Dual Wield","Iron Wave"],"picked":"SKIP","floor":3},{"not_picked":["Berserk","Armaments"],"picked":"Hemokinesis","floor":6},{"not_picked":["Perfected Strike","Armaments"],"picked":"Disarm","floor":10},{"not_picked":["Clash","Heavy Blade","Headbutt"],"picked":"SKIP","floor":11},{"not_picked":["Sword Boomerang","Hemokinesis","Second Wind"],"picked":"SKIP","floor":14},{"not_picked":["Juggernaut","Double Tap"],"picked":"Bludgeon","floor":16},{"not_picked":["Armaments","Flex","Pommel Strike"],"picked":"SKIP","floor":18},{"not_picked":["Combust","Anger"],"picked":"Feel No Pain","floor":23}],"player_experience":1266694,"relics_obtained":[{"floor":6,"key":"Mango"},{"floor":9,"key":"TungstenRod"},{"floor":11,"key":"The Courier"},{"floor":14,"key":"Gambling Chip"},{"floor":20,"key":"Paper Frog"},{"floor":23,"key":"InkBottle"}],"event_choices":[{"damage_healed":0,"gold_gain":0,"player_choice":"Grow","damage_taken":0,"max_hp_gain":0,"max_hp_loss":0,"event_name":"Living Wall","floor":4,"gold_loss":0,"cards_upgraded":["Bash"]},{"damage_healed":0,"gold_gain":0,"player_choice":"Ignored","damage_taken":0,"max_hp_gain":0,"max_hp_loss":0,"event_name":"Liars Game","floor":5,"gold_loss":0},{"damage_healed":0,"gold_gain":0,"player_choice":"Ignored","damage_taken":0,"max_hp_gain":0,"max_hp_loss":0,"event_name":"Vampires","floor":19,"gold_loss":0},{"damage_healed":0,"gold_gain":0,"player_choice":"Shed Blood","damage_taken":25,"max_hp_gain":5,"max_hp_loss":0,"event_name":"Forgotten Altar","floor":22,"gold_loss":0}],"is_beta":false,"boss_relics":[{"not_picked":["SacredBark","Runic Pyramid"],"picked":"Empty Cage"}],"items_purged_floors":[],"is_endless":false,"potions_floor_spawned":[2,10,11],"killed_by":"Spheric Guardian","ascension_level":5}}