{"host":"0a4nlh1ehg6g254n","time":1613428510,"event":{"mods":["Aspiration","BaseMod","Colored Map","Colored Powertips","Downfall","Friendly Minions","Hermit","Infinite Spire","Marisa????????","Minty Spire (QoL Compilation)","Quick Restart","Replay The Spire","StSLib","The Animator","The Cursed","The Servant 0.9.4"],"gold_per_floor":[117,117,37,37,48,48,76,89,89,116,127,76,92,106,106,106,106],"floor_reached":16,"language":"SPA","playtime":1237,"items_purged":[],"score":137,"play_id":"fc00d12f-ec38-4609-a6ad-944cadae6a9d","local_time":"20210215193510","is_ascension_mode":false,"campfire_choices":[{"floor":6,"key":"REST"},{"floor":15,"key":"DIG"}],"circlet_count":0,"master_deck":["Strike_MRS","Strike_MRS","Strike_MRS","Defend_MRS","Defend_MRS","MasterSpark","UpSweep","GravityBeat","ReplayTheSpireMod:The Works","Neutralize","Dodge and Roll","DoubleSpark","DoubleSpark","MysteriousBeam","LuminesStrike","DC","GravityBeat","GalacticHalo","MagicChant","OneTimeOff+1","LuminesStrike","StarlightTyphoon"],"relics":["MiniHakkero","ReplayTheSpireMod:Lightbulb","Unceasing Top","aspiration:FetidBarrel","aspiration:ChemicalBlood","Pocketwatch"],"acts_visited":["Exordium"],"potions_floor_usage":[7,14,16,16],"damage_taken":[{"damage":5,"enemies":"Small Slimes","floor":1,"turns":3},{"damage":0,"enemies":"Cultist","floor":5,"turns":2},{"damage":0,"enemies":"Gremlin Nob","floor":7,"turns":3},{"damage":7,"enemies":"Jaw Worm","floor":8,"turns":2},{"damage":18,"enemies":"3 Sentries","floor":10,"turns":5},{"damage":1,"enemies":"Exordium Wildlife","floor":11,"turns":2},{"damage":16,"enemies":"Large Slime","floor":13,"turns":2},{"damage":7,"enemies":"Blue Slaver","floor":14,"turns":2},{"damage":35,"enemies":"Slime Boss","floor":16,"turns":6}],"seed_played":"7648389085647958360","potions_obtained":[{"floor":5,"key":"Languid Potion"},{"floor":13,"key":"FearPotion"},{"floor":14,"key":"DuplicationPotion"}],"is_trial":false,"path_per_floor":["M","?","$","?","M","R","E","M","T","E","M","$","M","M","R_BF","B"],"character_chosen":"MARISA","items_purchased":["DoubleSpark","MysteriousBeam","OneTimeOff+1"],"campfire_rested":1,"item_purchase_floors":[3,3,12],"current_hp_per_floor":[77,77,77,77,77,82,82,75,75,57,56,56,40,33,33,0,0],"gold":106,"neow_bonus":"TEN_PERCENT_HP_BONUS","is_daily":false,"chose_seed":false,"campfire_upgraded":0,"win_rate":0.0,"timestamp":1613428510,"path_taken":["M","?","?","?","M","R","E","M","T","E","?","$","M","M","R_BF","BOSS"],"items_purchased_type":["Card","Card","Card"],"build_version":"2020-12-22","purchased_purges":0,"victory":false,"max_hp_per_floor":[82,82,82,82,82,82,82,82,82,82,82,82,82,82,82,82,82],"card_choices":[{"not_picked":["WitchOfGreed","MilkyWay"],"picked":"GravityBeat","floor":1},{"not_picked":["IllusionStar","EnergyFlow"],"picked":"LuminesStrike","floor":5},{"not_picked":["EarthLightRay","Singularity"],"picked":"DC","floor":7},{"not_picked":["Singularity","Acceleration"],"picked":"GravityBeat","floor":8},{"not_picked":["DragonMeteor","FairyDestructionRay"],"picked":"GalacticHalo","floor":10},{"not_picked":["WitchOfGreed","SatelliteIllusion"],"picked":"MagicChant","floor":11},{"not_picked":["GalacticHalo","Acceleration"],"picked":"LuminesStrike","floor":13},{"not_picked":["MachineGunSpark","WitchLeyline"],"picked":"StarlightTyphoon","floor":14}],"player_experience":36225,"relics_obtained":[{"floor":4,"key":"ReplayTheSpireMod:Lightbulb"},{"floor":7,"key":"Unceasing Top"},{"floor":9,"key":"aspiration:FetidBarrel"},{"floor":10,"key":"aspiration:ChemicalBlood"},{"floor":15,"key":"Pocketwatch"}],"event_choices":[],"is_beta":false,"boss_relics":[],"items_purged_floors":[],"is_endless":false,"potions_floor_spawned":[5,13,14],"killed_by":"Slime Boss","ascension_level":0}}