{"host":"rs956zbefct9hzhl","time":1613418015,"event":{"mods":["BaseMod","BetterRewards","Downfall","Minty Spire (QoL Compilation)","Shop Mod","Spikes Relics","StSLib"],"gold_per_floor":[99,116,136,136,68,86,139,169,69,69,69,95,115,135,148,248,248,248,259,19,38,38,23,70,84,84,84,84],"floor_reached":26,"language":"ENG","playtime":1804,"items_purged":["downfall:Malfunctioning"],"score":268,"play_id":"3880e2a4-202d-4fc6-941f-670555263ab4","local_time":"20210215204015","is_ascension_mode":false,"campfire_choices":[{"data":"hexamod:Sear","floor":1,"key":"SMITH"},{"data":"hexamod:TimeOfNeed","floor":9,"key":"SMITH"},{"data":"hexamod:SearingWound","floor":18,"key":"SMITH"}],"circlet_count":0,"master_deck":["hexamod:Strike+1","hexamod:Strike","hexamod:Strike","hexamod:Strike","hexamod:Defend","hexamod:Defend","hexamod:Defend","hexamod:Defend","hexamod:Sear+1","hexamod:Float+1","hexamod:FirstSeal","hexamod:Rewind+1","hexamod:ThermalTransfer","hexamod:FastForward","hexamod:TimeOfNeed+1","hexamod:RadiantFlame","hexamod:Sear","hexamod:ThirdSeal","hexamod:DynamicBlow","hexamod:NecessarySacrifice","hexamod:StepThrough","hexamod:FourthSeal","hexamod:PowerFromBeyond","hexamod:SearingWound+1","hexamod:EmpoweredFlame","hexamod:FirstSeal","hexamod:FastForward","hexamod:SecondSeal","hexamod:FlamesFromBeyond","hexamod:RecurringNightmare+1","hexamod:FlamesFromBeyond"],"relics":["hexamod:SpiritBrand","Omamori","downfall:HeartBlessingBlue","Smiling Mask","hexamod:IceCube","MerchantsRug","Potion Belt"],"acts_visited":["Exordium","TheCity"],"potions_floor_usage":[8,8,13,16],"damage_taken":[{"damage":1,"enemies":"Jaw Worm","floor":2,"turns":3},{"damage":4,"enemies":"2 Louse","floor":3,"turns":3},{"damage":10,"enemies":"downfall:FleeingMerchant","floor":5,"turns":4},{"damage":0,"enemies":"Cultist","floor":6,"turns":3},{"damage":46,"enemies":"3 Sentries","floor":8,"turns":10},{"damage":0,"enemies":"Gremlin Nob","floor":12,"turns":3},{"damage":7,"enemies":"downfall:LooterAlt","floor":13,"turns":4},{"damage":10,"enemies":"3 Louse","floor":14,"turns":4},{"damage":6,"enemies":"Large Slime","floor":15,"turns":3},{"damage":7,"enemies":"SI_SHIV_ARCHETYPE","floor":16,"turns":6},{"damage":14,"enemies":"Spheric Guardian","floor":19,"turns":5},{"damage":5,"enemies":"downfall:FleeingMerchant","floor":20,"turns":4},{"damage":40,"enemies":"downfall:LooterAlt2","floor":21,"turns":6},{"damage":10,"enemies":"downfall:FleeingMerchant","floor":23,"turns":4},{"damage":22,"enemies":"Snake Plant","floor":25,"turns":4},{"damage":43,"enemies":"Cultist and Chosen","floor":26,"turns":5}],"seed_played":"1994980727532951930","potions_obtained":[{"floor":2,"key":"hexamod:EctoCoolerPotion"},{"floor":6,"key":"BlessingOfTheForge"},{"floor":12,"key":"Energy Potion"},{"floor":13,"key":"Energy Potion"},{"floor":16,"key":"DuplicationPotion"},{"floor":19,"key":"hexamod:EctoCoolerPotion"},{"floor":20,"key":"ColorlessPotion"},{"floor":21,"key":"SteroidPotion"},{"floor":25,"key":"Dexterity Potion"},{"floor":25,"key":"Dexterity Potion"}],"is_trial":false,"path_per_floor":["R","M","M","?","$","M","T","E","R","?","?","E","M","M","M","B",null,"R","M","$","M","?","$","T","M","M"],"character_chosen":"THE_SPIRIT","items_purchased":["hexamod:FastForward","MerchantsRug","hexamod:SecondSeal","hexamod:FlamesFromBeyond"],"campfire_rested":0,"item_purchase_floors":[5,20,20,20],"current_hp_per_floor":[77,76,77,77,74,77,77,38,48,69,69,69,69,66,60,60,87,87,80,82,56,56,60,60,38,0,0,0],"gold":84,"neow_bonus":"TEN_PERCENT_HP_BONUS","is_daily":false,"chose_seed":false,"campfire_upgraded":3,"win_rate":0.0,"timestamp":1613418015,"path_taken":["R","M","M","?","$","M","T","E","R","?","?","E","M","?","M","BOSS","R","M","$","M","?","$","T","M","M"],"items_purchased_type":["Card","Relic","Card","Card"],"build_version":"2020-12-22","purchased_purges":1,"victory":false,"max_hp_per_floor":[77,77,77,77,77,77,77,77,87,87,87,87,87,87,87,87,87,87,87,87,87,87,87,87,87,87,87,87],"card_choices":[{"not_picked":["hexamod:DynamicBlow","hexamod:SecondSeal"],"picked":"hexamod:FirstSeal","floor":2},{"not_picked":["hexamod:NightmareGuise","hexamod:FastForward"],"picked":"hexamod:Rewind","floor":3},{"not_picked":["hexamod:SwordOfDarkness","hexamod:GhostShield"],"picked":"hexamod:ThermalTransfer","floor":5},{"not_picked":["hexamod:NightmareStrike","hexamod:FastForward"],"picked":"hexamod:TimeOfNeed","floor":6},{"not_picked":["hexamod:NightmareStrike","hexamod:GhostShield"],"picked":"hexamod:RadiantFlame","floor":8},{"not_picked":["hexamod:Haunt","hexamod:SpectersWail"],"picked":"hexamod:ThirdSeal","floor":12},{"not_picked":["hexamod:HauntingEcho","hexamod:HeatShield"],"picked":"hexamod:DynamicBlow","floor":13},{"not_picked":["hexamod:SwordOfDarkness","hexamod:HauntingEcho","hexamod:NightmareStrike"],"picked":"SKIP","floor":13},{"not_picked":["hexamod:ShieldOfDarkness","hexamod:Again"],"picked":"hexamod:NecessarySacrifice","floor":14},{"not_picked":["hexamod:GhostOfSpireFuture","hexamod:GhostflameBarrier"],"picked":"hexamod:StepThrough","floor":14},{"not_picked":["hexamod:BacktrackSmack","hexamod:ShieldOfDarkness"],"picked":"hexamod:FourthSeal","floor":15},{"not_picked":["hexamod:EtherealExpedition","hexamod:AdvancingGuard"],"picked":"hexamod:PowerFromBeyond","floor":15},{"not_picked":["hexamod:ParanormalForm","hexamod:GhostflameInferno"],"picked":"hexamod:SearingWound","floor":16},{"not_picked":["hexamod:NightmareGuise","hexamod:NightmareStrike"],"picked":"hexamod:EmpoweredFlame","floor":19},{"not_picked":["hexamod:FourthSeal","hexamod:ShieldOfDarkness"],"picked":"hexamod:FirstSeal","floor":19},{"not_picked":["hexamod:ShieldOfDarkness+1","hexamod:SoulSteal"],"picked":"hexamod:FastForward","floor":20},{"not_picked":["hexamod:Firestarter","hexamod:BacktrackSmack+1","hexamod:ThermalTransfer"],"picked":"SKIP","floor":20},{"not_picked":["hexamod:BurningTouch","hexamod:GhostShield"],"picked":"hexamod:RecurringNightmare+1","floor":21},{"not_picked":["hexamod:BurningTouch","hexamod:GhostShield+1","hexamod:ThermalTransfer"],"picked":"SKIP","floor":21},{"not_picked":["hexamod:TurnItUp","hexamod:ThermalTransfer"],"picked":"hexamod:FlamesFromBeyond","floor":23},{"not_picked":["hexamod:SwordOfDarkness+1","hexamod:ThermalTransfer","hexamod:AdvancingGuard"],"picked":"SKIP","floor":25}],"player_experience":511612,"relics_obtained":[{"floor":8,"key":"Omamori"},{"floor":12,"key":"Smiling Mask"},{"floor":24,"key":"Potion Belt"}],"event_choices":[{"damage_healed":21,"gold_gain":0,"player_choice":"Healed and dodged fight","damage_taken":0,"max_hp_gain":0,"max_hp_loss":0,"event_name":"Mushrooms","floor":10,"gold_loss":0,"cards_obtained":["Parasite"]}],"is_beta":false,"boss_relics":[{"not_picked":["Snecko Eye","Fusion Hammer"],"picked":"hexamod:IceCube"}],"items_purged_floors":[20],"is_endless":false,"potions_floor_spawned":[2,6,12,13,25],"killed_by":"Cultist and Chosen","ascension_level":0}}