{"host":"3jpcvpprzj9sjffh","time":1613396483,"event":{"mods":["AchievementEnabler","BaseMod","Colored Map","Minty Spire (QoL Compilation)","Rare Cards Sparkle","SuperFastMode","everything is the same but u backflip on backflip"],"gold_per_floor":[118,130,205,217,274,43,57,88,88,107,30,53,53,84,84,181,181,193,77,93,18,31,31,31,31],"floor_reached":24,"language":"KOR","playtime":997,"items_purged":["Strike_R"],"score":206,"play_id":"d8bcdf6c-d28a-4dfe-960c-c9bed8f64405","local_time":"20210215224123","is_ascension_mode":false,"campfire_choices":[{"floor":13,"key":"REST"},{"floor":15,"key":"REST"},{"floor":23,"key":"RECALL"}],"circlet_count":0,"master_deck":["Strike_R","Strike_R","Defend_R","Defend_R","Defend_R+1","Defend_R+1","Bash","Blood for Blood","Power Through","Entrench","Power Through","Shrug It Off","Metallicize","Cleave","Dual Wield","Second Wind","Impervious","Juggernaut","Immolate","Twin Strike+1","Feel No Pain","True Grit","Body Slam"],"relics":["Burning Blood","War Paint","Ornamental Fan","Matryoshka","Odd Mushroom","InkBottle","Sozu"],"acts_visited":["Exordium","TheCity"],"potions_floor_usage":[8,10,14,14],"damage_taken":[{"damage":15,"enemies":"Cultist","floor":1,"turns":4},{"damage":8,"enemies":"Small Slimes","floor":2,"turns":4},{"damage":0,"enemies":"2 Louse","floor":4,"turns":3},{"damage":7,"enemies":"Exordium Wildlife","floor":7,"turns":5},{"damage":47,"enemies":"Lagavulin","floor":8,"turns":10},{"damage":3,"enemies":"Large Slime","floor":10,"turns":11},{"damage":12,"enemies":"The Mushroom Lair","floor":12,"turns":6},{"damage":17,"enemies":"Gremlin Nob","floor":14,"turns":6},{"damage":17,"enemies":"The Guardian","floor":16,"turns":15},{"damage":29,"enemies":"Spheric Guardian","floor":18,"turns":6},{"damage":5,"enemies":"2 Thieves","floor":20,"turns":5},{"damage":21,"enemies":"3 Cultists","floor":22,"turns":6},{"damage":37,"enemies":"Slavers","floor":24,"turns":2}],"seed_played":"-8123165674330300027","potions_obtained":[{"floor":1,"key":"LiquidMemories"},{"floor":7,"key":"AttackPotion"},{"floor":8,"key":"BlessingOfTheForge"},{"floor":10,"key":"SteroidPotion"}],"is_trial":false,"path_per_floor":["M","M","?","M","?","$","M","E","T","M","$","?","R","E","R","B",null,"M","$","M","$","M","R","E"],"character_chosen":"IRONCLAD","items_purchased":["War Paint","Metallicize","Impervious","Feel No Pain","True Grit"],"campfire_rested":2,"item_purchase_floors":[6,6,11,19,19],"current_hp_per_floor":[63,61,50,56,56,56,55,14,14,17,17,11,32,21,42,31,72,49,49,50,50,35,35,0,0],"gold":31,"neow_bonus":"TRANSFORM_TWO_CARDS","is_daily":false,"chose_seed":false,"campfire_upgraded":0,"win_rate":0.0,"timestamp":1613396483,"path_taken":["M","M","?","M","?","$","M","E","T","M","$","?","R","E","R","BOSS","M","$","M","$","M","R","E"],"items_purchased_type":["Relic","Card","Card","Card","Card"],"build_version":"2020-12-22","purchased_purges":1,"victory":false,"max_hp_per_floor":[72,72,72,72,72,72,72,72,72,72,72,72,72,72,72,72,72,72,72,72,72,72,72,72,72],"card_choices":[{"not_picked":["Searing Blow","Headbutt"],"picked":"Entrench","floor":1},{"not_picked":["Warcry","Cleave"],"picked":"Power Through","floor":2},{"not_picked":["Disarm","Demon Form"],"picked":"Shrug It Off","floor":4},{"not_picked":["Pommel Strike","Headbutt"],"picked":"Cleave","floor":7},{"not_picked":["Cleave","Dropkick"],"picked":"Dual Wield","floor":8},{"not_picked":["Dual Wield","Heavy Blade"],"picked":"Second Wind","floor":10},{"not_picked":["Shrug It Off","True Grit"],"picked":"Juggernaut","floor":14},{"not_picked":["Juggernaut","Bludgeon"],"picked":"Immolate","floor":16},{"not_picked":["Clash","Metallicize"],"picked":"Twin Strike+1","floor":18},{"not_picked":["Rage","Entrench"],"picked":"Body Slam","floor":20},{"not_picked":["Cleave","Body Slam","Metallicize"],"picked":"SKIP","floor":22}],"player_experience":330467,"relics_obtained":[{"floor":8,"key":"Ornamental Fan"},{"floor":9,"key":"Matryoshka"},{"floor":12,"key":"Odd Mushroom"},{"floor":14,"key":"InkBottle"}],"event_choices":[{"damage_healed":0,"gold_gain":75,"player_choice":"Gather Gold","damage_taken":11,"max_hp_gain":0,"max_hp_loss":0,"event_name":"World of Goop","floor":3,"gold_loss":0},{"damage_healed":0,"gold_gain":57,"player_choice":"Gained Gold","damage_taken":0,"max_hp_gain":0,"max_hp_loss":0,"event_name":"Golden Wing","floor":5,"gold_loss":0},{"damage_healed":0,"gold_gain":0,"player_choice":"Fought Mushrooms","damage_taken":0,"max_hp_gain":0,"max_hp_loss":0,"event_name":"Mushrooms","floor":12,"gold_loss":0}],"is_beta":false,"boss_relics":[{"not_picked":["Ectoplasm","SacredBark"],"picked":"Sozu"}],"items_purged_floors":[21],"is_endless":false,"potions_floor_spawned":[1,7,8,10,20],"killed_by":"Slavers","ascension_level":0}}