{"host":"eglukmwb6rueyn6u","time":1613393491,"event":{"mods":["BaseMod","Colored Map","Minty Spire (QoL Compilation)"],"gold_per_floor":[211,231,306,256,271,271,285,285,285,307,14,14,25,51,51,51,51],"floor_reached":16,"language":"ENG","playtime":650,"items_purged":[],"score":110,"play_id":"47772481-adb5-41ec-840b-1c8dc0115ce6","local_time":"20210215145131","is_ascension_mode":true,"campfire_choices":[{"data":"Flex","floor":6,"key":"SMITH"},{"data":"Bash","floor":8,"key":"SMITH"},{"floor":15,"key":"REST"}],"circlet_count":0,"master_deck":["Strike_R","Strike_R","Strike_R","Strike_R","Defend_R","Defend_R","Defend_R","Defend_R","Bash+1","Flex+1","Spot Weakness","Rage","Thunderclap+1"],"relics":["Burning Blood","Meat on the Bone","Odd Mushroom","Molten Egg 2","Mummified Hand","White Beast Statue"],"acts_visited":["Exordium"],"potions_floor_usage":[16],"damage_taken":[{"damage":5,"enemies":"Jaw Worm","floor":1,"turns":5},{"damage":5,"enemies":"Small Slimes","floor":2,"turns":4},{"damage":1,"enemies":"2 Louse","floor":5,"turns":3},{"damage":11,"enemies":"Looter","floor":7,"turns":2},{"damage":25,"enemies":"The Mushroom Lair","floor":10,"turns":4},{"damage":27,"enemies":"Gremlin Gang","floor":13,"turns":5},{"damage":40,"enemies":"Gremlin Nob","floor":14,"turns":5},{"damage":60,"enemies":"Hexaghost","floor":16,"turns":11}],"seed_played":"-4008861205807037925","potions_obtained":[{"floor":1,"key":"SteroidPotion"},{"floor":13,"key":"BloodPotion"},{"floor":14,"key":"BlessingOfTheForge"}],"is_trial":false,"path_per_floor":["M","M","?","?","M","R","M","R","T","?","$","?","M","E","R","B"],"character_chosen":"IRONCLAD","items_purchased":["Molten Egg 2","Rage"],"campfire_rested":1,"item_purchase_floors":[11,11],"current_hp_per_floor":[80,80,69,69,74,74,69,69,69,50,50,50,41,19,43,0,0],"gold":51,"neow_bonus":"HUNDRED_GOLD","is_daily":false,"chose_seed":false,"campfire_upgraded":2,"win_rate":0.0,"timestamp":1613393491,"path_taken":["M","M","?","?","M","R","M","R","T","?","$","?","?","E","R","BOSS"],"items_purchased_type":["Relic","Card"],"build_version":"2020-12-22","purchased_purges":0,"victory":false,"max_hp_per_floor":[80,80,80,80,80,80,80,80,80,80,80,80,80,80,80,80,80],"card_choices":[{"not_picked":["Battle Trance","Sever Soul","Clash"],"picked":"SKIP","floor":1},{"not_picked":["Reckless Charge","Iron Wave","Pommel Strike"],"picked":"SKIP","floor":2},{"not_picked":["Anger","Clash"],"picked":"Flex","floor":5},{"not_picked":["Power Through","Cleave","Battle Trance"],"picked":"SKIP","floor":7},{"not_picked":["Anger","Clothesline"],"picked":"Spot Weakness","floor":10},{"not_picked":["Power Through","Body Slam+1","Rupture"],"picked":"SKIP","floor":13},{"not_picked":["Clash+1","Iron Wave+1"],"picked":"Thunderclap+1","floor":14}],"player_experience":49234,"relics_obtained":[{"floor":9,"key":"Meat on the Bone"},{"floor":10,"key":"Odd Mushroom"},{"floor":14,"key":"White Beast Statue"}],"event_choices":[{"damage_healed":0,"gold_gain":75,"player_choice":"Gather Gold","damage_taken":11,"max_hp_gain":0,"max_hp_loss":0,"event_name":"World of Goop","floor":3,"gold_loss":0},{"cards_removed":["Strike_R"],"damage_healed":0,"gold_gain":0,"player_choice":"Card Removal","damage_taken":0,"max_hp_gain":0,"max_hp_loss":0,"event_name":"The Cleric","floor":4,"gold_loss":50},{"damage_healed":0,"gold_gain":0,"player_choice":"Fought Mushrooms","damage_taken":0,"max_hp_gain":0,"max_hp_loss":0,"event_name":"Mushrooms","floor":10,"gold_loss":0},{"damage_healed":0,"gold_gain":0,"player_choice":"Gave Potion","damage_taken":0,"relics_obtained":["Mummified Hand"],"max_hp_gain":0,"max_hp_loss":0,"event_name":"WeMeetAgain","floor":12,"gold_loss":0}],"is_beta":false,"boss_relics":[],"items_purged_floors":[],"is_endless":false,"potions_floor_spawned":[1,13,14],"killed_by":"Hexaghost","ascension_level":2}}