{"host":"z7iqwv4hfwwvhc2n","time":1613375209,"event":{"mods":["2.2 Compatiblity","BaseMod","Better Third Choice","BetterRewards","Bossed Relics","Colored Powertips","Minty Spire (QoL Compilation)","Permanent Neow","Relic Filter","Shop Mod","StSLib","The Cursed"],"gold_per_floor":[116,135,135,149,163,194,212,230,282,282,294,324,339,358,358,461,461,471,471,484,49,81,108,108,120,120,120,138,152,152,167,167,263,263,273,273,273,286,298,298,309,324,375,375,375],"floor_reached":44,"language":"JPN","playtime":2908,"items_purged":["Strike_G"],"score":475,"play_id":"7b989336-8659-4b70-8afe-25b7f4238f28","local_time":"20210215164649","is_ascension_mode":false,"campfire_choices":[{"floor":15,"key":"REST"},{"floor":24,"key":"REST"},{"floor":27,"key":"REST"},{"floor":32,"key":"REST"},{"floor":40,"key":"REST"}],"circlet_count":0,"master_deck":["Strike_G","Strike_G","Strike_G","Defend_G","Defend_G","Defend_G","Defend_G","Defend_G","Survivor","Neutralize+1","Deadly Poison","Underhanded Strike","Blade Dance","Crippling Poison","Dash","Quick Slash","Leg Sweep","Corpse Explosion","Deadly Poison","Poisoned Stab","Caltrops","Slice","Bane","Adrenaline","Bane","Outmaneuver+1","Apotheosis+1","Quick Slash","Leg Sweep","Crippling Poison","Dagger Spray+1","Skewer+1","Finisher","Poisoned Stab","Deflect","Caltrops","Phantasmal Killer","Infinite Blades+1","Secret Technique","Panacea","The Bomb","Backstab","Blade Dance+1","Noxious Fumes+1","Outmaneuver+1"],"relics":["Ring of the Snake","Bird Faced Urn","Black Star","Unceasing Top","TheAbacus","StoneCalendar","Vajra","WristBlade","Lizard Tail","Ornamental Fan","Red Mask","Ginger","CultistMask","Shuriken","Nloth\u0027s Gift"],"acts_visited":["Exordium","TheCity","TheBeyond"],"potions_floor_usage":[12,13,16,22,22,23,23,29,33,33,33,39],"damage_taken":[{"damage":1,"enemies":"2 Louse","floor":1,"turns":3},{"damage":1,"enemies":"Cultist","floor":2,"turns":3},{"damage":0,"enemies":"Small Slimes","floor":4,"turns":3},{"damage":0,"enemies":"Blue Slaver","floor":5,"turns":4},{"damage":19,"enemies":"3 Sentries","floor":6,"turns":9},{"damage":5,"enemies":"Red Slaver","floor":7,"turns":3},{"damage":13,"enemies":"Exordium Thugs","floor":8,"turns":5},{"damage":0,"enemies":"Large Slime","floor":11,"turns":5},{"damage":6,"enemies":"Gremlin Nob","floor":12,"turns":3},{"damage":1,"enemies":"2 Fungi Beasts","floor":13,"turns":4},{"damage":1,"enemies":"Red Slaver","floor":14,"turns":3},{"damage":16,"enemies":"Slime Boss","floor":16,"turns":7},{"damage":9,"enemies":"Spheric Guardian","floor":18,"turns":4},{"damage":6,"enemies":"Chosen","floor":20,"turns":5},{"damage":0,"enemies":"Masked Bandits","floor":22,"turns":3},{"damage":43,"enemies":"Slavers","floor":23,"turns":7},{"damage":0,"enemies":"Snake Plant","floor":25,"turns":4},{"damage":11,"enemies":"Snecko","floor":28,"turns":5},{"damage":17,"enemies":"Centurion and Healer","floor":29,"turns":4},{"damage":13,"enemies":"Cultist and Chosen","floor":31,"turns":5},{"damage":75,"enemies":"Collector","floor":33,"turns":7},{"damage":25,"enemies":"3 Darklings","floor":35,"turns":7},{"damage":10,"enemies":"Orb Walker","floor":38,"turns":4},{"damage":10,"enemies":"Jaw Worm Horde","floor":39,"turns":4},{"damage":0,"enemies":"Transient","floor":41,"turns":5},{"damage":18,"enemies":"Maw","floor":42,"turns":7},{"damage":46,"enemies":"Sphere and 2 Shapes","floor":44,"turns":4}],"seed_played":"2801011143562814039","potions_obtained":[{"floor":1,"key":"Energy Potion"},{"floor":11,"key":"DuplicationPotion"},{"floor":12,"key":"EssenceOfSteel"},{"floor":13,"key":"Explosive Potion"},{"floor":16,"key":"ColorlessPotion"},{"floor":19,"key":"Weak Potion"},{"floor":22,"key":"Poison Potion"},{"floor":23,"key":"BlessingOfTheForge"},{"floor":25,"key":"SteroidPotion"},{"floor":28,"key":"Dexterity Potion"},{"floor":31,"key":"CunningPotion"},{"floor":35,"key":"GamblersBrew"},{"floor":38,"key":"Energy Potion"},{"floor":42,"key":"BlessingOfTheForge"}],"is_trial":false,"path_per_floor":["M","M","?","M","M","E","M","M","T","?","M","E","M","M","R","B",null,"M","?","M","$","?","E","R","M","T","R","M","M","?","M","R","B",null,"M","?","?","M","M","R","M","M","T","M"],"character_chosen":"THE_SILENT","items_purchased":["Deadly Poison","Black Star","Unceasing Top","TheAbacus","Underhanded Strike","Apotheosis","Quick Slash","Leg Sweep","Crippling Poison"],"campfire_rested":5,"item_purchase_floors":[0,0,0,0,0,21,21,21,21],"current_hp_per_floor":[69,68,68,68,68,49,44,31,31,31,31,25,26,27,48,34,70,61,61,57,57,59,16,37,37,37,58,47,32,32,21,42,6,70,49,39,39,33,25,46,52,40,40,0,0],"gold":375,"neow_bonus":"","is_daily":false,"chose_seed":false,"campfire_upgraded":0,"win_rate":0.0,"timestamp":1613375209,"path_taken":["M","M","?","?","M","E","M","M","T","?","M","E","M","M","R","BOSS","M","?","?","$","?","E","R","M","T","R","M","M","?","?","R","BOSS","M","?","?","M","M","R","?","M","T","M"],"items_purchased_type":["Card","Relic","Relic","Relic","Card","Card","Card","Card","Card"],"build_version":"2020-12-22","purchased_purges":1,"victory":false,"max_hp_per_floor":[70,70,70,70,70,70,70,70,70,70,70,70,70,70,70,70,70,70,70,70,70,70,70,70,70,70,70,70,70,70,70,70,70,70,70,70,70,70,70,70,70,70,70,70,70],"card_choices":[{"not_picked":["Quick Slash","Bane"],"picked":"Blade Dance","floor":1},{"not_picked":["Tactician","Deflect"],"picked":"Crippling Poison","floor":2},{"not_picked":["Escape Plan","Outmaneuver"],"picked":"Dash","floor":4},{"not_picked":["Endless Agony","Prepared"],"picked":"Quick Slash","floor":5},{"not_picked":["Distraction","Riddle With Holes"],"picked":"Leg Sweep","floor":6},{"not_picked":["PiercingWail","Prepared"],"picked":"Corpse Explosion","floor":7},{"not_picked":["Slice","Sucker Punch"],"picked":"Deadly Poison","floor":8},{"not_picked":["Sucker Punch","Well Laid Plans"],"picked":"Poisoned Stab","floor":11},{"not_picked":["Calculated Gamble","Outmaneuver"],"picked":"Caltrops","floor":12},{"not_picked":["Quick Slash","All Out Attack"],"picked":"Slice","floor":13},{"not_picked":["Distraction","Endless Agony"],"picked":"Bane","floor":14},{"not_picked":["Wraith Form v2","Glass Knife"],"picked":"Adrenaline","floor":16},{"not_picked":["Predator+1","Dagger Throw"],"picked":"Bane","floor":18},{"not_picked":["Slice","Sucker Punch"],"picked":"Outmaneuver+1","floor":20},{"not_picked":["Deflect","Night Terror"],"picked":"Dagger Spray+1","floor":22},{"not_picked":["Tactician+1","Choke"],"picked":"Skewer+1","floor":23},{"not_picked":["Flechettes","Sucker Punch+1"],"picked":"Finisher","floor":25},{"not_picked":["Distraction+1","Escape Plan"],"picked":"Poisoned Stab","floor":28},{"not_picked":["Well Laid Plans","Choke"],"picked":"Deflect","floor":29},{"not_picked":["Sucker Punch","Deadly Poison"],"picked":"Caltrops","floor":31},{"not_picked":["Malaise","A Thousand Cuts"],"picked":"Phantasmal Killer","floor":33},{"not_picked":["Poisoned Stab","Dagger Spray+1"],"picked":"Infinite Blades+1","floor":35},{"not_picked":["Bandage Up","PanicButton"],"picked":"Secret Technique","floor":36},{"not_picked":["Purity","Impatience"],"picked":"Panacea","floor":36},{"not_picked":["Madness","Jack Of All Trades"],"picked":"The Bomb","floor":36},{"not_picked":["Deadly Poison","Reflex"],"picked":"Backstab","floor":38},{"not_picked":["Finisher+1","Bane+1"],"picked":"Blade Dance+1","floor":39},{"not_picked":["Dash+1","Quick Slash+1"],"picked":"Noxious Fumes+1","floor":41},{"not_picked":["Backstab+1","Flying Knee"],"picked":"Outmaneuver+1","floor":42}],"player_experience":52173,"relics_obtained":[{"floor":6,"key":"StoneCalendar"},{"floor":6,"key":"Vajra"},{"floor":9,"key":"WristBlade"},{"floor":12,"key":"Lizard Tail"},{"floor":22,"key":"Red Mask"},{"floor":26,"key":"Ginger"},{"floor":43,"key":"Nloth\u0027s Gift"}],"event_choices":[{"cards_removed":["Strike_G"],"damage_healed":0,"gold_gain":0,"player_choice":"Offered Basic","damage_taken":0,"max_hp_gain":0,"max_hp_loss":0,"event_name":"Bonfire Elementals","floor":3,"gold_loss":0},{"damage_healed":0,"gold_gain":0,"player_choice":"Forge","damage_taken":0,"max_hp_gain":0,"max_hp_loss":0,"event_name":"Accursed Blacksmith","floor":10,"gold_loss":0,"cards_upgraded":["Neutralize"]},{"damage_healed":0,"gold_gain":0,"player_choice":"Got Potions","damage_taken":0,"max_hp_gain":0,"max_hp_loss":0,"event_name":"Lab","floor":19,"gold_loss":0},{"damage_healed":0,"gold_gain":0,"player_choice":"Fought Bandits","damage_taken":0,"max_hp_gain":0,"max_hp_loss":0,"event_name":"Masked Bandits","floor":22,"gold_loss":0},{"damage_healed":0,"gold_gain":0,"player_choice":"Trade","damage_taken":0,"relics_obtained":["CultistMask"],"max_hp_gain":0,"max_hp_loss":0,"event_name":"FaceTrader","floor":30,"gold_loss":0},{"damage_healed":0,"gold_gain":0,"player_choice":"Memory 3","damage_taken":10,"max_hp_gain":0,"max_hp_loss":0,"event_name":"SensoryStone","floor":36,"gold_loss":0},{"damage_healed":0,"gold_gain":0,"player_choice":"Upgraded","damage_taken":0,"max_hp_gain":0,"max_hp_loss":0,"event_name":"Upgrade Shrine","floor":37,"gold_loss":0,"cards_upgraded":["Apotheosis"]}],"is_beta":false,"boss_relics":[{"not_picked":["Paper Crane","Sundial"],"picked":"Ornamental Fan"},{"not_picked":["Circlet","Circlet"],"picked":"Shuriken"}],"items_purged_floors":[21],"is_endless":false,"potions_floor_spawned":[1,11,12,13,16,22,23,25,28,31,35,38,42],"killed_by":"Sphere and 2 Shapes","ascension_level":0}}