{"host":"79p0n9jgvmu4oxs9","time":1613399816,"event":{"mods":["AchievementEnabler","Act Like it!","BaseMod","Colored Map","Downfall","Friendly Minions","GifTheSpireLib","Hermit","Minty Spire (QoL Compilation)","Potionbrewer","Rare Cards Sparkle","StSLib"],"gold_per_floor":[99,99,274,374,374,411,411,420,26,26,62,62,89,115,130,243,243,243,266,266,43,55,55,55,74,174,174,201,98,98,123,139,248,248,48,65,74,88,147,147,147,175,284,316,327,364,379,46,64,64],"floor_reached":51,"language":"ENG","playtime":2369,"items_purged":["Slimebound:Tackle"],"score":1046,"play_id":"022500d9-5bac-4e85-943e-24773373404d","local_time":"20210215063656","is_ascension_mode":true,"campfire_choices":[{"data":"Slimebound:Split","floor":1,"key":"SMITH"},{"data":"Slimebound:Overexert","floor":12,"key":"SMITH"},{"data":"Slimebound:OneTwoCombo","floor":18,"key":"SMITH"},{"floor":23,"key":"REST"},{"data":"Slimebound:MinionMaster","floor":30,"key":"SMITH"},{"data":"Slimebound:DuplicatedForm","floor":35,"key":"SMITH"},{"data":"Slimebound:SlimeBrawl","floor":40,"key":"SMITH"}],"circlet_count":0,"master_deck":["Slimebound:Defend_Slimebound","Slimebound:Defend_Slimebound","Slimebound:Split+1","Slimebound:CorrosiveSpit","Slimebound:SplitLeeching","downfall:Haunted","downfall:Haunted","Parasite","Slimebound:Overexert+1","Injury","downfall:Icky","Slimebound:LivingWall+1","Slimebound:LeechEnergy","Slimebound:OneTwoCombo+1","Slimebound:SplitBruiser","Slimebound:PressTheAttack+1","Slimebound:TagTeam+1","Slimebound:SplitMire+1","Slimebound:SlimeBrawl+1","Slimebound:DuplicatedForm+1","Slimebound:Equalize+1","Slimebound:Tackle+1","Slimebound:Tackle+1","Slimebound:Tackle+1","Slimebound:MinionMaster+1","Slimebound:OneTwoCombo+1","downfall:Aged","Slimebound:Repurpose+1","Slimebound:SplitLeeching+1","Slimebound:GoopSpray+1","Slimebound:SlimeBarrage+1"],"relics":["Slimebound:AbsorbEndCombatUpgraded","downfall:HeartsMalice","Du-Vu Doll","CeramicFish","Juzu Bracelet","Unceasing Top","Molten Egg 2","Sling","Bottled Tornado","Mummified Hand","SlaversCollar","Lee\u0027s Waffle","Bronze Scales","Ancient Tea Set","downfall:HeartBlessingBlue","downfall:HeartBlessingGreen","Incense Burner","Strawberry","Potion Belt","Peace Pipe","Torii"],"acts_visited":["Exordium","TheCity","TheBeyond"],"potions_floor_usage":[16,16,16,20,21,22,25,33,33,33,42,43,44,45,45,46,50,50],"damage_taken":[{"damage":0,"enemies":"Jaw Worm","floor":2,"turns":1},{"damage":0,"enemies":"3 Sentries","floor":6,"turns":1},{"damage":0,"enemies":"Small Slimes","floor":8,"turns":1},{"damage":2,"enemies":"downfall:FleeingMerchant","floor":9,"turns":4},{"damage":22,"enemies":"Lagavulin","floor":11,"turns":7},{"damage":13,"enemies":"3 Sentries","floor":13,"turns":3},{"damage":0,"enemies":"2 Louse","floor":14,"turns":1},{"damage":18,"enemies":"Exordium Thugs","floor":15,"turns":3},{"damage":24,"enemies":"DF_ARCHETYPE_STREAMLINE","floor":16,"turns":4},{"damage":36,"enemies":"Shell Parasite","floor":19,"turns":5},{"damage":5,"enemies":"downfall:FleeingMerchant","floor":21,"turns":4},{"damage":28,"enemies":"downfall:LooterAlt2","floor":22,"turns":3},{"damage":18,"enemies":"Snake Plant","floor":25,"turns":2},{"damage":0,"enemies":"downfall:FleeingMerchant","floor":29,"turns":1},{"damage":32,"enemies":"Book of Stabbing","floor":31,"turns":2},{"damage":38,"enemies":"Snecko","floor":32,"turns":4},{"damage":39,"enemies":"SI_MIRROR_ARCHETYPE","floor":33,"turns":4},{"damage":3,"enemies":"3 Darklings","floor":36,"turns":3},{"damage":41,"enemies":"3 Shapes","floor":38,"turns":3},{"damage":0,"enemies":"3 Shapes","floor":39,"turns":3},{"damage":53,"enemies":"3 Darklings","floor":42,"turns":4},{"damage":18,"enemies":"downfall:LadyInBlue","floor":43,"turns":5},{"damage":15,"enemies":"Nemesis","floor":44,"turns":3},{"damage":0,"enemies":"4 Shapes","floor":45,"turns":2},{"damage":22,"enemies":"Giant Head","floor":46,"turns":5},{"damage":9,"enemies":"Spire Growth","floor":47,"turns":3},{"damage":13,"enemies":"3 Darklings","floor":49,"turns":3},{"damage":21,"enemies":"IC_BLOCK_ARCHETYPE","floor":50,"turns":6}],"seed_played":"4503161806754238871","potions_obtained":[{"floor":13,"key":"Strength Potion"},{"floor":14,"key":"LiquidBronze"},{"floor":15,"key":"Slimebound:SlimedPotion"},{"floor":16,"key":"Ancient Potion"},{"floor":20,"key":"potionbrewer:QuicksilverPotion"},{"floor":20,"key":"potionbrewer:BlacksmithPotion"},{"floor":20,"key":"Slimebound:SlimedPotion"},{"floor":22,"key":"Slimebound:SlimedPotion"},{"floor":25,"key":"potionbrewer:AcidPotion"},{"floor":27,"key":"CultistPotion"},{"floor":31,"key":"SpeedPotion"},{"floor":32,"key":"Slimebound:SpawnSlimePotion"},{"floor":33,"key":"potionbrewer:CleansingPotion"},{"floor":39,"key":"potionbrewer:BarricadePotion"},{"floor":43,"key":"potionbrewer:StunPotion"},{"floor":43,"key":"Slimebound:SpawnSlimePotion"},{"floor":43,"key":"LiquidMemories"},{"floor":43,"key":"Fire Potion"},{"floor":45,"key":"SkillPotion"},{"floor":49,"key":"PowerPotion"}],"is_trial":false,"path_per_floor":["R","M","?","?","?","E","T","M","$","?","E","R","E","M","M","B",null,"R","M","?","$","M","R","T","M","?","?","?","$","R","E","M","B",null,"R","M","?","M","?","R","T","M","?","E","M","E","M","?","M","B",null],"character_chosen":"SLIMEBOUND","items_purchased":["Molten Egg 2","Sling","Slimebound:DuplicatedForm","Lee\u0027s Waffle","Slimebound:MinionMaster","Bronze Scales"],"campfire_rested":1,"item_purchase_floors":[9,9,21,29,29,29],"current_hp_per_floor":[65,65,65,70,52,52,52,52,56,70,52,52,39,39,25,5,70,70,38,38,41,15,36,36,20,20,20,20,77,77,62,39,35,77,87,87,87,46,61,61,68,39,24,18,21,41,41,106,99,103],"gold":64,"neow_bonus":"THREE_ENEMY_KILL","is_daily":false,"chose_seed":false,"campfire_upgraded":6,"win_rate":0.0,"timestamp":1613399816,"path_taken":["R","M","?","?","?","E","T","M","$","?","E","R","E","M","M","BOSS","R","M","?","?","M","R","T","M","?","?","?","$","R","E","M","BOSS","R","M","?","M","?","R","T","M","?","E","M","E","M","?","M","BOSS"],"items_purchased_type":["Relic","Relic","Card","Relic","Card","Relic"],"build_version":"2020-12-22","purchased_purges":1,"victory":true,"max_hp_per_floor":[65,65,65,70,70,70,70,70,70,70,70,70,70,70,70,70,70,70,70,70,70,70,70,70,70,70,70,70,77,77,77,77,77,77,87,87,87,87,87,87,94,94,94,94,94,94,94,106,106,106],"card_choices":[{"not_picked":["Slimebound:RollThrough","Slimebound:FormOfPuddle"],"picked":"Slimebound:SplitLeeching","floor":2},{"not_picked":["Slimebound:ServeAndProtect","Slimebound:SamplingLick"],"picked":"Slimebound:LivingWall","floor":6},{"not_picked":["Slimebound:LeechingTouch","Slimebound:Recollect"],"picked":"Slimebound:LeechEnergy","floor":8},{"not_picked":["Slimebound:SlimeTap","Slimebound:Prepare"],"picked":"Slimebound:OneTwoCombo","floor":9},{"not_picked":["Slimebound:DisruptingSlam+1","Slimebound:RainOfGoop"],"picked":"Slimebound:SplitBruiser","floor":11},{"not_picked":["Slimebound:SlimeTap","Slimebound:LeechingTouch+1","Slimebound:FinishingTackle+1"],"picked":"SKIP","floor":13},{"not_picked":["Slimebound:SplitBruiser","Slimebound:GoopTackle+1"],"picked":"Slimebound:PressTheAttack+1","floor":14},{"not_picked":["Slimebound:GoopSpray","Slimebound:HauntingLick","Slimebound:ForwardTackle+1"],"picked":"SKIP","floor":15},{"not_picked":["Slimebound:MassRepurpose","Slimebound:OneTwoCombo+1"],"picked":"Slimebound:TagTeam+1","floor":16},{"not_picked":["Slimebound:SlimeSpikes","Slimebound:Schlurp+1"],"picked":"Slimebound:SplitMire+1","floor":19},{"not_picked":["Slimebound:LeechingTouch+1","Slimebound:GoopSpray"],"picked":"Slimebound:SlimeBrawl","floor":21},{"not_picked":["Slimebound:SplitMire","Slimebound:PressTheAttack+1","Slimebound:RollThrough+1"],"picked":"SKIP","floor":22},{"not_picked":["Slimebound:MegaLick","Slimebound:LeechEnergy+1"],"picked":"Slimebound:Equalize+1","floor":25},{"not_picked":["Slimebound:GoopTackle+1","Slimebound:RollThrough+1","Slimebound:SplitAcid"],"picked":"SKIP","floor":29},{"not_picked":["Slimebound:MegaLick","Slimebound:SlimeSlap+1","Slimebound:LeechEnergy+1"],"picked":"SKIP","floor":31},{"not_picked":["Slimebound:LeadByExample","Slimebound:FinishingTackle+1","Slimebound:GoopSpray"],"picked":"SKIP","floor":32},{"not_picked":["Slimebound:WasteNot","Slimebound:MinionMaster"],"picked":"Slimebound:OneTwoCombo+1","floor":33},{"not_picked":["Slimebound:GoopSpray+1","Slimebound:PressTheAttack+1","Slimebound:ComboTackle+1"],"picked":"SKIP","floor":36},{"not_picked":["Slimebound:AcidTongue","Slimebound:SplitMire","Slimebound:LivingWall"],"picked":"SKIP","floor":38},{"not_picked":["Slimebound:SlimeSpikes","Slimebound:SplitAcid"],"picked":"Slimebound:Repurpose+1","floor":39},{"not_picked":["Slimebound:PrepareCrush","Slimebound:PressTheAttack+1"],"picked":"Slimebound:SplitLeeching+1","floor":42},{"not_picked":["Slimebound:LivingWall+1","Slimebound:Schlurp"],"picked":"Slimebound:GoopSpray+1","floor":43},{"not_picked":["Slimebound:Prepare","Slimebound:GrowthPunch+1","Slimebound:SamplingLick"],"picked":"SKIP","floor":44},{"not_picked":["Slimebound:Recollect+1","Slimebound:Prepare","Slimebound:ForwardTackle+1"],"picked":"SKIP","floor":45},{"not_picked":["Slimebound:HungryTackle+1","Slimebound:RainOfGoop+1"],"picked":"Slimebound:SlimeBarrage+1","floor":46},{"not_picked":["Slimebound:SamplingLick+1","Slimebound:TongueLash+1","Slimebound:Replication"],"picked":"SKIP","floor":47},{"not_picked":["Slimebound:LivingWall","Slimebound:SplitAcid","Slimebound:Schlurp"],"picked":"SKIP","floor":49}],"player_experience":864473,"relics_obtained":[{"floor":6,"key":"Juzu Bracelet"},{"floor":7,"key":"Unceasing Top"},{"floor":11,"key":"Bottled Tornado"},{"floor":13,"key":"Mummified Hand"},{"floor":31,"key":"Ancient Tea Set"},{"floor":39,"key":"Incense Burner"},{"floor":41,"key":"Strawberry"},{"floor":43,"key":"Potion Belt"},{"floor":44,"key":"Peace Pipe"},{"floor":46,"key":"Torii"}],"event_choices":[{"damage_healed":0,"gold_gain":0,"player_choice":"Success","damage_taken":18,"relics_obtained":["CeramicFish"],"max_hp_gain":0,"max_hp_loss":0,"event_name":"Scrap Ooze","floor":5,"gold_loss":0},{"damage_healed":23,"gold_gain":0,"player_choice":"Banana","damage_taken":0,"max_hp_gain":0,"max_hp_loss":0,"event_name":"Big Fish","floor":10,"gold_loss":0},{"damage_healed":0,"gold_gain":0,"player_choice":"Got Potions","damage_taken":0,"max_hp_gain":0,"max_hp_loss":0,"event_name":"Lab","floor":20,"gold_loss":0}],"is_beta":false,"boss_relics":[{"not_picked":["Empty Cage","potionbrewer:BhaskarasWheel"],"picked":"SlaversCollar"},{"not_picked":["Snecko Eye","Astrolabe"],"picked":"Slimebound:AbsorbEndCombatUpgraded"}],"items_purged_floors":[21],"is_endless":false,"potions_floor_spawned":[13,14,15,16,22,25,31,32,33,39,43,45,49],"ascension_level":3}}