{"host":"m6rwrrl4vtok99e8","time":1613367602,"event":{"mods":["Act Like it!","BaseMod","Colored Powertips","Downfall","Marisa????????","Minty Spire (QoL Compilation)","Remilia??????","Replay The Spire","StSLib","The Bug Knight","The Servant 0.9.4"],"gold_per_floor":[99,112,112,60,72,104,104,104,104,104,122,122,107,123,140,140,140],"floor_reached":16,"language":"ZHS","playtime":936,"items_purged":[],"score":100,"play_id":"cd38f0c2-eccb-4c20-b425-c5bee4237a77","local_time":"20210215134002","is_ascension_mode":false,"campfire_choices":[{"data":"MasterSpark","floor":1,"key":"SMITH"},{"floor":8,"key":"RECALL"},{"data":"UpSweep","floor":10,"key":"SMITH"}],"circlet_count":0,"master_deck":["Strike_MRS","Strike_MRS","Defend_MRS","Defend_MRS","Defend_MRS","MasterSpark+1","UpSweep+1","EnergyRecoil","WitchLeyline+1","ShootingEcho","Singularity","MagicChant","Orbital"],"relics":["MiniHakkero","Ornamental Fan"],"acts_visited":["Exordium"],"potions_floor_usage":[],"damage_taken":[{"damage":6,"enemies":"Jaw Worm","floor":2,"turns":3},{"damage":0,"enemies":"downfall:FleeingMerchant","floor":4,"turns":4},{"damage":0,"enemies":"2 Louse","floor":5,"turns":2},{"damage":15,"enemies":"3 Sentries","floor":6,"turns":5},{"damage":1,"enemies":"Small Slimes","floor":11,"turns":2},{"damage":17,"enemies":"downfall:FleeingMerchant","floor":13,"turns":4},{"damage":8,"enemies":"Exordium Thugs","floor":14,"turns":3},{"damage":0,"enemies":"3 Louse","floor":15,"turns":2},{"damage":40,"enemies":"WA_ARCHETYPE_RETAIN","floor":16,"turns":5}],"seed_played":"8315447802624678964","potions_obtained":[{"floor":5,"key":"Fire Potion"},{"floor":6,"key":"SmokeBomb"},{"floor":11,"key":"FearPotion"}],"is_trial":false,"path_per_floor":["R","M","?","$","M","E","T","R","?","R","M","?","$","M","M","B"],"character_chosen":"MARISA","items_purchased":["WitchLeyline+1"],"campfire_rested":0,"item_purchase_floors":[4],"current_hp_per_floor":[82,76,76,76,76,61,61,61,61,61,60,60,43,35,35,0,0],"gold":140,"neow_bonus":"TEN_PERCENT_HP_BONUS","is_daily":false,"chose_seed":false,"campfire_upgraded":2,"win_rate":0.0,"timestamp":1613367602,"path_taken":["R","M","?","$","M","E","T","R","?","R","M","?","$","M","M","BOSS"],"items_purchased_type":["Card"],"build_version":"2020-12-22","purchased_purges":0,"victory":false,"max_hp_per_floor":[82,82,82,82,82,82,82,82,82,82,82,82,82,82,82,82,82],"card_choices":[{"not_picked":["ShootingEcho","DoubleSpark"],"picked":"EnergyRecoil","floor":2},{"not_picked":["ShootingEcho","OortCloud","StarBarrage"],"picked":"SKIP","floor":4},{"not_picked":["DoubleSpark","AsteroidBelt"],"picked":"ShootingEcho","floor":5},{"not_picked":["ShootTheMoon","NonDirectionalLaser"],"picked":"Singularity","floor":6},{"not_picked":["Orbital","BlazeAway"],"picked":"MagicChant","floor":11},{"not_picked":["MeteoricShower","Orbital","GalacticHalo"],"picked":"SKIP","floor":13},{"not_picked":["6A","MagicChant","NonDirectionalLaser"],"picked":"SKIP","floor":14},{"not_picked":["MaximisePower","DC"],"picked":"Orbital","floor":15}],"player_experience":691,"relics_obtained":[{"floor":6,"key":"Ornamental Fan"}],"event_choices":[{"cards_removed":["Defend_MRS"],"damage_healed":0,"gold_gain":0,"player_choice":"Card Removal","damage_taken":0,"max_hp_gain":0,"max_hp_loss":0,"event_name":"The Cleric","floor":9,"gold_loss":0},{"cards_removed":["Strike_MRS"],"damage_healed":0,"gold_gain":0,"player_choice":"Card Removal","damage_taken":0,"max_hp_gain":0,"max_hp_loss":0,"event_name":"Wheel of Change","floor":12,"gold_loss":0}],"is_beta":false,"boss_relics":[],"items_purged_floors":[],"is_endless":false,"potions_floor_spawned":[5,6,11],"killed_by":"WA_ARCHETYPE_RETAIN","ascension_level":0}}