{"host":"1a9bbjeis3rg03b1","time":1613376654,"event":{"mods":["Act Like it!","BaseMod","Gensokyo","Googly Eyes","Hermit","Mimic Mod","Minty Spire (QoL Compilation)","Morshu Shopkeeper","Reliquary","Replay The Spire","StSLib","The Administrix","The Jungle","The Poker Player","The Servant 0.9.4","Wide Potions","everything is the same but u backflip on backflip"],"gold_per_floor":[111,127,127,127,140,171,187,187,187,213,213,231,231,44,44,144,144,154,168,108,120,120,153,153,188,222,235,245,245,245,260,260,361,361,371,382,382,382,400,430,430,441,471,471,226,276,276,310,310,310,310,310,31,65,65,65,65],"floor_reached":55,"language":"ENG","playtime":6263,"items_purged":[],"score":825,"play_id":"6dd0a4b2-70a1-4b94-b27c-3119a71cf91e","local_time":"20210215011054","is_ascension_mode":false,"metric_token":1106,"campfire_choices":[{"data":"1","floor":8,"key":"LIFT"},{"data":"PokerPlayerMod:TrumpStrike","floor":13,"key":"SMITH"},{"data":"ReplayTheSpireMod:Private Reserves","floor":15,"key":"SMITH"},{"data":"2","floor":24,"key":"LIFT"},{"data":"3","floor":29,"key":"LIFT"},{"data":"PokerPlayerMod:ItsShowtime","floor":32,"key":"SMITH"},{"data":"PokerPlayerMod:Mulligan","floor":44,"key":"SMITH"},{"floor":47,"key":"RECALL"},{"data":"PokerPlayerMod:DamnStraight","floor":52,"key":"SMITH"}],"circlet_count":0,"master_deck":["PokerPlayerMod:Diamond1","PokerPlayerMod:Diamond2","PokerPlayerMod:Diamond3","PokerPlayerMod:Diamond4","PokerPlayerMod:Diamond5","PokerPlayerMod:Spade1","PokerPlayerMod:Spade2","PokerPlayerMod:Spade3","PokerPlayerMod:Spade4","PokerPlayerMod:Club1","PokerPlayerMod:Club2","PokerPlayerMod:Heart2","PokerPlayerMod:TrumpStrike+1","PokerPlayerMod:BadJoker","PokerPlayerMod:Mulligan+1","PokerPlayerMod:Diamond3","PokerPlayerMod:HeartStrike","PokerPlayerMod:Club2","PokerPlayerMod:Club3","PokerPlayerMod:Club4","PokerPlayerMod:Club5","PokerPlayerMod:Club6","PokerPlayerMod:Heart1","PokerPlayerMod:CardBurn","PokerPlayerMod:Club5","PokerPlayerMod:Club4","PokerPlayerMod:FillThePot","ReplayTheSpireMod:Private Reserves+1","PokerPlayerMod:WasteCollection","PokerPlayerMod:Configure","PokerPlayerMod:MagicTrick","PokerPlayerMod:ItsShowtime+1","PokerPlayerMod:TrumpStrike+1","PokerPlayerMod:PoorCopy+1","PokerPlayerMod:HiddenCard","PokerPlayerMod:RiskyBet+1","PokerPlayerMod:Club2","AbeCurse","PokerPlayerMod:ItsShowtime+1","PokerPlayerMod:Configure+1","PokerPlayerMod:HeartStrike+1","PokerPlayerMod:DamnStraight+1","Pot Of Greed","Pot Of Greed","Pot Of Greed","Pot Of Greed","PokerPlayerMod:DamnStraight+1","PokerPlayerMod:Spade6","Jack Of All Trades","PokerPlayerMod:Spade3","PokerPlayerMod:Club4","PokerPlayerMod:CardBurn+1","Pot Of Greed"],"relics":["PokerPlayerMod:DeckCase","Girya","Meat on the Bone","The Courier","Singing Bowl","reliquary:BrokenClock","SacredBark","reliquary:TatteredRug","White Beast Statue","Replay:Bottled Steam","Molten Egg 2","Abe\u0027s Treasure","reliquary:TridentHead","Strange Spoon","Grinning Jar","Shovel","Toy Ornithopter","Bronze Scales","Nunchaku"],"acts_visited":["Exordium","TheCity","TheBeyond","TheEnding"],"potions_floor_usage":[16,31,31,33,33,33,36,40,42,44,48,50,55],"damage_taken":[{"damage":5,"enemies":"Jaw Worm","floor":1,"turns":2},{"damage":0,"enemies":"Small Slimes","floor":2,"turns":2},{"damage":1,"enemies":"Cultist","floor":5,"turns":3},{"damage":18,"enemies":"Lagavulin","floor":6,"turns":4},{"damage":0,"enemies":"Large Slime","floor":7,"turns":3},{"damage":14,"enemies":"Gremlin Nob","floor":10,"turns":3},{"damage":0,"enemies":"2 Fungi Beasts","floor":12,"turns":1},{"damage":0,"enemies":"Slime Boss","floor":16,"turns":3},{"damage":0,"enemies":"Shell Parasite","floor":18,"turns":2},{"damage":0,"enemies":"2 Thieves","floor":19,"turns":2},{"damage":0,"enemies":"Snake Plant","floor":21,"turns":2},{"damage":0,"enemies":"Replay:Snechameleon","floor":23,"turns":2},{"damage":0,"enemies":"Slavers","floor":25,"turns":2},{"damage":0,"enemies":"Cultist and Chosen","floor":26,"turns":3},{"damage":10,"enemies":"Cultist and Chosen","floor":27,"turns":3},{"damage":0,"enemies":"Snecko","floor":28,"turns":2},{"damage":15,"enemies":"Shelled Parasite and Fungi","floor":31,"turns":3},{"damage":2,"enemies":"Champ","floor":33,"turns":4},{"damage":0,"enemies":"3 Darklings","floor":35,"turns":1},{"damage":0,"enemies":"Orb Walker","floor":36,"turns":2},{"damage":41,"enemies":"Maw","floor":39,"turns":5},{"damage":32,"enemies":"Giant Head","floor":40,"turns":6},{"damage":0,"enemies":"Sphere and 2 Shapes","floor":42,"turns":2},{"damage":25,"enemies":"3 Darklings","floor":43,"turns":9},{"damage":12,"enemies":"Mind Bloom Boss Battle","floor":46,"turns":4},{"damage":45,"enemies":"Nemesis","floor":48,"turns":3},{"damage":36,"enemies":"Replay:Hell Engine","floor":50,"turns":4},{"damage":0,"enemies":"Shield and Spear","floor":54,"turns":2},{"damage":104,"enemies":"The Heart","floor":55,"turns":5}],"seed_played":"6973438756605493550","potions_obtained":[{"floor":5,"key":"Regen Potion"},{"floor":10,"key":"Dexterity Potion"},{"floor":11,"key":"Fire Potion"},{"floor":11,"key":"FearPotion"},{"floor":16,"key":"SpeedPotion"},{"floor":19,"key":"Energy Potion"},{"floor":21,"key":"Adrenaline Potion"},{"floor":26,"key":"Regen Potion"},{"floor":27,"key":"EntropicBrew"},{"floor":31,"key":"Fruit Juice"},{"floor":33,"key":"PowerPotion"},{"floor":35,"key":"Weak Potion"},{"floor":36,"key":"LiquidBronze"},{"floor":40,"key":"Explosive Potion"},{"floor":42,"key":"Reflective Coating"},{"floor":43,"key":"Fruit Juice"},{"floor":46,"key":"DuplicationPotion"},{"floor":48,"key":"LiquidBronze"},{"floor":54,"key":"GamblersBrew"}],"is_trial":false,"path_per_floor":["M","M","?","?","M","E","M","R","T","E","?","M","R","$","R","B",null,"M","M","?","M","?","E","R","E","MIM","M","M","R","T","M","R","B",null,"M","M","?","?","M","E","?","M","MIM","R","$","?","R","E","R","B",null,"R","$","E","B"],"character_chosen":"THE_POKER_PLAYER","items_purchased":["reliquary:BrokenClock","ReplayTheSpireMod:Private Reserves","Strange Spoon","Grinning Jar","Bronze Scales","Jack Of All Trades","PokerPlayerMod:Spade3","PokerPlayerMod:Club4"],"campfire_rested":0,"item_purchase_floors":[14,14,45,45,53,53,53,53],"current_hp_per_floor":[42,47,47,47,46,33,39,39,39,25,25,28,28,28,28,36,47,47,47,47,47,47,47,47,49,49,49,51,51,51,60,60,73,75,77,79,79,79,40,34,34,46,59,69,69,72,72,42,80,54,80,80,80,80,0,0,0],"gold":65,"neow_bonus":"ONE_RARE_RELIC","is_daily":false,"chose_seed":false,"campfire_upgraded":5,"win_rate":0.0,"timestamp":1613376654,"path_taken":["M","M","?","?","M","E","M","R","T","E","?","M","R","$","R","BOSS","M","?","?","M","?","E","R","E","MIM","M","?","R","?","M","R","BOSS","M","?","?","?","?","E","?","?","MIM","R","$","?","R","E","R","BOSS","R","$","E","BOSS"],"items_purchased_type":["Relic","Card","Relic","Relic","Relic","Card","Card","Card"],"build_version":"2020-12-22","purchased_purges":0,"victory":false,"max_hp_per_floor":[47,47,47,47,47,47,47,47,47,47,47,47,47,47,47,47,47,47,47,47,47,47,47,47,49,49,49,51,51,51,75,75,75,75,77,79,79,79,79,81,81,81,81,91,91,91,91,91,80,80,80,80,80,80,80,80,80],"card_choices":[{"not_picked":["PokerPlayerMod:Trickery","PokerPlayerMod:Spade4"],"picked":"PokerPlayerMod:Diamond3","floor":1},{"not_picked":["PokerPlayerMod:DiamondStrike","PokerPlayerMod:Raise"],"picked":"PokerPlayerMod:HeartStrike","floor":2},{"not_picked":["PokerPlayerMod:Spade1","PokerPlayerMod:Diamond1"],"picked":"PokerPlayerMod:Heart1","floor":5},{"not_picked":["PokerPlayerMod:ClubStrike","PokerPlayerMod:Spade6"],"picked":"PokerPlayerMod:CardBurn","floor":6},{"not_picked":["PokerPlayerMod:Configure","PokerPlayerMod:Overdeal"],"picked":"PokerPlayerMod:Club5","floor":7},{"not_picked":["PokerPlayerMod:Club3","PokerPlayerMod:Duplicate"],"picked":"PokerPlayerMod:Club4","floor":10},{"not_picked":["PokerPlayerMod:Club2","PokerPlayerMod:Spade4"],"picked":"PokerPlayerMod:FillThePot","floor":12},{"not_picked":["PokerPlayerMod:StackedDeck","PokerPlayerMod:Club9"],"picked":"PokerPlayerMod:WasteCollection","floor":16},{"not_picked":["PokerPlayerMod:Raise+1","PokerPlayerMod:DartThrow+1"],"picked":"PokerPlayerMod:Configure","floor":18},{"not_picked":["PokerPlayerMod:Club1","PokerPlayerMod:Diamond4"],"picked":"PokerPlayerMod:MagicTrick","floor":19},{"not_picked":["PokerPlayerMod:Diamond1","PokerPlayerMod:Trickery"],"picked":"PokerPlayerMod:ItsShowtime","floor":21},{"not_picked":["PokerPlayerMod:Configure","PokerPlayerMod:Diamond9"],"picked":"PokerPlayerMod:PoorCopy+1","floor":23},{"not_picked":["PokerPlayerMod:Diamond6","PokerPlayerMod:Raise","PokerPlayerMod:PoorCopy"],"picked":"Singing Bowl","floor":25},{"not_picked":["PokerPlayerMod:Diamond1","PokerPlayerMod:SecondChance"],"picked":"PokerPlayerMod:HiddenCard","floor":26},{"not_picked":["PokerPlayerMod:Club4","PokerPlayerMod:Extraction+1"],"picked":"PokerPlayerMod:RiskyBet+1","floor":27},{"not_picked":["PokerPlayerMod:Club1","PokerPlayerMod:FlyingCard","PokerPlayerMod:Spade5"],"picked":"Singing Bowl","floor":28},{"not_picked":["PokerPlayerMod:Diamond2","PokerPlayerMod:Configure"],"picked":"PokerPlayerMod:Club2","floor":31},{"not_picked":["PokerPlayerMod:Diamond7","PokerPlayerMod:Diamond8"],"picked":"PokerPlayerMod:WasteCollection","floor":33},{"not_picked":["PokerPlayerMod:Sharpen+1","PokerPlayerMod:SpadeStrike+1","PokerPlayerMod:Diamond1"],"picked":"Singing Bowl","floor":35},{"not_picked":["PokerPlayerMod:Heart5","PokerPlayerMod:Spade4","PokerPlayerMod:CardBurn"],"picked":"Singing Bowl","floor":36},{"not_picked":["PokerPlayerMod:Extraction","PokerPlayerMod:SpadeStrike+1"],"picked":"PokerPlayerMod:Configure+1","floor":39},{"not_picked":["PokerPlayerMod:Diamond1","PokerPlayerMod:Spade5","PokerPlayerMod:Trickery+1"],"picked":"Singing Bowl","floor":40},{"not_picked":["PokerPlayerMod:ClubsClub+1","PokerPlayerMod:CardPrinter+1"],"picked":"PokerPlayerMod:HeartStrike+1","floor":42},{"not_picked":["PokerPlayerMod:Configure","PokerPlayerMod:Fold+1"],"picked":"PokerPlayerMod:DamnStraight+1","floor":43},{"not_picked":["PokerPlayerMod:Diamond1","PokerPlayerMod:Heart4"],"picked":"PokerPlayerMod:DamnStraight","floor":46},{"not_picked":["PokerPlayerMod:Club9","PokerPlayerMod:Overdeal+1"],"picked":"PokerPlayerMod:Spade6","floor":48},{"not_picked":["PokerPlayerMod:Trickery+1","PokerPlayerMod:Club9"],"picked":"PokerPlayerMod:CardBurn+1","floor":54}],"player_experience":693450,"relics_obtained":[{"floor":6,"key":"Meat on the Bone"},{"floor":9,"key":"The Courier"},{"floor":10,"key":"Singing Bowl"},{"floor":23,"key":"reliquary:TatteredRug"},{"floor":25,"key":"White Beast Statue"},{"floor":26,"key":"Replay:Bottled Steam"},{"floor":30,"key":"Molten Egg 2"},{"floor":40,"key":"reliquary:TridentHead"},{"floor":46,"key":"Shovel"},{"floor":48,"key":"Toy Ornithopter"},{"floor":54,"key":"Nunchaku"}],"event_choices":[{"damage_healed":0,"gold_gain":0,"player_choice":"Leave","damage_taken":0,"max_hp_gain":0,"max_hp_loss":0,"event_name":"The Cleric","floor":3,"gold_loss":0},{"damage_healed":0,"gold_gain":0,"player_choice":"Jackpot","damage_taken":0,"max_hp_gain":0,"max_hp_loss":0,"event_name":"PokerPlayerMod:ExordiumClub","floor":4,"gold_loss":0,"cards_obtained":["PokerPlayerMod:Club2","PokerPlayerMod:Club3","PokerPlayerMod:Club4","PokerPlayerMod:Club5","PokerPlayerMod:Club6"]},{"damage_healed":0,"gold_gain":0,"player_choice":"Jackpot","damage_taken":0,"max_hp_gain":0,"max_hp_loss":0,"event_name":"PokerPlayerMod:ExordiumClub","floor":4,"gold_loss":0,"cards_obtained":["PokerPlayerMod:Club2","PokerPlayerMod:Club3","PokerPlayerMod:Club4","PokerPlayerMod:Club5","PokerPlayerMod:Club6"]},{"damage_healed":0,"gold_gain":0,"player_choice":"Jackpot","damage_taken":0,"max_hp_gain":0,"max_hp_loss":0,"event_name":"PokerPlayerMod:ExordiumClub","floor":4,"gold_loss":0,"cards_obtained":["PokerPlayerMod:Club2","PokerPlayerMod:Club3","PokerPlayerMod:Club4","PokerPlayerMod:Club5","PokerPlayerMod:Club6"]},{"damage_healed":0,"gold_gain":0,"player_choice":"Jackpot","damage_taken":0,"max_hp_gain":0,"max_hp_loss":0,"event_name":"PokerPlayerMod:ExordiumClub","floor":4,"gold_loss":0,"cards_obtained":["PokerPlayerMod:Club2","PokerPlayerMod:Club3","PokerPlayerMod:Club4","PokerPlayerMod:Club5","PokerPlayerMod:Club6"]},{"damage_healed":0,"gold_gain":0,"player_choice":"Jackpot","damage_taken":0,"max_hp_gain":0,"max_hp_loss":0,"event_name":"PokerPlayerMod:ExordiumClub","floor":4,"gold_loss":0,"cards_obtained":["PokerPlayerMod:Club2","PokerPlayerMod:Club3","PokerPlayerMod:Club4","PokerPlayerMod:Club5","PokerPlayerMod:Club6"]},{"damage_healed":0,"gold_gain":0,"player_choice":"Got Potions","damage_taken":0,"max_hp_gain":0,"max_hp_loss":0,"event_name":"Lab","floor":11,"gold_loss":0},{"damage_healed":0,"gold_gain":0,"player_choice":"Copied","damage_taken":0,"max_hp_gain":0,"max_hp_loss":0,"event_name":"PokerPlayerMod:BackToBasicsPoker","floor":22,"gold_loss":0,"cards_obtained":["PokerPlayerMod:TrumpStrike"]},{"cards_removed":["PokerPlayerMod:WasteCollection"],"damage_healed":0,"gold_gain":0,"player_choice":"Removed Skill","damage_taken":0,"max_hp_gain":0,"max_hp_loss":0,"event_name":"Falling","floor":37,"gold_loss":0},{"damage_healed":0,"gold_gain":0,"player_choice":"Copied","damage_taken":0,"max_hp_gain":0,"max_hp_loss":0,"event_name":"Duplicator","floor":38,"gold_loss":0,"cards_obtained":["PokerPlayerMod:ItsShowtime"]},{"damage_healed":0,"gold_gain":0,"player_choice":"Ignored","damage_taken":0,"max_hp_gain":0,"max_hp_loss":0,"event_name":"NoteForYourself","floor":41,"gold_loss":0},{"damage_healed":0,"gold_gain":0,"player_choice":"Fight","damage_taken":0,"max_hp_gain":0,"max_hp_loss":0,"event_name":"MindBloom","floor":46,"gold_loss":0},{"damage_healed":80,"gold_gain":0,"player_choice":"Heal","damage_taken":0,"max_hp_gain":0,"max_hp_loss":11,"event_name":"The Moai Head","floor":49,"gold_loss":0}],"is_beta":false,"boss_relics":[{"not_picked":["Sozu","Ectoplasm"],"picked":"SacredBark"},{"not_picked":["SlaversCollar","Replay:Drink Me"],"picked":"Abe\u0027s Treasure"}],"items_purged_floors":[],"is_endless":false,"potions_floor_spawned":[5,10,12,16,19,21,26,27,28,31,33,35,36,39,40,42,43,46,48,54],"killed_by":"The Heart","ascension_level":0}}