{"host":"knk89g45d3vzr5fm","time":1613408994,"event":{"mods":["2.2 Compatiblity","BaseMod","Downfall","Minty Spire (QoL Compilation)","Relic Stats","Reliquary","Replay The Spire","StSLib","The Marked"],"gold_per_floor":[99,109,119,133,133,162,186,186,199,217,234,234,234,234],"floor_reached":12,"language":"FRA","playtime":577,"items_purged":[],"score":123,"play_id":"ca79a29b-f3b5-48c7-9489-2a08ad940cbe","local_time":"20210215180954","is_ascension_mode":true,"campfire_choices":[{"data":"sneckomod:TailWhip","floor":1,"key":"SMITH"},{"floor":8,"key":"REST"}],"circlet_count":0,"master_deck":["AscendersBane","sneckomod:Strike","sneckomod:Strike","sneckomod:Strike","sneckomod:Defend","sneckomod:Defend","sneckomod:Defend","sneckomod:TailWhip+1","sneckomod:SnekBite","sneckomod:Unknown","sneckomod:Unknown","sneckomod:Unknown1Cost","sneckomod:Memorize","sneckomod:UnknownClassGREEN","sneckomod:UnlimitedRolls","sneckomod:Rotation","sneckomod:MasterEye"],"relics":["sneckomod:SneckoSoul","Replay:Wax Seal","Regal Pillow"],"acts_visited":["Exordium"],"potions_floor_usage":[6,6,11,12],"damage_taken":[{"damage":13,"enemies":"Jaw Worm","floor":2,"turns":4},{"damage":0,"enemies":"Small Slimes","floor":3,"turns":3},{"damage":1,"enemies":"2 Louse","floor":4,"turns":3},{"damage":51,"enemies":"3 Sentries","floor":6,"turns":19},{"damage":19,"enemies":"Exordium Wildlife","floor":9,"turns":4},{"damage":16,"enemies":"Blue Slaver","floor":10,"turns":6},{"damage":25,"enemies":"Gremlin Gang","floor":11,"turns":5},{"damage":13,"enemies":"Lagavulin","floor":12,"turns":3}],"seed_played":"-2942766258656337992","potions_obtained":[{"floor":2,"key":"SkillPotion"},{"floor":4,"key":"Swift Potion"},{"floor":9,"key":"champ:CounterPotion"},{"floor":11,"key":"ColorlessPotion"}],"is_trial":false,"path_per_floor":["R","M","M","M","?","E","T","R","M","M","M","E"],"character_chosen":"THE_SNECKO","items_purchased":[],"campfire_rested":1,"item_purchase_floors":[],"current_hp_per_floor":[90,77,77,76,76,25,25,69,50,34,9,0,0,0],"gold":234,"neow_bonus":"TEN_PERCENT_HP_BONUS","is_daily":false,"chose_seed":false,"campfire_upgraded":1,"win_rate":0.0,"timestamp":1613408994,"path_taken":["R","M","M","M","?","E","T","R","M","M","M","E"],"items_purchased_type":[],"build_version":"2020-12-22","purchased_purges":0,"victory":false,"max_hp_per_floor":[99,99,99,99,99,99,99,99,99,99,99,99,99,99],"relic_stats":{"Regal Pillow":15,"counters":[8,47],"obtain_stats":[{"Regal Pillow":7,"Replay:Wax Seal":6,"sneckomod:SneckoSoul":0},{"Regal Pillow":4,"Replay:Wax Seal":4,"sneckomod:SneckoSoul":0},{"Regal Pillow":29,"Replay:Wax Seal":29,"sneckomod:SneckoSoul":0}]},"card_choices":[{"not_picked":["sneckomod:SoulDraw","sneckomod:DiceBoulder"],"picked":"sneckomod:Unknown1Cost","floor":2},{"not_picked":["sneckomod:UnknownClassTHE_CHAMP_GRAY","sneckomod:Unknown1Cost"],"picked":"sneckomod:Memorize","floor":3},{"not_picked":["sneckomod:QuickBite","sneckomod:UnknownDraw"],"picked":"sneckomod:UnknownClassGREEN","floor":4},{"not_picked":["sneckomod:SnekBeam","sneckomod:SlitherStrike"],"picked":"sneckomod:UnlimitedRolls","floor":6},{"not_picked":["sneckomod:UnknownClassSLIMEBOUND","sneckomod:UnknownX","sneckomod:UnknownClassTHE_BRONZE_AUTOMATON"],"picked":"SKIP","floor":9},{"not_picked":["sneckomod:Unknown0Cost","sneckomod:DiceBoulder"],"picked":"sneckomod:Rotation","floor":10},{"not_picked":["sneckomod:UnknownBlock","sneckomod:WideSting"],"picked":"sneckomod:MasterEye","floor":11}],"player_experience":2166953,"relics_obtained":[{"floor":6,"key":"Replay:Wax Seal"},{"floor":7,"key":"Regal Pillow"}],"event_choices":[],"is_beta":false,"boss_relics":[],"items_purged_floors":[],"is_endless":false,"potions_floor_spawned":[2,4,9,11],"killed_by":"Lagavulin","ascension_level":10}}