{"host":"uiabnm26t0ss3jkq","time":1613408369,"event":{"mods":["BaseMod","Better Note","Better Skull","Better Third Choice","Bossed Relics","Colored Powertips","Curses Come First","Minty Spire (QoL Compilation)","Relic Stats","Reliquary","StSLib","SuperFastMode","Waifu the Spire"],"gold_per_floor":[119,119,119,44,55,55,80,98,98,118,68,78,78,109,109,207,207,226,226,189,189,200,225,225,324,324,324,324,24,24,24,24,129,129,147,197,0,0,20,48,48,48,48,74,106,139,173,173,173,173,173,173,6,38,38],"floor_reached":56,"language":"ENG","playtime":4251,"items_purged":["Regret"],"score":1521,"play_id":"691b02fe-ec76-4742-9dec-83329cb3f718","local_time":"20210215195929","is_ascension_mode":true,"campfire_choices":[{"data":"Apotheosis","floor":6.0,"key":"SMITH"},{"data":"Zap","floor":15.0,"key":"SMITH"},{"data":"Machine Learning","floor":24.0,"key":"SMITH"},{"data":"Ball Lightning","floor":30.0,"key":"SMITH"},{"floor":32.0,"key":"REST"},{"data":"Fission","floor":42.0,"key":"SMITH"},{"floor":49.0,"key":"RECALL"},{"data":"Skim","floor":52.0,"key":"SMITH"}],"circlet_count":0,"master_deck":["Strike_B+1","Defend_B","Defend_B","Defend_B","Defend_B","Zap+1","Dualcast","Apotheosis+1","Meteor Strike+1","Leap","Ball Lightning+1","Defragment","Defragment","Machine Learning+1","Skim+1","Defragment+1","Conserve Battery","Self Repair","Fission+1","Loop","Leap+1","Glacier+1","Skim+1","Conserve Battery","Loop","Skim+1"],"relics":["Cracked Core","reliquary:NewFriend","Pear","Eternal Feather","reliquary:LoveEmittingDiode","Bag of Preparation","reliquary:ThirdArm","Bottled Flame","Bag of Preparation","reliquary:GummyVitamins","Runic Pyramid","WingedGreaves","reliquary:IridiumChain","Red Mask","reliquary:TatteredRug","Bird Faced Urn","reliquary:OuijaBoard","Nunchaku","Whetstone","Bottled Tornado","Lantern"],"acts_visited":["Exordium","TheCity","TheBeyond","TheEnding"],"potions_floor_usage":[55],"damage_taken":[{"damage":6.0,"enemies":"Cultist","floor":1.0,"turns":3.0},{"damage":2.0,"enemies":"Jaw Worm","floor":5.0,"turns":3.0},{"damage":8.0,"enemies":"Lagavulin","floor":7.0,"turns":6.0},{"damage":0.0,"enemies":"2 Louse","floor":8.0,"turns":3.0},{"damage":7.0,"enemies":"Looter","floor":10.0,"turns":3.0},{"damage":4.0,"enemies":"Large Slime","floor":12.0,"turns":7.0},{"damage":6.0,"enemies":"Gremlin Nob","floor":14.0,"turns":4.0},{"damage":17.0,"enemies":"Hexaghost","floor":16.0,"turns":7.0},{"damage":2.0,"enemies":"Chosen","floor":18.0,"turns":4.0},{"damage":24.0,"enemies":"2 Thieves","floor":22.0,"turns":4.0},{"damage":64.0,"enemies":"Gremlin Leader","floor":23.0,"turns":5.0},{"damage":30.0,"enemies":"Automaton","floor":33.0,"turns":7.0},{"damage":1.0,"enemies":"Orb Walker","floor":35.0,"turns":3.0},{"damage":14.0,"enemies":"Mind Bloom Boss Battle","floor":36.0,"turns":4.0},{"damage":26.0,"enemies":"3 Darklings","floor":39.0,"turns":4.0},{"damage":0.0,"enemies":"Giant Head","floor":40.0,"turns":6.0},{"damage":5.0,"enemies":"Nemesis","floor":44.0,"turns":5.0},{"damage":30.0,"enemies":"Reptomancer","floor":45.0,"turns":7.0},{"damage":22.0,"enemies":"Nemesis","floor":46.0,"turns":9.0},{"damage":95.0,"enemies":"Reptomancer","floor":47.0,"turns":10.0},{"damage":62.0,"enemies":"Donu and Deca","floor":50.0,"turns":9.0},{"damage":89.0,"enemies":"Shield and Spear","floor":54.0,"turns":10.0},{"damage":84,"enemies":"The Heart","floor":55,"turns":11}],"seed_played":"9067715974506414112","potions_obtained":[{"floor":5.0,"key":"PotionOfCapacity"},{"floor":7.0,"key":"Ancient Potion"},{"floor":8.0,"key":"DuplicationPotion"},{"floor":10.0,"key":"FairyPotion"},{"floor":33.0,"key":"Block Potion"},{"floor":40.0,"key":"PowerPotion"},{"floor":44.0,"key":"SteroidPotion"},{"floor":45.0,"key":"AttackPotion"}],"is_trial":false,"path_per_floor":["M","?","?","$","M","R","E","M","T","M","?","M","T","E","R","B",null,"M","?","$","?","M","E","R","?","T","$","?","$","R","$","R","B",null,"M","?","$","?","M","E","?","R","T","E","E","E","E","?","R","B",null,"R","$","E","B",null],"character_chosen":"DEFECT","items_purchased":["Loop","reliquary:GummyVitamins","Self Repair","reliquary:IridiumChain","Bottled Tornado"],"campfire_rested":1,"item_purchase_floors":[20,29,29,37,53],"current_hp_per_floor":[48,48,48,48,46,46,48,48,48,41,41,37,37,31,37,20,85,83,83,83,83,59,25,34,34,34,34,18,18,27,27,63,43,90,90,86,86,86,90,90,85,85,85,85,83,85,69,69,84,85,85,85,85,74,85],"gold":38,"neow_bonus":"RANDOM_COLORLESS_2","is_daily":false,"chose_seed":false,"campfire_upgraded":6,"win_rate":0.0,"timestamp":1613408369,"path_taken":["M","?","?","$","M","R","E","M","T","M","?","M","?","E","R","BOSS","M","?","?","?","?","E","R","?","T","$","?","$","R","?","R","BOSS","M","?","$","?","M","E","?","R","T","E","E","E","E","?","R","BOSS","R","$","E","BOSS"],"items_purchased_type":["Card","Relic","Card","Relic","Relic"],"build_version":"2020-12-22","purchased_purges":1,"victory":true,"max_hp_per_floor":[75,75,75,75,75,75,85,85,85,85,85,85,85,85,85,85,85,85,85,85,85,85,85,85,85,85,85,90,90,90,90,90,90,90,90,90,90,90,90,90,85,85,85,85,85,85,85,85,85,85,85,85,85,85,85],"relic_stats":{"Nunchaku":[2],"counters":[23,130],"Bird Faced Urn":[235],"Eternal Feather":48,"Bag of Preparation":[56],"Whetstone":["Meteor Strike","Strike_B"],"obtain_stats":[{"reliquary:OuijaBoard":45,"Lantern":54,"Pear":7,"reliquary:LoveEmittingDiode":13,"Eternal Feather":9,"reliquary:TatteredRug":40,"Bag of Preparation":14,"Whetstone":47,"Bottled Tornado":53,"reliquary:ThirdArm":17,"reliquary:IridiumChain":37,"Bottled Flame":23,"Nunchaku":46,"Bird Faced Urn":44,"reliquary:NewFriend":3,"reliquary:GummyVitamins":29,"reliquary:SculptingSteel":26,"WingedGreaves":36,"Red Mask":38,"Cracked Core":0,"Runic Pyramid":34},{"reliquary:OuijaBoard":18,"Lantern":22,"Pear":3,"reliquary:LoveEmittingDiode":6,"Eternal Feather":4,"reliquary:TatteredRug":16,"Bag of Preparation":7,"Whetstone":20,"Bottled Tornado":21,"reliquary:ThirdArm":8,"reliquary:IridiumChain":14,"Bottled Flame":11,"Nunchaku":19,"Bird Faced Urn":17,"reliquary:NewFriend":1,"reliquary:GummyVitamins":11,"reliquary:SculptingSteel":11,"WingedGreaves":14,"Red Mask":14,"Cracked Core":0,"Runic Pyramid":12},{"reliquary:OuijaBoard":83,"Lantern":120,"Pear":12,"reliquary:LoveEmittingDiode":25,"Eternal Feather":15,"reliquary:TatteredRug":72,"Bag of Preparation":29,"Whetstone":101,"Bottled Tornado":110,"reliquary:ThirdArm":36,"reliquary:IridiumChain":62,"Bottled Flame":49,"Nunchaku":91,"Bird Faced Urn":76,"reliquary:NewFriend":3,"reliquary:GummyVitamins":49,"reliquary:SculptingSteel":49,"WingedGreaves":62,"Red Mask":62,"Cracked Core":0,"Runic Pyramid":56}]},"card_choices":[{"not_picked":["The Bomb","Secret Weapon"],"picked":"Apotheosis","floor":0.0},{"not_picked":["Tempest","Coolheaded","Auto Shields"],"picked":"SKIP","floor":1.0},{"not_picked":["Aggregate","Tempest","Coolheaded"],"picked":"SKIP","floor":5.0},{"not_picked":["Redo","Lockon"],"picked":"Leap","floor":7.0},{"not_picked":["Stack","Reinforced Body","Compile Driver"],"picked":"SKIP","floor":8.0},{"not_picked":["Fusion","Redo"],"picked":"Ball Lightning","floor":10.0},{"not_picked":["Undo","Cold Snap"],"picked":"Defragment","floor":12.0},{"not_picked":["Doom and Gloom","Genetic Algorithm"],"picked":"Defragment","floor":14.0},{"not_picked":["Meteor Strike","Reboot"],"picked":"Machine Learning","floor":16.0},{"not_picked":["Streamline","Gash"],"picked":"Skim+1","floor":18.0},{"not_picked":["Redo","Rainbow"],"picked":"Defragment+1","floor":22.0},{"not_picked":["Coolheaded","Consume"],"picked":"Conserve Battery","floor":23.0},{"not_picked":["Multi-Cast","Biased Cognition"],"picked":"Fission","floor":33.0},{"not_picked":["Go for the Eyes","Gash"],"picked":"Loop","floor":35.0},{"not_picked":["Turbo+1","Gash"],"picked":"Leap+1","floor":36.0},{"not_picked":["Gash+1","Darkness+1","Sweeping Beam"],"picked":"SKIP","floor":39.0},{"not_picked":["Doom and Gloom","Streamline+1"],"picked":"Glacier+1","floor":40.0},{"not_picked":["Beam Cell","Genetic Algorithm+1"],"picked":"Skim+1","floor":44.0},{"not_picked":["Scrape","Steam"],"picked":"Conserve Battery","floor":45.0},{"not_picked":["Doom and Gloom","Compile Driver+1"],"picked":"Loop","floor":46.0},{"not_picked":["Consume+1","Loop+1"],"picked":"Skim","floor":47.0},{"not_picked":["Sweeping Beam+1","Barrage","Capacitor"],"picked":"SKIP","floor":54.0}],"player_experience":411028,"relics_obtained":[{"floor":7.0,"key":"Pear"},{"floor":9.0,"key":"Eternal Feather"},{"floor":13.0,"key":"reliquary:LoveEmittingDiode"},{"floor":14.0,"key":"Bag of Preparation"},{"floor":23.0,"key":"Bottled Flame"},{"floor":26.0,"key":"reliquary:SculptingSteel"},{"floor":36.0,"key":"WingedGreaves"},{"floor":40.0,"key":"reliquary:TatteredRug"},{"floor":44.0,"key":"Bird Faced Urn"},{"floor":45.0,"key":"reliquary:OuijaBoard"},{"floor":46.0,"key":"Nunchaku"},{"floor":47.0,"key":"Whetstone"},{"floor":54.0,"key":"Lantern"}],"event_choices":[{"damage_healed":0.0,"max_hp_gain":0.0,"max_hp_loss":0.0,"gold_gain":0.0,"cards_transformed":["Strike_B"],"event_name":"Living Wall","player_choice":"Change","floor":2.0,"gold_loss":0.0,"damage_taken":0.0,"cards_obtained":["Meteor Strike"]},{"damage_healed":0.0,"max_hp_gain":0.0,"max_hp_loss":0.0,"gold_gain":0.0,"event_name":"Big Fish","player_choice":"Box","floor":3.0,"gold_loss":0.0,"damage_taken":0.0,"relics_obtained":["reliquary:NewFriend"],"cards_obtained":["Regret"]},{"cards_removed":["Strike_B"],"damage_healed":0.0,"max_hp_gain":0.0,"max_hp_loss":0.0,"gold_gain":0.0,"event_name":"The Cleric","player_choice":"Card Removal","floor":11.0,"gold_loss":50.0,"damage_taken":0.0},{"cards_removed":["Strike_B"],"damage_healed":0.0,"max_hp_gain":0.0,"max_hp_loss":0.0,"gold_gain":0.0,"event_name":"Wheel of Change","player_choice":"Card Removal","floor":19.0,"gold_loss":0.0,"damage_taken":0.0},{"damage_healed":0.0,"max_hp_gain":0.0,"max_hp_loss":0.0,"gold_gain":0.0,"event_name":"The Woman in Blue","player_choice":"Bought 0 Potions","floor":21.0,"gold_loss":0.0,"damage_taken":0.0},{"damage_healed":0.0,"max_hp_gain":0.0,"max_hp_loss":0.0,"gold_gain":99.0,"event_name":"betterThird:BetterNest","player_choice":"Steal","floor":25.0,"gold_loss":0.0,"damage_taken":0.0},{"damage_healed":0.0,"max_hp_gain":5.0,"max_hp_loss":0.0,"gold_gain":0.0,"event_name":"Forgotten Altar","player_choice":"Shed Blood","floor":28.0,"gold_loss":0.0,"damage_taken":21.0},{"damage_healed":0.0,"max_hp_gain":0.0,"max_hp_loss":0.0,"gold_gain":0.0,"event_name":"MindBloom","player_choice":"Fight","floor":36.0,"gold_loss":0.0,"damage_taken":0.0},{"damage_healed":0.0,"max_hp_gain":0.0,"max_hp_loss":0.0,"gold_gain":0.0,"event_name":"Tomb of Lord Red Mask","player_choice":"Paid","floor":38.0,"gold_loss":0.0,"damage_taken":0.0,"relics_obtained":["Red Mask"]},{"damage_healed":0.0,"max_hp_gain":0.0,"max_hp_loss":5.0,"gold_gain":0.0,"event_name":"Winding Halls","player_choice":"Max HP","floor":41.0,"gold_loss":0.0,"damage_taken":0.0},{"cards_removed":["Loop"],"damage_healed":0.0,"max_hp_gain":0.0,"max_hp_loss":0.0,"gold_gain":0.0,"event_name":"Falling","player_choice":"Removed Power","floor":48.0,"gold_loss":0.0,"damage_taken":0.0}],"is_beta":false,"boss_relics":[{"not_picked":["reliquary:Craggleroot","Empty Cage"],"picked":"reliquary:ThirdArm"},{"not_picked":["reliquary:Ember","Black Star"],"picked":"Runic Pyramid"}],"items_purged_floors":[4],"is_endless":false,"potions_floor_spawned":[5,7,8,10,33,40,44,45,47],"ascension_level":4}}