{"host":"hnrafgucdht3qvsp","time":1613355419,"event":{"mods":["BaseMod","Bestiary","Colored Map","Downfall","Minty Spire (QoL Compilation)","Relic Stats","StSLib"],"gold_per_floor":[99,110,120,120,136,136,163,198,198,223,257,285,285,285,304,418,445,345,373,390,399,422,422,498,540,553,562,581,440,461,480,499,499,499,499],"floor_reached":33,"language":"ENG","playtime":1958,"items_purged":[],"score":366,"play_id":"76596051-33e4-4940-b4f7-928fdbf83997","local_time":"20210214211659","is_ascension_mode":true,"campfire_choices":[{"data":"champ:Taunt","floor":1.0,"key":"SMITH"},{"data":"champ:Execute","floor":6.0,"key":"SMITH"},{"data":"champ:RisingSlash","floor":9.0,"key":"SMITH"},{"floor":13.0,"key":"RECALL"},{"data":"champ:CheapShot","floor":18.0,"key":"SMITH"},{"data":"champ:Lariat","floor":23.0,"key":"SMITH"}],"circlet_count":0,"master_deck":["champ:Strike","champ:Defend","champ:Defend","champ:Defend","champ:Execute+1","champ:Taunt+1","champ:Endure","champ:RisingSlash+1","champ:RisingSlash","champ:Encircle","champ:ShieldSigil","champ:HoldFirm","champ:CheapShot+1","champ:DeathBlow+1","champ:CheapShot+1","champ:BringItOn+1","champ:Lariat+1","champ:HeavySlash","champ:StanceDance+1","champ:RageSigil","champ:ShieldThrow","Ghostly","champ:ShieldWall","champ:DefensiveShout+1","champ:RecklessLeap+1"],"relics":["Coffee Dripper","CeramicFish","The Courier","Ancient Tea Set","champ:LiftRelic","Astrolabe","downfall:HeartBlessingRed"],"acts_visited":["Exordium","TheCity"],"potions_floor_usage":[],"damage_taken":[{"damage":15.0,"enemies":"2 Louse","floor":2.0,"turns":2.0},{"damage":20.0,"enemies":"Cultist","floor":3.0,"turns":4.0},{"damage":10.0,"enemies":"Small Slimes","floor":5.0,"turns":3.0},{"damage":29.0,"enemies":"3 Sentries","floor":8.0,"turns":7.0},{"damage":15.0,"enemies":"Red Slaver","floor":10.0,"turns":3.0},{"damage":34.0,"enemies":"Gremlin Nob","floor":11.0,"turns":3.0},{"damage":30.0,"enemies":"3 Louse","floor":12.0,"turns":2.0},{"damage":13.0,"enemies":"Lots of Slimes","floor":15.0,"turns":3.0},{"damage":60.0,"enemies":"SI_SHIV_ARCHETYPE","floor":16.0,"turns":6.0},{"damage":33.0,"enemies":"downfall:LooterAlt2","floor":19.0,"turns":4.0},{"damage":50.0,"enemies":"3 Byrds","floor":20.0,"turns":5.0},{"damage":0.0,"enemies":"Snake Plant","floor":22.0,"turns":3.0},{"damage":58.0,"enemies":"Book of Stabbing","floor":25.0,"turns":3.0},{"damage":15.0,"enemies":"Cultist and Chosen","floor":26.0,"turns":3.0},{"damage":60.0,"enemies":"Chosen and Byrds","floor":28.0,"turns":6.0},{"damage":15.0,"enemies":"Snecko","floor":30.0,"turns":4.0},{"damage":32,"enemies":"Centurion and Healer","floor":31,"turns":5},{"damage":25,"enemies":"Snake Plant","floor":32,"turns":4},{"damage":64,"enemies":"DF_ARCHETYPE_CLAW","floor":33,"turns":5}],"seed_played":"5303278946486801461","potions_obtained":[{"floor":2.0,"key":"Explosive Potion"},{"floor":3.0,"key":"Strength Potion"},{"floor":8.0,"key":"Ancient Potion"},{"floor":16.0,"key":"hexamod:SoulburnPotion"}],"is_trial":false,"path_per_floor":["R","M","M","?","M","R","T","E","R","M","E","M","R","?","M","B",null,"R","M","M","?","M","R","T","E","M","?","M","?","M","M","M","B"],"character_chosen":"THE_CHAMP","items_purchased":[],"campfire_rested":0,"item_purchase_floors":[],"current_hp_per_floor":[90,85,85,90,90,90,90,86,86,81,77,67,67,67,64,64,90,90,87,87,87,87,87,87,84,84,84,69,69,69,47,47,0,0,0],"gold":499,"neow_bonus":"BOSS_RELIC","is_daily":false,"chose_seed":false,"campfire_upgraded":5,"win_rate":0.0,"timestamp":1613355419,"path_taken":["R","M","M","?","?","R","T","E","R","M","E","M","R","?","M","BOSS","R","M","M","?","M","R","T","E","?","?","?","?","M","M","M","BOSS"],"items_purchased_type":[],"build_version":"2020-12-22","purchased_purges":0,"victory":false,"max_hp_per_floor":[90,90,90,90,90,90,90,90,90,90,90,90,90,90,90,90,90,90,90,90,90,90,90,90,90,90,90,90,90,90,90,90,90,90,90],"relic_stats":{"counters":[19,75],"CeramicFish":153,"Astrolabe":["champ:DeathBlow","champ:CheapShot","champ:BringItOn"],"obtain_stats":[{"Anchor":25,"downfall:HeartBlessingRed":18,"CeramicFish":7,"champ:LiftRelic":14,"Astrolabe":17,"champ:ChampionCrown":0,"The Courier":8,"Coffee Dripper":0,"Ancient Tea Set":11},{"Anchor":13,"downfall:HeartBlessingRed":9,"CeramicFish":3,"champ:LiftRelic":7,"Astrolabe":9,"champ:ChampionCrown":0,"The Courier":4,"Coffee Dripper":0,"Ancient Tea Set":6},{"Anchor":48,"downfall:HeartBlessingRed":33,"CeramicFish":9,"champ:LiftRelic":24,"Astrolabe":33,"champ:ChampionCrown":0,"The Courier":16,"Coffee Dripper":0,"Ancient Tea Set":22}]},"card_choices":[{"not_picked":["champ:Circumvent","champ:FocusedBerserking"],"picked":"champ:Endure","floor":2.0},{"not_picked":["champ:BringItOn","champ:Backstep"],"picked":"champ:BladeFlurry","floor":3.0},{"not_picked":["champ:FancyFootwork","champ:BladeFlurry"],"picked":"champ:RisingSlash","floor":5.0},{"not_picked":["champ:Circumvent","champ:DefensiveShout","champ:Backstep"],"picked":"SKIP","floor":8.0},{"not_picked":["champ:Backstep","champ:DefensiveShout"],"picked":"champ:RisingSlash","floor":10.0},{"not_picked":["champ:FalseCounter","champ:StanceDance"],"picked":"champ:Encircle","floor":11.0},{"not_picked":["champ:EnragedBash","champ:StanceDance"],"picked":"champ:ShieldSigil","floor":12.0},{"not_picked":["champ:DefensiveShout","champ:Backstep"],"picked":"champ:HoldFirm","floor":15.0},{"not_picked":["champ:GladiatorForm","champ:MurderStrike"],"picked":"champ:CheapShot","floor":16.0},{"not_picked":["champ:BerserkerStyle","champ:Endure"],"picked":"champ:Lariat","floor":19.0},{"not_picked":["champ:FlashCut","champ:BringItOn+1","champ:DefensiveShout+1"],"picked":"SKIP","floor":20.0},{"not_picked":["champ:Shatter","champ:EndlessRage+1"],"picked":"champ:StanceDance+1","floor":22.0},{"not_picked":["champ:GutPunch","champ:SkillfulDodge+1"],"picked":"champ:RageSigil","floor":25.0},{"not_picked":["champ:DefensiveShout","champ:CrownThrow","champ:PreemptiveStrike"],"picked":"SKIP","floor":26.0},{"not_picked":["champ:RapidStrikes","champ:Shatter+1","champ:Circumvent"],"picked":"SKIP","floor":28.0},{"not_picked":["champ:BladeFlurry","champ:GutPunch"],"picked":"champ:ShieldWall","floor":30.0},{"not_picked":["champ:BerserkerStyle","champ:EnGarde"],"picked":"champ:DefensiveShout+1","floor":31},{"not_picked":["champ:RisingSlash","champ:BringItOn"],"picked":"champ:RecklessLeap+1","floor":32}],"player_experience":647136,"relics_obtained":[{"floor":7.0,"key":"CeramicFish"},{"floor":8.0,"key":"The Courier"},{"floor":11.0,"key":"Ancient Tea Set"},{"floor":25.0,"key":"Anchor"}],"event_choices":[{"cards_removed":["champ:BladeFlurry"],"damage_healed":5.0,"max_hp_gain":0.0,"max_hp_loss":0.0,"gold_gain":0.0,"event_name":"Bonfire Elementals","player_choice":"Offered Common","floor":4.0,"gold_loss":0.0,"damage_taken":0.0},{"cards_removed":["champ:BladeFlurry"],"damage_healed":5.0,"max_hp_gain":0.0,"max_hp_loss":0.0,"gold_gain":0.0,"event_name":"Bonfire Elementals","player_choice":"Offered Special","floor":4.0,"gold_loss":0.0,"damage_taken":0.0}],"is_beta":false,"boss_relics":[{"not_picked":["Tiny House","Sozu"],"picked":"Astrolabe"}],"items_purged_floors":[],"is_endless":false,"potions_floor_spawned":[2,3,8,16,19,26,30,31],"killed_by":"DF_ARCHETYPE_CLAW","ascension_level":2}}