{"host":"clf2hd4adhiiw0zf","time":1613364660,"event":{"mods":["AchievementEnabler","BaseMod","Beaked The Cultist","Bestiary","Dark Map","Downfall","Gremlin Mod","Hermit","Jorbs\u0027s Wanderer Trilogy","Marisa????????","Minty Spire (QoL Compilation)","Shop Mod","StSLib","The Cursed","Wide Potions"],"gold_per_floor":[99,115,128,128,128,154,232,245,145,156,176,176,326,354,365,442,442,342,356,356,416,467,367,367,426,426,486,544,338,338,351,406,478,478,478,531,581,11,36,101,124,174,230,297,352,574,574,633,686,726,726,766,766,766],"floor_reached":52,"language":"ENG","playtime":3233,"items_purged":["downfall:Malfunctioning","downfall:Icky"],"score":1227,"play_id":"29e02523-3551-485d-acca-bdab24674167","local_time":"20210214215100","is_ascension_mode":true,"campfire_choices":[{"data":"champ:Execute","floor":1.0,"key":"SMITH"},{"data":"champ:StrikeOfGenius","floor":9.0,"key":"SMITH"},{"floor":18.0,"key":"RECALL"},{"data":"champ:GladiatorStyle","floor":23.0,"key":"SMITH"},{"floor":30.0,"key":"REST"},{"data":"champ:PerfectedStrike","floor":35,"key":"SMITH"},{"floor":47,"key":"REST"}],"circlet_count":0,"master_deck":["AscendersBane","champ:Strike+1","champ:Strike","champ:Strike","champ:Strike","champ:Defend","champ:Defend","champ:Defend+1","champ:Defend","champ:Execute+1","champ:Taunt+1","champ:Duel+1","champ:BringItOn","champ:Taunt","champ:StrikeOfGenius+1","champ:PerfectedStrike+1","champ:Endure","champ:StanceDance","champ:FlashCut","champ:PreciseThrust","champ:EnchantCrown","champ:LastStand","champ:GladiatorStyle+1","champ:Circumvent","champ:PreciseThrust+1","champ:SteelEdge","champ:TornadoPunch+1","champ:PerfectedStrike+1","champ:Improvising","champ:ShieldWall"],"relics":["champ:ChampionCrown","Bird Faced Urn","Strawberry","downfall:HeartBlessingBlue","champ:LiftRelic","bronze:BronzeIdol","Snecko Eye","downfall:HeartBlessingGreen","downfall:KnowingSkull","downfall:HeartBlessingRed","MealTicket","Akabeko","Busted Crown","PreservedInsect","bronze:DecasWashers","Guardian:PocketSentry","Whetstone","Bag of Marbles","Nunchaku","Juzu Bracelet"],"acts_visited":["Exordium","TheCity","TheBeyond","TheEnding"],"potions_floor_usage":[33,33,50],"damage_taken":[{"damage":27.0,"enemies":"Cultist","floor":2.0,"turns":4.0},{"damage":15.0,"enemies":"Small Slimes","floor":3.0,"turns":3.0},{"damage":20.0,"enemies":"Lagavulin","floor":6.0,"turns":6.0},{"damage":21.0,"enemies":"2 Louse","floor":8.0,"turns":3.0},{"damage":33.0,"enemies":"Gremlin Gang","floor":10.0,"turns":7.0},{"damage":10.0,"enemies":"Large Slime","floor":11.0,"turns":4.0},{"damage":5.0,"enemies":"Gremlin Nob","floor":14.0,"turns":4.0},{"damage":2.0,"enemies":"Lots of Slimes","floor":15.0,"turns":4.0},{"damage":25.0,"enemies":"IC_STATUS_ARCHETYPE","floor":16.0,"turns":8.0},{"damage":33.0,"enemies":"3 Byrds","floor":19.0,"turns":8.0},{"damage":3.0,"enemies":"Shell Parasite","floor":21.0,"turns":4.0},{"damage":17.0,"enemies":"Cultist and Chosen","floor":22.0,"turns":5.0},{"damage":3.0,"enemies":"Snake Plant","floor":25.0,"turns":3.0},{"damage":27.0,"enemies":"3 Cultists","floor":27.0,"turns":4.0},{"damage":12.0,"enemies":"Snecko","floor":28.0,"turns":4.0},{"damage":13.0,"enemies":"downfall:FleeingMerchant","floor":29.0,"turns":4.0},{"damage":25.0,"enemies":"Centurion and Healer","floor":31.0,"turns":3.0},{"damage":26.0,"enemies":"Shelled Parasite and Fungi","floor":32.0,"turns":4.0},{"damage":32,"enemies":"SI_MIRROR_ARCHETYPE","floor":33,"turns":7},{"damage":28,"enemies":"3 Shapes","floor":36,"turns":4},{"damage":16,"enemies":"Orb Walker","floor":37,"turns":3},{"damage":3,"enemies":"downfall:FleeingMerchant","floor":38,"turns":4},{"damage":20,"enemies":"beaked:SuperParasite","floor":40,"turns":6},{"damage":29,"enemies":"3 Darklings","floor":42,"turns":5},{"damage":3,"enemies":"Jaw Worm Horde","floor":43,"turns":2},{"damage":3,"enemies":"Reptomancer","floor":44,"turns":3},{"damage":28,"enemies":"Maw","floor":45,"turns":6},{"damage":5,"enemies":"downfall:FleeingMerchant","floor":46,"turns":3},{"damage":23,"enemies":"Transient","floor":48,"turns":5},{"damage":19,"enemies":"Writhing Mass","floor":49,"turns":4},{"damage":60,"enemies":"DF_ARCHETYPE_ORBS","floor":50,"turns":7},{"damage":86,"enemies":"downfall:CharBossMerchant","floor":52,"turns":5}],"seed_played":"3976624625967174371","potions_obtained":[{"floor":3.0,"key":"sneckomod:MuddlingPotion"},{"floor":6.0,"key":"Weak Potion"},{"floor":14.0,"key":"SpeedPotion"},{"floor":16.0,"key":"Weak Potion"},{"floor":21.0,"key":"champ:CounterPotion"},{"floor":27.0,"key":"SkillPotion"},{"floor":32.0,"key":"Strength Potion"},{"floor":33,"key":"BlessingOfTheForge"},{"floor":37,"key":"EssenceOfSteel"},{"floor":40,"key":"Energy Potion"}],"is_trial":false,"path_per_floor":["R","M","M","?","?","E","T","M","R","M","M","?","?","E","M","B",null,"R","M","?","M","M","R","T","M","?","M","M","$","R","M","M","B",null,"R","M","M","$","T","E","T","M","M","E","M","$","R","M","M","B",null,"E"],"character_chosen":"THE_CHAMP","items_purchased":["Akabeko","champ:ShieldWall","PreservedInsect","bronze:DecasWashers","Juzu Bracelet"],"campfire_rested":2,"item_purchase_floors":[29,38,38,38,46],"current_hp_per_floor":[73,71,66,66,66,65,65,59,69,36,38,38,38,35,35,22,73,73,54,45,44,43,43,43,44,44,23,17,23,50,34,30,14,71,71,57,43,59,59,47,47,36,35,38,31,45,72,63,56,26,74,0,0,0],"gold":766,"neow_bonus":"ONE_RARE_RELIC","is_daily":false,"chose_seed":false,"campfire_upgraded":4,"win_rate":0.0,"timestamp":1613364660,"path_taken":["R","M","M","?","?","E","T","?","R","M","M","?","?","E","M","BOSS","R","M","?","?","M","R","T","M","?","M","M","$","R","M","M","BOSS","R","M","M","?","?","E","T","M","M","E","M","$","R","M","M","BOSS","E"],"items_purchased_type":["Relic","Card","Relic","Relic","Relic"],"build_version":"2020-12-22","purchased_purges":2,"victory":false,"max_hp_per_floor":[73,73,73,73,73,80,80,80,90,90,90,90,90,90,90,90,90,90,90,90,90,90,90,90,90,90,90,90,90,90,90,90,90,90,90,90,90,90,90,90,90,90,90,90,90,90,90,90,90,90,90,90,90,90],"card_choices":[{"not_picked":["champ:ShieldSigil","champ:Endure"],"picked":"champ:Duel","floor":2.0},{"not_picked":["champ:CrownThrow","champ:PreemptiveStrike"],"picked":"champ:BringItOn","floor":3.0},{"not_picked":["champ:BladeFlurry","champ:SkillfulDodge"],"picked":"champ:PerfectedStrike","floor":6.0},{"not_picked":["champ:DefensiveShout","champ:Encircle"],"picked":"champ:Endure","floor":8.0},{"not_picked":["champ:Circumvent","champ:Haymaker"],"picked":"champ:StanceDance","floor":10.0},{"not_picked":["champ:RapidStrikes","champ:Endure"],"picked":"champ:FlashCut","floor":11.0},{"not_picked":["champ:ShieldSigil","champ:FancyFootwork"],"picked":"champ:PreciseThrust","floor":14.0},{"not_picked":["champ:Backstep","champ:FanOfKnives"],"picked":"champ:EnchantCrown","floor":15.0},{"not_picked":["champ:SwordThrow","champ:CheapShot"],"picked":"champ:LastStand","floor":16.0},{"not_picked":["champ:RageSigil","champ:Shatter"],"picked":"champ:GladiatorStyle","floor":19.0},{"not_picked":["champ:StanceDance","champ:ShieldSigil","champ:FlashCut"],"picked":"SKIP","floor":21.0},{"not_picked":["champ:CrownThrow","champ:ArenaPreparation"],"picked":"champ:Circumvent","floor":22.0},{"not_picked":["champ:ViciousMockery","champ:RecklessLeap"],"picked":"champ:PreciseThrust+1","floor":25.0},{"not_picked":["champ:GutPunch","champ:StanceDance"],"picked":"champ:SteelEdge","floor":27.0},{"not_picked":["champ:SwordSigil","champ:EnragedBash","champ:Endure"],"picked":"SKIP","floor":28.0},{"not_picked":["champ:FocusedBerserking","champ:PreciseThrust","champ:SetATrap"],"picked":"SKIP","floor":29.0},{"not_picked":["champ:Shatter+1","champ:EnGarde"],"picked":"champ:TornadoPunch","floor":31.0},{"not_picked":["champ:HeartStrike","champ:StanceDance"],"picked":"champ:PerfectedStrike","floor":32.0},{"not_picked":["champ:EnchantCrown","champ:Devastate"],"picked":"champ:Improvising","floor":33},{"not_picked":["champ:Shatter"],"picked":"SKIP","floor":36},{"not_picked":["champ:Backstep"],"picked":"SKIP","floor":37},{"not_picked":["champ:PreciseThrust"],"picked":"SKIP","floor":38},{"not_picked":["champ:CrookedStrike"],"picked":"SKIP","floor":40},{"not_picked":["champ:RecklessLeap"],"picked":"SKIP","floor":42},{"not_picked":["champ:CrookedStrike"],"picked":"SKIP","floor":43},{"not_picked":["champ:TornadoPunch"],"picked":"SKIP","floor":44},{"not_picked":["champ:BladeFlurry"],"picked":"SKIP","floor":45},{"not_picked":["champ:Backstep"],"picked":"SKIP","floor":46},{"not_picked":["champ:FlashCut+1"],"picked":"SKIP","floor":48},{"not_picked":["champ:BerserkerStyle"],"picked":"SKIP","floor":49}],"player_experience":303215,"relics_obtained":[{"floor":6.0,"key":"Strawberry"},{"floor":14.0,"key":"bronze:BronzeIdol"},{"floor":24.0,"key":"MealTicket"},{"floor":39,"key":"Guardian:PocketSentry"},{"floor":40,"key":"Whetstone"},{"floor":41,"key":"Bag of Marbles"},{"floor":44,"key":"Nunchaku"}],"event_choices":[{"damage_healed":0.0,"max_hp_gain":0.0,"max_hp_loss":0.0,"gold_gain":0.0,"event_name":"Accursed Blacksmith","player_choice":"Forge","floor":26.0,"gold_loss":0.0,"damage_taken":0.0,"cards_upgraded":["champ:Duel"]}],"is_beta":false,"boss_relics":[{"not_picked":["Empty Cage","beaked:MawFillet"],"picked":"Snecko Eye"},{"not_picked":["Calling Bell","champ:ChampionCrownUpgraded"],"picked":"Busted Crown"}],"items_purged_floors":[29,38],"is_endless":false,"potions_floor_spawned":[3,6,14,16,21,27,32,33,37,40,43,45,48],"killed_by":"downfall:CharBossMerchant","ascension_level":14}}