{"host":"dmtlrev5pkc1867p","time":1613409058,"event":{"mods":["A Magickal Journey","AchievementEnabler","BaseMod","Colored Map","Colored Powertips","Downfall","Hermit","Highlight Path","Hubris","Infinite Spire","Marisa¡]Ãú«B¡@Å]²z¨F¡^","Minty Spire (QoL Compilation)","Permanent Neow","Quick Restart","Rare Cards Sparkle","Relic Sorter","Relic Stats","Replay The Spire","StSLib","SuperFastMode","The Construct","The Cursed","The Disciple","The Hierophant","The Necromancer","The Runesmith","The Servant 0.9.4"],"gold_per_floor":[364,377,427,447,48,48,48,48],"floor_reached":7,"language":"ZHS","playtime":203,"items_purged":[],"score":72,"play_id":"dc0b260b-70b2-45bb-ac25-06428c864f39","local_time":"20210216011058","is_ascension_mode":true,"campfire_choices":[{"floor":6,"key":"REST"}],"circlet_count":0,"master_deck":["AscendersBane","Strike_B","Strike_B","Strike_B","Strike_B","Defend_B","Defend_B","Defend_B","Defend_B","Zap","Dualcast","construct:DefenseMode","Strike_MRS","Hologram","Streamline","Hologram","hubris:SpecializedCircuitry"],"relics":["Cracked Core","Eternal Feather"],"acts_visited":["Exordium"],"potions_floor_usage":[],"damage_taken":[{"damage":7.0,"enemies":"Jaw Worm","floor":1.0,"turns":4.0},{"damage":9.0,"enemies":"Cultist","floor":2.0,"turns":4.0},{"damage":5,"enemies":"Small Slimes","floor":4,"turns":3},{"damage":51,"enemies":"Gremlin Nob","floor":7,"turns":5}],"seed_played":"-522590927744326436","potions_obtained":[],"is_trial":false,"path_per_floor":["M","M","?","M","$","R","E"],"character_chosen":"DEFECT","items_purchased":["Eternal Feather","hubris:SpecializedCircuitry"],"campfire_rested":1,"item_purchase_floors":[5,5],"current_hp_per_floor":[57,48,41,36,36,66,15,15],"gold":48,"neow_bonus":"TWO_FIFTY_GOLD","is_daily":false,"chose_seed":false,"campfire_upgraded":0,"win_rate":0.0,"timestamp":1613409058,"path_taken":["M","M","?","?","$","R","E"],"items_purchased_type":["Relic","Card"],"build_version":"2020-12-22","purchased_purges":0,"victory":false,"max_hp_per_floor":[71,71,71,71,71,71,71,71],"relic_stats":{"counters":[4,16],"Eternal Feather":9,"obtain_stats":[{"Eternal Feather":5,"Cracked Core":0},{"Eternal Feather":3,"Cracked Core":0},{"Eternal Feather":11,"Cracked Core":0}]},"card_choices":[{"not_picked":["Sweeping Beam","Go for the Eyes"],"picked":"Hologram","floor":1.0},{"not_picked":["Barrage","Panic Button"],"picked":"Streamline","floor":2.0},{"not_picked":["Steam Power","Beam Cell"],"picked":"Hologram","floor":4}],"player_experience":712764,"relics_obtained":[],"event_choices":[{"damage_healed":0,"gold_gain":50,"player_choice":"Touch","damage_taken":7,"max_hp_gain":0,"max_hp_loss":0,"event_name":"FaceTrader","floor":3,"gold_loss":0}],"is_beta":false,"boss_relics":[],"items_purged_floors":[],"is_endless":false,"potions_floor_spawned":[],"killed_by":"Gremlin Nob","ascension_level":15}}