{"host":"dcj2yvrgcvh5dl2s","time":1613381246,"event":{"mods":["BaseMod","Bestiary","Better Note","Block Reminder","Colored Powertips","Curses Come First","DeckTracker","Displayed Cursed Tome","Minty Spire (QoL Compilation)","Quick Restart","Rare Cards Sparkle","Relic Stats","StSLib"],"gold_per_floor":[110,185,185,41,41,41,69,69,69,42,42,60,80,100,100,195,195,215,215,233,142,157,189,189,219,219,219,238,238,255,255,255,353,353,372,384,401,27,77,77,77,112,112,158,158,158,158,8,8,8,8],"floor_reached":50,"language":"ENG","playtime":3025,"items_purged":["Pain"],"score":683,"play_id":"6463914e-6625-457b-9f15-916923753472","local_time":"20210215192726","is_ascension_mode":true,"campfire_choices":[{"floor":6,"key":"REST"},{"floor":8,"key":"REST"},{"data":"Cloak And Dagger","floor":11,"key":"SMITH"},{"data":"A Thousand Cuts","floor":15,"key":"SMITH"},{"floor":24,"key":"REST"},{"floor":27,"key":"REST"},{"data":"1","floor":29,"key":"LIFT"},{"data":"2","floor":32,"key":"LIFT"},{"floor":41,"key":"REST"},{"data":"3","floor":47,"key":"LIFT"},{"floor":49,"key":"REST"}],"circlet_count":0,"master_deck":["Strike_G","Strike_G+1","Strike_G","Strike_G","Strike_G","Defend_G","Defend_G","Defend_G","Defend_G","Defend_G","Survivor","Neutralize+1","A Thousand Cuts+1","Blade Dance","Blur","Cloak And Dagger+1","Cloak And Dagger","Accuracy","CurseOfTheBell","Accuracy+1","Blade Dance","Catalyst","Heel Hook+1","A Thousand Cuts","Terror","Backflip","Envenom","Slice","Choke+1","Malaise","Footwork","Bullet Time","Cloak And Dagger+1","Sadistic Nature","Trip","Swift Strike","Infinite Blades","Trip"],"relics":["Ring of the Snake","Shuriken","Whetstone","StrikeDummy","White Beast Statue","Calling Bell","Bag of Preparation","Eternal Feather","Torii","Blood Vial","Regal Pillow","Snake Skull","Girya","Nloth\u0027s Gift","Fusion Hammer","Boot","Pocketwatch","Juzu Bracelet","Mummified Hand","Calipers"],"acts_visited":["Exordium","TheCity","TheBeyond"],"potions_floor_usage":[16,22,22,22,22,23,25,33,33,35,37,39,40,44,50,50,50],"damage_taken":[{"damage":10,"enemies":"Cultist","floor":1,"turns":4},{"damage":22,"enemies":"Lagavulin","floor":7,"turns":7},{"damage":2,"enemies":"Jaw Worm","floor":12,"turns":3},{"damage":3,"enemies":"Small Slimes","floor":13,"turns":3},{"damage":0,"enemies":"Blue Slaver","floor":14,"turns":2},{"damage":35,"enemies":"Slime Boss","floor":16,"turns":7},{"damage":16,"enemies":"3 Byrds","floor":18,"turns":5},{"damage":22,"enemies":"2 Thieves","floor":20,"turns":3},{"damage":16,"enemies":"Cultist and Chosen","floor":22,"turns":7},{"damage":34,"enemies":"Slavers","floor":23,"turns":5},{"damage":25,"enemies":"Gremlin Leader","floor":25,"turns":4},{"damage":14,"enemies":"Snecko","floor":28,"turns":4},{"damage":30,"enemies":"Snake Plant","floor":30,"turns":4},{"damage":101,"enemies":"Automaton","floor":33,"turns":8},{"damage":10,"enemies":"3 Shapes","floor":35,"turns":5},{"damage":9,"enemies":"3 Darklings","floor":36,"turns":3},{"damage":32,"enemies":"Jaw Worm Horde","floor":37,"turns":5},{"damage":0,"enemies":"Mind Bloom Boss Battle","floor":39,"turns":6},{"damage":11,"enemies":"Transient","floor":40,"turns":2},{"damage":19,"enemies":"Giant Head","floor":42,"turns":6},{"damage":54,"enemies":"2 Orb Walkers","floor":44,"turns":5},{"damage":92,"enemies":"Awakened One","floor":50,"turns":6}],"seed_played":"6796168887600215784","potions_obtained":[{"floor":12,"key":"FairyPotion"},{"floor":13,"key":"Block Potion"},{"floor":14,"key":"FearPotion"},{"floor":16,"key":"EntropicBrew"},{"floor":18,"key":"Dexterity Potion"},{"floor":22,"key":"PowerPotion"},{"floor":23,"key":"ColorlessPotion"},{"floor":25,"key":"Regen Potion"},{"floor":28,"key":"Fire Potion"},{"floor":30,"key":"CunningPotion"},{"floor":33,"key":"Block Potion"},{"floor":35,"key":"ColorlessPotion"},{"floor":36,"key":"SmokeBomb"},{"floor":37,"key":"GamblersBrew"},{"floor":39,"key":"Explosive Potion"},{"floor":42,"key":"Poison Potion"},{"floor":44,"key":"AttackPotion"}],"is_trial":false,"path_per_floor":["M","?","T","$","?","R","E","R","T","$","R","M","M","M","R","B",null,"M","?","M","?","M","E","R","E","T","R","M","R","M","?","R","B",null,"M","M","M","$","?","M","R","E","T","?","?","?","R","$","R","B"],"character_chosen":"THE_SILENT","items_purchased":["Whetstone","Cloak And Dagger","Footwork","Boot","Regen Potion","Infinite Blades","Trip"],"campfire_rested":6,"item_purchase_floors":[4,10,38,38,38,48,48],"current_hp_per_floor":[53,42,42,42,42,63,41,62,62,62,62,60,57,57,57,22,64,48,73,51,51,37,5,54,31,31,76,62,76,46,46,61,22,63,55,48,18,18,35,26,76,57,57,5,66,56,66,66,66,0,0],"gold":8,"neow_bonus":"THREE_RARE_CARDS","is_daily":false,"chose_seed":false,"campfire_upgraded":2,"win_rate":0.0,"timestamp":1613381246,"path_taken":["M","?","?","$","?","R","E","R","T","$","R","?","M","M","R","BOSS","M","?","M","?","?","E","R","E","T","R","M","R","M","?","R","BOSS","M","M","?","?","?","M","R","E","T","?","?","?","R","$","R","BOSS"],"items_purchased_type":["Relic","Card","Card","Relic","Potion","Card","Card"],"build_version":"2020-12-22","purchased_purges":1,"victory":false,"max_hp_per_floor":[70,70,70,70,70,70,70,70,70,70,70,70,70,70,70,70,76,76,76,76,76,76,76,76,76,76,76,76,76,76,76,76,76,76,76,76,76,76,76,76,76,76,76,76,66,66,66,66,66,66,66],"relic_stats":{"Regal Pillow":33,"Torii":33,"counters":[22,104],"Eternal Feather":84,"Snake Skull":[65],"Bag of Preparation":[32],"Juzu Bracelet":1,"Whetstone":["Neutralize","Strike_G"],"Boot":[0],"Blood Vial":20,"Shuriken":[56],"Mummified Hand":[12],"Nloth\u0027s Gift":2,"obtain_stats":[{"Darkstone Periapt":5,"Girya":26,"Regal Pillow":23,"Calipers":44,"Torii":17,"Eternal Feather":17,"Snake Skull":25,"Bag of Preparation":17,"Juzu Bracelet":42,"Whetstone":4,"Boot":38,"White Beast Statue":9,"Calling Bell":17,"Blood Vial":21,"Shuriken":3,"Mummified Hand":43,"Fusion Hammer":34,"Nloth\u0027s Gift":31,"StrikeDummy":7,"Ring of the Snake":0,"Pocketwatch":39},{"Darkstone Periapt":1,"Girya":11,"Regal Pillow":10,"Calipers":21,"Torii":6,"Eternal Feather":6,"Snake Skull":11,"Bag of Preparation":6,"Juzu Bracelet":20,"Whetstone":1,"Boot":17,"White Beast Statue":2,"Calling Bell":6,"Blood Vial":8,"Shuriken":1,"Mummified Hand":20,"Fusion Hammer":14,"Nloth\u0027s Gift":13,"StrikeDummy":2,"Ring of the Snake":0,"Pocketwatch":18},{"Darkstone Periapt":4,"Girya":50,"Regal Pillow":46,"Calipers":98,"Torii":26,"Eternal Feather":26,"Snake Skull":50,"Bag of Preparation":26,"Juzu Bracelet":93,"Whetstone":4,"Boot":79,"White Beast Statue":11,"Calling Bell":26,"Blood Vial":34,"Shuriken":4,"Mummified Hand":93,"Fusion Hammer":66,"Nloth\u0027s Gift":58,"StrikeDummy":11,"Ring of the Snake":0,"Pocketwatch":85}],"Ring of the Snake":[44],"Pocketwatch":[6]},"card_choices":[{"not_picked":["Venomology","Storm of Steel"],"picked":"A Thousand Cuts","floor":0},{"not_picked":["Cloak And Dagger","Flying Knee"],"picked":"Blade Dance","floor":1},{"not_picked":["Prepared","Outmaneuver"],"picked":"Blur","floor":7},{"not_picked":["PiercingWail","Slice"],"picked":"Cloak And Dagger","floor":12},{"not_picked":["Cloak And Dagger","Expertise"],"picked":"Accuracy","floor":13},{"not_picked":["Sucker Punch","Bane","Phantasmal Killer"],"picked":"SKIP","floor":14},{"not_picked":["Sucker Punch","Quick Slash"],"picked":"Accuracy+1","floor":18},{"not_picked":["Underhanded Strike+1","Caltrops"],"picked":"Blade Dance","floor":20},{"not_picked":["Deadly Poison","Flechettes"],"picked":"Catalyst","floor":22},{"not_picked":["Phantasmal Killer","Blade Dance+1"],"picked":"Heel Hook+1","floor":23},{"not_picked":["Finisher","Deflect+1"],"picked":"A Thousand Cuts","floor":25},{"not_picked":["Dodge and Roll","Dagger Spray"],"picked":"Terror","floor":28},{"not_picked":["Bane","Prepared"],"picked":"Backflip","floor":30},{"not_picked":["Malaise","Die Die Die"],"picked":"Envenom","floor":33},{"not_picked":["Deadly Poison+1","Dodge and Roll+1"],"picked":"Slice","floor":35},{"not_picked":["Deflect","Acrobatics+1"],"picked":"Choke+1","floor":36},{"not_picked":["Dagger Spray+1","Infinite Blades"],"picked":"Malaise","floor":37},{"not_picked":["Dodge and Roll","Predator"],"picked":"Bullet Time","floor":42},{"not_picked":["Dagger Throw","PiercingWail+1"],"picked":"Cloak And Dagger+1","floor":44},{"not_picked":["The Bomb","Metamorphosis"],"picked":"Sadistic Nature","floor":46},{"not_picked":["Purity","Madness"],"picked":"Trip","floor":46},{"not_picked":["Impatience","The Bomb"],"picked":"Swift Strike","floor":46}],"player_experience":2414451,"relics_obtained":[{"floor":3,"key":"Shuriken"},{"floor":5,"key":"Darkstone Periapt"},{"floor":7,"key":"StrikeDummy"},{"floor":9,"key":"White Beast Statue"},{"floor":17,"key":"Bag of Preparation"},{"floor":17,"key":"Eternal Feather"},{"floor":17,"key":"Torii"},{"floor":23,"key":"Regal Pillow"},{"floor":25,"key":"Snake Skull"},{"floor":26,"key":"Girya"},{"floor":39,"key":"Pocketwatch"},{"floor":42,"key":"Juzu Bracelet"},{"floor":43,"key":"Mummified Hand"},{"floor":44,"key":"Calipers"}],"event_choices":[{"damage_healed":0,"gold_gain":75,"player_choice":"Gather Gold","damage_taken":11,"max_hp_gain":0,"max_hp_loss":0,"event_name":"World of Goop","floor":2,"gold_loss":0},{"damage_healed":0,"gold_gain":0,"player_choice":"Relic","damage_taken":0,"max_hp_gain":0,"max_hp_loss":0,"event_name":"Wheel of Change","floor":5,"gold_loss":0},{"damage_healed":25,"gold_gain":0,"player_choice":"Heal","damage_taken":0,"max_hp_gain":0,"max_hp_loss":0,"event_name":"The Library","floor":19,"gold_loss":0},{"damage_healed":0,"gold_gain":0,"player_choice":"Paid Gold","damage_taken":0,"relics_obtained":["Blood Vial"],"max_hp_gain":0,"max_hp_loss":0,"event_name":"WeMeetAgain","floor":21,"gold_loss":91},{"damage_healed":0,"gold_gain":0,"player_choice":"Traded Relic","damage_taken":0,"relics_obtained":["Nloth\u0027s Gift"],"max_hp_gain":0,"max_hp_loss":0,"event_name":"N\u0027loth","floor":31,"relics_lost":["Darkstone Periapt"],"gold_loss":0},{"damage_healed":0,"gold_gain":0,"player_choice":"Fight","damage_taken":0,"max_hp_gain":0,"max_hp_loss":0,"event_name":"MindBloom","floor":39,"gold_loss":0},{"damage_healed":0,"gold_gain":0,"player_choice":"Fight","damage_taken":0,"max_hp_gain":0,"max_hp_loss":0,"event_name":"Mysterious Sphere","floor":44,"gold_loss":0},{"damage_healed":66,"gold_gain":0,"player_choice":"Heal","damage_taken":0,"max_hp_gain":0,"max_hp_loss":10,"event_name":"The Moai Head","floor":45,"gold_loss":0},{"damage_healed":0,"gold_gain":0,"player_choice":"Memory 3","damage_taken":10,"max_hp_gain":0,"max_hp_loss":0,"event_name":"SensoryStone","floor":46,"gold_loss":0}],"is_beta":false,"boss_relics":[{"not_picked":["Black Star","Runic Dome"],"picked":"Calling Bell"},{"not_picked":["Runic Pyramid","Snecko Eye"],"picked":"Fusion Hammer"}],"items_purged_floors":[38],"is_endless":false,"potions_floor_spawned":[12,13,14,16,18,20,22,23,25,28,30,33,35,36,37,39,40,42,44],"killed_by":"Awakened One","ascension_level":6}}