{"host":"6dypmz777xraikqf","time":1613411941,"event":{"mods":["AchievementEnabler","BaseMod","BetterRewards","Colored Map","Colored Powertips","Downfall","Highlight Path","Hubris","Infinite Spire","Minty Spire (QoL Compilation)","Replay The Spire","StSLib"],"gold_per_floor":[111,111,111,123,123,123,158,174,174,186,216,236,236,270,270,344,344,364,376,390,390,390,421,421,446,446,457,470,484,8,26,26,26,26],"floor_reached":33,"language":"ENG","playtime":2321,"items_purged":[],"score":664,"play_id":"f779aff8-3303-4e2c-b8a7-873267e141a6","local_time":"20210215175901","is_ascension_mode":true,"campfire_choices":[{"data":"Flame Barrier","floor":6,"key":"SMITH"},{"data":"Bash","floor":15,"key":"SMITH"},{"data":"Bloodletting","floor":24,"key":"SMITH"},{"floor":32,"key":"DIG"}],"circlet_count":0,"master_deck":["AscendersBane","Strike_R","Defend_R","Defend_R","Defend_R","Bash+1","Headbutt+1","Flame Barrier+1","Anger","Bloodletting+1","Ghostly Armor","Immolate+1","Hemogenesis","ReplayTheSpireMod:Stacked","Shrug It Off","RitualDagger","Intimidate+1","Fire Breathing","Shrug It Off+1","Thinking Ahead","hubris:Insight","Warcry+1"],"relics":["Burning Blood","NeowsBlessing","Meat on the Bone","Pantograph","PreservedInsect","infinitespire:FocusingShard","Replay:Drink Me","Orichalcum","Shovel","infinitespire:WardingShard","Centennial Puzzle","Pen Nib"],"acts_visited":["Exordium","TheCity"],"potions_floor_usage":[16,16,28,28],"damage_taken":[{"damage":0,"enemies":"Jaw Worm","floor":1,"turns":1},{"damage":0,"enemies":"Cultist","floor":4,"turns":1},{"damage":0,"enemies":"Lagavulin","floor":7,"turns":1},{"damage":0,"enemies":"Small Slimes","floor":8,"turns":3},{"damage":2,"enemies":"Looter","floor":10,"turns":4},{"damage":47,"enemies":"Gremlin Nob","floor":11,"turns":5},{"damage":9,"enemies":"Exordium Wildlife","floor":12,"turns":5},{"damage":0,"enemies":"3 Sentries","floor":14,"turns":2},{"damage":44,"enemies":"Hexaghost","floor":16,"turns":11},{"damage":26,"enemies":"2 Thieves","floor":18,"turns":4},{"damage":15,"enemies":"Spheric Guardian","floor":19,"turns":5},{"damage":6,"enemies":"3 Cultists","floor":20,"turns":3},{"damage":14,"enemies":"Book of Stabbing","floor":23,"turns":5},{"damage":36,"enemies":"Gremlin Leader","floor":25,"turns":5},{"damage":16,"enemies":"Sentry and Sphere","floor":27,"turns":5},{"damage":3,"enemies":"Centurion and Healer","floor":28,"turns":7},{"damage":20,"enemies":"Snake Plant","floor":29,"turns":4},{"damage":6,"enemies":"Cultist and Chosen","floor":31,"turns":5},{"damage":74,"enemies":"Champ","floor":33,"turns":9}],"seed_played":"-2751763318339979794","potions_obtained":[{"floor":1,"key":"HeartOfIron"},{"floor":8,"key":"BloodPotion"},{"floor":16,"key":"BlessingOfTheForge"},{"floor":18,"key":"EssenceOfSteel"},{"floor":25,"key":"Explosive Potion"}],"is_trial":false,"path_per_floor":["M","?","$","M","?","R","E","M","T","M","E","M","?","E","R","B",null,"M","M","M","?","?","E","R","E","T","M","M","M","$","M","R","B"],"character_chosen":"IRONCLAD","items_purchased":["Thinking Ahead","hubris:Insight","Centennial Puzzle"],"campfire_rested":0,"item_purchase_floors":[30,30,30],"current_hp_per_floor":[74,74,74,75,75,75,75,75,75,75,46,55,55,61,61,52,56,45,36,36,30,57,57,57,42,42,39,42,37,37,37,37,0,0],"gold":26,"neow_bonus":"THREE_ENEMY_KILL","is_daily":false,"chose_seed":false,"campfire_upgraded":3,"win_rate":0.0,"timestamp":1613411941,"path_taken":["M","?","$","?","?","R","E","M","T","M","E","?","?","E","R","BOSS","M","M","M","?","?","E","R","E","T","M","M","M","$","?","R","BOSS"],"items_purchased_type":["Card","Card","Relic"],"build_version":"2020-12-22","purchased_purges":0,"victory":false,"max_hp_per_floor":[75,75,75,75,75,75,75,75,75,75,75,75,75,75,75,75,57,57,57,57,57,57,57,57,57,57,57,57,57,57,57,57,57,57],"card_choices":[{"not_picked":["Run Through","Havoc"],"picked":"Headbutt","floor":1},{"not_picked":["Cleave","Warcry"],"picked":"Flame Barrier","floor":4},{"not_picked":["Sword Boomerang","Hemogenesis"],"picked":"Ghostly Armor","floor":7},{"not_picked":["Perfected Strike","Thunderclap"],"picked":"Anger","floor":8},{"not_picked":["Combust","Metallicize"],"picked":"Bloodletting","floor":10},{"not_picked":["Abandon","Havoc","Intimidate"],"picked":"SKIP","floor":11},{"not_picked":["Dark Embrace","hubris:ReadiedAction"],"picked":"Ghostly Armor","floor":12},{"not_picked":["Armaments","Shrug It Off"],"picked":"Hemogenesis","floor":14},{"not_picked":["ReplayTheSpireMod:Strike From Hell","Shockwave"],"picked":"ReplayTheSpireMod:Stacked","floor":18},{"not_picked":["Twin Strike","Sword Boomerang"],"picked":"Shrug It Off","floor":19},{"not_picked":["Spot Weakness","hubris:CleavingFinish+1","Armaments"],"picked":"SKIP","floor":20},{"not_picked":["Headbutt","Fire Breathing","Feed"],"picked":"SKIP","floor":23},{"not_picked":["Inflame","Iron Wave"],"picked":"Intimidate+1","floor":25},{"not_picked":["Shrug It Off","Run Through"],"picked":"Fire Breathing","floor":27},{"not_picked":["Infernal Blade","Heavy Blade","Thunderclap"],"picked":"SKIP","floor":28},{"not_picked":["Metallicize","Pommel Strike"],"picked":"Shrug It Off+1","floor":29},{"not_picked":["Spot Weakness","hubris:CleavingFinish"],"picked":"Warcry+1","floor":31}],"player_experience":237948,"relics_obtained":[{"floor":7,"key":"Meat on the Bone"},{"floor":9,"key":"Pantograph"},{"floor":11,"key":"PreservedInsect"},{"floor":14,"key":"infinitespire:FocusingShard"},{"floor":23,"key":"Orichalcum"},{"floor":25,"key":"Shovel"},{"floor":26,"key":"infinitespire:WardingShard"},{"floor":32,"key":"Pen Nib"}],"event_choices":[{"damage_healed":0,"gold_gain":0,"player_choice":"Forge","damage_taken":0,"max_hp_gain":0,"max_hp_loss":0,"event_name":"Accursed Blacksmith","floor":2,"gold_loss":0,"cards_upgraded":["Headbutt"]},{"cards_removed":["Strike_R"],"damage_healed":0,"gold_gain":0,"player_choice":"Purged","damage_taken":0,"max_hp_gain":0,"max_hp_loss":0,"event_name":"Purifier","floor":5,"gold_loss":0},{"damage_healed":0,"gold_gain":0,"player_choice":"Joined the Cult","damage_taken":6,"max_hp_gain":0,"max_hp_loss":0,"event_name":"Nest","floor":21,"gold_loss":0,"cards_obtained":["RitualDagger"]},{"cards_removed":["Ghostly Armor"],"damage_healed":27,"gold_gain":0,"player_choice":"Offered Uncommon","damage_taken":0,"max_hp_gain":0,"max_hp_loss":0,"event_name":"Bonfire Elementals","floor":22,"gold_loss":0}],"is_beta":false,"boss_relics":[{"not_picked":["hubris:BlackHole","Astrolabe"],"picked":"Replay:Drink Me"}],"items_purged_floors":[],"is_endless":false,"potions_floor_spawned":[1,8,10,12,16,18,19,25],"killed_by":"Champ","ascension_level":17}}