{"host":"3y2rtlgteqp2nuo3","time":1613382460,"event":{"mods":["2.2 Compatiblity","AchievementEnabler","BaseMod","Colored Map","DeckTracker","Highlight Path","Keyboard Shortcuts","Minty Spire (QoL Compilation)","Permanent Neow","Quick Restart","StSLib","SuperFastMode","everything is the same but u backflip on backflip"],"gold_per_floor":[119,129,54,64,64,64,64,64,64,81,107,107,136,136,136,207,207,226,241,241,41,41,41,16,35,35,35,35,35,35,35,35,35,35],"floor_reached":33,"language":"KOR","playtime":529,"items_purged":["Normality","Strike_G"],"score":473,"play_id":"b56e4518-4daa-4ffe-a9e9-3bdd60416f5e","local_time":"20210215184740","is_ascension_mode":true,"campfire_choices":[{"data":"The Bomb","floor":6.0,"key":"SMITH"},{"data":"Deadly Poison","floor":8.0,"key":"SMITH"},{"data":"Blade Dance","floor":12.0,"key":"SMITH"},{"data":"Poisoned Stab","floor":15.0,"key":"SMITH"},{"floor":23.0,"key":"REST"},{"data":"Dodge and Roll","floor":27.0,"key":"SMITH"},{"data":"Panacea","floor":30.0,"key":"SMITH"},{"data":"Outmaneuver","floor":32.0,"key":"SMITH"}],"circlet_count":0,"master_deck":["AscendersBane","Defend_G","Defend_G","Defend_G","Defend_G","Survivor","Neutralize","The Bomb+1","Deadly Poison+1","Footwork","Masterful Stab","Poisoned Stab+1","Blade Dance+1","Corpse Explosion","Tools of the Trade","Dagger Spray+1","Flechettes+1","Reflex+1","Backflip","Escape Plan","Panacea+1","Dodge and Roll+1","Clumsy","Outmaneuver+1"],"relics":["Ring of the Snake","Oddly Smooth Stone","Meat on the Bone","Girya","Astrolabe","Pantograph"],"acts_visited":["Exordium","TheCity"],"potions_floor_usage":[33,33,33],"damage_taken":[{"damage":0.0,"enemies":"Cultist","floor":1.0,"turns":3.0},{"damage":11.0,"enemies":"Small Slimes","floor":2.0,"turns":4.0},{"damage":4.0,"enemies":"Jaw Worm","floor":4.0,"turns":3.0},{"damage":11.0,"enemies":"Looter","floor":10.0,"turns":3.0},{"damage":3.0,"enemies":"3 Sentries","floor":11.0,"turns":3.0},{"damage":12.0,"enemies":"Lagavulin","floor":13.0,"turns":5.0},{"damage":18.0,"enemies":"The Guardian","floor":16.0,"turns":11.0},{"damage":21.0,"enemies":"Spheric Guardian","floor":18.0,"turns":5.0},{"damage":18.0,"enemies":"3 Byrds","floor":19.0,"turns":3.0},{"damage":26.0,"enemies":"Shelled Parasite and Fungi","floor":25.0,"turns":4.0},{"damage":72,"enemies":"Automaton","floor":33,"turns":8}],"seed_played":"6567367063058673727","potions_obtained":[{"floor":2.0,"key":"ColorlessPotion"},{"floor":4.0,"key":"EntropicBrew"},{"floor":19.0,"key":"FearPotion"}],"is_trial":false,"path_per_floor":["M","M","$","M","$","R","$","R","T","M","E","R","E","?","R","B",null,"M","M","?","$","?","R","$","M","T","R","?","?","R","$","R","B"],"character_chosen":"THE_SILENT","items_purchased":["Panacea","Dodge and Roll"],"campfire_rested":1,"item_purchase_floors":[21,24],"current_hp_per_floor":[59,48,48,44,44,44,44,44,44,33,30,30,30,30,30,24,56,35,29,29,29,29,48,48,34,34,34,34,34,34,34,34,0,0],"gold":35,"neow_bonus":"RANDOM_COLORLESS_2","is_daily":false,"chose_seed":false,"campfire_upgraded":7,"win_rate":0.0,"timestamp":1613382460,"path_taken":["M","M","?","M","$","R","$","R","T","M","E","R","E","?","R","BOSS","M","M","?","$","?","R","$","M","T","R","?","?","R","$","R","BOSS"],"items_purchased_type":["Card","Card"],"build_version":"2020-12-22","purchased_purges":2,"victory":false,"max_hp_per_floor":[66,66,66,66,66,66,66,66,66,66,66,66,66,66,66,66,66,66,66,66,66,66,66,66,66,66,66,66,66,66,66,66,66,66],"card_choices":[{"not_picked":["Mayhem","Secret Technique"],"picked":"The Bomb","floor":0.0},{"not_picked":["Slice","Backflip"],"picked":"Deadly Poison","floor":1.0},{"not_picked":["Backflip","Underhanded Strike"],"picked":"Footwork","floor":2.0},{"not_picked":["Finisher","Expertise"],"picked":"Masterful Stab","floor":4.0},{"not_picked":["Acrobatics","Setup"],"picked":"Poisoned Stab","floor":10.0},{"not_picked":["Expertise","Dodge and Roll"],"picked":"Blade Dance","floor":11.0},{"not_picked":["Grand Finale","Sucker Punch"],"picked":"Corpse Explosion","floor":13.0},{"not_picked":["Unload","Night Terror"],"picked":"Tools of the Trade","floor":16.0},{"not_picked":["Blade Dance","Bane"],"picked":"Backflip","floor":18.0},{"not_picked":["Finisher","Concentrate"],"picked":"Escape Plan","floor":19.0},{"not_picked":["Choke","Slice","Backflip"],"picked":"SKIP","floor":25.0}],"player_experience":791072,"relics_obtained":[{"floor":9.0,"key":"Oddly Smooth Stone"},{"floor":11.0,"key":"Meat on the Bone"},{"floor":13.0,"key":"Girya"},{"floor":26.0,"key":"Pantograph"}],"event_choices":[{"damage_healed":0.0,"max_hp_gain":0.0,"max_hp_loss":0.0,"gold_gain":0.0,"event_name":"Shining Light","player_choice":"Ignored","floor":14.0,"gold_loss":0.0,"damage_taken":0.0},{"damage_healed":0.0,"max_hp_gain":0.0,"max_hp_loss":0.0,"gold_gain":0.0,"event_name":"Ghosts","player_choice":"Ignored","floor":20.0,"gold_loss":0.0,"damage_taken":0.0},{"cards_removed":["Strike_G"],"damage_healed":0.0,"max_hp_gain":0.0,"max_hp_loss":0.0,"gold_gain":0.0,"event_name":"Back to Basics","player_choice":"Elegance","floor":22.0,"gold_loss":0.0,"damage_taken":0.0},{"damage_healed":0.0,"max_hp_gain":0.0,"max_hp_loss":0.0,"gold_gain":0.0,"event_name":"Forgotten Altar","player_choice":"Smashed Altar","floor":28.0,"gold_loss":0.0,"damage_taken":0.0,"cards_obtained":["Decay"]},{"damage_healed":0.0,"max_hp_gain":0.0,"max_hp_loss":0.0,"gold_gain":0.0,"cards_transformed":["Decay","Defend_G"],"event_name":"Drug Dealer","player_choice":"Became Test Subject","floor":29.0,"gold_loss":0.0,"damage_taken":0.0,"cards_obtained":["Clumsy","Outmaneuver"]}],"is_beta":false,"boss_relics":[{"not_picked":["HoveringKite","Busted Crown"],"picked":"Astrolabe"}],"items_purged_floors":[3,21],"is_endless":false,"potions_floor_spawned":[2,4,13,19],"killed_by":"Automaton","ascension_level":18}}