{"host":"p4g1m23y8pjizsy1","time":1613364954,"event":{"mods":["BaseMod","Minty Spire (QoL Compilation)","StSLib"],"gold_per_floor":[116,116,133,133,32,42,42,57,57,57,72,72,72,91,91,190,190,206,206,221,235,78,106,117,133,157,173,96,96,127,141,141,242,242,262,262,67,82,49,49,68,103,158,6,6,19,19,37,37,37],"floor_reached":51,"language":"ENG","playtime":3740,"items_purged":[],"score":848,"play_id":"f6b6fc0e-d18c-454d-8ac4-a4a693811596","local_time":"20210214215554","is_ascension_mode":true,"campfire_choices":[{"floor":10,"key":"REST"},{"floor":15,"key":"REST"},{"data":"Backstab","floor":29,"key":"SMITH"},{"floor":32,"key":"REST"},{"floor":40,"key":"REST"},{"floor":45,"key":"REST"},{"floor":47,"key":"REST"},{"floor":49,"key":"REST"}],"circlet_count":0,"master_deck":["Cloak And Dagger","Blade Dance","Backstab+1","Endless Agony+1","Slice+1","Deadly Poison","Dagger Throw+1","Grand Finale+1","Noxious Fumes","Terror","Masterful Stab+1","Poisoned Stab+1","Caltrops","Escape Plan","Expertise","Venomology","Predator+1","Crippling Poison","Catalyst","Quick Slash+1","Outmaneuver","Bane+1","Crippling Poison","Flying Knee+1","Backstab+1","Bane+1","Deadly Poison+1","Die Die Die+1","Noxious Fumes","Backstab+1","Accuracy","Blade Dance+1","Backstab+1","All Out Attack+1","Bane+1","Well Laid Plans+1","Noxious Fumes+1","Backstab+1","Deadly Poison","PiercingWail"],"relics":["SacredBark","Dead Branch","CaptainsWheel","Molten Egg 2","Pandora\u0027s Box","Lee\u0027s Waffle","Ninja Scroll","Art of War","Bottled Tornado","Fusion Hammer","Sling","Dream Catcher","Omamori","Whetstone"],"acts_visited":["Exordium","TheCity","TheBeyond"],"potions_floor_usage":[5,16,16,20,21,21,23,25,25,27,30,31,33,33,42,42,48,48,50],"damage_taken":[{"damage":0,"enemies":"Jaw Worm","floor":1,"turns":5},{"damage":9,"enemies":"Cultist","floor":3,"turns":4},{"damage":0,"enemies":"Small Slimes","floor":6,"turns":3},{"damage":20,"enemies":"Exordium Wildlife","floor":8,"turns":4},{"damage":0,"enemies":"3 Louse","floor":11,"turns":2},{"damage":0,"enemies":"Exordium Thugs","floor":14,"turns":3},{"damage":51,"enemies":"The Guardian","floor":16,"turns":9},{"damage":12,"enemies":"3 Byrds","floor":18,"turns":3},{"damage":20,"enemies":"2 Thieves","floor":20,"turns":4},{"damage":10,"enemies":"Cultist and Chosen","floor":21,"turns":2},{"damage":0,"enemies":"Gremlin Leader","floor":23,"turns":4},{"damage":3,"enemies":"Centurion and Healer","floor":24,"turns":3},{"damage":4,"enemies":"3 Cultists","floor":25,"turns":3},{"damage":21,"enemies":"Snake Plant","floor":27,"turns":3},{"damage":30,"enemies":"Book of Stabbing","floor":30,"turns":3},{"damage":10,"enemies":"Cultist and Chosen","floor":31,"turns":3},{"damage":36,"enemies":"Collector","floor":33,"turns":6},{"damage":11,"enemies":"3 Shapes","floor":35,"turns":2},{"damage":33,"enemies":"3 Darklings","floor":38,"turns":3},{"damage":11,"enemies":"4 Shapes","floor":41,"turns":2},{"damage":0,"enemies":"Nemesis","floor":42,"turns":1},{"damage":10,"enemies":"Jaw Worm Horde","floor":46,"turns":2},{"damage":21,"enemies":"Maw","floor":48,"turns":4},{"damage":70,"enemies":"Donu and Deca","floor":50,"turns":6}],"seed_played":"3569463792648664993","potions_obtained":[{"floor":3,"key":"GamblersBrew"},{"floor":8,"key":"SmokeBomb"},{"floor":11,"key":"SneckoOil"},{"floor":18,"key":"EssenceOfSteel"},{"floor":24,"key":"SkillPotion"},{"floor":25,"key":"FairyPotion"},{"floor":31,"key":"Ancient Potion"},{"floor":33,"key":"Dexterity Potion"},{"floor":38,"key":"DuplicationPotion"},{"floor":41,"key":"DistilledChaos"},{"floor":42,"key":"Swift Potion"}],"is_trial":false,"path_per_floor":["M","?","M","?","$","M","?","M","T","R","M","T","?","M","R","B",null,"M","?","M","M","$","E","M","M","T","M","$","R","E","M","R","B",null,"M","?","$","M","$","R","M","E","T","$","R","M","R","M","R","B",null],"character_chosen":"THE_SILENT","items_purchased":["Fruit Juice","Lee\u0027s Waffle","Backstab+1","Sling","Accuracy","Backstab+1","Whetstone"],"campfire_rested":7,"item_purchase_floors":[5,22,28,37,37,39,44],"current_hp_per_floor":[70,56,47,47,57,57,45,25,25,49,49,49,49,49,73,22,80,68,68,48,38,87,87,84,80,80,59,59,59,29,19,45,54,87,76,76,76,43,43,69,58,58,58,58,84,74,87,66,87,17],"gold":37,"neow_bonus":"BOSS_RELIC","is_daily":false,"chose_seed":false,"campfire_upgraded":1,"win_rate":0.0,"timestamp":1613364954,"path_taken":["M","?","M","?","$","?","?","M","T","R","M","?","?","?","R","BOSS","M","?","M","M","$","E","M","M","T","M","$","R","E","M","R","BOSS","M","?","$","M","?","R","M","E","T","$","R","M","R","M","R","BOSS"],"items_purchased_type":["Potion","Relic","Card","Relic","Card","Card","Relic"],"build_version":"2020-12-22","purchased_purges":0,"victory":true,"max_hp_per_floor":[70,70,70,70,80,80,80,80,80,80,80,80,80,80,80,80,80,80,80,80,80,87,87,87,87,87,87,87,87,87,87,87,87,87,87,87,87,87,87,87,87,87,87,87,87,87,87,87,87,87],"card_choices":[{"not_picked":["Quick Slash","Slice"],"picked":"Cloak And Dagger","floor":1},{"not_picked":["Cloak And Dagger","Outmaneuver"],"picked":"Blade Dance","floor":3},{"not_picked":["Poisoned Stab","Bane"],"picked":"Backstab","floor":6},{"not_picked":["Finisher","Quick Slash"],"picked":"Endless Agony","floor":8},{"not_picked":["Skewer","Blade Dance"],"picked":"Slice","floor":11},{"not_picked":["Malaise","Acrobatics"],"picked":"Dagger Throw+1","floor":14},{"not_picked":["A Thousand Cuts","Unload+1"],"picked":"Grand Finale+1","floor":16},{"not_picked":["Underhanded Strike+1","Poisoned Stab+1"],"picked":"Crippling Poison","floor":18},{"not_picked":["Dagger Spray+1","Acrobatics+1"],"picked":"Catalyst","floor":20},{"not_picked":["Acrobatics","Riddle With Holes+1"],"picked":"Quick Slash+1","floor":21},{"not_picked":["Unload+1","Well Laid Plans"],"picked":"Outmaneuver","floor":23},{"not_picked":["Cloak And Dagger","Outmaneuver"],"picked":"Bane+1","floor":24},{"not_picked":["Calculated Gamble","Deflect"],"picked":"Crippling Poison","floor":25},{"not_picked":["Backflip","Eviscerate+1"],"picked":"Flying Knee+1","floor":27},{"not_picked":["Acrobatics","Choke+1"],"picked":"Bane+1","floor":30},{"not_picked":["Tactician","Dagger Spray+1"],"picked":"Deadly Poison+1","floor":31},{"not_picked":["Phantasmal Killer","Malaise"],"picked":"Die Die Die+1","floor":33},{"not_picked":["Prepared","Predator+1"],"picked":"Noxious Fumes","floor":35},{"not_picked":["Reflex+1","Quick Slash+1"],"picked":"Blade Dance+1","floor":38},{"not_picked":["Acrobatics","Choke+1"],"picked":"All Out Attack+1","floor":41},{"not_picked":["Acrobatics","Prepared+1"],"picked":"Bane+1","floor":42},{"not_picked":["Dodge and Roll","Flechettes+1"],"picked":"Well Laid Plans+1","floor":45},{"not_picked":["Deadly Poison+1","Underhanded Strike+1"],"picked":"Noxious Fumes+1","floor":46},{"not_picked":["Terror+1","Catalyst+1"],"picked":"Backstab+1","floor":47},{"not_picked":["Acrobatics+1","Dagger Spray+1"],"picked":"Deadly Poison","floor":48},{"not_picked":["Prepared+1","Slice+1"],"picked":"PiercingWail","floor":49}],"player_experience":192281,"relics_obtained":[{"floor":9,"key":"CaptainsWheel"},{"floor":12,"key":"Molten Egg 2"},{"floor":23,"key":"Ninja Scroll"},{"floor":26,"key":"Art of War"},{"floor":30,"key":"Bottled Tornado"},{"floor":42,"key":"Dream Catcher"},{"floor":43,"key":"Omamori"}],"event_choices":[{"damage_healed":0,"gold_gain":0,"player_choice":"Entered Light","damage_taken":14,"max_hp_gain":0,"max_hp_loss":0,"event_name":"Shining Light","floor":2,"gold_loss":0,"cards_upgraded":["Defend_G","Strike_G"]},{"cards_removed":["Survivor"],"damage_healed":0,"gold_gain":0,"player_choice":"Purged","damage_taken":0,"max_hp_gain":0,"max_hp_loss":0,"event_name":"Purifier","floor":4,"gold_loss":0},{"damage_healed":0,"gold_gain":0,"player_choice":"Success","damage_taken":12,"relics_obtained":["Dead Branch"],"max_hp_gain":0,"max_hp_loss":0,"event_name":"Scrap Ooze","floor":7,"gold_loss":0},{"damage_healed":0,"gold_gain":0,"cards_transformed":["Defend_G"],"player_choice":"Transformed","damage_taken":0,"max_hp_gain":0,"max_hp_loss":0,"event_name":"Transmorgrifier","floor":13,"gold_loss":0,"cards_obtained":["Deadly Poison"]},{"cards_removed":["Neutralize"],"damage_healed":0,"gold_gain":0,"player_choice":"Elegance","damage_taken":0,"max_hp_gain":0,"max_hp_loss":0,"event_name":"Back to Basics","floor":19,"gold_loss":0},{"damage_healed":0,"gold_gain":0,"player_choice":"Copied","damage_taken":0,"max_hp_gain":0,"max_hp_loss":0,"event_name":"Duplicator","floor":36,"gold_loss":0,"cards_obtained":["Backstab"]}],"is_beta":false,"boss_relics":[{"not_picked":["Empty Cage","Astrolabe"],"picked":"Pandora\u0027s Box"},{"not_picked":["Runic Dome","Coffee Dripper"],"picked":"Fusion Hammer"}],"items_purged_floors":[],"is_endless":false,"potions_floor_spawned":[3,8,11,18,24,25,31,33,38,41,42],"ascension_level":1}}