{"host":"0ueeacaatm8t6jyh","time":1613404472,"event":{"mods":["AchievementEnabler","BaseMod","Colored Powertips","Minty Spire (QoL Compilation)","Quick Restart","Rare Cards Sparkle","Shop Mod","StSLib"],"gold_per_floor":[109,122,141,141,159,159,184,203,249,249,249],"floor_reached":10,"language":"ZHS","playtime":505,"items_purged":[],"score":119,"play_id":"2f7acc72-f9a3-4c7f-b47e-18847d7fef3e","local_time":"20210215235432","is_ascension_mode":true,"campfire_choices":[{"data":"Acrobatics","floor":6,"key":"SMITH"}],"circlet_count":0,"master_deck":["AscendersBane","Strike_G","Strike_G","Strike_G","Strike_G","Strike_G","Defend_G","Defend_G","Defend_G","Defend_G","Defend_G","Survivor","Neutralize+1","Backflip","Acrobatics+1","Tactician","Grand Finale"],"relics":["Philosopher\u0027s Stone","Thread and Needle","Bag of Preparation"],"acts_visited":["Exordium"],"potions_floor_usage":[7,7],"damage_taken":[{"damage":0,"enemies":"Cultist","floor":1,"turns":5},{"damage":6,"enemies":"Jaw Worm","floor":2,"turns":6},{"damage":6,"enemies":"Small Slimes","floor":3,"turns":4},{"damage":2,"enemies":"Exordium Wildlife","floor":5,"turns":4},{"damage":33,"enemies":"Lagavulin","floor":7,"turns":12},{"damage":3,"enemies":"3 Louse","floor":8,"turns":6},{"damage":15,"enemies":"3 Sentries","floor":10,"turns":6}],"seed_played":"-7030051837494498805","potions_obtained":[{"floor":1,"key":"Swift Potion"},{"floor":2,"key":"Poison Potion"},{"floor":5,"key":"DuplicationPotion"}],"is_trial":false,"path_per_floor":["M","M","M","?","M","R","E","M","T","E"],"character_chosen":"THE_SILENT","items_purchased":[],"campfire_rested":0,"item_purchase_floors":[],"current_hp_per_floor":[59,53,47,47,45,45,12,9,9,0,0],"gold":249,"neow_bonus":"BOSS_RELIC","is_daily":false,"chose_seed":false,"campfire_upgraded":1,"win_rate":0.0,"timestamp":1613404472,"path_taken":["M","M","?","?","M","R","E","M","T","E"],"items_purchased_type":[],"build_version":"2020-12-22","purchased_purges":0,"victory":false,"max_hp_per_floor":[66,66,66,66,66,66,66,66,66,66,66],"card_choices":[{"not_picked":["Finisher","Infinite Blades","Sucker Punch"],"picked":"SKIP","floor":1},{"not_picked":["Predator","All Out Attack"],"picked":"Backflip","floor":2},{"not_picked":["Quick Slash","Distraction"],"picked":"Acrobatics","floor":3},{"not_picked":["Blur","Distraction"],"picked":"Tactician","floor":5},{"not_picked":["Deadly Poison","Blade Dance"],"picked":"Grand Finale","floor":7},{"not_picked":["Poisoned Stab","Bane","PiercingWail"],"picked":"SKIP","floor":8}],"player_experience":539960,"relics_obtained":[{"floor":7,"key":"Thread and Needle"},{"floor":9,"key":"Bag of Preparation"}],"event_choices":[{"damage_healed":0,"gold_gain":0,"player_choice":"Upgraded","damage_taken":0,"max_hp_gain":0,"max_hp_loss":0,"event_name":"Upgrade Shrine","floor":4,"gold_loss":0,"cards_upgraded":["Neutralize"]}],"is_beta":false,"boss_relics":[],"items_purged_floors":[],"is_endless":false,"potions_floor_spawned":[1,2,5],"killed_by":"3 Sentries","ascension_level":14}}