{"host":"ormi09wwzv7sq47a","time":1613410184,"event":{"mods":["2.2 Compatiblity","AchievementEnabler","Act Like it!","BaseMod","Bestiary","Better Altar","Better Note","Better Sensory Stone","Better Silent Start","Better Skull","Better Third Choice","Better Vampires","BetterRewards","Block Reminder","Card Forge","Colored Map","Colored Powertips","Curses Come First","DeckTracker","Downfall","Highlight Path","Minty Spire (QoL Compilation)","Permanent Neow","Quick Restart","Rare Cards Sparkle","Relic Stats","Shop Mod","StSLib","The Jungle"],"gold_per_floor":[116,132,32,32,32,32,66,66,89,89,89,89],"floor_reached":11,"language":"ENG","playtime":262,"items_purged":["Bash","Strike_R"],"score":131,"play_id":"89d4330f-cd06-4f0e-986a-47318319f685","local_time":"20210215142944","is_ascension_mode":true,"campfire_choices":[{"data":"Secret Weapon","floor":6,"key":"SMITH"},{"data":"Heavy Blade","floor":8,"key":"SMITH"},{"data":"Twin Strike","floor":10,"key":"SMITH"}],"circlet_count":0,"master_deck":["AscendersBane","Strike_R","Strike_R","Strike_R","Strike_R","Defend_R","Defend_R","Defend_R+1","Inflame+1","Bloodletting+1","Shrug It Off","Twin Strike+1","Secret Weapon+1","Heavy Blade+1"],"relics":["Burning Blood","Hammer of Thor","Seething Fire","Anvil of the Gods","Frozen Egg 2","Shovel","Red Skull","WingedGreaves","War Paint"],"acts_visited":["Exordium"],"potions_floor_usage":[],"damage_taken":[{"damage":0.0,"enemies":"Small Slimes","floor":1.0,"turns":2.0},{"damage":8,"enemies":"2 Louse","floor":2,"turns":4},{"damage":27,"enemies":"Lagavulin","floor":7,"turns":6},{"damage":20,"enemies":"3 Sentries","floor":11,"turns":2}],"seed_played":"-7076946343501776711","potions_obtained":[{"floor":2,"key":"Ancient Potion"}],"is_trial":false,"path_per_floor":["M","M","$","?","?","R","E","R","T","R","E"],"character_chosen":"IRONCLAD","items_purchased":["Frozen Egg 2","Red Skull","Inflame+1","Bloodletting"],"campfire_rested":0,"item_purchase_floors":[0,0,0,0],"current_hp_per_floor":[39,37,37,37,37,37,16,16,16,16,0,0],"gold":89,"neow_bonus":"","is_daily":false,"chose_seed":false,"campfire_upgraded":3,"win_rate":0.0,"timestamp":1613410184,"path_taken":["M","M","$","?","?","R","E","R","T","R","E"],"items_purchased_type":["Relic","Relic","Card","Card"],"build_version":"2020-12-22","purchased_purges":2,"victory":false,"max_hp_per_floor":[75,75,75,75,75,75,75,75,75,75,75,75],"relic_stats":{"Shovel":0,"counters":[4,14],"War Paint":["Bloodletting","Defend_R"],"obtain_stats":[{"Shovel":0,"Anvil of the Gods":0,"Hammer of Thor":0,"WingedGreaves":7,"Seething Fire":0,"Frozen Egg 2":0,"War Paint":9,"Burning Blood":0,"Red Skull":0},{"Shovel":0,"Anvil of the Gods":0,"Hammer of Thor":0,"WingedGreaves":3,"Seething Fire":0,"Frozen Egg 2":0,"War Paint":3,"Burning Blood":0,"Red Skull":0},{"Shovel":0,"Anvil of the Gods":0,"Hammer of Thor":0,"WingedGreaves":12,"Seething Fire":0,"Frozen Egg 2":0,"War Paint":12,"Burning Blood":0,"Red Skull":0}],"Burning Blood":18},"card_choices":[{"not_picked":["Dropkick","Infernal Blade"],"picked":"Shrug It Off","floor":1.0},{"not_picked":["Sever Soul","Flex"],"picked":"Twin Strike","floor":2},{"not_picked":["Metamorphosis","Enlightenment"],"picked":"Secret Weapon","floor":5},{"not_picked":["Entrench","Sever Soul"],"picked":"Heavy Blade","floor":7}],"player_experience":1088986,"relics_obtained":[{"floor":7,"key":"WingedGreaves"},{"floor":9,"key":"War Paint"}],"event_choices":[{"cards_removed":["Defend_R"],"damage_healed":0,"gold_gain":0,"player_choice":"Forget","damage_taken":0,"max_hp_gain":0,"max_hp_loss":0,"event_name":"Living Wall","floor":4,"gold_loss":0},{"damage_healed":0,"gold_gain":1,"player_choice":"1","damage_taken":0,"max_hp_gain":0,"max_hp_loss":0,"event_name":"betterStone:BetterStone","floor":5,"gold_loss":0}],"is_beta":false,"boss_relics":[],"items_purged_floors":[0,3],"is_endless":false,"potions_floor_spawned":[2],"killed_by":"3 Sentries","ascension_level":18}}