{"host":"in0wrqv1d65r4vfd","time":1613369493,"event":{"mods":["BaseMod","Downfall","Minty Spire (QoL Compilation)","Relic Stats","Replay The Spire","StSLib"],"gold_per_floor":[99,109,128,143,143,3,3,16,16,35,46,31,43,68,87,87,87,87],"floor_reached":16,"language":"ENG","playtime":2136,"items_purged":[],"score":106,"play_id":"3230e374-ca1a-4186-a529-fbf6eb6a3d84","local_time":"20210215011133","is_ascension_mode":false,"campfire_choices":[{"data":"bronze:Goto","floor":1,"key":"SMITH"}],"circlet_count":0,"master_deck":["bronze:Strike","bronze:Strike","bronze:Strike","bronze:Strike","bronze:Defend","bronze:Defend+1","bronze:Defend","bronze:Defend","bronze:Replicate","bronze:Goto+1","bronze:BugBarrage","bronze:Deprecate","bronze:Frontload","bronze:Spike","bronze:Explode","bronze:RecursiveStrike","bronze:ItsAFeature","bronze:MaxOutput","bronze:CutThrough","bronze:FineTuning","bronze:CloningBeam","bronze:ChosenStrike","bronze:Assembly","bronze:Shield","bronze:OilSpill","bronze:GetLatest"],"relics":["bronze:BronzeCore","White Beast Statue","Toy Ornithopter"],"acts_visited":["Exordium"],"potions_floor_usage":[8,11,13,14,16,16,16],"damage_taken":[{"damage":1,"enemies":"Jaw Worm","floor":2,"turns":5},{"damage":7,"enemies":"2 Louse","floor":3,"turns":3},{"damage":3,"enemies":"Small Slimes","floor":4,"turns":3},{"damage":41,"enemies":"Small Slimes","floor":5,"turns":7},{"damage":0,"enemies":"downfall:FleeingMerchant","floor":6,"turns":4},{"damage":4,"enemies":"Red Slaver","floor":8,"turns":3},{"damage":0,"enemies":"3 Louse","floor":10,"turns":2},{"damage":7,"enemies":"Large Slime","floor":11,"turns":7},{"damage":10,"enemies":"downfall:FleeingMerchant","floor":12,"turns":4},{"damage":0,"enemies":"2 Fungi Beasts","floor":13,"turns":4},{"damage":2,"enemies":"Lagavulin","floor":14,"turns":5},{"damage":0,"enemies":"3 Louse","floor":15,"turns":1},{"damage":18,"enemies":"WA_ARCHETYPE_RETAIN","floor":16,"turns":8}],"seed_played":"-3001844164856589209","potions_obtained":[{"floor":4,"key":"EssenceOfSteel"},{"floor":8,"key":"Ancient Potion"},{"floor":10,"key":"Guardian:BlockOnCardUsePotion"},{"floor":11,"key":"Elixir"},{"floor":12,"key":"Dexterity Potion"},{"floor":13,"key":"hexamod:SoulburnPotion"},{"floor":14,"key":"LifebloodPotion"}],"is_trial":false,"path_per_floor":["R","M","M","M","?","$","T","M","?","M","M","$","M","E","M","B"],"character_chosen":"THE_AUTOMATON","items_purchased":["bronze:MaxOutput","bronze:CutThrough"],"campfire_rested":0,"item_purchase_floors":[6,6],"current_hp_per_floor":[77,76,69,66,25,25,25,21,21,21,14,4,4,2,2,0,0,0],"gold":87,"neow_bonus":"TEN_PERCENT_HP_BONUS","is_daily":false,"chose_seed":false,"campfire_upgraded":1,"win_rate":0.0,"timestamp":1613369493,"path_taken":["R","M","M","M","?","$","T","M","?","?","M","$","M","E","M","BOSS"],"items_purchased_type":["Card","Card"],"build_version":"2020-12-22","purchased_purges":0,"victory":false,"max_hp_per_floor":[77,77,77,77,77,77,77,77,77,77,77,77,77,77,77,77,77,77],"relic_stats":{"counters":[13,56],"obtain_stats":[{"bronze:BronzeCore":0,"White Beast Statue":7,"Toy Ornithopter":14},{"bronze:BronzeCore":0,"White Beast Statue":5,"Toy Ornithopter":11},{"bronze:BronzeCore":0,"White Beast Statue":22,"Toy Ornithopter":47}],"Toy Ornithopter":15},"card_choices":[{"not_picked":["bronze:Overheat","bronze:Turbo"],"picked":"bronze:BugBarrage","floor":2},{"not_picked":["bronze:BronzeArmor","bronze:ForLoop"],"picked":"bronze:Deprecate","floor":3},{"not_picked":["bronze:WildBeam","bronze:Shield"],"picked":"bronze:Frontload","floor":4},{"not_picked":[],"picked":"bronze:Spike","floor":5},{"not_picked":[],"picked":"bronze:Explode","floor":5},{"not_picked":["bronze:Flail","bronze:DarkDash"],"picked":"bronze:RecursiveStrike","floor":5},{"not_picked":["bronze:OilSpill","bronze:NullPointer"],"picked":"bronze:ItsAFeature","floor":6},{"not_picked":["bronze:Invalidate","bronze:Turbo"],"picked":"bronze:FineTuning","floor":8},{"not_picked":["bronze:Allocate","bronze:Backtrace"],"picked":"bronze:CloningBeam","floor":10},{"not_picked":["bronze:Branch","bronze:Turbo"],"picked":"bronze:ChosenStrike","floor":11},{"not_picked":["bronze:DigitalCarnage","bronze:Invalidate"],"picked":"bronze:Assembly","floor":12},{"not_picked":["bronze:FineTuning","bronze:Iterate"],"picked":"bronze:Shield","floor":13},{"not_picked":["bronze:Iterate","bronze:Invalidate"],"picked":"bronze:OilSpill","floor":14},{"not_picked":["bronze:WhirlingStrike","bronze:Turbo"],"picked":"bronze:GetLatest","floor":15}],"player_experience":924311,"relics_obtained":[{"floor":7,"key":"White Beast Statue"},{"floor":14,"key":"Toy Ornithopter"}],"event_choices":[],"is_beta":false,"boss_relics":[],"items_purged_floors":[],"is_endless":false,"potions_floor_spawned":[4,8,10,11,12,13,14,15],"killed_by":"WA_ARCHETYPE_RETAIN","ascension_level":0}}