{"host":"xc18ixkpjvqrt8st","time":1613359758,"event":{"mods":["Act Like it!","BaseMod","Better Match","Better Third Choice","Conspire","Downfall","Hallownest","Hermit","Minty Spire (QoL Compilation)","Reliquary","Robot Space Explorer","Shop Mod","Spicy Shops","Spire Arcade","StSLib","The Animator","The Edgeheg","The Jungle","The Sage"],"gold_per_floor":[122,132,212,227,254,254,294,263,263,273,303,303,303,321,321,321,321],"floor_reached":16,"language":"ENG","playtime":731,"items_purged":[],"score":117,"play_id":"2a0eaa05-722c-4cfd-a66f-712fd8055c32","local_time":"20210214212918","is_ascension_mode":true,"campfire_choices":[{"floor":6,"key":"REST"},{"floor":13,"key":"REST"},{"floor":15,"key":"REST"}],"circlet_count":0,"master_deck":["animator:Strike_Katanagatari","animator:Defend_Katanagatari","animator:Strike","animator:Strike","animator:Strike","animator:Defend","animator:Defend","animator:Defend","animator:Azekura","animator:Emonzaemon","animator:MisaKurobane","animator:ElricAlphonse","animator:DwarfShaman","animator:Geryuganshoop","animator:Nanami","animator:Shalltear","animator:Konayuki","animator:Cocytus","animator:UneriGinkaku","animator:Sora"],"relics":["animator:LivingPicture","animator:TheMissingPiece","Peace Pipe","conspire:Dentures","Happy Flower"],"acts_visited":["Exordium"],"potions_floor_usage":[8,16],"damage_taken":[{"damage":0,"enemies":"2 Louse","floor":1,"turns":3},{"damage":0,"enemies":"Jaw Worm","floor":2,"turns":5},{"damage":1,"enemies":"conspire:RoseBush","floor":4,"turns":3},{"damage":18,"enemies":"Red Slaver","floor":5,"turns":4},{"damage":40,"enemies":"3 Sentries","floor":7,"turns":11},{"damage":2,"enemies":"Exordium Thugs","floor":8,"turns":5},{"damage":1,"enemies":"Looter","floor":10,"turns":4},{"damage":12,"enemies":"Large Slime","floor":11,"turns":8},{"damage":7,"enemies":"3 Louse","floor":14,"turns":3},{"damage":34,"enemies":"The Guardian","floor":16,"turns":6}],"seed_played":"3855308008200448238","potions_obtained":[{"floor":2,"key":"Weak Potion"},{"floor":4,"key":"Block Potion"},{"floor":11,"key":"SpeedPotion"},{"floor":14,"key":"Weak Potion"}],"is_trial":false,"path_per_floor":["M","M","?","M","M","R","E","M","T","M","M","?","R","M","R","B"],"character_chosen":"THE_ANIMATOR","items_purchased":[],"campfire_rested":3,"item_purchase_floors":[],"current_hp_per_floor":[66,66,66,65,47,66,26,25,25,25,13,1,21,14,34,0,0],"gold":321,"neow_bonus":"RANDOM_COLORLESS","is_daily":false,"chose_seed":false,"campfire_upgraded":0,"win_rate":0.0,"timestamp":1613359758,"path_taken":["M","M","?","M","M","R","E","M","T","M","M","?","R","M","R","BOSS"],"items_purchased_type":[],"build_version":"2020-12-22","purchased_purges":0,"victory":false,"max_hp_per_floor":[66,66,66,66,66,66,66,67,67,68,68,68,68,68,68,68,68],"card_choices":[{"not_picked":["animator:MamizouFutatsuiwa","animator:Magilou"],"picked":"animator:MisaKurobane","floor":0},{"not_picked":["animator:PandorasActor","animator:Cocytus"],"picked":"animator:ElricAlphonse","floor":1},{"not_picked":["animator:LizardPriest","animator:Demiurge"],"picked":"animator:DwarfShaman","floor":2},{"not_picked":["animator:FielNirvalen","animator:Pride"],"picked":"animator:Geryuganshoop","floor":4},{"not_picked":["animator:Azekura","animator:ZankiKiguchi"],"picked":"animator:Nanami","floor":5},{"not_picked":["animator:SilverFang","animator:Shiro"],"picked":"animator:Shalltear","floor":7},{"not_picked":["animator:Priestess","animator:Mitsuba"],"picked":"animator:Konayuki","floor":8},{"not_picked":["animator:ElricAlphonse","animator:SilverFang"],"picked":"animator:Cocytus","floor":10},{"not_picked":["animator:Nanami","animator:Emonzaemon"],"picked":"animator:UneriGinkaku","floor":11},{"not_picked":["animator:DolaStephanie","animator:Sebas"],"picked":"animator:Sora","floor":14}],"player_experience":725239,"relics_obtained":[{"floor":7,"key":"Peace Pipe"},{"floor":9,"key":"conspire:Dentures"}],"event_choices":[{"damage_healed":0,"gold_gain":1,"player_choice":"Relic ","damage_taken":12,"max_hp_gain":0,"max_hp_loss":0,"event_name":"betterThird:BetterScrap","floor":12,"gold_loss":0,"cards_obtained":["Expertise"]}],"is_beta":false,"boss_relics":[],"items_purged_floors":[],"is_endless":false,"potions_floor_spawned":[2,4,11,14],"killed_by":"The Guardian","ascension_level":2}}