{"host":"uv5ws9rdk87e8i5k","time":1613369720,"event":{"mods":["AchievementEnabler","BaseMod","Colored Map","Minty Spire (QoL Compilation)","Permanent Neow","Quick Restart","StSLib","SuperFastMode","The Necromancer"],"gold_per_floor":[14,31,31,52,52,85,85,126,149,66,89,108,149,149,149,272,272,287,305,180,201,181,220,220,558,558,572,136,171,33,53,53,183,183,208,232,245,270,270,310,310,585,610,164,195,215,251,270,270,270,270,270,7,51,51],"floor_reached":56,"language":"ENG","playtime":2009,"items_purged":["Strike_B","Strike_B","Regret","Normality"],"score":1598,"play_id":"9fe9d4cb-ae6b-4271-9aff-4986e553b269","local_time":"20210215001520","is_ascension_mode":true,"campfire_choices":[{"floor":7.0,"key":"REST"},{"data":"Skim","floor":15.0,"key":"SMITH"},{"data":"Coolheaded","floor":24.0,"key":"SMITH"},{"data":"Double Energy","floor":32.0,"key":"SMITH"},{"floor":41.0,"key":"RECALL"},{"data":"Buffer","floor":49.0,"key":"SMITH"},{"data":"Amplify","floor":52.0,"key":"SMITH"}],"circlet_count":0,"master_deck":["Strike_B+1","Strike_B+1","Defend_B","Defend_B","Defend_B","Defend_B+1","Zap","Dualcast","Skim+1","Ball Lightning","Coolheaded+1","Doom and Gloom","Glacier+1","Self Repair","Conserve Battery","Undo","Echo Form","Compile Driver+1","Thunder Strike","White Noise+1","Double Energy+1","Self Repair","Machine Learning","Heatsinks","Buffer+1","Storm+1","Defragment","Force Field+1","Madness","Madness","Amplify+1","Static Discharge+1","White Noise","Defragment+1","Consume"],"relics":["Cracked Core","FossilizedHelix","Golden Idol","Strawberry","Whetstone","Ancient Tea Set","War Paint","Lantern","Thread and Needle","Black Star","White Beast Statue","StoneCalendar","Du-Vu Doll","Old Coin","Bottled Tornado","Membership Card","Pantograph","Potion Belt","Bird Faced Urn","ClockworkSouvenir","Cursed Key","Toy Ornithopter","Frozen Egg 2","Mummified Hand","Runic Capacitor","Smiling Mask","Dream Catcher","Prayer Wheel","Turnip","Anchor","Ornamental Fan","Blood Vial"],"acts_visited":["Exordium","TheCity","TheBeyond","TheEnding"],"potions_floor_usage":[54,55,55,55,55],"damage_taken":[{"damage":2.0,"enemies":"Jaw Worm","floor":1.0,"turns":4.0},{"damage":0.0,"enemies":"2 Louse","floor":2.0,"turns":2.0},{"damage":0.0,"enemies":"Cultist","floor":4.0,"turns":3.0},{"damage":13.0,"enemies":"3 Sentries","floor":6.0,"turns":7.0},{"damage":13.0,"enemies":"Lagavulin","floor":8.0,"turns":7.0},{"damage":8.0,"enemies":"3 Louse","floor":11.0,"turns":2.0},{"damage":2.0,"enemies":"Exordium Thugs","floor":12.0,"turns":4.0},{"damage":11.0,"enemies":"3 Sentries","floor":13.0,"turns":7.0},{"damage":8.0,"enemies":"The Guardian","floor":16.0,"turns":11.0},{"damage":4.0,"enemies":"Spheric Guardian","floor":18.0,"turns":6.0},{"damage":12.0,"enemies":"3 Byrds","floor":19.0,"turns":4.0},{"damage":23.0,"enemies":"Snake Plant","floor":21.0,"turns":6.0},{"damage":14.0,"enemies":"Slavers","floor":23.0,"turns":7.0},{"damage":3.0,"enemies":"Book of Stabbing","floor":25.0,"turns":7.0},{"damage":6.0,"enemies":"Shelled Parasite and Fungi","floor":27.0,"turns":6.0},{"damage":24.0,"enemies":"Slavers","floor":29.0,"turns":7.0},{"damage":6.0,"enemies":"Cultist and Chosen","floor":31.0,"turns":5.0},{"damage":10.0,"enemies":"Automaton","floor":33.0,"turns":8.0},{"damage":9.0,"enemies":"Orb Walker","floor":35.0,"turns":6.0},{"damage":33.0,"enemies":"3 Shapes","floor":36.0,"turns":5.0},{"damage":42.0,"enemies":"Jaw Worm Horde","floor":37.0,"turns":5.0},{"damage":0.0,"enemies":"Spire Growth","floor":38.0,"turns":4.0},{"damage":25.0,"enemies":"Reptomancer","floor":40.0,"turns":3.0},{"damage":7.0,"enemies":"Nemesis","floor":45.0,"turns":6.0},{"damage":4.0,"enemies":"Sphere and 2 Shapes","floor":46.0,"turns":2.0},{"damage":0.0,"enemies":"Giant Head","floor":47.0,"turns":6.0},{"damage":40.0,"enemies":"Transient","floor":48.0,"turns":5.0},{"damage":38.0,"enemies":"Donu and Deca","floor":50.0,"turns":5.0},{"damage":33,"enemies":"Shield and Spear","floor":54,"turns":4},{"damage":33,"enemies":"The Heart","floor":55,"turns":6}],"seed_played":"4403253622180168029","potions_obtained":[{"floor":2.0,"key":"Dexterity Potion"},{"floor":4.0,"key":"Strength Potion"},{"floor":11.0,"key":"Weak Potion"},{"floor":16.0,"key":"SpeedPotion"},{"floor":19.0,"key":"PowerPotion"},{"floor":22.0,"key":"EssenceOfDarkness"},{"floor":23.0,"key":"SneckoOil"},{"floor":25.0,"key":"Dexterity Potion"},{"floor":27.0,"key":"FearPotion"},{"floor":29.0,"key":"DistilledChaos"},{"floor":31.0,"key":"Weak Potion"},{"floor":33.0,"key":"SteroidPotion"},{"floor":35.0,"key":"DuplicationPotion"},{"floor":36.0,"key":"SkillPotion"},{"floor":37.0,"key":"FairyPotion"},{"floor":38.0,"key":"Strength Potion"},{"floor":40.0,"key":"FearPotion"},{"floor":45.0,"key":"ColorlessPotion"},{"floor":46.0,"key":"GamblersBrew"},{"floor":47.0,"key":"LiquidBronze"},{"floor":48.0,"key":"Swift Potion"},{"floor":54,"key":"Weak Potion"}],"is_trial":false,"path_per_floor":["M","M","?","M","?","E","R","E","T","$","M","M","E","T","R","B",null,"M","M","$","M","?","E","R","E","T","M","$","E","$","M","R","B",null,"M","M","M","M","?","E","R","?","T","$","E","M","E","M","R","B",null,"R","$","E","B",null],"character_chosen":"DEFECT","items_purchased":["Self Repair","Conserve Battery","PowerPotion","Membership Card","Double Energy","Self Repair","Pantograph","LiquidMemories","Heatsinks","ClockworkSouvenir","FocusPotion","Mummified Hand","Amplify","Runic Capacitor","Static Discharge+1","LiquidMemories","Block Potion","Defragment+1","Anchor","Consume","Energy Potion","Regen Potion"],"campfire_rested":1,"item_purchase_floors":[10,10,20,28,28,28,28,28,30,30,30,44,44,44,44,44,44,53,53,53,53,53],"current_hp_per_floor":[73,73,69,69,34,21,43,30,30,30,29,34,30,30,30,29,76,76,71,71,55,55,48,48,52,52,60,60,50,50,72,72,66,76,76,64,58,76,66,71,71,71,71,71,76,72,76,65,65,48,76,76,76,60,76],"gold":51,"neow_bonus":"ONE_RARE_RELIC","is_daily":false,"chose_seed":false,"campfire_upgraded":5,"win_rate":0.0,"timestamp":1613369720,"path_taken":["M","M","?","M","?","E","R","E","T","?","M","M","E","?","R","BOSS","M","M","$","?","?","E","R","E","T","M","$","E","?","M","R","BOSS","M","M","M","?","?","E","R","?","T","$","E","?","E","M","R","BOSS","R","$","E","BOSS"],"items_purchased_type":["Card","Card","Potion","Relic","Card","Card","Relic","Potion","Card","Relic","Potion","Relic","Card","Relic","Card","Potion","Potion","Card","Relic","Card","Potion","Potion"],"build_version":"2020-12-22","purchased_purges":4,"victory":true,"max_hp_per_floor":[75,75,69,69,76,76,76,76,76,76,76,76,76,76,76,76,76,76,76,76,76,76,76,76,76,76,76,76,76,76,76,76,76,76,76,76,76,76,76,76,76,76,76,76,76,76,76,76,76,76,76,76,76,76,76],"card_choices":[{"not_picked":["Redo","Steam"],"picked":"Skim","floor":1.0},{"not_picked":["Redo","Sweeping Beam"],"picked":"Ball Lightning","floor":2.0},{"not_picked":["Turbo","Streamline"],"picked":"Coolheaded","floor":4.0},{"not_picked":["Ball Lightning","Rip and Tear"],"picked":"Doom and Gloom","floor":6.0},{"not_picked":["Thunder Strike","Streamline"],"picked":"Glacier","floor":8.0},{"not_picked":["Redo","Gash","Melter"],"picked":"SKIP","floor":11.0},{"not_picked":["Hologram","Leap","Static Discharge"],"picked":"SKIP","floor":12.0},{"not_picked":["Skim","Beam Cell"],"picked":"Undo","floor":13.0},{"not_picked":["Amplify","Rainbow"],"picked":"Echo Form","floor":16.0},{"not_picked":["Undo","Stack"],"picked":"Compile Driver+1","floor":18.0},{"not_picked":["Rebound","Compile Driver+1","Conserve Battery+1"],"picked":"SKIP","floor":19.0},{"not_picked":["Conserve Battery+1","Darkness+1","Barrage"],"picked":"SKIP","floor":21.0},{"not_picked":["Compile Driver","Ball Lightning"],"picked":"Thunder Strike","floor":23.0},{"not_picked":["Coolheaded","Compile Driver"],"picked":"White Noise+1","floor":25.0},{"not_picked":["Redo","Doom and Gloom","Coolheaded"],"picked":"SKIP","floor":27.0},{"not_picked":["Beam Cell","Ball Lightning+1"],"picked":"Machine Learning","floor":29.0},{"not_picked":["Scrape","Cold Snap","Ball Lightning"],"picked":"SKIP","floor":31.0},{"not_picked":["Machine Learning","Seek"],"picked":"Buffer","floor":33.0},{"not_picked":["Melter+1","Sunder+1","Rebound"],"picked":"SKIP","floor":35.0},{"not_picked":["Sweeping Beam+1","Conserve Battery"],"picked":"Storm+1","floor":36.0},{"not_picked":["Barrage+1","Conserve Battery"],"picked":"Defragment","floor":37.0},{"not_picked":["Auto Shields","Blizzard+1"],"picked":"Force Field+1","floor":38.0},{"not_picked":["Darkness+1","Multi-Cast","Genetic Algorithm"],"picked":"SKIP","floor":40.0},{"not_picked":["Melter","Steam+1","Fusion"],"picked":"SKIP","floor":45.0},{"not_picked":["Leap","Steam+1","Go for the Eyes+1"],"picked":"SKIP","floor":46.0},{"not_picked":["Gash+1","Coolheaded","Compile Driver"],"picked":"SKIP","floor":47.0},{"not_picked":["Leap","Cold Snap"],"picked":"White Noise","floor":48.0},{"not_picked":["Compile Driver+1","Coolheaded+1","Darkness"],"picked":"SKIP","floor":48.0},{"not_picked":["Streamline+1","Redo+1","Barrage+1"],"picked":"SKIP","floor":54}],"player_experience":186572,"relics_obtained":[{"floor":6.0,"key":"Whetstone"},{"floor":8.0,"key":"Ancient Tea Set"},{"floor":9.0,"key":"War Paint"},{"floor":13.0,"key":"Lantern"},{"floor":14.0,"key":"Thread and Needle"},{"floor":23.0,"key":"White Beast Statue"},{"floor":23.0,"key":"StoneCalendar"},{"floor":25.0,"key":"Du-Vu Doll"},{"floor":25.0,"key":"Old Coin"},{"floor":26.0,"key":"Bottled Tornado"},{"floor":29.0,"key":"Potion Belt"},{"floor":29.0,"key":"Bird Faced Urn"},{"floor":40.0,"key":"Toy Ornithopter"},{"floor":40.0,"key":"Frozen Egg 2"},{"floor":45.0,"key":"Smiling Mask"},{"floor":45.0,"key":"Dream Catcher"},{"floor":47.0,"key":"Prayer Wheel"},{"floor":47.0,"key":"Turnip"},{"floor":54,"key":"Ornamental Fan"},{"floor":54,"key":"Blood Vial"}],"event_choices":[{"damage_healed":0.0,"max_hp_gain":0.0,"max_hp_loss":6.0,"gold_gain":0.0,"event_name":"Golden Idol","player_choice":"Lose Max HP","floor":3.0,"gold_loss":0.0,"damage_taken":0.0,"relics_obtained":["Golden Idol"]},{"damage_healed":0.0,"max_hp_gain":0.0,"max_hp_loss":0.0,"gold_gain":0.0,"event_name":"Scrap Ooze","player_choice":"Success","floor":5.0,"gold_loss":0.0,"damage_taken":42.0,"relics_obtained":["Strawberry"]},{"damage_healed":0.0,"max_hp_gain":0.0,"max_hp_loss":0.0,"gold_gain":0.0,"event_name":"The Woman in Blue","player_choice":"Bought 1 Potion","floor":22.0,"gold_loss":0.0,"damage_taken":0.0},{"damage_healed":0.0,"max_hp_gain":0.0,"max_hp_loss":0.0,"gold_gain":0.0,"event_name":"Winding Halls","player_choice":"Embrace Madness","floor":39.0,"gold_loss":0.0,"damage_taken":10.0,"cards_obtained":["Madness","Madness"]},{"damage_healed":0.0,"max_hp_gain":0.0,"max_hp_loss":0.0,"gold_gain":275.0,"event_name":"Golden Shrine","player_choice":"Desecrate","floor":42.0,"gold_loss":0.0,"damage_taken":0.0,"cards_obtained":["Regret"]}],"is_beta":false,"boss_relics":[{"not_picked":["Runic Pyramid","Sozu"],"picked":"Black Star"},{"not_picked":["Astrolabe","Pandora\u0027s Box"],"picked":"Cursed Key"}],"items_purged_floors":[20,28,44,53],"is_endless":false,"potions_floor_spawned":[2,4,11,16,19,23,25,27,29,31,33,35,36,37,38,40,45,46,47,48,54],"ascension_level":3}}