{"host":"7c48c022du196gjj","time":1613370680,"event":{"mods":["BaseMod","Better Third Choice","Colored Map","Hubris","Minty Spire (QoL Compilation)","Monster B Gone","Quick Restart","Reliquary","Replay The Spire","Say the Spire","Smile Girya","Spicy Shops","StSLib"],"gold_per_floor":[118,118,118,137,137,164,164,190,190,190,202,227,66,94,94,172,172,187,187,207,226,43,43,43],"floor_reached":23,"language":"ENG","playtime":1402,"items_purged":["Strike_G"],"score":473,"play_id":"63218ed4-90ce-4094-8740-ea646b9411c6","local_time":"20210215003120","is_ascension_mode":true,"campfire_choices":[{"floor":7.0,"key":"REST"},{"floor":15.0,"key":"REST"}],"circlet_count":0,"master_deck":["AscendersBane","Strike_G","Strike_G","Strike_G","Defend_G","Defend_G","Defend_G","Defend_G","Defend_G","Survivor+1","Neutralize","Dagger Spray","Outmaneuver","Deadly Poison","Endless Agony","ReplayTheSpireMod:From All Sides","Bane","ReplayTheSpireMod:Speed Training","Backstab","Demon Form","Toxin Wave+1","Infinite Blades","Calculated Gamble","Pain","Heel Hook"],"relics":["Ring of the Snake","NeowsBlessing","hubris:FruitBowl","Pear","Boot","Tiny Chest","hubris:CrystalStatue","hubris:Towel","hubris:GlazedTorus","hubris:ToyBattleship","hubris:DisguiseKit","hubris:Backtick","hubris:ChampionShield","Darkstone Periapt"],"acts_visited":["Exordium","TheCity"],"potions_floor_usage":[20,21],"damage_taken":[{"damage":0.0,"enemies":"2 Louse","floor":1.0,"turns":1.0},{"damage":0.0,"enemies":"Cultist","floor":4.0,"turns":1.0},{"damage":0.0,"enemies":"Lagavulin","floor":6.0,"turns":1.0},{"damage":26.0,"enemies":"Gremlin Nob","floor":8.0,"turns":5.0},{"damage":0.0,"enemies":"Jaw Worm","floor":11.0,"turns":2.0},{"damage":2.0,"enemies":"Replay:BlueRogue","floor":12.0,"turns":5.0},{"damage":27.0,"enemies":"3 Sentries","floor":14.0,"turns":6.0},{"damage":8.0,"enemies":"The Guardian","floor":16.0,"turns":8.0},{"damage":16,"enemies":"Spheric Guardian","floor":18,"turns":4},{"damage":18,"enemies":"Shell Parasite","floor":20,"turns":4},{"damage":16,"enemies":"Snake Plant","floor":21,"turns":4},{"damage":37,"enemies":"Gremlin Leader","floor":23,"turns":4}],"seed_played":"-1638514788643101808","potions_obtained":[{"floor":6.0,"key":"Weak Potion"},{"floor":8.0,"key":"Weak Potion"},{"floor":12.0,"key":"Languid Potion"},{"floor":16.0,"key":"Weak Potion"},{"floor":21,"key":"Energy Potion"}],"is_trial":false,"path_per_floor":["M","?","$","M","?","E","R","E","T","?","M","E","$","E","R","B",null,"M","?","M","M","$","E"],"character_chosen":"THE_SILENT","items_purchased":["hubris:FruitBowl","Pear","hubris:ToyBattleship","Darkstone Periapt","Heel Hook"],"campfire_rested":2,"item_purchase_floors":[3,3,13,22,22],"current_hp_per_floor":[59,59,39,39,39,39,63,37,37,37,37,35,35,8,32,24,67,51,51,33,17,26,0,0],"gold":43,"neow_bonus":"THREE_ENEMY_KILL","is_daily":false,"chose_seed":false,"campfire_upgraded":0,"win_rate":0.0,"timestamp":1613370680,"path_taken":["M","?","?","M","?","E","R","E","T","?","M","E","$","E","R","BOSS","M","?","M","M","$","E"],"items_purchased_type":["Relic","Relic","Relic","Relic","Card"],"build_version":"2020-12-22","purchased_purges":1,"victory":false,"max_hp_per_floor":[66,66,81,81,81,81,81,81,81,81,81,81,81,81,81,81,81,81,81,81,81,90,90,90],"card_choices":[{"not_picked":["Flying Knee","Slice"],"picked":"Dagger Spray","floor":1.0},{"not_picked":["Dagger Spray","ReplayTheSpireMod:The Works"],"picked":"Deadly Poison","floor":4.0},{"not_picked":["Tactician","Finisher"],"picked":"Endless Agony","floor":6.0},{"not_picked":["Deadly Poison","Poisoned Stab"],"picked":"ReplayTheSpireMod:From All Sides","floor":8.0},{"not_picked":["Riddle With Holes","Dagger Throw"],"picked":"Bane","floor":11.0},{"not_picked":["ReplayTheSpireMod:Exploit Weakness","Outmaneuver"],"picked":"ReplayTheSpireMod:Speed Training","floor":12.0},{"not_picked":["Draining Mist","Backflip"],"picked":"Backstab","floor":14.0},{"not_picked":["Corpse Explosion","Malaise","Die Die Die"],"picked":"Demon Form","floor":16.0},{"not_picked":["Quick Slash","hubris:SlightOfHand","Clash"],"picked":"Toxin Wave+1","floor":18},{"not_picked":["hubris:SlightOfHand","Hidden Blade","Headbutt"],"picked":"Infinite Blades","floor":20},{"not_picked":["Slice","Quick Slash","Heavy Blade"],"picked":"Calculated Gamble","floor":21}],"player_experience":889026,"relics_obtained":[{"floor":6.0,"key":"Boot"},{"floor":8.0,"key":"Tiny Chest"},{"floor":9.0,"key":"hubris:CrystalStatue"},{"floor":12.0,"key":"hubris:GlazedTorus"},{"floor":14.0,"key":"hubris:DisguiseKit"}],"event_choices":[{"damage_healed":0.0,"max_hp_gain":0.0,"max_hp_loss":0.0,"gold_gain":0.0,"cards_transformed":["Strike_G"],"event_name":"Transmorgrifier","player_choice":"Transformed","floor":2.0,"gold_loss":0.0,"damage_taken":0.0,"cards_obtained":["Outmaneuver"]}],"is_beta":false,"boss_relics":[{"not_picked":["WristBlade","hubris:CrackedHourglass"],"picked":"hubris:Backtick"}],"items_purged_floors":[13],"is_endless":false,"potions_floor_spawned":[6,8,12,16,21],"killed_by":"Gremlin Leader","ascension_level":17}}