{"host":"qswkx8hggytna0kc","time":1613363124,"event":{"mods":["Aspiration","BaseMod","BetterRewards","Colored Map","Colored Powertips","Highlight Path","Hubris","Mimic Mod","Minty Spire (QoL Compilation)","MostiFishMod","Quick Restart","Replay The Spire","StSLib","SuperFastMode"],"gold_per_floor":[113,130,130,154,179,223,223,264,264,300,325,339,364,364,364,560,560,579,593,69,85,715,756,772,796,796,711,754,754,772,810,810,909,909,930,945,945,969,969,1003,1003,1003,1037,1037,1037,1076,1076,1152,1205,1205,1279,1279,1279,1632,1717,1795],"floor_reached":57,"language":"ZHS","playtime":1760,"items_purged":["Strike_R","Strike_R"],"score":2943,"play_id":"b2f3c88c-a33a-4fa7-ba91-53e66a5c1a7c","local_time":"20210215122524","is_ascension_mode":true,"campfire_choices":[{"data":"Bash","floor":7.0,"key":"SMITH"},{"data":"hubris:DuctTapeCard","floor":15,"key":"SMITH"},{"data":"MostiFishMod:ChineseTea","floor":32,"key":"SMITH"},{"data":"MostiFishMod:ForestofLight","floor":41,"key":"SMITH"},{"floor":42,"key":"DIG"},{"floor":45,"key":"DIG"},{"floor":47,"key":"DIG"},{"floor":50,"key":"RECALL"},{"floor":53,"key":"DIG"}],"circlet_count":0,"master_deck":["AscendersBane","Strike_R+1","Strike_R","Strike_R","Defend_R","Defend_R","Defend_R","Bash+1","Twin Strike","Dropkick","Twin Strike","Bludgeon","Replay:Undeath\u0027s Touch","hubris:DuctTapeCard+2","MostiFishMod:DarkDeal","Anger+1","Seeing Red","MostiFishMod:ChineseTea+1","Searing Blow","Replay:Undeath\u0027s Touch+1","MostiFishMod:ForestofLight+1","Sever Soul+1","Anger+1","ReplayTheSpireMod:Strike From Hell+1","Infernal Blade","Carnage+1","Burning Pact+1","Fiend Fire","Offering","Warcry+1","Whirlwind+1","Anger+1","Reaper","Replay:Many Hands","Wild Strike","Hemogenesis","Iron Wave+1","Replay:Undeath\u0027s Touch","Pommel Strike","ReplayTheSpireMod:Strike From Hell"],"relics":["Burning Blood","DaveBox","BirthdayGift-Icosahedron","SynthV:TestCard","Golden Idol","Nunchaku","Pantograph","hubris:DuctTape","ThornShield","aspiration:PoetsPen_weak","Replay:Ringing Soul","Pen Nib","Shovel","Centennial Puzzle","Nloth\u0027s Gift","Bag of Preparation","Philosopher\u0027s Stone","hubris:Towel","Onion Ring","hubris:PeanutButter","hubris:ToyBattleship","Pondfish Scales","The Courier","Calipers","Replay:Kaleidoscope","Replay:Bandana","Whetstone","Replay:Bottled Eggs","hubris:NiceRug","hubris:ChampionShield","Letter Opener","MetatronsCube","hubris:SlimyHat"],"acts_visited":["Exordium","TheCity","TheBeyond","TheEnding"],"potions_floor_usage":[24,56],"damage_taken":[{"damage":0.0,"enemies":"Small Slimes","floor":1.0,"turns":2.0},{"damage":0.0,"enemies":"Jaw Worm","floor":2.0,"turns":3.0},{"damage":0.0,"enemies":"Cultist","floor":4.0,"turns":2.0},{"damage":0.0,"enemies":"2 Fungi Beasts","floor":5.0,"turns":3.0},{"damage":0.0,"enemies":"Lagavulin","floor":6.0,"turns":3.0},{"damage":8.0,"enemies":"3 Sentries","floor":8.0,"turns":5.0},{"damage":0,"enemies":"Lagavulin","floor":10,"turns":2},{"damage":0,"enemies":"Red Slaver","floor":11,"turns":2},{"damage":6,"enemies":"Exordium Thugs","floor":12,"turns":3},{"damage":0,"enemies":"Exordium Wildlife","floor":13,"turns":3},{"damage":35,"enemies":"Hexaghost","floor":16,"turns":3},{"damage":0,"enemies":"Spheric Guardian","floor":18,"turns":2},{"damage":11,"enemies":"2 Thieves","floor":19,"turns":2},{"damage":10,"enemies":"Snake Plant","floor":21,"turns":1},{"damage":0,"enemies":"Gremlin Leader","floor":23,"turns":3},{"damage":14,"enemies":"Centurion and Healer","floor":24,"turns":3},{"damage":1,"enemies":"Cultist and Chosen","floor":25,"turns":2},{"damage":0,"enemies":"Book of Stabbing","floor":28,"turns":2},{"damage":5,"enemies":"Snake Plant","floor":30,"turns":1},{"damage":0,"enemies":"Slavers","floor":31,"turns":1},{"damage":5,"enemies":"Collector","floor":33,"turns":2},{"damage":14,"enemies":"3 Shapes","floor":35,"turns":1},{"damage":5,"enemies":"Orb Walker","floor":36,"turns":1},{"damage":0,"enemies":"3 Darklings","floor":38,"turns":2},{"damage":0,"enemies":"Nemesis","floor":40,"turns":1},{"damage":1,"enemies":"Giant Head","floor":43,"turns":2},{"damage":1,"enemies":"Jaw Worm Horde","floor":46,"turns":3},{"damage":0,"enemies":"Nemesis","floor":48,"turns":1},{"damage":0,"enemies":"Jaw Worm Horde","floor":49,"turns":2},{"damage":0,"enemies":"hubris:GrandSnecko","floor":51,"turns":1},{"damage":20,"enemies":"hubris:Merchant","floor":54,"turns":3},{"damage":0,"enemies":"Shield and Spear","floor":55,"turns":1},{"damage":23,"enemies":"The Heart","floor":56,"turns":3}],"seed_played":"5505615201691938604","potions_obtained":[{"floor":1.0,"key":"FairyPotion"},{"floor":4.0,"key":"LifebloodPotion"},{"floor":24,"key":"Fruit Juice"},{"floor":25,"key":"Block Potion"}],"is_trial":false,"path_per_floor":["M","M","?","M","M","E","R","E","T","E","M","M","M","?","R","B",null,"M","M","$","M","?","E","M","M","T","?","E","?","M","E","R","B",null,"M","M","?","M","?","E","R","R","E","T","R","MIM","R","E","M","R","B",null,"R","$","E","B",null],"character_chosen":"IRONCLAD","items_purchased":["MostiFishMod:ForestofLight","Replay:Ringing Soul"],"campfire_rested":0,"item_purchase_floors":[20,20],"current_hp_per_floor":[75,75,49,56,63,70,70,69,69,75,75,75,75,75,75,47,68,75,71,71,75,6,30,47,72,72,72,91,91,98,101,101,104,104,100,105,105,113,113,116,116,116,119,119,119,122,122,125,128,128,128,128,128,118,134,118],"gold":1795,"neow_bonus":"THREE_CARDS","is_daily":false,"chose_seed":false,"campfire_upgraded":4,"win_rate":0.0,"timestamp":1613363124,"path_taken":["M","M","?","M","M","E","R","E","T","E","M","M","M","?","R","BOSS","M","M","$","M","?","E","M","?","T","?","E","?","?","E","R","BOSS","M","M","?","M","?","E","R","R","E","T","R","?","R","E","M","R","BOSS","R","$","E","BOSS"],"items_purchased_type":["Card","Relic"],"build_version":"2020-12-22","purchased_purges":2,"victory":true,"max_hp_per_floor":[75,75,75,75,75,75,75,75,75,75,75,75,75,75,75,75,75,75,75,75,78,78,81,89,92,92,92,95,95,98,101,101,104,104,107,110,110,113,113,116,116,116,119,119,119,122,122,125,128,128,128,128,128,131,134,134],"card_choices":[{"not_picked":["Inflame","Run Through"],"picked":"Twin Strike","floor":0.0},{"not_picked":["MostiFishMod:BrandingRite","Warcry"],"picked":"Dropkick","floor":1.0},{"not_picked":["Run Through","Body Slam","Iron Wave","hubris:SharpeningStone"],"picked":"Twin Strike","floor":2.0},{"not_picked":["MostiFishMod:#F4004","Wild Strike","Dual Wield","Hemokinesis"],"picked":"Anger","floor":4.0},{"not_picked":["Warcry","Metallicize","Body Slam","Rupture"],"picked":"ReplayTheSpireMod:Strike From Hell","floor":5.0},{"not_picked":["Warcry","Dark Embrace","Anger","Pummel"],"picked":"Bludgeon","floor":6.0},{"not_picked":["Combust","Sword Boomerang","Second Wind","Clash"],"picked":"Replay:Undeath\u0027s Touch","floor":8.0},{"not_picked":["Life Link","Infernal Blade","Wild Strike","Sword Boomerang"],"picked":"MostiFishMod:DarkDeal","floor":10},{"not_picked":["Clothesline","Sword Boomerang","Second Wind","Heavy Blade","Evolve"],"picked":"SKIP","floor":11},{"not_picked":["hubris:ReadiedAction","Blood for Blood","Power Through","Disarm"],"picked":"Anger","floor":12},{"not_picked":["Armaments","hubris:ReadiedAction","Thunderclap","Flex"],"picked":"Seeing Red","floor":13},{"not_picked":["Berserk","MostiFishMod:OrdinaryWorld","Limit Break","MostiFishMod:Mania"],"picked":"MostiFishMod:ChineseTea","floor":16},{"not_picked":["Run Through","Armaments","Power Through","Cleave"],"picked":"Searing Blow","floor":18},{"not_picked":["Blood for Blood","Seeing Red","Intimidate","Entrench"],"picked":"Replay:Undeath\u0027s Touch+1","floor":19},{"not_picked":["Iron Wave","Cleave","Rupture","Feel No Pain"],"picked":"Sever Soul+1","floor":21},{"not_picked":["Dropkick","Massacre","Flex","MostiFishMod:BrandingRite"],"picked":"Anger","floor":23},{"not_picked":["Cleave","Seeing Red","Power Through","Iron Wave"],"picked":"ReplayTheSpireMod:Strike From Hell","floor":24},{"not_picked":["Shockwave","ReplayTheSpireMod:Strike From Hell","True Grit","Run Through"],"picked":"Infernal Blade","floor":25},{"not_picked":["Brutality","Heavy Blade","Shrug It Off","Wild Strike+1"],"picked":"Carnage+1","floor":28},{"not_picked":["Clash","Limit Break","Exhume","Flex"],"picked":"Burning Pact+1","floor":30},{"not_picked":["Armaments","Hemokinesis+1","ReplayReversal","Whirlwind"],"picked":"Fiend Fire","floor":31},{"not_picked":["MostiFishMod:WingOfPhoenix","MostiFishMod:Mania","Hemogenesis","Bludgeon"],"picked":"Offering","floor":33},{"not_picked":["Ghostly Armor","Dark Embrace","Inflame","Run Through"],"picked":"Warcry+1","floor":35},{"not_picked":["Iron Wave","Combust+1","Heavy Blade+1","hubris:ReadiedAction+1"],"picked":"Whirlwind+1","floor":36},{"not_picked":["Demon Form","Dual Wield","hubris:SharpeningStone","Disarm"],"picked":"Anger","floor":38},{"not_picked":["Intimidate","Run Through","Life Link","Power Through"],"picked":"Reaper","floor":40},{"not_picked":["Cleave","MostiFishMod:Chiaki","Twin Strike","Feel No Pain"],"picked":"Replay:Many Hands","floor":43},{"not_picked":["Run Through","Flex+1","Rupture","Abandon"],"picked":"Wild Strike","floor":46},{"not_picked":["MostiFishMod:ChineseTea","Hemokinesis+1","Demon Form","Armaments"],"picked":"Hemogenesis","floor":48},{"not_picked":["hubris:SharpeningStone","Clothesline+1","Body Slam","Cleave+1"],"picked":"Iron Wave+1","floor":49},{"not_picked":[],"picked":"Replay:Undeath\u0027s Touch","floor":54},{"not_picked":[],"picked":"Pommel Strike","floor":54},{"not_picked":["Flex"],"picked":"SKIP","floor":54},{"not_picked":["hubris:ReadiedAction"],"picked":"SKIP","floor":54},{"not_picked":["Metallicize"],"picked":"SKIP","floor":54},{"not_picked":["Trip"],"picked":"SKIP","floor":54},{"not_picked":["Apotheosis"],"picked":"SKIP","floor":54},{"not_picked":["Reckless Charge","Twin Strike","Defy Death","Bloodletting"],"picked":"ReplayTheSpireMod:Strike From Hell","floor":55}],"player_experience":406546,"relics_obtained":[{"floor":1.0,"key":"SynthV:TestCard"},{"floor":6.0,"key":"Nunchaku"},{"floor":8.0,"key":"Pantograph"},{"floor":9.0,"key":"hubris:DuctTape"},{"floor":10,"key":"ThornShield"},{"floor":23,"key":"Pen Nib"},{"floor":28,"key":"Centennial Puzzle"},{"floor":31,"key":"Bag of Preparation"},{"floor":40,"key":"Onion Ring"},{"floor":42,"key":"hubris:PeanutButter"},{"floor":43,"key":"hubris:ToyBattleship"},{"floor":44,"key":"Pondfish Scales"},{"floor":45,"key":"The Courier"},{"floor":46,"key":"Calipers"},{"floor":46,"key":"Replay:Kaleidoscope"},{"floor":47,"key":"Replay:Bandana"},{"floor":48,"key":"Whetstone"},{"floor":53,"key":"Replay:Bottled Eggs"},{"floor":54,"key":"hubris:ChampionShield"},{"floor":54,"key":"Letter Opener"},{"floor":54,"key":"MetatronsCube"},{"floor":55,"key":"hubris:SlimyHat"}],"event_choices":[{"damage_healed":0.0,"max_hp_gain":0.0,"max_hp_loss":0.0,"gold_gain":0.0,"event_name":"Golden Idol","player_choice":"Take Damage","floor":3.0,"gold_loss":0.0,"damage_taken":26.0,"relics_obtained":["Golden Idol"]},{"damage_healed":0,"gold_gain":630,"player_choice":"GOLD GOLD GOLD GOLD GOLD GOLD GOLD ","damage_taken":69,"max_hp_gain":0,"max_hp_loss":0,"event_name":"Knowing Skull","floor":22,"potions_obtained":[],"gold_loss":0,"cards_obtained":[]},{"damage_healed":0,"gold_gain":0,"player_choice":"Obtained Relic","damage_taken":0,"relics_obtained":["Shovel"],"max_hp_gain":0,"max_hp_loss":0,"event_name":"Addict","floor":27,"gold_loss":85},{"damage_healed":0,"gold_gain":0,"player_choice":"Traded Relic","damage_taken":0,"relics_obtained":["Nloth\u0027s Gift"],"max_hp_gain":0,"max_hp_loss":0,"event_name":"N\u0027loth","floor":29,"relics_lost":["hubris:Icosahedron"],"gold_loss":0},{"cards_removed":["Defend_R"],"damage_healed":0,"gold_gain":0,"player_choice":"Removed Skill","damage_taken":0,"max_hp_gain":0,"max_hp_loss":0,"event_name":"Falling","floor":39,"gold_loss":0}],"is_beta":false,"boss_relics":[{"not_picked":["SacredBark","aspiration:FutureDiary"],"picked":"aspiration:PoetsPen_weak"},{"not_picked":["Replay:Drink Me","hubris:BlackHole"],"picked":"Philosopher\u0027s Stone"}],"items_purged_floors":[20,54],"is_endless":false,"potions_floor_spawned":[1,4,8,11,12,21,24,25,28,43,48,49,55],"ascension_level":18}}