{"host":"2pkirg8lp2j2yw4c","time":1613349924,"event":{"mods":["AchievementEnabler","BaseMod","BetterRewards","Colored Map","Colored Powertips","Curses Come First","Googly Eyes","Hubris","Infinite Spire","Minty Spire (QoL Compilation)","Quick Restart","Reliquary","StSLib","slay the spire mod where everything is the same but ironclad has a cowboy hat"],"gold_per_floor":[110,128,128,144,161,161,193,193,193,225,238,203,203,216,216,314,314,324,343,343,442,442,476,476,476,476,504,517,531,562,576,576,675,675,688,429,429,442,369,369,403,417,417,432,462,477,510,526,526,526,526,526,127,154,154],"floor_reached":56,"language":"ENG","playtime":3919,"items_purged":["Fission+1","Normality"],"score":1980,"play_id":"596aee53-26d5-459b-87db-24bc4edb1e47","local_time":"20210214194523","is_ascension_mode":true,"campfire_choices":[{"data":"Echo Form","floor":6,"key":"SMITH"},{"data":"Defragment","floor":13,"key":"SMITH"},{"data":"Hologram","floor":15,"key":"SMITH"},{"data":"hubris:Rewind","floor":24,"key":"SMITH"},{"data":"infinitespire:Collect","floor":32,"key":"SMITH"},{"floor":49,"key":"RECALL"},{"data":"infinitespire:SevenWalls","floor":52,"key":"SMITH"}],"circlet_count":0,"master_deck":["Zap+1","Dualcast","Chill","Sweeping Beam+1","Echo Form+1","Barrage","Genetic Algorithm","Hologram+1","Self Repair","Defragment+1","Buffer","Seek","Go for the Eyes","Doom and Gloom+1","Static Discharge","Reboot","Heatsinks","Coolheaded","Stack+1","Turbo","hubris:Rewind+1","Defragment+1","infinitespire:Collect+1","Loop","Ball Lightning+1","Defragment","Capacitor+1","Genetic Algorithm","infinitespire:SevenWalls+1","Turbo+1","Aggregate+1","Redo+1","Blizzard","hubris:EnhanceAbility","Capacitor"],"relics":["Cracked Core","Mango","Membership Card","reliquary:JackalopeAntler","reliquary:LoveEmittingDiode","Runic Capacitor","Singing Bowl","hubris:CuriousFeather","hubris:FunFungus","reliquary:PorcupineQuills","hubris:CrystalStatue","Pandora\u0027s Box","Lizard Tail","White Beast Statue","Torii","hubris:TenFootPole","reliquary:TridentHead","Cursed Key","War Paint","Oddly Smooth Stone","DollysMirror","Orrery","Whetstone","reliquary:RosewoodLute","Potion Belt","Ginger","reliquary:Knoch"],"acts_visited":["Exordium","TheCity","TheBeyond","TheEnding"],"potions_floor_usage":[23,30,30,35,41,41,42,48,54,55,55,55,55],"damage_taken":[{"damage":0.0,"enemies":"2 Louse","floor":1.0,"turns":2.0},{"damage":5,"enemies":"Small Slimes","floor":2,"turns":2},{"damage":0,"enemies":"Cultist","floor":4,"turns":4},{"damage":18,"enemies":"Exordium Wildlife","floor":5,"turns":4},{"damage":20,"enemies":"Lagavulin","floor":7,"turns":8},{"damage":15,"enemies":"3 Sentries","floor":10,"turns":9},{"damage":3,"enemies":"Looter","floor":11,"turns":3},{"damage":17,"enemies":"3 Louse","floor":14,"turns":4},{"damage":3,"enemies":"Slime Boss","floor":16,"turns":8},{"damage":0,"enemies":"Chosen","floor":18,"turns":5},{"damage":1,"enemies":"Shell Parasite","floor":19,"turns":7},{"damage":21,"enemies":"Slavers","floor":23,"turns":4},{"damage":0,"enemies":"Nightmare","floor":27,"turns":8},{"damage":0,"enemies":"Snake Plant","floor":28,"turns":3},{"damage":0,"enemies":"Centurion and Healer","floor":29,"turns":4},{"damage":22,"enemies":"Slavers","floor":30,"turns":6},{"damage":18,"enemies":"Chosen and Byrds","floor":31,"turns":4},{"damage":22,"enemies":"hubris:MusketHawk","floor":33,"turns":6},{"damage":7,"enemies":"3 Darklings","floor":35,"turns":4},{"damage":0,"enemies":"3 Shapes","floor":38,"turns":3},{"damage":9,"enemies":"Giant Head","floor":41,"turns":6},{"damage":0,"enemies":"Spire Growth","floor":42,"turns":4},{"damage":0,"enemies":"Maw","floor":44,"turns":7},{"damage":3,"enemies":"Nemesis","floor":45,"turns":9},{"damage":0,"enemies":"3 Darklings","floor":46,"turns":4},{"damage":15,"enemies":"Giant Head","floor":47,"turns":6},{"damage":20,"enemies":"Sphere and 2 Shapes","floor":48,"turns":6},{"damage":22,"enemies":"hubris:GrandSnecko","floor":50,"turns":6},{"damage":23,"enemies":"Shield and Spear","floor":54,"turns":3},{"damage":66,"enemies":"The Heart","floor":55,"turns":6}],"seed_played":"-1607137244403432750","potions_obtained":[{"floor":7,"key":"SpeedPotion"},{"floor":10,"key":"GamblersBrew"},{"floor":14,"key":"Ancient Potion"},{"floor":16,"key":"Fire Potion"},{"floor":23,"key":"Swift Potion"},{"floor":27,"key":"Regen Potion"},{"floor":30,"key":"ColorlessPotion"},{"floor":31,"key":"AttackPotion"},{"floor":33,"key":"Fruit Juice"},{"floor":35,"key":"FocusPotion"},{"floor":38,"key":"PotionOfCapacity"},{"floor":41,"key":"Ancient Potion"},{"floor":42,"key":"LiquidBronze"},{"floor":44,"key":"Fire Potion"},{"floor":47,"key":"BlessingOfTheForge"},{"floor":48,"key":"PotionOfCapacity"},{"floor":54,"key":"Explosive Potion"}],"is_trial":false,"path_per_floor":["M","M","?","M","M","R","E","?","T","E","M","?","R","M","R","B",null,"M","M","AVR","?","?","E","R","?","T","NM","M","M","E","M","R","B",null,"M","$","?","M","$","?","E","M","T","M","E","M","E","M","R","B",null,"R","$","E","B",null],"character_chosen":"DEFECT","items_purchased":["Membership Card","reliquary:JackalopeAntler","reliquary:LoveEmittingDiode","Chill","Runic Capacitor","War Paint","Oddly Smooth Stone","DollysMirror","Orrery","Ginger","infinitespire:BlackPotion","hubris:EnhanceAbility","Capacitor"],"campfire_rested":0,"item_purchase_floors":[0,0,0,0,0,36,36,36,39,53,53,53,53],"current_hp_per_floor":[65,60,60,60,42,42,22,22,22,16,20,42,42,34,34,31,75,84,89,89,89,89,85,85,85,85,91,91,93,93,93,93,81,93,92,92,80,90,98,112,112,114,114,116,118,118,116,114,114,106,117,117,117,103,50],"gold":154,"neow_bonus":"","is_daily":false,"chose_seed":false,"campfire_upgraded":6,"win_rate":0.0,"timestamp":1613349923,"path_taken":["M","M","?","M","M","R","E","?","T","E","?","?","R","M","R","BOSS","M","M","AVR","?","?","E","R","?","T","NM","?","M","E","M","R","BOSS","M","?","?","M","$","?","E","M","T","M","E","?","E","M","R","BOSS","R","$","E","BOSS"],"items_purchased_type":["Relic","Relic","Relic","Card","Relic","Relic","Relic","Relic","Relic","Relic","Potion","Card","Card"],"build_version":"2020-12-22","purchased_purges":2,"victory":true,"max_hp_per_floor":[89,89,89,89,89,89,89,89,89,89,89,89,89,89,89,89,89,89,89,89,89,89,91,91,91,91,91,91,93,93,95,95,97,97,102,102,102,104,112,112,112,114,114,116,118,118,118,120,120,120,120,120,120,122,122],"card_choices":[{"not_picked":["Stack","Auto Shields"],"picked":"Sweeping Beam","floor":1.0},{"not_picked":["Go for the Eyes","Compile Driver"],"picked":"Echo Form","floor":2},{"not_picked":["Force Field","Beam Cell"],"picked":"Barrage","floor":4},{"not_picked":["Streamline","Go for the Eyes"],"picked":"Genetic Algorithm","floor":5},{"not_picked":["hubris:DoWhile","Force Field"],"picked":"Hologram","floor":7},{"not_picked":["Static Discharge","hubris:Ukulele"],"picked":"Self Repair","floor":10},{"not_picked":["Steam","Leap"],"picked":"Defragment","floor":11},{"not_picked":["Sunder","Lockon"],"picked":"Buffer","floor":14},{"not_picked":["Buffer","Thunder Strike"],"picked":"Seek","floor":16},{"not_picked":["Cold Snap+1","Sweeping Beam"],"picked":"Stack+1","floor":18},{"not_picked":["Steam","Streamline"],"picked":"Turbo","floor":19},{"not_picked":["Streamline+1","Steam","Hello World"],"picked":"Singing Bowl","floor":23},{"not_picked":["infinitespire:Gouge","infinitespire:TheBestDefense"],"picked":"infinitespire:Collect","floor":27},{"not_picked":["Aggregate","Rip and Tear"],"picked":"Loop","floor":27},{"not_picked":["Rebound+1","Barrage+1"],"picked":"Ball Lightning+1","floor":28},{"not_picked":["Hologram","Coolheaded","Sweeping Beam"],"picked":"Singing Bowl","floor":29},{"not_picked":["Gash","Barrage"],"picked":"Defragment","floor":30},{"not_picked":["Barrage+1","hubris:Ukulele","hubris:PowerSurge"],"picked":"Singing Bowl","floor":31},{"not_picked":["Thunder Strike","Hyperbeam","Fission"],"picked":"Singing Bowl","floor":33},{"not_picked":["Gash+1","Redo"],"picked":"Capacitor+1","floor":35},{"not_picked":["infinitespire:SealOfDarkness+","infinitespire:Fortify"],"picked":"infinitespire:SevenWalls","floor":37},{"not_picked":["Coolheaded+1","Lockon","Compile Driver"],"picked":"Singing Bowl","floor":38},{"not_picked":["Compile Driver+1","Hello World","Reboot"],"picked":"Singing Bowl","floor":39},{"not_picked":["Tempest","Sunder+1","Conserve Battery+1"],"picked":"Singing Bowl","floor":39},{"not_picked":["Genetic Algorithm","hubris:SpecializedCircuitry","Sweeping Beam"],"picked":"Singing Bowl","floor":39},{"not_picked":["Rebound+1","Amplify","BootSequence"],"picked":"Singing Bowl","floor":39},{"not_picked":["Reinforced Body","Beam Cell"],"picked":"Turbo+1","floor":39},{"not_picked":["Coolheaded","Heatsinks"],"picked":"Aggregate+1","floor":41},{"not_picked":["Leap+1","Rip and Tear+1","Reboot"],"picked":"Singing Bowl","floor":42},{"not_picked":["Hello World+1","Steam+1","Darkness+1"],"picked":"Singing Bowl","floor":44},{"not_picked":["Cold Snap","Glacier","Sunder+1"],"picked":"Singing Bowl","floor":45},{"not_picked":["Leap+1","Ball Lightning+1"],"picked":"Redo+1","floor":46},{"not_picked":["Compile Driver+1","Skim"],"picked":"Blizzard","floor":47},{"not_picked":["Stack","Sweeping Beam","Redo+1"],"picked":"Singing Bowl","floor":48},{"not_picked":["Barrage","Undo+1","Conserve Battery"],"picked":"Singing Bowl","floor":54}],"player_experience":163621,"relics_obtained":[{"floor":3,"key":"Singing Bowl"},{"floor":7,"key":"hubris:CuriousFeather"},{"floor":9,"key":"reliquary:PorcupineQuills"},{"floor":10,"key":"hubris:CrystalStatue"},{"floor":23,"key":"White Beast Statue"},{"floor":26,"key":"Torii"},{"floor":27,"key":"hubris:TenFootPole"},{"floor":30,"key":"reliquary:TridentHead"},{"floor":41,"key":"Whetstone"},{"floor":45,"key":"reliquary:RosewoodLute"},{"floor":47,"key":"Potion Belt"},{"floor":54,"key":"reliquary:Knoch"}],"event_choices":[{"damage_healed":0,"gold_gain":0,"player_choice":"Gave Potion","damage_taken":0,"relics_obtained":["hubris:FunFungus"],"max_hp_gain":0,"max_hp_loss":0,"event_name":"WeMeetAgain","floor":8,"gold_loss":0},{"damage_healed":22,"gold_gain":0,"player_choice":"Healed","damage_taken":0,"max_hp_gain":0,"max_hp_loss":0,"event_name":"The Cleric","floor":12,"gold_loss":35},{"damage_healed":0,"gold_gain":99,"player_choice":"Stole From Cult","damage_taken":0,"max_hp_gain":0,"max_hp_loss":0,"event_name":"Nest","floor":21,"gold_loss":0},{"damage_healed":0,"gold_gain":0,"player_choice":"Ignored","damage_taken":0,"max_hp_gain":0,"max_hp_loss":0,"event_name":"Ghosts","floor":22,"gold_loss":0},{"damage_healed":0,"gold_gain":0,"player_choice":"Copied","damage_taken":0,"max_hp_gain":0,"max_hp_loss":0,"event_name":"Duplicator","floor":25,"gold_loss":0,"cards_obtained":["Defragment"]},{"cards_removed":["Reprogram"],"damage_healed":14,"gold_gain":0,"player_choice":"Offered Uncommon","damage_taken":0,"max_hp_gain":0,"max_hp_loss":0,"event_name":"Bonfire Elementals","floor":40,"gold_loss":0}],"is_beta":false,"boss_relics":[{"not_picked":["Runic Pyramid","hubris:RunicObelisk"],"picked":"Pandora\u0027s Box"},{"not_picked":["hubris:HollowSoul","reliquary:Craggleroot"],"picked":"Cursed Key"}],"items_purged_floors":[36,53],"is_endless":false,"potions_floor_spawned":[7,10,14,16,23,27,28,29,30,31,33,35,38,41,42,44,45,46,47,48,54],"ascension_level":5}}