{"host":"m0bekkrd201b63ug","time":1613399511,"event":{"mods":["AchievementEnabler","BaseMod","Colored Powertips","Highlight Path","Minty Spire (QoL Compilation)","Rare Cards Sparkle","StSLib","SuperFastMode","everything is the same but u backflip on backflip","slay the spire mod where everything is the same but ironclad has a cowboy hat"],"gold_per_floor":[15,29,29,48,62,92,92,125,125,158,177,190,207,207,207,304,304,292,52,52,52,63,63,63],"floor_reached":23,"language":"ENG","playtime":911,"items_purged":[],"score":294,"play_id":"a6b7f2ce-85a4-43ef-b063-d4ee4a8687f1","local_time":"20210215123151","is_ascension_mode":true,"campfire_choices":[{"floor":7.0,"key":"REST"},{"floor":15,"key":"REST"}],"circlet_count":0,"master_deck":["Strike_B","Strike_B","Strike_B","Defend_B","Defend_B","Defend_B","Defend_B","Zap","Dualcast","Biased Cognition","Ball Lightning","Seek","Leap","Leap","Cold Snap","Leap","Buffer","Ghostly+1","Ghostly+1","Ghostly+1","Ghostly+1","Ghostly+1"],"relics":["Cracked Core","Ancient Tea Set","Blue Candle","Bottled Flame","HornCleat","Nuclear Battery","Toxic Egg 2"],"acts_visited":["Exordium","TheCity"],"potions_floor_usage":[12,13,14,16],"damage_taken":[{"damage":11.0,"enemies":"Jaw Worm","floor":1.0,"turns":4.0},{"damage":1.0,"enemies":"Cultist","floor":2.0,"turns":3.0},{"damage":8.0,"enemies":"2 Louse","floor":4.0,"turns":2.0},{"damage":14.0,"enemies":"Lots of Slimes","floor":5.0,"turns":3.0},{"damage":18.0,"enemies":"Gremlin Nob","floor":6.0,"turns":3.0},{"damage":25.0,"enemies":"Lagavulin","floor":8.0,"turns":7.0},{"damage":22.0,"enemies":"3 Sentries","floor":10.0,"turns":7.0},{"damage":1,"enemies":"Exordium Thugs","floor":11,"turns":3},{"damage":11,"enemies":"3 Louse","floor":12,"turns":4},{"damage":0,"enemies":"Blue Slaver","floor":13,"turns":2},{"damage":0,"enemies":"Looter","floor":14,"turns":1},{"damage":15,"enemies":"Hexaghost","floor":16,"turns":12},{"damage":12,"enemies":"2 Thieves","floor":18,"turns":4},{"damage":6,"enemies":"3 Byrds","floor":22,"turns":5},{"damage":26,"enemies":"Gremlin Leader","floor":23,"turns":7}],"seed_played":"-4850002955414746435","potions_obtained":[{"floor":1.0,"key":"Regen Potion"},{"floor":3.0,"key":"Fire Potion"},{"floor":3.0,"key":"SmokeBomb"},{"floor":6.0,"key":"ColorlessPotion"},{"floor":10,"key":"FocusPotion"},{"floor":12,"key":"Dexterity Potion"},{"floor":13,"key":"PotionOfCapacity"},{"floor":18,"key":"Energy Potion"}],"is_trial":false,"path_per_floor":["M","M","?","M","M","E","R","E","T","E","M","M","M","M","R","B",null,"M","$","?","?","M","E"],"character_chosen":"DEFECT","items_purchased":["Toxic Egg 2"],"campfire_rested":2,"item_purchase_floors":[19],"current_hp_per_floor":[64,63,63,55,41,23,45,20,20,13,12,1,1,1,23,8,58,46,46,37,37,31,5,5],"gold":63,"neow_bonus":"THREE_RARE_CARDS","is_daily":false,"chose_seed":false,"campfire_upgraded":0,"win_rate":0.0,"timestamp":1613399511,"path_taken":["M","M","?","M","M","E","R","E","T","E","?","M","M","M","R","BOSS","M","$","?","?","?","E"],"items_purchased_type":["Relic"],"build_version":"2020-12-22","purchased_purges":0,"victory":false,"max_hp_per_floor":[75,75,75,75,75,75,75,75,75,75,75,75,75,75,75,75,75,75,75,37,37,37,37,37],"card_choices":[{"not_picked":["Meteor Strike","Multi-Cast"],"picked":"Biased Cognition","floor":0.0},{"not_picked":["Melter","Leap"],"picked":"Ball Lightning","floor":1.0},{"not_picked":["Steam Power","Steam"],"picked":"Seek","floor":2.0},{"not_picked":["Barrage","Redo","Gash"],"picked":"SKIP","floor":4.0},{"not_picked":["Streamline","Loop"],"picked":"Leap","floor":5.0},{"not_picked":["Heatsinks","Streamline","Biased Cognition"],"picked":"SKIP","floor":6.0},{"not_picked":["Stack","Redo","Ball Lightning"],"picked":"SKIP","floor":8.0},{"not_picked":["Static Discharge","Biased Cognition"],"picked":"Leap","floor":10},{"not_picked":["Streamline","Recycle"],"picked":"Cold Snap","floor":11},{"not_picked":["Ball Lightning","Melter","Gash"],"picked":"SKIP","floor":12},{"not_picked":["Recycle","Steam"],"picked":"Leap","floor":13},{"not_picked":["Rainbow","Reboot"],"picked":"Buffer","floor":16},{"not_picked":["Melter","Fusion+1","Turbo"],"picked":"SKIP","floor":18},{"not_picked":["Barrage","Gash","Coolheaded+1"],"picked":"SKIP","floor":22}],"player_experience":274975,"relics_obtained":[{"floor":6.0,"key":"Ancient Tea Set"},{"floor":8.0,"key":"Blue Candle"},{"floor":9.0,"key":"Bottled Flame"},{"floor":10,"key":"HornCleat"}],"event_choices":[{"damage_healed":0.0,"max_hp_gain":0.0,"max_hp_loss":0.0,"gold_gain":0.0,"event_name":"Lab","player_choice":"Got Potions","floor":3.0,"gold_loss":0.0,"damage_taken":0.0},{"damage_healed":0,"gold_gain":0,"player_choice":"Became a Ghost","damage_taken":0,"max_hp_gain":0,"max_hp_loss":38,"event_name":"Ghosts","floor":20,"gold_loss":0,"cards_obtained":["Ghostly","Ghostly","Ghostly","Ghostly","Ghostly"]},{"cards_removed":["Strike_B"],"damage_healed":0,"gold_gain":0,"player_choice":"Card Removal","damage_taken":0,"max_hp_gain":0,"max_hp_loss":0,"event_name":"Wheel of Change","floor":21,"gold_loss":0}],"is_beta":false,"boss_relics":[{"not_picked":["Calling Bell","SacredBark"],"picked":"Nuclear Battery"}],"items_purged_floors":[],"is_endless":false,"potions_floor_spawned":[1,6,10,12,13,18],"killed_by":"Gremlin Leader","ascension_level":5}}