{"host":"1bzbl1adcbkdzqlf","time":1613426894,"event":{"mods":["BaseMod","Minty Spire (QoL Compilation)","Slay the Relics Exporter"],"gold_per_floor":[11,11,27,46,61,89,103,135,135,149,163,163,163],"floor_reached":12,"language":"ENG","playtime":1505,"items_purged":[],"score":179,"play_id":"cd994ddd-9a87-4925-b32b-3a475d6e2f1d","local_time":"20210215160814","is_ascension_mode":true,"campfire_choices":[],"circlet_count":0,"master_deck":["AscendersBane","Strike_R","Strike_R","Strike_R","Strike_R","Strike_R","Defend_R","Defend_R","Defend_R","Defend_R","Bash","Cleave","Disarm","Shrug It Off","Shockwave","Warcry","Dark Embrace","Twin Strike","Havoc"],"relics":["Burning Blood","Incense Burner","Meat on the Bone","Oddly Smooth Stone","InkBottle"],"acts_visited":["Exordium"],"potions_floor_usage":[5,6,8,8,12],"damage_taken":[{"damage":7,"enemies":"Cultist","floor":1,"turns":4},{"damage":13,"enemies":"Small Slimes","floor":3,"turns":3},{"damage":4,"enemies":"2 Louse","floor":4,"turns":2},{"damage":18,"enemies":"Exordium Wildlife","floor":5,"turns":4},{"damage":43,"enemies":"Gremlin Nob","floor":6,"turns":6},{"damage":3,"enemies":"2 Fungi Beasts","floor":7,"turns":3},{"damage":20,"enemies":"Lagavulin","floor":8,"turns":6},{"damage":8,"enemies":"Lots of Slimes","floor":10,"turns":5},{"damage":23,"enemies":"Large Slime","floor":11,"turns":7},{"damage":36,"enemies":"Gremlin Nob","floor":12,"turns":4}],"seed_played":"4107364568073962902","potions_obtained":[{"floor":2,"key":"Fruit Juice"},{"floor":2,"key":"SmokeBomb"},{"floor":5,"key":"PowerPotion"},{"floor":6,"key":"BlessingOfTheForge"},{"floor":7,"key":"SkillPotion"},{"floor":8,"key":"Ancient Potion"},{"floor":11,"key":"PowerPotion"}],"is_trial":false,"path_per_floor":["M","?","M","M","M","E","M","E","T","M","M","E"],"character_chosen":"IRONCLAD","items_purchased":[],"campfire_rested":0,"item_purchase_floors":[],"current_hp_per_floor":[67,67,60,62,55,18,33,31,31,41,36,0,0],"gold":163,"neow_bonus":"ONE_RARE_RELIC","is_daily":false,"chose_seed":false,"campfire_upgraded":0,"win_rate":0.0,"timestamp":1613426894,"path_taken":["M","?","?","M","M","E","M","E","T","M","M","E"],"items_purchased_type":[],"build_version":"2020-12-22","purchased_purges":0,"victory":false,"max_hp_per_floor":[75,75,75,75,80,80,80,80,80,80,80,80,80],"card_choices":[{"not_picked":["Clothesline","True Grit"],"picked":"Cleave","floor":1},{"not_picked":["Searing Blow","Reckless Charge","Warcry"],"picked":"SKIP","floor":3},{"not_picked":["Power Through","True Grit"],"picked":"Disarm","floor":4},{"not_picked":["True Grit","Clash"],"picked":"Shrug It Off","floor":5},{"not_picked":["Evolve","Armaments"],"picked":"Shockwave","floor":6},{"not_picked":["True Grit","Metallicize"],"picked":"Warcry","floor":7},{"not_picked":["Iron Wave","Intimidate"],"picked":"Dark Embrace","floor":8},{"not_picked":["Anger","Headbutt"],"picked":"Twin Strike","floor":10},{"not_picked":["Seeing Red","Perfected Strike"],"picked":"Havoc","floor":11}],"player_experience":484330,"relics_obtained":[{"floor":6,"key":"Meat on the Bone"},{"floor":8,"key":"Oddly Smooth Stone"},{"floor":9,"key":"InkBottle"}],"event_choices":[{"damage_healed":0,"gold_gain":0,"player_choice":"Got Potions","damage_taken":0,"max_hp_gain":0,"max_hp_loss":0,"event_name":"Lab","floor":2,"gold_loss":0}],"is_beta":false,"boss_relics":[],"items_purged_floors":[],"is_endless":false,"potions_floor_spawned":[5,6,7,8,11],"killed_by":"Gremlin Nob","ascension_level":18}}