{"host":"jksq986fwerfio60","time":1613404938,"event":{"mods":["BaseMod","Colored Map","Colored Powertips","Downfall","Hermit","Jorbs\u0027s Wanderer Trilogy","Marisa¡]Ãú«B¡@Å]²z¨F¡^","Minty Spire (QoL Compilation)","Replay The Spire","Shop Mod","StSLib","The Construct","UnlockEverythingMod"],"gold_per_floor":[117,132,143,161,7,7,27,27,50,50,65,65,65,85,85,186,186,202,131,141,154,154,154,167,167,191,205,130,130,145,163,163,163,163],"floor_reached":33,"language":"ZHS","playtime":2123,"items_purged":[],"score":243,"play_id":"58f0b890-942b-45ef-9e75-c8e461cab899","local_time":"20210216000218","is_ascension_mode":false,"campfire_choices":[{"data":"hermit:Maintenance","floor":6,"key":"SMITH"},{"data":"hermit:Covet","floor":8,"key":"SMITH"},{"floor":10,"key":"RECALL"},{"floor":15,"key":"REST"},{"data":"hermit:FullyLoaded","floor":23,"key":"SMITH"},{"data":"hermit:Strike_Hermit","floor":29,"key":"SMITH"},{"floor":32,"key":"REST"}],"circlet_count":0,"master_deck":["hermit:Strike_Hermit+1","hermit:Strike_Hermit","hermit:Strike_Hermit","hermit:Strike_Hermit+1","hermit:Defend_Hermit","hermit:Defend_Hermit+1","hermit:Defend_Hermit","hermit:Defend_Hermit","hermit:Snapshot+1","hermit:Covet+1","hermit:Shortfuse+1","hermit:Showdown+1","hermit:Glare","hermit:Maintenance+1","Regret","hermit:LuckOfTheDraw+1","hermit:FullyLoaded+1"],"relics":["hermit:Momento","Guide Book","Juzu Bracelet","Gremlin Food","SacredBark"],"acts_visited":["Exordium","TheCity"],"potions_floor_usage":[16,24,33,33],"damage_taken":[{"damage":0,"enemies":"Cultist","floor":1,"turns":3},{"damage":0,"enemies":"Small Slimes","floor":2,"turns":2},{"damage":0,"enemies":"2 Louse","floor":3,"turns":1},{"damage":0,"enemies":"Blue Slaver","floor":4,"turns":2},{"damage":13,"enemies":"3 Louse","floor":7,"turns":2},{"damage":11,"enemies":"Exordium Wildlife","floor":11,"turns":2},{"damage":22,"enemies":"Gremlin Gang","floor":14,"turns":4},{"damage":3,"enemies":"Slime Boss","floor":16,"turns":6},{"damage":0,"enemies":"Chosen","floor":18,"turns":3},{"damage":5,"enemies":"3 Byrds","floor":20,"turns":5},{"damage":2,"enemies":"Cultist and Chosen","floor":21,"turns":6},{"damage":1,"enemies":"Shelled Parasite and Fungi","floor":24,"turns":3},{"damage":5,"enemies":"Snake Plant","floor":27,"turns":2},{"damage":7,"enemies":"Chosen and Byrds","floor":30,"turns":3},{"damage":37,"enemies":"Snecko","floor":31,"turns":5},{"damage":40,"enemies":"Pondfish","floor":33,"turns":5}],"seed_played":"-320827849085107726","potions_obtained":[{"floor":1,"key":"Block Potion"},{"floor":2,"key":"PowerPotion"},{"floor":7,"key":"PowerPotion"},{"floor":18,"key":"Energy Potion"},{"floor":27,"key":"Dexterity Potion"}],"is_trial":false,"path_per_floor":["M","M","M","M","$","R","M","R","T","R","M","?","?","M","R","B",null,"M","$","M","M","?","R","M","?","T","M","?","R","M","M","R","B"],"character_chosen":"HERMIT","items_purchased":["Guide Book","hermit:LuckOfTheDraw"],"campfire_rested":2,"item_purchase_floors":[5,19],"current_hp_per_floor":[75,75,75,75,75,75,62,62,62,62,51,51,51,29,51,48,75,75,75,70,68,68,68,67,67,67,62,62,62,55,18,40,0,0],"gold":163,"neow_bonus":"RANDOM_EVENT","is_daily":false,"chose_seed":false,"campfire_upgraded":4,"win_rate":0.0,"timestamp":1613404938,"path_taken":["M","M","M","M","$","R","M","R","T","R","M","?","?","M","R","BOSS","M","?","M","M","?","R","M","?","T","M","?","R","M","M","R","BOSS"],"items_purchased_type":["Relic","Card"],"build_version":"2020-12-22","purchased_purges":0,"victory":false,"max_hp_per_floor":[75,75,75,75,75,75,75,75,75,75,75,75,75,75,75,75,75,75,75,75,75,75,75,75,75,75,75,75,75,75,75,75,75,75],"card_choices":[{"not_picked":["hermit:Maintenance","hermit:HighCaliber"],"picked":"hermit:Shortfuse","floor":1},{"not_picked":["hermit:Spite","hermit:HoleUp"],"picked":"hermit:Showdown","floor":2},{"not_picked":["hermit:HoleUp","hermit:Combo"],"picked":"hermit:Glare","floor":3},{"not_picked":["hermit:LowProfile","hermit:TakeAim"],"picked":"hermit:Maintenance","floor":4},{"not_picked":["hermit:DeadMansHand","hermit:Enervate"],"picked":"hermit:Coalescence","floor":7},{"not_picked":["hermit:SprayPray","hermit:TrackingShot","hermit:Coalescence"],"picked":"SKIP","floor":11},{"not_picked":["hermit:BodyArmor","hermit:DeadMansHand","hermit:Ricochet"],"picked":"SKIP","floor":14},{"not_picked":["hermit:Shortfuse+1","hermit:SprayPray","hermit:BodyArmor"],"picked":"SKIP","floor":18},{"not_picked":["hermit:Quickdraw+1","hermit:HighCaliber+1"],"picked":"hermit:FullyLoaded","floor":20},{"not_picked":["hermit:TakeAim+1","hermit:Brawl","hermit:Roulette"],"picked":"SKIP","floor":21},{"not_picked":["hermit:CalledShot","hermit:ItchyTrigger+1","hermit:TrackingShot"],"picked":"SKIP","floor":24},{"not_picked":["hermit:GhostlyPresence","hermit:HighCaliber","hermit:Quickdraw+1"],"picked":"SKIP","floor":27},{"not_picked":["hermit:Dive","hermit:Midnight+1","hermit:Combo+1"],"picked":"SKIP","floor":30},{"not_picked":["hermit:GhostlyPresence","hermit:Headshot","hermit:HighCaliber"],"picked":"SKIP","floor":31}],"player_experience":26252,"relics_obtained":[{"floor":9,"key":"Juzu Bracelet"}],"event_choices":[{"damage_healed":0,"gold_gain":0,"player_choice":"Grow","damage_taken":0,"max_hp_gain":0,"max_hp_loss":0,"event_name":"Living Wall","floor":0,"gold_loss":0,"cards_upgraded":["hermit:Snapshot"]},{"damage_healed":0,"gold_gain":0,"player_choice":"Box","damage_taken":0,"relics_obtained":["Gremlin Food"],"max_hp_gain":0,"max_hp_loss":0,"event_name":"Big Fish","floor":12,"gold_loss":0,"cards_obtained":["Regret"]},{"damage_healed":0,"gold_gain":0,"player_choice":"Upgraded","damage_taken":0,"max_hp_gain":0,"max_hp_loss":0,"event_name":"Upgrade Shrine","floor":13,"gold_loss":0,"cards_upgraded":["hermit:Coalescence"]},{"damage_healed":0,"gold_gain":0,"player_choice":"Forge","damage_taken":0,"max_hp_gain":0,"max_hp_loss":0,"event_name":"Accursed Blacksmith","floor":25,"gold_loss":0,"cards_upgraded":["hermit:LuckOfTheDraw"]},{"cards_removed":["hermit:Coalescence"],"damage_healed":0,"gold_gain":0,"player_choice":"Gave Gold","damage_taken":0,"max_hp_gain":0,"max_hp_loss":0,"event_name":"Beggar","floor":28,"gold_loss":75}],"is_beta":false,"boss_relics":[{"not_picked":["Busted Crown","Runic Dome"],"picked":"SacredBark"}],"items_purged_floors":[],"is_endless":false,"potions_floor_spawned":[1,2,7,18,27,30],"killed_by":"Pondfish","ascension_level":0}}