{"host":"jm9833yuloeli2yd","time":1613408975,"event":{"mods":["BaseMod","Better Altar","Better Match","Better Note","Better Sensory Stone","Better Skull","Better Third Choice","Better Vampires","BetterRewards","Colored Map","Colored Powertips","DeckTracker","Minty Spire (QoL Compilation)","Permanent Neow","Quick Restart","StSLib","SuperFastMode"],"gold_per_floor":[112,112,112,123,198,198,215,215,288,288,303,335,355,371,371,448,448,458,487,505,167,167,167],"floor_reached":22,"language":"ENG","playtime":653,"items_purged":["Strike_G"],"score":372,"play_id":"0415f8e4-d7b6-405e-b97e-2988cbec93b4","local_time":"20210215120935","is_ascension_mode":true,"campfire_choices":[{"data":"Endless Agony","floor":6,"key":"SMITH"},{"data":"Masterful Stab","floor":8,"key":"SMITH"},{"data":"Survivor","floor":10,"key":"SMITH"},{"data":"The Bomb","floor":15,"key":"SMITH"}],"circlet_count":0,"master_deck":["AscendersBane","Strike_G","Defend_G","Defend_G","Defend_G","Defend_G","Defend_G","Survivor+1","Neutralize+1","The Bomb+1","Deflect","Endless Agony+1","Masterful Stab+1","Cloak And Dagger","Leg Sweep","Bullet Time","Glass Knife","Skewer+1","Eviscerate+1","Tools of the Trade+1","PiercingWail","Dark Shackles"],"relics":["Ring of the Snake","Sundial","Akabeko","Astrolabe","Red Mask","OrangePellets"],"acts_visited":["Exordium","TheCity"],"potions_floor_usage":[16,22],"damage_taken":[{"damage":13,"enemies":"Jaw Worm","floor":1,"turns":8},{"damage":2,"enemies":"Small Slimes","floor":4,"turns":3},{"damage":1,"enemies":"2 Louse","floor":7,"turns":5},{"damage":4,"enemies":"Blue Slaver","floor":11,"turns":5},{"damage":5,"enemies":"Lagavulin","floor":12,"turns":6},{"damage":6,"enemies":"Exordium Wildlife","floor":13,"turns":7},{"damage":2,"enemies":"Exordium Thugs","floor":14,"turns":4},{"damage":16,"enemies":"Hexaghost","floor":16,"turns":11},{"damage":0,"enemies":"Spheric Guardian","floor":18,"turns":1},{"damage":20,"enemies":"Masked Bandits","floor":19,"turns":6},{"damage":15,"enemies":"3 Byrds","floor":20,"turns":3},{"damage":19,"enemies":"Sentry and Sphere","floor":22,"turns":3}],"seed_played":"-1541171163040694767","potions_obtained":[{"floor":12,"key":"AttackPotion"},{"floor":13,"key":"PowerPotion"},{"floor":19,"key":"Fire Potion"}],"is_trial":false,"path_per_floor":["M","?","?","M","?","R","M","R","T","R","M","E","M","M","R","B",null,"M","?","M","$","M"],"character_chosen":"THE_SILENT","items_purchased":["OrangePellets","Dark Shackles"],"campfire_rested":0,"item_purchase_floors":[21,21],"current_hp_per_floor":[46,46,51,49,38,38,37,37,37,37,33,28,22,20,20,4,50,50,30,15,15,0,0],"gold":167,"neow_bonus":"RANDOM_COLORLESS_2","is_daily":false,"chose_seed":false,"campfire_upgraded":4,"win_rate":0.0,"timestamp":1613408975,"path_taken":["M","?","?","M","?","R","M","R","T","R","M","E","M","M","R","BOSS","M","?","M","$","M"],"items_purchased_type":["Relic","Card"],"build_version":"2020-12-22","purchased_purges":1,"victory":false,"max_hp_per_floor":[60,60,65,65,65,65,65,65,65,65,65,65,65,65,65,65,65,65,65,65,65,65,65],"card_choices":[{"not_picked":["Mayhem","Metamorphosis"],"picked":"The Bomb","floor":0},{"not_picked":["Acrobatics","Eviscerate"],"picked":"Deflect","floor":1},{"not_picked":["Quick Slash","Backflip"],"picked":"Endless Agony","floor":4},{"not_picked":["Dagger Spray","Bane"],"picked":"Masterful Stab","floor":7},{"not_picked":["Dagger Spray","Acrobatics"],"picked":"Cloak And Dagger","floor":11},{"not_picked":["Backflip","Blade Dance"],"picked":"Leg Sweep","floor":12},{"not_picked":["Poisoned Stab","Underhanded Strike","Sucker Punch"],"picked":"SKIP","floor":13},{"not_picked":["Catalyst","Crippling Poison"],"picked":"Bullet Time","floor":14},{"not_picked":["Corpse Explosion","Doppelganger"],"picked":"Glass Knife","floor":16},{"not_picked":["Dagger Throw","Finisher","Setup"],"picked":"SKIP","floor":18},{"not_picked":["Bane","Poisoned Stab"],"picked":"PiercingWail","floor":19},{"not_picked":["Underhanded Strike","Dagger Spray","Quick Slash"],"picked":"SKIP","floor":20}],"player_experience":1368700,"relics_obtained":[{"floor":9,"key":"Sundial"},{"floor":12,"key":"Akabeko"},{"floor":19,"key":"Red Mask"}],"event_choices":[{"damage_healed":0,"gold_gain":0,"player_choice":"Grow","damage_taken":0,"max_hp_gain":0,"max_hp_loss":0,"event_name":"Living Wall","floor":2,"gold_loss":0,"cards_upgraded":["Neutralize"]},{"damage_healed":0,"gold_gain":0,"player_choice":"Donut","damage_taken":0,"max_hp_gain":5,"max_hp_loss":0,"event_name":"Big Fish","floor":3,"gold_loss":0},{"damage_healed":0,"gold_gain":75,"player_choice":"Gold","damage_taken":11,"max_hp_gain":0,"max_hp_loss":0,"event_name":"betterThird:BetterGoop","floor":5,"gold_loss":0},{"damage_healed":0,"gold_gain":0,"player_choice":"Fought Bandits","damage_taken":0,"max_hp_gain":0,"max_hp_loss":0,"event_name":"Masked Bandits","floor":19,"gold_loss":0}],"is_beta":false,"boss_relics":[{"not_picked":["Tiny House","Busted Crown"],"picked":"Astrolabe"}],"items_purged_floors":[21],"is_endless":false,"potions_floor_spawned":[12,13,14,19],"killed_by":"Sentry and Sphere","ascension_level":20}}