{"host":"syfsfjmzue8y1a6l","time":1613375734,"event":{"mods":["AchievementEnabler","BaseMod","Colored Map","DeckTracker","Minty Spire (QoL Compilation)","SuperFastMode"],"gold_per_floor":[118,15,15,30,47,81,81,112,112,131,194,194,211,244,244,342,342,362,374,374,393,343,378,378,398,398,398,398,398,418,428,428,528,528,539,238,253,271,286,286,316,316,343,374,386,415,427,267,267,267,267],"floor_reached":50,"language":"KOR","playtime":3186,"items_purged":["Strike_B","Defend_B"],"score":584,"play_id":"45cf4e48-e71c-4f18-a1d1-5975d39a28ea","local_time":"20210215165534","is_ascension_mode":false,"campfire_choices":[{"data":"Defragment","floor":12,"key":"SMITH"},{"floor":15,"key":"REST"},{"data":"Storm","floor":24,"key":"SMITH"},{"floor":29,"key":"REST"},{"data":"White Noise","floor":32,"key":"SMITH"},{"data":"Storm","floor":40,"key":"SMITH"},{"data":"Skim","floor":49,"key":"SMITH"}],"circlet_count":0,"master_deck":["Strike_B","Strike_B","Defend_B","Defend_B","Zap","Dualcast","Beam Cell","Defragment+1","Fusion","Sweeping Beam","Chill","Seek","Redo","Loop","Storm+1","Defragment","Machine Learning+1","Coolheaded+1","Capacitor","Skim+1","Barrage+1","Rebound+1","White Noise+1","Cold Snap+1","Multi-Cast","Defragment","Storm","Storm+1","Machine Learning","Mind Blast+1","Capacitor"],"relics":["Cracked Core","Pear","Matryoshka","Mummified Hand","Vajra","Orichalcum","Dream Catcher","Nuclear Battery","MutagenicStrength","Strawberry","Eternal Feather","Molten Egg 2","Empty Cage","ClockworkSouvenir","Ancient Tea Set","MawBank","Girya"],"acts_visited":["Exordium","TheCity","TheBeyond"],"potions_floor_usage":[6,21,21,23,27,39,41,50,50,50],"damage_taken":[{"damage":1,"enemies":"Cultist","floor":1,"turns":4},{"damage":2,"enemies":"Small Slimes","floor":4,"turns":3},{"damage":7,"enemies":"Jaw Worm","floor":5,"turns":4},{"damage":26,"enemies":"Lagavulin","floor":6,"turns":7},{"damage":11,"enemies":"3 Sentries","floor":8,"turns":8},{"damage":0,"enemies":"Exordium Wildlife","floor":10,"turns":4},{"damage":24,"enemies":"Lagavulin Event","floor":11,"turns":6},{"damage":0,"enemies":"Gremlin Gang","floor":13,"turns":4},{"damage":14,"enemies":"Lagavulin","floor":14,"turns":6},{"damage":18,"enemies":"Hexaghost","floor":16,"turns":8},{"damage":29,"enemies":"2 Thieves","floor":18,"turns":4},{"damage":0,"enemies":"Spheric Guardian","floor":19,"turns":4},{"damage":14,"enemies":"Centurion and Healer","floor":21,"turns":6},{"damage":20,"enemies":"Slavers","floor":23,"turns":6},{"damage":7,"enemies":"Snecko","floor":25,"turns":4},{"damage":25,"enemies":"Gremlin Leader","floor":27,"turns":4},{"damage":6,"enemies":"Sentry and Sphere","floor":30,"turns":3},{"damage":6,"enemies":"Centurion and Healer","floor":31,"turns":3},{"damage":42,"enemies":"Collector","floor":33,"turns":8},{"damage":9,"enemies":"3 Shapes","floor":35,"turns":3},{"damage":10,"enemies":"3 Darklings","floor":37,"turns":3},{"damage":1,"enemies":"Sphere and 2 Shapes","floor":38,"turns":3},{"damage":25,"enemies":"Writhing Mass","floor":39,"turns":4},{"damage":0,"enemies":"Reptomancer","floor":41,"turns":3},{"damage":10,"enemies":"Spire Growth","floor":44,"turns":2},{"damage":0,"enemies":"3 Darklings","floor":46,"turns":3},{"damage":109,"enemies":"Awakened One","floor":50,"turns":6}],"seed_played":"-839637200901374914","potions_obtained":[{"floor":4,"key":"SmokeBomb"},{"floor":5,"key":"Swift Potion"},{"floor":13,"key":"SpeedPotion"},{"floor":16,"key":"FocusPotion"},{"floor":19,"key":"AttackPotion"},{"floor":21,"key":"ColorlessPotion"},{"floor":33,"key":"SteroidPotion"},{"floor":35,"key":"Regen Potion"},{"floor":37,"key":"GamblersBrew"},{"floor":39,"key":"Swift Potion"},{"floor":46,"key":"Block Potion"},{"floor":47,"key":"DistilledChaos"},{"floor":47,"key":"Block Potion"}],"is_trial":false,"path_per_floor":["M","$","?","M","M","E","$","E","T","M","?","R","M","E","R","B",null,"M","M","?","M","?","E","R","M","T","E","?","R","M","M","R","B",null,"M","$","M","M","M","R","E","?","T","M","T","M","?","$","R","B"],"character_chosen":"DEFECT","items_purchased":["Defragment","Fusion","Storm","ClockworkSouvenir","Capacitor"],"campfire_rested":2,"item_purchase_floors":[2,2,36,36,48],"current_hp_per_floor":[81,81,81,79,72,56,56,45,45,45,21,21,21,7,34,16,92,63,63,63,49,49,36,36,29,29,4,4,48,42,36,51,9,99,90,90,80,79,63,78,78,78,78,68,68,68,68,68,86,0,0],"gold":267,"neow_bonus":"TEN_PERCENT_HP_BONUS","is_daily":false,"chose_seed":false,"campfire_upgraded":5,"win_rate":0.0,"timestamp":1613375734,"path_taken":["M","$","?","M","M","E","$","E","T","M","?","R","M","E","R","BOSS","M","M","?","M","?","E","R","?","T","E","?","R","M","M","R","BOSS","M","$","?","?","M","R","E","?","T","M","?","?","?","$","R","BOSS"],"items_purchased_type":["Card","Card","Card","Relic","Card"],"build_version":"2020-12-22","purchased_purges":2,"victory":false,"max_hp_per_floor":[82,82,82,82,82,92,92,92,92,92,92,92,92,92,92,92,92,92,92,92,92,92,99,99,99,99,99,99,99,99,99,99,99,99,99,99,99,99,99,99,99,99,99,99,99,99,99,99,99,99,99],"card_choices":[{"not_picked":["Rebound","Leap"],"picked":"Beam Cell","floor":1},{"not_picked":["Double Energy","Static Discharge"],"picked":"Sweeping Beam","floor":4},{"not_picked":["Conserve Battery","Beam Cell","Steam Power"],"picked":"SKIP","floor":5},{"not_picked":["Beam Cell","Conserve Battery"],"picked":"Chill","floor":6},{"not_picked":["Undo","Conserve Battery"],"picked":"Seek","floor":8},{"not_picked":["Fusion","Steam"],"picked":"Redo","floor":10},{"not_picked":["Rebound","Hologram"],"picked":"Loop","floor":11},{"not_picked":["Static Discharge","White Noise"],"picked":"Storm","floor":13},{"not_picked":["Barrage","Reinforced Body"],"picked":"Defragment","floor":14},{"not_picked":["Fission","Buffer"],"picked":"Machine Learning","floor":16},{"not_picked":["Leap","Consume"],"picked":"Coolheaded+1","floor":18},{"not_picked":["Barrage","Auto Shields"],"picked":"Capacitor","floor":19},{"not_picked":["Fusion","Doom and Gloom"],"picked":"Skim","floor":21},{"not_picked":["Scrape","Conserve Battery","Chill+1"],"picked":"SKIP","floor":23},{"not_picked":["Chill","Turbo"],"picked":"Barrage+1","floor":25},{"not_picked":["Go for the Eyes+1","Double Energy"],"picked":"Rebound+1","floor":29},{"not_picked":["All For One+1","Melter+1"],"picked":"White Noise","floor":30},{"not_picked":["Compile Driver+1","Hologram"],"picked":"Cold Snap+1","floor":31},{"not_picked":["Rainbow","Core Surge+1"],"picked":"Multi-Cast","floor":33},{"not_picked":["Reprogram","Glacier"],"picked":"Defragment","floor":35},{"not_picked":["Compile Driver+1","Steam","Redo"],"picked":"SKIP","floor":37},{"not_picked":["Chill+1","Leap","Hologram"],"picked":"SKIP","floor":38},{"not_picked":["Blizzard+1","Recycle"],"picked":"Storm","floor":39},{"not_picked":["Turbo+1","Coolheaded"],"picked":"Machine Learning","floor":41},{"not_picked":["Impatience","Forethought"],"picked":"Mind Blast+1","floor":42},{"not_picked":["Streamline+1","Sweeping Beam+1","Reinforced Body+1"],"picked":"SKIP","floor":44},{"not_picked":["Coolheaded+1","Stack+1","Conserve Battery"],"picked":"SKIP","floor":46}],"player_experience":53849,"relics_obtained":[{"floor":6,"key":"Pear"},{"floor":8,"key":"Matryoshka"},{"floor":9,"key":"Mummified Hand"},{"floor":9,"key":"Vajra"},{"floor":11,"key":"Orichalcum"},{"floor":14,"key":"Dream Catcher"},{"floor":23,"key":"Strawberry"},{"floor":26,"key":"Eternal Feather"},{"floor":26,"key":"Molten Egg 2"},{"floor":41,"key":"Ancient Tea Set"},{"floor":43,"key":"MawBank"},{"floor":45,"key":"Girya"}],"event_choices":[{"damage_healed":0,"gold_gain":0,"player_choice":"Ignored","damage_taken":0,"max_hp_gain":0,"max_hp_loss":0,"event_name":"Liars Game","floor":3,"gold_loss":0},{"damage_healed":0,"gold_gain":0,"player_choice":"Searched \u00271\u0027 times","damage_taken":0,"max_hp_gain":0,"max_hp_loss":0,"event_name":"Dead Adventurer","floor":11,"gold_loss":0},{"damage_healed":0,"gold_gain":0,"player_choice":"Inject Mutagens","damage_taken":0,"relics_obtained":["MutagenicStrength"],"max_hp_gain":0,"max_hp_loss":0,"event_name":"Drug Dealer","floor":20,"gold_loss":0},{"damage_healed":0,"gold_gain":0,"player_choice":"Bet on Owner","damage_taken":0,"max_hp_gain":0,"max_hp_loss":0,"event_name":"The Joust","floor":22,"gold_loss":50},{"damage_healed":0,"gold_gain":0,"player_choice":"Upgraded","damage_taken":0,"max_hp_gain":0,"max_hp_loss":0,"event_name":"Upgrade Shrine","floor":28,"gold_loss":0,"cards_upgraded":["Machine Learning"]},{"damage_healed":0,"gold_gain":0,"player_choice":"Memory 1","damage_taken":0,"max_hp_gain":0,"max_hp_loss":0,"event_name":"SensoryStone","floor":42,"gold_loss":0},{"damage_healed":0,"gold_gain":0,"player_choice":"Got Potions","damage_taken":0,"max_hp_gain":0,"max_hp_loss":0,"event_name":"Lab","floor":47,"gold_loss":0}],"is_beta":false,"boss_relics":[{"not_picked":["Velvet Choker","Astrolabe"],"picked":"Nuclear Battery"},{"not_picked":["Philosopher\u0027s Stone","SlaversCollar"],"picked":"Empty Cage"}],"items_purged_floors":[36,48],"is_endless":false,"potions_floor_spawned":[4,5,13,16,19,21,27,33,35,37,39,46],"killed_by":"Awakened One","ascension_level":0}}