{"host":"epc8efk9vrywpcsw","time":1613404357,"event":{"mods":["BaseMod","Minty Spire (QoL Compilation)","Relic Stats","StSLib"],"gold_per_floor":[112,54,119,131,206,206,240,240,240,271,271,100,143,164,164,164,164],"floor_reached":16,"language":"ENG","playtime":289,"items_purged":[],"score":332,"play_id":"f76320b1-a686-4d82-a42a-e425c880aa39","local_time":"20210215165237","is_ascension_mode":true,"campfire_choices":[{"data":"Neutralize","floor":6,"key":"SMITH"},{"data":"Blade Dance","floor":8,"key":"SMITH"},{"data":"Cloak And Dagger","floor":15,"key":"SMITH"}],"circlet_count":0,"master_deck":["AscendersBane","Strike_G","Strike_G","Strike_G","Strike_G","Strike_G","Defend_G","Defend_G","Defend_G","Defend_G","Defend_G","Survivor","Neutralize+1","Dagger Throw","Underhanded Strike","Finisher","Blade Dance+1","Blade Dance","Cloak And Dagger+1","Dagger Throw"],"relics":["Ring of the Snake","NeowsBlessing","Meat on the Bone","Singing Bowl","Pen Nib","Golden Idol","Juzu Bracelet","Pantograph"],"acts_visited":["Exordium"],"potions_floor_usage":[10],"damage_taken":[{"damage":0,"enemies":"Small Slimes","floor":1,"turns":1},{"damage":0,"enemies":"Jaw Worm","floor":4,"turns":1},{"damage":0,"enemies":"Gremlin Nob","floor":7,"turns":1},{"damage":12,"enemies":"Lagavulin","floor":10,"turns":7},{"damage":0,"enemies":"Gremlin Nob","floor":13,"turns":2},{"damage":31,"enemies":"Cultist","floor":14,"turns":5},{"damage":35,"enemies":"Hexaghost","floor":16,"turns":8}],"seed_played":"6802908935696925256","potions_obtained":[{"floor":1,"key":"Swift Potion"},{"floor":10,"key":"Fire Potion"}],"is_trial":false,"path_per_floor":["M","$","?","M","?","R","E","R","T","E","?","$","E","M","R","B"],"character_chosen":"THE_SILENT","items_purchased":["Underhanded Strike","Juzu Bracelet"],"campfire_rested":0,"item_purchase_floors":[2,12],"current_hp_per_floor":[59,59,59,59,48,48,48,48,48,36,36,36,36,17,17,7,7],"gold":164,"neow_bonus":"THREE_ENEMY_KILL","is_daily":false,"chose_seed":false,"campfire_upgraded":3,"win_rate":0.0,"timestamp":1613404357,"path_taken":["M","$","?","M","?","R","E","R","T","E","?","?","E","M","R","BOSS"],"items_purchased_type":["Card","Relic"],"build_version":"2020-12-22","purchased_purges":0,"victory":false,"max_hp_per_floor":[66,66,66,66,66,66,66,66,66,66,60,60,60,60,60,60,60],"relic_stats":{"Singing Bowl":0,"counters":[7,25],"Golden Idol":13,"Pantograph":25,"Pen Nib":[5],"Juzu Bracelet":0,"obtain_stats":[{"NeowsBlessing":0,"Singing Bowl":9,"Golden Idol":11,"Pantograph":13,"Pen Nib":10,"Juzu Bracelet":12,"Ring of the Snake":0,"Meat on the Bone":7},{"NeowsBlessing":0,"Singing Bowl":3,"Golden Idol":4,"Pantograph":5,"Pen Nib":4,"Juzu Bracelet":4,"Ring of the Snake":0,"Meat on the Bone":3},{"NeowsBlessing":0,"Singing Bowl":3,"Golden Idol":10,"Pantograph":12,"Pen Nib":10,"Juzu Bracelet":10,"Ring of the Snake":0,"Meat on the Bone":3}],"Ring of the Snake":[14],"Meat on the Bone":12},"card_choices":[{"not_picked":["Catalyst","Backflip"],"picked":"Dagger Throw","floor":1},{"not_picked":["Riddle With Holes","Sucker Punch"],"picked":"Finisher","floor":4},{"not_picked":["Dodge and Roll","Cloak And Dagger"],"picked":"Blade Dance","floor":7},{"not_picked":["Corpse Explosion","Quick Slash"],"picked":"Blade Dance","floor":10},{"not_picked":["Dagger Spray","Slice"],"picked":"Cloak And Dagger","floor":13},{"not_picked":["Tactician","Sucker Punch"],"picked":"Dagger Throw","floor":14}],"player_experience":532964,"relics_obtained":[{"floor":7,"key":"Meat on the Bone"},{"floor":9,"key":"Singing Bowl"},{"floor":10,"key":"Pen Nib"},{"floor":13,"key":"Pantograph"}],"event_choices":[{"damage_healed":0,"gold_gain":65,"player_choice":"Gained Gold","damage_taken":0,"max_hp_gain":0,"max_hp_loss":0,"event_name":"Golden Wing","floor":3,"gold_loss":0},{"damage_healed":0,"gold_gain":75,"player_choice":"Gather Gold","damage_taken":11,"max_hp_gain":0,"max_hp_loss":0,"event_name":"World of Goop","floor":5,"gold_loss":0},{"damage_healed":0,"gold_gain":0,"player_choice":"Lose Max HP","damage_taken":0,"relics_obtained":["Golden Idol"],"max_hp_gain":0,"max_hp_loss":6,"event_name":"Golden Idol","floor":11,"gold_loss":0}],"is_beta":false,"boss_relics":[],"items_purged_floors":[],"is_endless":false,"potions_floor_spawned":[1,10],"killed_by":"Hexaghost","ascension_level":20}}