{"host":"bsgp9wgausrmthh2","time":1613422365,"event":{"mods":["AchievementEnabler","BaseMod","Colored Map","Downfall","Minty Spire (QoL Compilation)","Replay The Spire","StSLib"],"gold_per_floor":[99,138,138,151,165,180,207,242,254,270,270,288,88,105,120,120,120,120],"floor_reached":16,"language":"ENG","playtime":2008,"items_purged":[],"score":106,"play_id":"f6236d28-03f4-460b-b4a3-79b4a9e659a8","local_time":"20210215155245","is_ascension_mode":false,"campfire_choices":[{"floor":1,"key":"RECALL"},{"data":"Guardian:Recover","floor":13,"key":"SMITH"}],"circlet_count":0,"master_deck":["Guardian:Strike_Guardian","Guardian:Strike_Guardian","Guardian:Strike_Guardian","Guardian:Strike_Guardian","Guardian:Defend_Guardian","Guardian:Defend_Guardian","Guardian:Defend_Guardian","Guardian:Defend_Guardian","Guardian:CurlUp","Guardian:TwinSlam","Guardian:SpikerProtocol+1","Guardian:Reroute","Guardian:Recover+1","Guardian:Gem_Lightblue","Guardian:DonusPower","Guardian:TemporalShield","Guardian:TemporalStrike"],"relics":["Guardian:ModeShifter","Darkstone Periapt","Torii","downfall:HeartBlessingRed","downfall:HeartBlessingGreen"],"acts_visited":["Exordium"],"potions_floor_usage":[],"damage_taken":[{"damage":7,"enemies":"2 Louse","floor":4,"turns":3},{"damage":1,"enemies":"Jaw Worm","floor":5,"turns":4},{"damage":0,"enemies":"Small Slimes","floor":6,"turns":4},{"damage":24,"enemies":"Replay:BlueRogue","floor":8,"turns":13},{"damage":3,"enemies":"Gremlin Gang","floor":9,"turns":6},{"damage":10,"enemies":"downfall:LooterAlt","floor":10,"turns":4},{"damage":7,"enemies":"3 Louse","floor":12,"turns":5},{"damage":6,"enemies":"Large Slime","floor":14,"turns":6},{"damage":1,"enemies":"downfall:LooterAlt","floor":15,"turns":4},{"damage":30,"enemies":"DF_ARCHETYPE_STREAMLINE","floor":16,"turns":9}],"seed_played":"-5186739773274042911","potions_obtained":[{"floor":2,"key":"DistilledChaos"},{"floor":2,"key":"sneckomod:MuddlingPotion"},{"floor":2,"key":"Toxic Potion"},{"floor":4,"key":"ColorlessPotion"}],"is_trial":false,"path_per_floor":["R","?","?","M","M","M","T","E","M","M","?","M","R","M","M","B"],"character_chosen":"GUARDIAN","items_purchased":[],"campfire_rested":0,"item_purchase_floors":[],"current_hp_per_floor":[88,88,88,81,80,80,80,56,53,43,36,29,29,23,22,0,0,0],"gold":120,"neow_bonus":"TEN_PERCENT_HP_BONUS","is_daily":false,"chose_seed":false,"campfire_upgraded":1,"win_rate":0.0,"timestamp":1613422365,"path_taken":["R","?","?","M","M","?","T","E","M","M","?","M","R","M","M","BOSS"],"items_purchased_type":[],"build_version":"2020-12-22","purchased_purges":0,"victory":false,"max_hp_per_floor":[88,88,88,88,88,88,88,88,88,88,88,88,88,88,88,88,88,88],"card_choices":[{"not_picked":["Guardian:ShieldCharger","Guardian:TemporalShield"],"picked":"Guardian:SpikerProtocol","floor":2},{"not_picked":["Guardian:CrystalBeam","Guardian:RollAttack"],"picked":"Guardian:Reroute","floor":4},{"not_picked":["Guardian:Recover","Guardian:PiercingHide"],"picked":"Guardian:Gem_Blue","floor":5},{"not_picked":["Guardian:ChargeCore","Guardian:VentSteam"],"picked":"Guardian:Gem_Cyan","floor":6},{"not_picked":["Guardian:Gem_Lightblue","Guardian:TemporalStrike"],"picked":"Guardian:Recover","floor":8},{"not_picked":["Guardian:PiercingHide","Guardian:ExploitGems"],"picked":"Guardian:Gem_Lightblue","floor":9},{"not_picked":["Guardian:Recover","Guardian:ShieldSpikes"],"picked":"Guardian:Gem_Blue","floor":10},{"not_picked":["Guardian:TemporalShield","Guardian:WalkerClaw"],"picked":"Guardian:DonusPower","floor":12},{"not_picked":["Guardian:Gem_Lightblue","Guardian:PrismaticBarrier"],"picked":"Guardian:TemporalShield","floor":14},{"not_picked":["Guardian:ShieldCharger","Guardian:PrismaticBeam"],"picked":"Guardian:TemporalStrike","floor":15}],"player_experience":252576,"relics_obtained":[{"floor":8,"key":"Darkstone Periapt"}],"event_choices":[{"damage_healed":0,"gold_gain":0,"player_choice":"Success","damage_taken":7,"relics_obtained":["Torii"],"max_hp_gain":0,"max_hp_loss":0,"event_name":"Scrap Ooze","floor":11,"gold_loss":0}],"is_beta":false,"boss_relics":[],"items_purged_floors":[],"is_endless":false,"potions_floor_spawned":[4,10,14],"killed_by":"DF_ARCHETYPE_STREAMLINE","ascension_level":0}}