{"host":"rw1trt79hfpl7pom","time":1613430813,"event":{"mods":["BaseMod","Bestiary","Colored Map","Jorbs\u0027s Wanderer Trilogy","Minty Spire (QoL Compilation)","Relic Stats","StSLib","SuperFastMode"],"gold_per_floor":[110,130,140,140,57,88,13,13,13,29,29,44,82,82,82,176,176,196,196,214,4,4,4,40,40,40,74,24,62,100,115,115,208,208,229,229,87,100,125,158,158,177,177,212,228,261,17,73,73,73,73,73,73,15,46,46,46],"floor_reached":56,"language":"ENG","playtime":2856,"items_purged":["stsjorbsmod:Strike_Wanderer","stsjorbsmod:ChainLightning","stsjorbsmod:TrueStrike","stsjorbsmod:MistyStep"],"score":2277,"play_id":"7c521668-d0a0-47ff-bc07-046bcc5a8274","local_time":"20210215151333","is_ascension_mode":true,"campfire_choices":[{"floor":8.0,"key":"REST"},{"floor":11.0,"key":"REST"},{"data":"stsjorbsmod:Inferno","floor":15.0,"key":"SMITH"},{"floor":23.0,"key":"REST"},{"data":"stsjorbsmod:Inferno","floor":25.0,"key":"SMITH"},{"floor":32.0,"key":"REST"},{"data":"stsjorbsmod:Fireball","floor":41.0,"key":"SMITH"},{"floor":49.0,"key":"RECALL"},{"data":"stsjorbsmod:Inferno","floor":53.0,"key":"SMITH"}],"circlet_count":0,"master_deck":["AscendersBane","stsjorbsmod:ForbiddenGrimoire+1","stsjorbsmod:FreshAdventure","stsjorbsmod:EyeOfTheStorm","stsjorbsmod:Inferno+1","stsjorbsmod:BurningFlask","stsjorbsmod:ScorchingRay","stsjorbsmod:ChainLightning","stsjorbsmod:IvoryTower","stsjorbsmod:Inferno+1","stsjorbsmod:RayOfFrost","stsjorbsmod:Trauma","stsjorbsmod:Fireball+1","stsjorbsmod:LoseGrip","stsjorbsmod:BookOfTongues","stsjorbsmod:Channel","Necronomicurse","stsjorbsmod:Hibernate","stsjorbsmod:FlameWard+1","stsjorbsmod:FracturedMind+1","stsjorbsmod:FlameWard","stsjorbsmod:Withdraw","stsjorbsmod:FlameWard","Master of Strategy","stsjorbsmod:BookOfTongues","stsjorbsmod:Inferno","stsjorbsmod:IvoryTower","stsjorbsmod:Inferno+1","PanicButton","stsjorbsmod:CorrodingBarrier","stsjorbsmod:HoldMonster"],"relics":["stsjorbsmod:GrimoireRelic","NeowsBlessing","Golden Idol","Orichalcum","Question Card","Potion Belt","Pandora\u0027s Box","Necronomicon","Membership Card","Singing Bowl","Nunchaku","Pantograph","Red Mask","Bottled Lightning","SlaversCollar","OrangePellets","Blue Candle","Pocketwatch","Bag of Preparation","Mango","Ornamental Fan"],"acts_visited":["Exordium","TheCity","TheBeyond","TheEnding"],"potions_floor_usage":[56,56,56,56],"damage_taken":[{"damage":0.0,"enemies":"Cultist","floor":1.0,"turns":1.0},{"damage":0.0,"enemies":"2 Louse","floor":2.0,"turns":1.0},{"damage":0.0,"enemies":"Jaw Worm","floor":3.0,"turns":1.0},{"damage":48.0,"enemies":"Gremlin Nob","floor":6.0,"turns":4.0},{"damage":9.0,"enemies":"Blue Slaver","floor":10.0,"turns":3.0},{"damage":13.0,"enemies":"Exordium Thugs","floor":12.0,"turns":4.0},{"damage":11.0,"enemies":"3 Sentries","floor":13.0,"turns":7.0},{"damage":0.0,"enemies":"Slime Boss","floor":16.0,"turns":3.0},{"damage":15.0,"enemies":"Chosen","floor":18.0,"turns":4.0},{"damage":0.0,"enemies":"2 Thieves","floor":20.0,"turns":1.0},{"damage":0.0,"enemies":"Gremlin Leader","floor":24.0,"turns":4.0},{"damage":21.0,"enemies":"Book of Stabbing","floor":27.0,"turns":4.0},{"damage":0.0,"enemies":"Masked Bandits","floor":29.0,"turns":1.0},{"damage":13.0,"enemies":"Slavers","floor":30.0,"turns":3.0},{"damage":3.0,"enemies":"Centurion and Healer","floor":31.0,"turns":3.0},{"damage":9.0,"enemies":"Collector","floor":33.0,"turns":7.0},{"damage":0.0,"enemies":"3 Shapes","floor":35.0,"turns":6.0},{"damage":0.0,"enemies":"Orb Walker","floor":38.0,"turns":3.0},{"damage":15.0,"enemies":"Transient","floor":39.0,"turns":6.0},{"damage":9.0,"enemies":"Reptomancer","floor":40.0,"turns":4.0},{"damage":0.0,"enemies":"3 Darklings","floor":42.0,"turns":2.0},{"damage":5.0,"enemies":"Nemesis","floor":44.0,"turns":3.0},{"damage":0.0,"enemies":"Jaw Worm Horde","floor":45.0,"turns":2.0},{"damage":0.0,"enemies":"Reptomancer","floor":46.0,"turns":2.0},{"damage":10.0,"enemies":"2 Orb Walkers","floor":48.0,"turns":3.0},{"damage":11.0,"enemies":"Donu and Deca","floor":50.0,"turns":6.0},{"damage":17.0,"enemies":"Time Eater","floor":51.0,"turns":3.0},{"damage":17.0,"enemies":"Shield and Spear","floor":55.0,"turns":4.0},{"damage":100,"enemies":"The Heart","floor":56,"turns":6}],"seed_played":"-8762471461124274834","potions_obtained":[{"floor":1.0,"key":"AttackPotion"},{"floor":12.0,"key":"stsjorbsmod:BurningPotion"},{"floor":13.0,"key":"EntropicBrew"},{"floor":16.0,"key":"Strength Potion"},{"floor":18.0,"key":"Strength Potion"},{"floor":30.0,"key":"Fruit Juice"},{"floor":33.0,"key":"stsjorbsmod:BurningPotion"},{"floor":38.0,"key":"LiquidMemories"},{"floor":39.0,"key":"SteroidPotion"},{"floor":42.0,"key":"DuplicationPotion"},{"floor":46.0,"key":"Swift Potion"},{"floor":55.0,"key":"EssenceOfSteel"}],"is_trial":false,"path_per_floor":["M","M","M","?","$","E","$","R","T","M","R","M","E","?","R","B",null,"M","?","M","$","?","R","E","R","T","E","$","?","E","M","R","B",null,"M","?","$","M","M","E","R","M","T","E","M","E","$","?","R","B","B",null,"R","$","E","B"],"character_chosen":"WANDERER","items_purchased":["stsjorbsmod:ScorchingRay","Membership Card","Regen Potion","OrangePellets","stsjorbsmod:Inferno","PanicButton","stsjorbsmod:CorrodingBarrier","Energy Potion","Energy Potion"],"campfire_rested":4,"item_purchase_floors":[5,21,21,37,47,47,47,54,54],"current_hp_per_floor":[59,60,61,58,58,11,11,28,28,20,37,25,16,16,16,17,48,33,12,12,12,12,29,29,29,29,22,22,24,12,9,27,43,57,60,54,54,57,49,40,40,42,42,40,40,42,42,48,48,62,70,92,92,92,75,0,0],"gold":46,"neow_bonus":"THREE_ENEMY_KILL","is_daily":false,"chose_seed":false,"campfire_upgraded":4,"win_rate":0.0,"timestamp":1613430813,"path_taken":["M","?","?","?","$","E","$","R","T","M","R","M","E","?","R","BOSS","M","?","M","$","?","R","E","R","T","E","$","?","E","?","R","BOSS","M","?","$","M","M","E","R","M","T","E","M","E","$","?","R","BOSS","BOSS","R","$","E","BOSS"],"items_purchased_type":["Card","Relic","Potion","Relic","Card","Card","Card","Potion","Potion"],"build_version":"2020-12-22","purchased_purges":4,"victory":false,"max_hp_per_floor":[64,64,64,58,58,58,58,58,58,58,58,58,58,58,58,58,58,58,58,58,58,58,58,58,58,58,60,60,62,62,62,62,62,62,64,68,68,70,77,77,77,79,79,81,81,83,83,99,99,99,99,99,99,99,99,99,99],"relic_stats":{"Singing Bowl":18,"counters":[29,101],"Golden Idol":194,"Blue Candle":[0],"Bag of Preparation":[10],"Orichalcum":[264],"Question Card":25,"OrangePellets":[1],"Nunchaku":[7],"Ornamental Fan":[0],"Pantograph":99,"Pandora\u0027s Box":["stsjorbsmod:MistyStep","stsjorbsmod:Fireball","stsjorbsmod:LoseGrip","stsjorbsmod:ChainLightning","stsjorbsmod:MagicMissiles","stsjorbsmod:TrueStrike","stsjorbsmod:BookOfTongues"],"Necronomicon":[35],"obtain_stats":[{"Potion Belt":13,"NeowsBlessing":0,"Singing Bowl":24,"Golden Idol":4,"Blue Candle":40,"stsjorbsmod:GrimoireRelic":0,"Mango":48,"Bag of Preparation":46,"Orichalcum":6,"Question Card":9,"SlaversCollar":34,"OrangePellets":37,"Nunchaku":26,"Ornamental Fan":55,"Pantograph":27,"Pandora\u0027s Box":17,"Necronomicon":19,"Red Mask":29,"Membership Card":21,"Bottled Lightning":30,"Pocketwatch":44},{"Potion Belt":7,"NeowsBlessing":0,"Singing Bowl":11,"Golden Idol":3,"Blue Candle":20,"stsjorbsmod:GrimoireRelic":0,"Mango":25,"Bag of Preparation":24,"Orichalcum":4,"Question Card":4,"SlaversCollar":16,"OrangePellets":17,"Nunchaku":11,"Ornamental Fan":28,"Pantograph":12,"Pandora\u0027s Box":8,"Necronomicon":9,"Red Mask":13,"Membership Card":10,"Bottled Lightning":14,"Pocketwatch":22},{"Potion Belt":21,"NeowsBlessing":0,"Singing Bowl":33,"Golden Idol":3,"Blue Candle":70,"stsjorbsmod:GrimoireRelic":0,"Mango":82,"Bag of Preparation":79,"Orichalcum":7,"Question Card":7,"SlaversCollar":51,"OrangePellets":57,"Nunchaku":33,"Ornamental Fan":95,"Pantograph":37,"Pandora\u0027s Box":24,"Necronomicon":28,"Red Mask":38,"Membership Card":29,"Bottled Lightning":41,"Pocketwatch":75}],"Pocketwatch":[27]},"card_choices":[{"not_picked":["stsjorbsmod:HedgeWizard","stsjorbsmod:Will"],"picked":"stsjorbsmod:Inferno","floor":1.0},{"not_picked":["stsjorbsmod:WeightOfMemory","stsjorbsmod:Message"],"picked":"stsjorbsmod:BurningFlask","floor":2.0},{"not_picked":["stsjorbsmod:ArcaneWeapon","stsjorbsmod:WanderingMind","stsjorbsmod:AnimateObjects"],"picked":"SKIP","floor":3.0},{"not_picked":["stsjorbsmod:FracturedMind","stsjorbsmod:Hurt"],"picked":"stsjorbsmod:ChainLightning","floor":6.0},{"not_picked":["stsjorbsmod:RefuseToForget","stsjorbsmod:Firebolt","stsjorbsmod:Hibernate"],"picked":"stsjorbsmod:IvoryTower","floor":10.0},{"not_picked":["stsjorbsmod:Prepare","stsjorbsmod:ChatteringStrike","stsjorbsmod:Counterspell"],"picked":"stsjorbsmod:Inferno","floor":12.0},{"not_picked":["stsjorbsmod:HedgeWizard","stsjorbsmod:OldPocket","stsjorbsmod:Mending"],"picked":"stsjorbsmod:RayOfFrost","floor":13.0},{"not_picked":["stsjorbsmod:HoldMonster","stsjorbsmod:PurgeMind","stsjorbsmod:Fear"],"picked":"stsjorbsmod:Trauma","floor":16.0},{"not_picked":["stsjorbsmod:ChainLightning+1","stsjorbsmod:Hurt","stsjorbsmod:Will"],"picked":"stsjorbsmod:Channel","floor":18.0},{"not_picked":["stsjorbsmod:FaerieFire","stsjorbsmod:ParryingBlow","stsjorbsmod:Index"],"picked":"stsjorbsmod:Hibernate","floor":20.0},{"not_picked":["stsjorbsmod:FracturedMind","stsjorbsmod:Hibernate","stsjorbsmod:Materialize"],"picked":"stsjorbsmod:FlameWard+1","floor":24.0},{"not_picked":["stsjorbsmod:RayOfFrost","stsjorbsmod:Aid","stsjorbsmod:Fear","stsjorbsmod:Mindworm"],"picked":"Singing Bowl","floor":27.0},{"not_picked":["stsjorbsmod:BookOfTongues","stsjorbsmod:Will","stsjorbsmod:Hibernate","stsjorbsmod:Thorns+1"],"picked":"Singing Bowl","floor":29.0},{"not_picked":["stsjorbsmod:ScorchingRay","stsjorbsmod:Rest","stsjorbsmod:Fear"],"picked":"stsjorbsmod:FracturedMind+1","floor":30.0},{"not_picked":["stsjorbsmod:MagicMissiles","stsjorbsmod:DoubleCheck","stsjorbsmod:ChatteringStrike"],"picked":"stsjorbsmod:FlameWard","floor":31.0},{"not_picked":["stsjorbsmod:Fear","stsjorbsmod:DeathThroes","stsjorbsmod:Rediscovery"],"picked":"stsjorbsmod:Withdraw","floor":33.0},{"not_picked":["stsjorbsmod:WanderingMind+1","stsjorbsmod:Mending+1","stsjorbsmod:Index"],"picked":"stsjorbsmod:FlameWard","floor":35.0},{"not_picked":["Magnetism","Jack Of All Trades","Transmutation"],"picked":"Master of Strategy","floor":36.0},{"not_picked":["HandOfGreed","Violence","Deep Breath","Discovery"],"picked":"Singing Bowl","floor":36.0},{"not_picked":["Impatience","Madness","HandOfGreed","Purity"],"picked":"Singing Bowl","floor":36.0},{"not_picked":["stsjorbsmod:Counterspell","stsjorbsmod:Aid+1","stsjorbsmod:ArcaneWeapon+1","stsjorbsmod:LoseGrip"],"picked":"Singing Bowl","floor":38.0},{"not_picked":["stsjorbsmod:Will","stsjorbsmod:Hibernate","stsjorbsmod:DisguiseSelf","stsjorbsmod:Message"],"picked":"Singing Bowl","floor":39.0},{"not_picked":["stsjorbsmod:Fear","stsjorbsmod:Hibernate","stsjorbsmod:AnimateObjects"],"picked":"stsjorbsmod:BookOfTongues","floor":40.0},{"not_picked":["stsjorbsmod:MageArmor","stsjorbsmod:ParryingBlow","stsjorbsmod:HedgeWizard","stsjorbsmod:UnseenServant"],"picked":"Singing Bowl","floor":42.0},{"not_picked":["stsjorbsmod:MagicMissiles+1","stsjorbsmod:UnseenServant","stsjorbsmod:ChatteringStrike"],"picked":"stsjorbsmod:Inferno","floor":44.0},{"not_picked":["stsjorbsmod:Mending","stsjorbsmod:WeightOfMemory","stsjorbsmod:Prestidigitation"],"picked":"stsjorbsmod:IvoryTower","floor":45.0},{"not_picked":["stsjorbsmod:Firebolt+1","stsjorbsmod:BlackTentacles+1","stsjorbsmod:Message","stsjorbsmod:WeightOfMemory"],"picked":"Singing Bowl","floor":46.0},{"not_picked":["stsjorbsmod:Rediscovery","stsjorbsmod:Channel","stsjorbsmod:Hibernate","stsjorbsmod:FranticSearch"],"picked":"Singing Bowl","floor":48.0},{"not_picked":["stsjorbsmod:Hurt+1","stsjorbsmod:DoubleCheck","stsjorbsmod:AnimateObjects"],"picked":"stsjorbsmod:HoldMonster","floor":55.0}],"player_experience":2739273,"relics_obtained":[{"floor":6.0,"key":"Orichalcum"},{"floor":9.0,"key":"Question Card"},{"floor":13.0,"key":"Potion Belt"},{"floor":19.0,"key":"Necronomicon"},{"floor":24.0,"key":"Singing Bowl"},{"floor":26.0,"key":"Nunchaku"},{"floor":27.0,"key":"Pantograph"},{"floor":29.0,"key":"Red Mask"},{"floor":30.0,"key":"Bottled Lightning"},{"floor":40.0,"key":"Blue Candle"},{"floor":44.0,"key":"Pocketwatch"},{"floor":46.0,"key":"Bag of Preparation"},{"floor":48.0,"key":"Mango"},{"floor":55.0,"key":"Ornamental Fan"}],"event_choices":[{"damage_healed":0.0,"max_hp_gain":0.0,"max_hp_loss":6.0,"gold_gain":0.0,"event_name":"Golden Idol","player_choice":"Lose Max HP","floor":4.0,"gold_loss":0.0,"damage_taken":0.0,"relics_obtained":["Golden Idol"]},{"damage_healed":0.0,"max_hp_gain":0.0,"max_hp_loss":0.0,"gold_gain":0.0,"event_name":"Shining Light","player_choice":"Ignored","floor":14.0,"gold_loss":0.0,"damage_taken":0.0},{"damage_healed":0.0,"max_hp_gain":0.0,"max_hp_loss":0.0,"gold_gain":0.0,"event_name":"Cursed Tome","player_choice":"Obtained Book","floor":19.0,"gold_loss":0.0,"damage_taken":21.0},{"cards_removed":["stsjorbsmod:MagicMissiles"],"damage_healed":0.0,"max_hp_gain":0.0,"max_hp_loss":0.0,"gold_gain":0.0,"event_name":"Back to Basics","player_choice":"Elegance","floor":22.0,"gold_loss":0.0,"damage_taken":0.0},{"damage_healed":0.0,"max_hp_gain":0.0,"max_hp_loss":0.0,"gold_gain":0.0,"event_name":"Masked Bandits","player_choice":"Fought Bandits","floor":29.0,"gold_loss":0.0,"damage_taken":0.0},{"damage_healed":0.0,"max_hp_gain":0.0,"max_hp_loss":0.0,"gold_gain":0.0,"event_name":"SensoryStone","player_choice":"Memory 3","floor":36.0,"gold_loss":0.0,"damage_taken":10.0},{"damage_healed":0.0,"max_hp_gain":0.0,"max_hp_loss":0.0,"gold_gain":0.0,"event_name":"Mysterious Sphere","player_choice":"Fight","floor":48.0,"gold_loss":0.0,"damage_taken":0.0}],"is_beta":false,"boss_relics":[{"not_picked":["Runic Dome","Empty Cage"],"picked":"Pandora\u0027s Box"},{"not_picked":["SacredBark","Coffee Dripper"],"picked":"SlaversCollar"}],"items_purged_floors":[7,28,37,47],"is_endless":false,"potions_floor_spawned":[1,12,13,16,18,30,33,38,39,42,46,55],"killed_by":"The Heart","ascension_level":20}}