{"host":"8t5dkgm85abdp22d","time":1613369876,"event":{"mods":["Act Like it!","BaseMod","Colored Powertips","Gensokyo","Hallownest","Lobotomy","LobotomyExtend","Luminous","Marisa£®ÏF”Í°°ƒß¿Ì…≥£©","Minty Spire (QoL Compilation)","Prisma Mod","Reimu£®≤©¿ˆ¡È√Œ£©","Reliquary","Ryuuou¡˙Õı","SIMod","StSLib","The Bug Knight","TheWitcher","UnlockEverythingMod","Waifu the Spire","Yakumo Yukari mod","°æ“≈ŒÔø®≈∆°øREMEMod"],"gold_per_floor":[139,159,169,94,107,107,107],"floor_reached":6,"language":"ZHS","playtime":248,"items_purged":["AT_purpleEX"],"score":48,"play_id":"186f6537-4bea-416e-bef6-5578e5a2d0bd","local_time":"20210215141756","is_ascension_mode":true,"campfire_choices":[],"circlet_count":0,"master_deck":["AT_purpleEX","AT_purpleEX","AT_purpleEX","Defend_purpleEX","Defend_purpleEX","Defend_purpleEX","Defend_purpleEX","Observe_purple_1","Observe_purple_2","Core Surge","WallGazer","Charmbait_purple","PunishingBird","BarrageBoundary_PipeDream_purple"],"relics":["Boundary_crack","Memoryfragments_purpleEX","REME_ComplimentaryCards","CogitoBucket","LetterFromLob"],"acts_visited":["Exordium"],"potions_floor_usage":[],"damage_taken":[{"damage":2,"enemies":"Jaw Worm","floor":1,"turns":4},{"damage":7,"enemies":"Cultist","floor":2,"turns":4},{"damage":2,"enemies":"2 Louse","floor":3,"turns":2},{"damage":13,"enemies":"Blue Slaver","floor":5,"turns":3},{"damage":127,"enemies":"3 Sentries","floor":6,"turns":4}],"seed_played":"-1789217704447895178","potions_obtained":[{"floor":1,"key":"BlessingOfTheForge"},{"floor":5,"key":"GrandPatriotsElixir:ReiMu"}],"is_trial":false,"path_per_floor":["M","M","M","$","M","E"],"character_chosen":"Youkari","items_purchased":[],"campfire_rested":0,"item_purchase_floors":[],"current_hp_per_floor":[70,64,62,62,49,0,0],"gold":107,"neow_bonus":"","is_daily":false,"chose_seed":false,"campfire_upgraded":0,"win_rate":0.0,"timestamp":1613369876,"path_taken":["M","M","M","$","M","E"],"items_purchased_type":[],"build_version":"2020-12-22","purchased_purges":1,"victory":false,"max_hp_per_floor":[70,70,70,70,70,70,70],"card_choices":[{"not_picked":["BeautyBeast","OSAHOGD","MeatLantern"],"picked":"Singing Bowl","floor":1},{"not_picked":["OldLady","Funeral"],"picked":"WallGazer","floor":1},{"not_picked":["SfantasyHide_purple","AdvanceAttack_purple"],"picked":"Charmbait_purple","floor":1},{"not_picked":["BeautyBeast","Murderer","OSAHOGD"],"picked":"Singing Bowl","floor":2},{"not_picked":["Realm_recovery_purpleEX","Mirror_FormAndEmptin_purple","Shallow_ocean_purpleEX"],"picked":"SKIP","floor":2},{"not_picked":["SpiderBud","VoidDream","Scorched"],"picked":"Singing Bowl","floor":3},{"not_picked":["CherryBlossoms","Scorched"],"picked":"PunishingBird","floor":3},{"not_picked":["StateErode_purple","SfantasyHide_purple"],"picked":"BarrageBoundary_PipeDream_purple","floor":3},{"not_picked":["QueenBee","DreamingCurrent","MHz"],"picked":"Singing Bowl","floor":5},{"not_picked":["StateDuplicate_purple","Umbrella_purple","Shallow_ocean_purpleEX"],"picked":"SKIP","floor":5}],"player_experience":165817,"relics_obtained":[{"floor":1,"key":"LetterFromLob"}],"event_choices":[],"is_beta":false,"boss_relics":[],"items_purged_floors":[4],"is_endless":false,"potions_floor_spawned":[1,5],"killed_by":"3 Sentries","ascension_level":5}}