{"host":"i3z0gcxurea6197v","time":1613416694,"event":{"mods":["Aspiration","BaseMod","Conspire","Energized Spire","Hubris","Minty Spire (QoL Compilation)","Permanent Neow","Relic Filter Mod","Relic Stats","Reliquary","Replay The Spire","Shop Mod","StSLib","SuperFastMode","Virulent Crown","Weighted Paths"],"gold_per_floor":[113,113,163,180,198,232,232,232,232],"floor_reached":8,"language":"RUS","playtime":262,"items_purged":[],"score":162,"play_id":"9387790f-1e89-455e-b641-875e725ebc11","local_time":"20210216001814","daily_mods":["Diverse","Colorless Cards"],"is_ascension_mode":true,"campfire_choices":[{"floor":7,"key":"REST"}],"circlet_count":0,"master_deck":["AscendersBane","conspire:GhostlyStrike","conspire:GhostlyStrike","conspire:GhostlyStrike","conspire:GhostlyStrike","conspire:GhostlyStrike","conspire:GhostlyDefend","conspire:GhostlyDefend","conspire:GhostlyDefend","conspire:GhostlyDefend","Bash","Consecrate","Replay:Undeath\u0027s Touch"],"relics":["Burning Blood","Ring of Chaos","conspire:InfiniteJournal"],"acts_visited":["Exordium"],"potions_floor_usage":[5,6],"damage_taken":[{"damage":10,"enemies":"2 Louse","floor":1,"turns":3},{"damage":1,"enemies":"Cultist","floor":4,"turns":3},{"damage":2,"enemies":"Jaw Worm","floor":5,"turns":3},{"damage":56,"enemies":"Gremlin Nob","floor":6,"turns":4},{"damage":45,"enemies":"3 Sentries","floor":8,"turns":8}],"seed_played":"4305450202752831991","potions_obtained":[{"floor":4,"key":"Adrenaline Potion"},{"floor":5,"key":"LiquidBronze"},{"floor":6,"key":"LiquidBronze"}],"is_trial":true,"path_per_floor":["M","?","?","M","M","E","R","E"],"character_chosen":"IRONCLAD","items_purchased":[],"campfire_rested":1,"item_purchase_floors":[],"current_hp_per_floor":[64,64,64,69,73,23,45,0,0],"gold":232,"neow_bonus":"","is_daily":false,"chose_seed":false,"campfire_upgraded":0,"win_rate":0.0,"timestamp":1613416694,"path_taken":["M","?","?","M","M","E","R","E"],"items_purchased_type":[],"build_version":"2020-12-22","purchased_purges":0,"victory":false,"max_hp_per_floor":[75,75,75,75,75,75,75,75,75],"relic_stats":{"counters":[5,21],"obtain_stats":[{"Ring of Chaos":0,"Burning Blood":0,"conspire:InfiniteJournal":6},{"Ring of Chaos":0,"Burning Blood":0,"conspire:InfiniteJournal":4},{"Ring of Chaos":0,"Burning Blood":0,"conspire:InfiniteJournal":13}],"Burning Blood":24},"card_choices":[{"not_picked":["EmptyBody","Melter"],"picked":"Consecrate","floor":1},{"not_picked":["Clash","Impatience"],"picked":"Replay:Undeath\u0027s Touch","floor":4},{"not_picked":["True Grit","ReplayTheSpireMod:Uncanny Aura","Replay:AtTheReady"],"picked":"SKIP","floor":5},{"not_picked":["Disarm","Evaluate","Replay:Many Hands"],"picked":"SKIP","floor":6}],"player_experience":869601,"relics_obtained":[{"floor":6,"key":"conspire:InfiniteJournal"}],"event_choices":[{"damage_healed":0,"gold_gain":0,"player_choice":"Agree","damage_taken":0,"max_hp_gain":0,"max_hp_loss":0,"event_name":"conspire:LoneGhost","floor":2,"gold_loss":0},{"damage_healed":0,"gold_gain":50,"player_choice":"Pray","damage_taken":0,"max_hp_gain":0,"max_hp_loss":0,"event_name":"Golden Shrine","floor":3,"gold_loss":0}],"is_beta":false,"boss_relics":[],"items_purged_floors":[],"is_endless":false,"potions_floor_spawned":[4,5,6],"killed_by":"3 Sentries","ascension_level":20}}