{"host":"a3gu5zu37ht99mpa","time":1613416600,"event":{"mods":["100% Spire Juice","Act Like it!","Arknights","BaseMod","Better Silent Start","BetterRewards","Conspire","Downfall","Energized Spire","GifTheSpireLib","Gold Saver","Halation","Minty Spire (QoL Compilation)","Prisma Mod","Robot Space Explorer","StSLib","Stuff the Spire","The Animator","The Servant 0.9.4","Virulent Crown","Wandering Minibosses","yUi"],"gold_per_floor":[435,467,467,531,205,254,254,284,314,332,332,32,63,94,112,238,238,238,252,252,252,266,196,242,270,127,157,157,157,157,182,201,328,328,328,344,364,72,106,135,135,162,182,182,196,228,252,273,289,289,289,346,7,7,584,659,659,55,142,234,234,156,269,269,269,269,402,402,402],"floor_reached":68,"language":"ENG","playtime":4759,"items_purged":["Pride","animator:Curse_Nutcracker"],"score":1144,"play_id":"d11c066b-7edb-4fc9-9887-4764f901fee7","local_time":"20210215141640","is_ascension_mode":true,"campfire_choices":[{"floor":1.0,"key":"RECALL"},{"data":"animator:AcuraAkari","floor":12.0,"key":"SMITH"},{"data":"animator:AcuraAkari","floor":18.0,"key":"SMITH"},{"data":"animator:AcuraAkari","floor":18.0,"key":"SMITH"},{"data":"animator:Fredrika","floor":28.0,"key":"SMITH"},{"data":"animator:AcuraTooru","floor":30.0,"key":"SMITH"},{"data":"animator:Viivi","floor":30.0,"key":"SMITH"},{"data":"animator:Entoma+1","floor":35,"key":"SMITH"},{"data":"animator:Entoma+2","floor":35,"key":"SMITH"},{"floor":44,"key":"REST"},{"data":"animator:Geryuganshoop","floor":54,"key":"SMITH"},{"data":"animator:Melzalgald","floor":54,"key":"SMITH"},{"floor":66,"key":"REST"},{"floor":68,"key":"REST"}],"circlet_count":0,"master_deck":["animator:Strike_HitsugiNoChaika+1","animator:Defend_HitsugiNoChaika+1","animator:Strike","animator:Strike+1","animator:Defend+1","animator:Defend+1","animator:AcuraAkari+1","animator:Gillette","animator:AcuraTooru+1","animator:Chris+1","animator:Viivi+1","animator:Guy+1","animator:ChaikaBohdan+1","animator:PandorasActor+1","animator:Assassin+1","animator:AcuraAkari+1","animator:AcuraAkari+1","animator:MumenRider+1","animator:Cocytus+1","animator:Fredrika+1","animator:ChaikaTrabant+1","animator:CowGirl+1","animator:Layla+1","animator:Archer+1","animator:HighElfArcher+1","animator:Benimaru+1","animator:NarberalGamma+1","animator:Entoma+18","animator:Saber","animator:Guy","animator:Genos+1","animator:Demiurge+1","animator:TukaLunaMarceau+1","animator:Geryuganshoop+1","animator:MumenRider+1","animator:Melzalgald+1","animator:YaoHaDucy","animator:YunYun+1","animator:YaoHaDucy+1","animator:Eris+1","animator:Sonic+1","animator:Chris+1","animator:Chris+1","animator:Hans+1","CurseOfTheBell","CurseOfTheBell","animator:Boros+1","animator:Rena","animator:Rena+1","animator:YunYun+1","animator:YaoHaDucy+1","animator:EmiyaShirou+1"],"relics":["animator:TheWolleyCore","animator:AncientMedallion","downfall:ExtraCursedBell"],"acts_visited":["Exordium","TheCity","TheBeyond","TheEnding","EYB:TheUnnamedReign"],"potions_floor_usage":[50,63,63],"damage_taken":[{"damage":7.0,"enemies":"Jaw Worm","floor":2.0,"turns":4.0},{"damage":19.0,"enemies":"3 Sentries","floor":4.0,"turns":7.0},{"damage":5.0,"enemies":"downfall:FleeingMerchant","floor":5.0,"turns":4.0},{"damage":7.0,"enemies":"Gremlin Nob","floor":6.0,"turns":3.0},{"damage":0.0,"enemies":"Small Slimes","floor":8.0,"turns":2.0},{"damage":18.0,"enemies":"Lagavulin","floor":9.0,"turns":4.0},{"damage":0.0,"enemies":"Cultist","floor":10.0,"turns":2.0},{"damage":0.0,"enemies":"Blue Slaver","floor":13.0,"turns":1.0},{"damage":9.0,"enemies":"3 Sentries","floor":14.0,"turns":3.0},{"damage":0.0,"enemies":"Exordium Wildlife","floor":15.0,"turns":2.0},{"damage":0.0,"enemies":"WA_ARCHETYPE_RETAIN","floor":16.0,"turns":2.0},{"damage":21.0,"enemies":"downfall:LooterAlt2","floor":19.0,"turns":4.0},{"damage":0.0,"enemies":"Shell Parasite","floor":22.0,"turns":1.0},{"damage":8.0,"enemies":"downfall:FleeingMerchant","floor":23.0,"turns":4.0},{"damage":28.0,"enemies":"Slavers","floor":25.0,"turns":3.0},{"damage":0.0,"enemies":"Centurion and Healer","floor":27.0,"turns":3.0},{"damage":0,"enemies":"Gremlin Leader","floor":31,"turns":3},{"damage":7,"enemies":"Sentry and Sphere","floor":32,"turns":3},{"damage":10,"enemies":"SI_MIRROR_ARCHETYPE","floor":33,"turns":4},{"damage":9,"enemies":"3 Darklings","floor":36,"turns":3},{"damage":0,"enemies":"Orb Walker","floor":37,"turns":2},{"damage":8,"enemies":"3 Darklings","floor":39,"turns":3},{"damage":12,"enemies":"Nemesis","floor":40,"turns":3},{"damage":0,"enemies":"Transient","floor":42,"turns":5},{"damage":16,"enemies":"Jaw Worm Horde","floor":43,"turns":3},{"damage":23,"enemies":"Spire Growth","floor":45,"turns":3},{"damage":16,"enemies":"Reptomancer","floor":46,"turns":3},{"damage":23,"enemies":"Maw","floor":47,"turns":3},{"damage":1,"enemies":"4 Shapes","floor":48,"turns":2},{"damage":0,"enemies":"3 Darklings","floor":49,"turns":2},{"damage":10,"enemies":"IC_BLOCK_ARCHETYPE","floor":50,"turns":4},{"damage":35,"enemies":"downfall:CharBossMerchant","floor":52,"turns":4},{"damage":40,"enemies":"animator:LARGE_WISP","floor":59,"turns":5},{"damage":53,"enemies":"animator:UNNAMED_CULTIST_2","floor":60,"turns":7},{"damage":54,"enemies":"animator:ULTIMATE_WISP","floor":63,"turns":8},{"damage":46,"enemies":"animator:ULTIMATE_CRYSTAL","floor":67,"turns":8}],"seed_played":"-8692132482686598116","potions_obtained":[{"floor":2.0,"key":"Weak Potion"},{"floor":4.0,"key":"LiquidBronze"},{"floor":13.0,"key":"Explosive Potion"},{"floor":14.0,"key":"BlessingOfTheForge"},{"floor":15.0,"key":"Strength Potion"},{"floor":16.0,"key":"LiquidBronze"},{"floor":21.0,"key":"CultistPotion"},{"floor":25.0,"key":"hexamod:SoulburnPotion"},{"floor":47,"key":"bronze:BurnAndBuffPotion"},{"floor":48,"key":"SkillPotion"},{"floor":52,"key":"Energy Potion"},{"floor":59,"key":"animator:FalseLifePotion"},{"floor":60,"key":"animator:FalseLifePotion"},{"floor":63,"key":"animator:FalseLifePotion"},{"floor":67,"key":"animator:FalseLifePotion"}],"is_trial":false,"path_per_floor":["R","M","?","?","$","E","T","M","E","M","?","R","M","E","M","B",null,"R","M","?","?","M","$","T","E","$","M","R","$","R","E","M","B",null,"R","M","M","$","M","E","T","M","M","R","M","E","M","M","M","B",null,"E","$","R","??","T","?","$","M","M","?","$","E","T","?","R","E","R"],"character_chosen":"THE_ANIMATOR","items_purchased":["animator:Guy","halation:Sosunser","Vajra","animator:HighElfArcher","Bottled Tornado","Anchor","Red Skull","Nunchaku","InkBottle","animator:Chris","animator:AncientMedallion","animator:AncientMedallion","animator:YunYun"],"campfire_rested":3,"item_purchase_floors":[5,5,5,23,23,26,38,38,53,53,58,58,62],"current_hp_per_floor":[66,59,59,40,36,29,29,29,11,11,11,24,24,16,17,17,86,86,65,71,71,73,65,65,39,39,41,53,53,53,56,51,43,95,95,77,80,80,67,48,48,44,21,83,72,55,25,25,20,15,101,62,52,73,98,98,98,98,83,51,51,51,33,33,3,32,28,57,57],"gold":402,"neow_bonus":"BOSS_RELIC","is_daily":false,"chose_seed":false,"campfire_upgraded":10,"win_rate":0.0,"timestamp":1613416600,"path_taken":["R","M","?","?","$","E","T","M","E","M","?","R","M","E","M","BOSS","R","M","?","?","M","$","T","E","?","M","R","$","R","E","M","BOSS","R","M","M","$","M","E","T","M","M","R","M","E","M","M","M","BOSS","E","$","R","??","T","?","$","M","M","?","$","E","T","?","R","E","R"],"items_purchased_type":["Card","Relic","Relic","Card","Relic","Relic","Relic","Relic","Relic","Card","Relic","Relic","Card"],"build_version":"2020-12-22","purchased_purges":2,"victory":false,"max_hp_per_floor":[66,66,73,73,74,74,74,74,74,74,74,84,84,85,86,86,86,86,86,92,92,94,94,94,94,94,94,94,94,94,95,95,95,95,95,95,96,96,98,98,98,98,98,98,99,99,99,101,101,101,101,101,101,101,98,98,98,98,98,98,98,98,98,98,98,98,98,98,98],"card_choices":[{"not_picked":["animator:Vesta","animator:Witch"],"picked":"animator:AcuraTooru","floor":2.0},{"not_picked":["animator:CowGirl","animator:GazelDwargon"],"picked":"animator:Chris","floor":4.0},{"not_picked":["animator:Fredrika","animator:Layla"],"picked":"animator:Viivi","floor":5.0},{"not_picked":["animator:Gillette","animator:Layla"],"picked":"animator:ChaikaBohdan","floor":6.0},{"not_picked":["animator:Alexander","animator:Tyuule"],"picked":"animator:PandorasActor","floor":8.0},{"not_picked":["animator:Shuna","animator:SakuraMatou"],"picked":"animator:Assassin","floor":9.0},{"not_picked":["animator:Gillette","animator:PinaCoLada"],"picked":"animator:AcuraAkari","floor":10.0},{"not_picked":["animator:Genos","animator:Tatsumaki"],"picked":"animator:MumenRider","floor":13.0},{"not_picked":["animator:Megumin","animator:Shalltear"],"picked":"animator:Cocytus","floor":14.0},{"not_picked":["animator:Saitama","animator:LeleiLaLalena"],"picked":"animator:Fredrika","floor":15.0},{"not_picked":["animator:PinaCoLada","animator:Hans"],"picked":"animator:ChaikaTrabant","floor":16.0},{"not_picked":["animator:Bozes","animator:AcuraAkari"],"picked":"animator:CowGirl","floor":19.0},{"not_picked":["animator:Fredrika","animator:Gillette"],"picked":"animator:Layla","floor":22.0},{"not_picked":["animator:Wiz","animator:Souei+1"],"picked":"animator:Archer+1","floor":23.0},{"not_picked":["animator:Kuribayashi","animator:Tyuule"],"picked":"animator:Benimaru","floor":25.0},{"not_picked":["animator:Raven","animator:RinTohsaka"],"picked":"animator:NarberalGamma","floor":27.0},{"not_picked":["animator:NarberalGamma","animator:Sebas"],"picked":"animator:Entoma","floor":31},{"not_picked":["animator:YunYun","animator:Rider"],"picked":"animator:Entoma","floor":32},{"not_picked":["animator:Ainz","animator:ChaikaTrabant"],"picked":"animator:Saber","floor":33},{"not_picked":["animator:PandorasActor+1","animator:Spearman"],"picked":"animator:Guy","floor":36},{"not_picked":["animator:LeleiLaLalena","animator:AcuraTooru"],"picked":"animator:Genos+1","floor":37},{"not_picked":["animator:Entoma","animator:NarberalGamma"],"picked":"animator:Demiurge","floor":39},{"not_picked":["animator:CowGirl","animator:Chris"],"picked":"animator:TukaLunaMarceau","floor":40},{"not_picked":["animator:Shuna","animator:MetalKnight"],"picked":"animator:Geryuganshoop","floor":42},{"not_picked":["animator:Guy","animator:Genos"],"picked":"animator:MumenRider","floor":43},{"not_picked":["animator:Tatsumaki","animator:Genos"],"picked":"animator:Melzalgald","floor":45},{"not_picked":["animator:CowGirl+1","animator:Chris"],"picked":"animator:YaoHaDucy+1","floor":46},{"not_picked":["animator:MumenRider","animator:Tatsumaki"],"picked":"animator:YunYun","floor":47},{"not_picked":["animator:Priestess","animator:HighElfArcher"],"picked":"animator:YaoHaDucy+1","floor":48},{"not_picked":["animator:Vanir","animator:Aqua"],"picked":"animator:Eris","floor":49},{"not_picked":["animator:Alexander","animator:Genos"],"picked":"animator:Sonic","floor":52},{"not_picked":["animator:Spearman+1","animator:Layla"],"picked":"animator:Rena","floor":59},{"not_picked":["animator:Sonic","animator:GoblinSlayer"],"picked":"animator:Rena+1","floor":60},{"not_picked":["animator:SakuraMatou+1","animator:AcuraTooru"],"picked":"animator:YaoHaDucy+1","floor":63},{"not_picked":["animator:Assassin","animator:YaoHaDucy"],"picked":"animator:EmiyaShirou+1","floor":67}],"player_experience":96154,"relics_obtained":[{"floor":6.0,"key":"Darkstone Periapt"},{"floor":9.0,"key":"halation:SwordOfLegend"},{"floor":14.0,"key":"halation:PenCase"},{"floor":24.0,"key":"Blood Vial"},{"floor":25.0,"key":"Regal Pillow"},{"floor":31,"key":"Centennial Puzzle"},{"floor":40,"key":"Bag of Marbles"},{"floor":41,"key":"Paper Frog"},{"floor":46,"key":"StuffTheSpire:Barrel"},{"floor":52,"key":"PreservedInsect"},{"floor":55,"key":"animator:TheWolleyCore"},{"floor":56,"key":"animator:AncientMedallion"},{"floor":57,"key":"animator:AncientMedallion"},{"floor":57,"key":"animator:AncientMedallion"},{"floor":57,"key":"animator:AncientMedallion"},{"floor":63,"key":"animator:AncientMedallion"},{"floor":64,"key":"animator:AncientMedallion"},{"floor":67,"key":"animator:AncientMedallion"}],"event_choices":[{"damage_healed":0.0,"max_hp_gain":0.0,"max_hp_loss":0.0,"gold_gain":0.0,"event_name":"Scrap Ooze","player_choice":"Success","floor":3.0,"gold_loss":0.0,"damage_taken":7.0,"relics_obtained":["StuffTheSpire:CocoNut"]},{"damage_healed":0.0,"max_hp_gain":0.0,"max_hp_loss":0.0,"gold_gain":0.0,"event_name":"Addict","player_choice":"Stole Relic","floor":20.0,"gold_loss":0.0,"damage_taken":0.0,"relics_obtained":["StuffTheSpire:Experiment12"],"cards_obtained":["Pride"]}],"is_beta":false,"boss_relics":[{"not_picked":["energizedSpire:EnergizedDie","energizedSpire:CursedPentagram"],"picked":"energizedSpire:OgreHead"},{"not_picked":["halation:Prosthetics","Cursed Key"],"picked":"halation:SmartPhone"}],"items_purged_floors":[23,58],"is_endless":false,"potions_floor_spawned":[2,4,13,14,15,16,25,39,40,45,47,48,49,52,59,63],"ascension_level":1}}