{"host":"c5j8t0wyh2hvx9ju","time":1613397755,"event":{"mods":["Act Like it!","Astrologer","BaseMod","BetterRewards","Gensokyo","Minty Spire (QoL Compilation)","Prisma Mod","StSLib"],"gold_per_floor":[114,124,124,136,152,152,165,165,165,185,197,231,231,249,249,370,370,384,409,56,56,155,186,186,222,222,79,79,104,129,129,129,260,260,281,281,295,50,50,50,85,104,104,167,167,180,180,196,196,196,196],"floor_reached":50,"language":"JPN","playtime":2936,"items_purged":["Defend_P"],"score":794,"play_id":"e7bc3c9b-8edd-4ce2-b3e4-644f7e661776","local_time":"20210215230235","is_ascension_mode":true,"campfire_choices":[{"data":"Eruption","floor":6.0,"key":"SMITH"},{"data":"FearNoEvil","floor":8.0,"key":"SMITH"},{"data":"Tantrum","floor":15.0,"key":"SMITH"},{"data":"Apotheosis","floor":24.0,"key":"SMITH"},{"data":"1","floor":28.0,"key":"LIFT"},{"data":"2","floor":32.0,"key":"LIFT"},{"floor":40,"key":"REST"},{"data":"3","floor":47,"key":"LIFT"},{"data":"TalkToTheHand","floor":49,"key":"SMITH"}],"circlet_count":0,"master_deck":["Strike_P","Strike_P","Strike_P","Defend_P","Defend_P","Defend_P","Eruption+1","Vigilance","FearNoEvil+1","ThirdEye","Evaluate","Halt","FlurryOfBlows","CutThroughFate","Perseverance","Tantrum+1","TalkToTheHand+1","Ragnarok","ReachHeaven","Halt","Apotheosis+1","FlurryOfBlows","Indignation","ConjureBlade","ForeignInfluence+1","TalkToTheHand+1","Finesse"],"relics":["PureWater","ClockworkSouvenir","Girya","Torii","Golden Idol","SlaversCollar","Blood Vial","StoneCalendar","Yang","Lee\u0027s Waffle","PreservedInsect","Philosopher\u0027s Stone","Ornamental Fan","FossilizedHelix","White Beast Statue","CaptainsWheel"],"acts_visited":["Exordium","TheCity","TheBeyond"],"potions_floor_usage":[50,50],"damage_taken":[{"damage":0.0,"enemies":"Cultist","floor":1.0,"turns":4.0},{"damage":2.0,"enemies":"Jaw Worm","floor":2.0,"turns":2.0},{"damage":0.0,"enemies":"2 Louse","floor":4.0,"turns":3.0},{"damage":0.0,"enemies":"2 Fungi Beasts","floor":5.0,"turns":1.0},{"damage":0.0,"enemies":"Blue Slaver","floor":7.0,"turns":3.0},{"damage":0.0,"enemies":"Looter","floor":10.0,"turns":2.0},{"damage":0.0,"enemies":"Exordium Thugs","floor":11.0,"turns":2.0},{"damage":23.0,"enemies":"3 Sentries","floor":12.0,"turns":13.0},{"damage":1.0,"enemies":"3 Louse","floor":14.0,"turns":2.0},{"damage":21.0,"enemies":"The Guardian","floor":16.0,"turns":11.0},{"damage":12.0,"enemies":"Spheric Guardian","floor":18.0,"turns":4.0},{"damage":1.0,"enemies":"Chosen","floor":19.0,"turns":4.0},{"damage":22.0,"enemies":"Slavers","floor":23.0,"turns":3.0},{"damage":14.0,"enemies":"Book of Stabbing","floor":25.0,"turns":5.0},{"damage":17.0,"enemies":"Snake Plant","floor":29.0,"turns":4.0},{"damage":23,"enemies":"Champ","floor":33,"turns":8},{"damage":49,"enemies":"3 Darklings","floor":35,"turns":5},{"damage":7,"enemies":"Orb Walker","floor":37,"turns":3},{"damage":1,"enemies":"Giant Head","floor":41,"turns":5},{"damage":9,"enemies":"Writhing Mass","floor":42,"turns":5},{"damage":0,"enemies":"Mind Bloom Boss Battle","floor":44,"turns":2},{"damage":1,"enemies":"4 Shapes","floor":46,"turns":5},{"damage":0,"enemies":"Maw","floor":48,"turns":5},{"damage":44,"enemies":"Donu and Deca","floor":50,"turns":9}],"seed_played":"-1815715032645897233","potions_obtained":[{"floor":1.0,"key":"EntropicBrew"},{"floor":4.0,"key":"BlessingOfTheForge"},{"floor":7.0,"key":"FearPotion"},{"floor":19.0,"key":"DuplicationPotion"},{"floor":25.0,"key":"Energy Potion"},{"floor":29.0,"key":"SpeedPotion"},{"floor":37,"key":"StancePotion"}],"is_trial":false,"path_per_floor":["M","M","?","M","M","R","M","R","T","M","M","E","?","M","R","B",null,"M","M","$","?","?","E","R","E","T","$","R","M","T","$","R","B",null,"M","?","M","$","$","R","E","M","T","?","?","M","R","M","R","B"],"character_chosen":"WATCHER","items_purchased":["FearNoEvil","ClockworkSouvenir","ThirdEye","Apotheosis","Blood Vial","FlurryOfBlows","Lee\u0027s Waffle","Ornamental Fan"],"campfire_rested":1,"item_purchase_floors":[0,0,0,20,20,20,27,38],"current_hp_per_floor":[61,59,59,59,59,59,59,59,59,59,59,36,36,35,35,14,67,55,54,54,54,54,34,34,22,22,74,74,57,57,57,57,36,74,25,25,20,20,20,42,43,36,36,38,38,39,39,41,41,0,0],"gold":196,"neow_bonus":"","is_daily":false,"chose_seed":false,"campfire_upgraded":5,"win_rate":0.0,"timestamp":1613397755,"path_taken":["M","M","?","M","M","R","?","R","T","M","M","E","?","M","R","BOSS","M","M","$","?","?","E","R","E","T","$","R","M","?","?","R","BOSS","M","?","M","?","$","R","E","M","T","?","?","M","R","?","R","BOSS"],"items_purchased_type":["Card","Relic","Card","Card","Relic","Card","Relic","Relic"],"build_version":"2020-12-22","purchased_purges":1,"victory":false,"max_hp_per_floor":[72,72,72,72,72,72,72,72,72,72,72,72,67,67,67,67,67,67,67,67,67,67,67,67,67,67,74,74,74,74,74,74,74,74,74,74,74,74,74,74,74,74,74,74,74,74,74,74,74,74,74],"card_choices":[{"not_picked":["SignatureMove","JustLucky"],"picked":"Evaluate","floor":1.0},{"not_picked":["Sanctity","Evaluate"],"picked":"Halt","floor":2.0},{"not_picked":["MentalFortress","CrushJoints"],"picked":"FlurryOfBlows","floor":4.0},{"not_picked":["EmptyFist","SashWhip","Nirvana"],"picked":"SKIP","floor":5.0},{"not_picked":["FlyingSleeves","Consecrate"],"picked":"CutThroughFate","floor":7.0},{"not_picked":["ClearTheMind","PathToVictory","Protect"],"picked":"SKIP","floor":10.0},{"not_picked":["ThirdEye","FollowUp"],"picked":"Perseverance","floor":11.0},{"not_picked":["Prostrate","Sanctity"],"picked":"Tantrum","floor":12.0},{"not_picked":["Protect","MasterReality"],"picked":"TalkToTheHand","floor":14.0},{"not_picked":["ConjureBlade","Blasphemy"],"picked":"Ragnarok","floor":16.0},{"not_picked":["BattleHymn+1","EmptyMind+1"],"picked":"ReachHeaven","floor":18.0},{"not_picked":["ThirdEye","FollowUp"],"picked":"Halt","floor":19.0},{"not_picked":["Crescendo","Halt"],"picked":"Indignation","floor":23.0},{"not_picked":["Consecrate","ConjureBlade","ClearTheMind"],"picked":"SKIP","floor":25.0},{"not_picked":["BowlingBash+1","Halt","FollowUp"],"picked":"SKIP","floor":29.0},{"not_picked":["MasterReality","Devotion"],"picked":"ConjureBlade","floor":33},{"not_picked":["PathToVictory","Evaluate"],"picked":"ForeignInfluence","floor":35},{"not_picked":["Collect+1","FlurryOfBlows+1","PathToVictory+1"],"picked":"SKIP","floor":37},{"not_picked":["EmptyBody","Swivel"],"picked":"TalkToTheHand+1","floor":41},{"not_picked":["ThirdEye","FollowUp+1","Sanctity+1"],"picked":"SKIP","floor":42},{"not_picked":["WreathOfFlame","JustLucky","CrushJoints+1"],"picked":"SKIP","floor":46},{"not_picked":["Evaluate+1","ClearTheMind+1","CrushJoints"],"picked":"SKIP","floor":48}],"player_experience":879687,"relics_obtained":[{"floor":9.0,"key":"Girya"},{"floor":12.0,"key":"Torii"},{"floor":23.0,"key":"StoneCalendar"},{"floor":26.0,"key":"Yang"},{"floor":30.0,"key":"PreservedInsect"},{"floor":41,"key":"FossilizedHelix"},{"floor":43,"key":"White Beast Statue"},{"floor":44,"key":"CaptainsWheel"}],"event_choices":[{"cards_removed":["Strike_P"],"damage_healed":0.0,"max_hp_gain":0.0,"max_hp_loss":0.0,"gold_gain":0.0,"event_name":"Bonfire Elementals","player_choice":"Offered Basic","floor":3.0,"gold_loss":0.0,"damage_taken":0.0},{"damage_healed":0.0,"max_hp_gain":0.0,"max_hp_loss":5.0,"gold_gain":0.0,"event_name":"Golden Idol","player_choice":"Lose Max HP","floor":13.0,"gold_loss":0.0,"damage_taken":0.0,"relics_obtained":["Golden Idol"]},{"damage_healed":0.0,"max_hp_gain":0.0,"max_hp_loss":0.0,"gold_gain":99.0,"event_name":"Nest","player_choice":"Stole From Cult","floor":22.0,"gold_loss":0.0,"damage_taken":0.0},{"damage_healed":0,"gold_gain":0,"player_choice":"Upgraded","damage_taken":0,"max_hp_gain":0,"max_hp_loss":0,"event_name":"Upgrade Shrine","floor":36,"gold_loss":0,"cards_upgraded":["ForeignInfluence"]},{"damage_healed":0,"gold_gain":0,"player_choice":"Fight","damage_taken":0,"max_hp_gain":0,"max_hp_loss":0,"event_name":"MindBloom","floor":44,"gold_loss":0},{"damage_healed":0,"gold_gain":0,"player_choice":"1 cards matched","damage_taken":0,"max_hp_gain":0,"max_hp_loss":0,"event_name":"Match and Keep!","floor":45,"gold_loss":0,"cards_obtained":["Finesse"]}],"is_beta":false,"boss_relics":[{"not_picked":["Black Star","Velvet Choker"],"picked":"SlaversCollar"},{"not_picked":["Coffee Dripper","Sozu"],"picked":"Philosopher\u0027s Stone"}],"items_purged_floors":[0],"is_endless":false,"potions_floor_spawned":[1,4,7,19,25,29,33,37,42,44,46,48],"killed_by":"Donu and Deca","ascension_level":4}}