{"host":"syfsfjmzue8y1a6l","time":1613368923,"event":{"mods":["AchievementEnabler","BaseMod","Colored Map","DeckTracker","Minty Spire (QoL Compilation)","SuperFastMode"],"gold_per_floor":[110,129,139,153,167,201,201,201,279,51,63,76,88,118,118,213,213,225,240,255,255,155,187,203,203,203],"floor_reached":25,"language":"KOR","playtime":2317,"items_purged":["Defend_B","Strike_B"],"score":264,"play_id":"ea4a8d70-e275-4e38-8619-2cf5189c27b8","local_time":"20210215150203","is_ascension_mode":false,"campfire_choices":[{"data":"Chill","floor":7,"key":"SMITH"},{"data":"Defragment","floor":15,"key":"SMITH"}],"circlet_count":0,"master_deck":["Strike_B","Strike_B","Strike_B","Defend_B","Defend_B","Defend_B","Zap","Dualcast","Defragment+1","Chill+1","Go for the Eyes","FTL","Streamline","BootSequence","Self Repair","Darkness","Go for the Eyes","Tempest","Fission","Darkness","Darkness","Loop","Fusion+1"],"relics":["Runic Pyramid","Gremlin Horn","Pear","WingedGreaves","Black Star","MealTicket","Darkstone Periapt"],"acts_visited":["Exordium","TheCity"],"potions_floor_usage":[6,16,16,23,23,25],"damage_taken":[{"damage":0,"enemies":"Small Slimes","floor":1,"turns":3},{"damage":3,"enemies":"2 Louse","floor":2,"turns":4},{"damage":3,"enemies":"Jaw Worm","floor":3,"turns":5},{"damage":9,"enemies":"Exordium Thugs","floor":4,"turns":6},{"damage":0,"enemies":"2 Fungi Beasts","floor":5,"turns":4},{"damage":23,"enemies":"Gremlin Nob","floor":6,"turns":4},{"damage":0,"enemies":"Large Slime","floor":11,"turns":4},{"damage":0,"enemies":"Blue Slaver","floor":12,"turns":4},{"damage":13,"enemies":"Gremlin Gang","floor":13,"turns":4},{"damage":2,"enemies":"3 Sentries","floor":14,"turns":6},{"damage":1,"enemies":"Slime Boss","floor":16,"turns":7},{"damage":14,"enemies":"2 Thieves","floor":18,"turns":4},{"damage":7,"enemies":"Spheric Guardian","floor":19,"turns":5},{"damage":6,"enemies":"Shelled Parasite and Fungi","floor":20,"turns":6},{"damage":51,"enemies":"Slavers","floor":23,"turns":6},{"damage":13,"enemies":"Cultist and Chosen","floor":24,"turns":6},{"damage":17,"enemies":"Book of Stabbing","floor":25,"turns":4}],"seed_played":"57757162230713718","potions_obtained":[{"floor":1,"key":"FocusPotion"},{"floor":2,"key":"Ancient Potion"},{"floor":4,"key":"Energy Potion"},{"floor":12,"key":"Fire Potion"},{"floor":18,"key":"CultistPotion"},{"floor":20,"key":"FearPotion"},{"floor":24,"key":"Energy Potion"}],"is_trial":false,"path_per_floor":["M","M","M","M","M","E","R","?","T","$","M","M","M","E","R","B",null,"M","M","M","?","$","E","M","E"],"character_chosen":"DEFECT","items_purchased":["BootSequence","Self Repair"],"campfire_rested":0,"item_purchase_floors":[10,10],"current_hp_per_floor":[75,72,69,60,60,37,37,62,72,72,79,85,79,84,84,83,85,78,78,79,63,63,19,13,0,0],"gold":203,"neow_bonus":"BOSS_RELIC","is_daily":false,"chose_seed":false,"campfire_upgraded":2,"win_rate":0.0,"timestamp":1613368923,"path_taken":["M","M","M","M","M","E","R","?","T","$","M","M","M","E","R","BOSS","M","M","M","?","$","E","M","E"],"items_purchased_type":["Card","Card"],"build_version":"2020-12-22","purchased_purges":2,"victory":false,"max_hp_per_floor":[75,75,75,75,75,75,75,75,85,85,85,85,85,85,85,85,85,85,85,85,90,90,90,90,90,90],"card_choices":[{"not_picked":["Heatsinks","Go for the Eyes"],"picked":"Defragment","floor":1},{"not_picked":["Leap","Blizzard"],"picked":"Chill","floor":2},{"not_picked":["Steam Power","FTL"],"picked":"Go for the Eyes","floor":3},{"not_picked":["Auto Shields","Steam","Hologram"],"picked":"SKIP","floor":4},{"not_picked":["Consume","Steam"],"picked":"FTL","floor":5},{"not_picked":["Lockon","Reprogram"],"picked":"Streamline","floor":6},{"not_picked":["Sunder","Hologram","Melter"],"picked":"SKIP","floor":11},{"not_picked":["Leap","Hologram"],"picked":"Darkness","floor":12},{"not_picked":["Streamline","Gash"],"picked":"Go for the Eyes","floor":13},{"not_picked":["Barrage","Steam"],"picked":"Tempest","floor":14},{"not_picked":["Reboot","Rainbow"],"picked":"Fission","floor":16},{"not_picked":["Undo+1","Steam"],"picked":"Darkness","floor":18},{"not_picked":["Barrage","Steam"],"picked":"Darkness","floor":19},{"not_picked":["Sweeping Beam","Conserve Battery","Coolheaded"],"picked":"SKIP","floor":20},{"not_picked":["Barrage","Gash"],"picked":"Loop","floor":23},{"not_picked":["Self Repair","Go for the Eyes"],"picked":"Fusion+1","floor":24}],"player_experience":47991,"relics_obtained":[{"floor":6,"key":"Gremlin Horn"},{"floor":9,"key":"Pear"},{"floor":14,"key":"WingedGreaves"},{"floor":23,"key":"MealTicket"},{"floor":23,"key":"Darkstone Periapt"}],"event_choices":[{"damage_healed":25,"gold_gain":0,"player_choice":"Banana","damage_taken":0,"max_hp_gain":0,"max_hp_loss":0,"event_name":"Big Fish","floor":8,"gold_loss":0},{"damage_healed":0,"gold_gain":0,"player_choice":"Shed Blood","damage_taken":21,"max_hp_gain":5,"max_hp_loss":0,"event_name":"Forgotten Altar","floor":21,"gold_loss":0}],"is_beta":false,"boss_relics":[{"not_picked":["SacredBark","Astrolabe"],"picked":"Black Star"}],"items_purged_floors":[10,22],"is_endless":false,"potions_floor_spawned":[1,2,4,5,12,18,20,24],"killed_by":"Book of Stabbing","ascension_level":0}}