{"host":"mi3u80pf7q3ts3zd","time":1613377035,"event":{"mods":["BaseMod","BetterRewards","Colored Map","Colored Powertips","Hermit","Marisa????????","Minty Spire (QoL Compilation)","Rare Cards Sparkle","Replay The Spire","StSLib","The Animator","The Cursed","The Jungle","The Necromancer","The Poker Player","The Servant 0.9.4"],"gold_per_floor":[99,24,43,67,95,107,119,144,237,324,336,366,390,417,429,536,548,580,608,620,650,662,674,674],"floor_reached":23,"language":"ENG","playtime":2696,"items_purged":["PokerPlayerMod:GamblerForm"],"score":185,"play_id":"39064f95-e568-4cba-b693-11db3f7bb50d","local_time":"20210215011715","daily_mods":["Vintage","Heirloom"],"is_ascension_mode":false,"campfire_choices":[{"floor":6,"key":"REST"},{"floor":15,"key":"REST"}],"circlet_count":0,"master_deck":["Demon Form","Wraith Form v2","Echo Form","DevaForm","PokerPlayerMod:StackedDeck","FlawlessForm","hermit:Strike_Hermit","hermit:Strike_Hermit","hermit:Strike_Hermit","hermit:Defend_Hermit","hermit:Defend_Hermit","hermit:Defend_Hermit","hermit:Snapshot","hermit:Covet","hermit:Quickdraw+1","hermit:RoundhouseKick"],"relics":["hermit:Momento","Unceasing Top","MawBank","Frozen Egg 2","Iron Hammer","Gremlin Horn","Question Card","ReplayTheSpireMod:Lightbulb","Girya","Tiny Chest","SacredBark","Garlic","MealTicket","hermit:Horseshoe"],"acts_visited":["Exordium","Exordium"],"potions_floor_usage":[18,18,23,23],"damage_taken":[{"damage":0,"enemies":"2 Louse","floor":3,"turns":5},{"damage":15,"enemies":"Cultist","floor":4,"turns":5},{"damage":10,"enemies":"Small Slimes","floor":5,"turns":6},{"damage":2,"enemies":"2 Fungi Beasts","floor":8,"turns":6},{"damage":16,"enemies":"Exordium Wildlife","floor":12,"turns":5},{"damage":0,"enemies":"3 Louse","floor":13,"turns":2},{"damage":13,"enemies":"Exordium Thugs","floor":14,"turns":6},{"damage":46,"enemies":"The Guardian","floor":16,"turns":8},{"damage":11,"enemies":"theJungle:GiantWrat","floor":18,"turns":4},{"damage":39,"enemies":"Shell Parasite","floor":19,"turns":8},{"damage":20,"enemies":"theJungle:SlimyTreeVines","floor":21,"turns":9},{"damage":18,"enemies":"theJungle:2_Snecko_Cultists","floor":23,"turns":6}],"seed_played":"9044971598835445930","potions_obtained":[{"floor":5,"key":"Strength Potion"},{"floor":12,"key":"Doom Potion"},{"floor":14,"key":"Explosive Potion"},{"floor":19,"key":"SkillPotion"},{"floor":21,"key":"Cursed Concoction"}],"is_trial":true,"path_per_floor":["?","$","M","M","M","R","?","M","T","?","$","M","M","M","R","B",null,"M","M","?","M","?","M"],"character_chosen":"HERMIT","items_purchased":[],"campfire_rested":2,"item_purchase_floors":[],"current_hp_per_floor":[75,75,75,60,50,72,77,75,75,64,64,48,48,35,59,13,80,69,30,30,16,16,0,0],"gold":674,"neow_bonus":"","is_daily":false,"chose_seed":false,"campfire_upgraded":0,"win_rate":0.0,"timestamp":1613377035,"path_taken":["?","?","M","M","M","R","?","M","T","?","$","M","M","?","R","BOSS","M","M","?","M","?","M"],"items_purchased_type":[],"build_version":"2020-12-22","purchased_purges":1,"victory":false,"max_hp_per_floor":[75,75,75,75,75,75,80,80,80,80,80,80,80,80,80,80,80,80,80,80,80,80,80,80],"card_choices":[{"not_picked":["hermit:Purgatory","hermit:HighNoon+1","hermit:Reprieve"],"picked":"hermit:RoundhouseKick","floor":16}],"player_experience":392566,"relics_obtained":[{"floor":3,"key":"MawBank"},{"floor":4,"key":"Frozen Egg 2"},{"floor":5,"key":"Iron Hammer"},{"floor":8,"key":"Gremlin Horn"},{"floor":9,"key":"Question Card"},{"floor":12,"key":"ReplayTheSpireMod:Lightbulb"},{"floor":13,"key":"Girya"},{"floor":14,"key":"Tiny Chest"},{"floor":18,"key":"Garlic"},{"floor":19,"key":"MealTicket"},{"floor":21,"key":"hermit:Horseshoe"}],"event_choices":[{"damage_healed":0,"gold_gain":0,"player_choice":"Donut","damage_taken":0,"max_hp_gain":5,"max_hp_loss":0,"event_name":"Big Fish","floor":7,"gold_loss":0},{"damage_healed":0,"gold_gain":75,"player_choice":"Gather Gold","damage_taken":11,"max_hp_gain":0,"max_hp_loss":0,"event_name":"World of Goop","floor":10,"gold_loss":0},{"cards_removed":["hermit:Defend_Hermit"],"damage_healed":0,"gold_gain":0,"player_choice":"Offered Basic","damage_taken":0,"max_hp_gain":0,"max_hp_loss":0,"event_name":"Bonfire Elementals","floor":22,"gold_loss":0}],"is_beta":false,"boss_relics":[{"not_picked":["Calling Bell","Runic Pyramid"],"picked":"SacredBark"}],"items_purged_floors":[2],"is_endless":true,"potions_floor_spawned":[5,12,14,19,21],"killed_by":"theJungle:2_Snecko_Cultists","ascension_level":0}}