{"host":"saki","time":1613375128,"event":{"mods":["BaseMod","Marisa£¨ìFÓê¡¡Ä§ÀíÉ³£©","Minty Spire (QoL Compilation)","Nova Terra(ÅµÍÞ¡¤Ì©À­)","Reimu£¨²©ÀöÁéÃÎ£©","StSLib","TestMod","Waifu the Spire","Youmu£¨»êÆÇÑýÃÎ£©","Yuyuko"],"gold_per_floor":[113,63,63,63,79,106,125,125,178,178,209,256,256,268,268,373,373,385,385,401,430,430,456,456,456,456,456,488,500,510,510,510,610,610,625,641,641,641,657,657,567,567,567,14,39,72,84,113,125,137],"floor_reached":51,"language":"ZHS","playtime":12460,"items_purged":[],"score":819,"play_id":"2dcf9849-eda8-4b20-8053-f3028894ca87","local_time":"20210215154528","is_ascension_mode":false,"campfire_choices":[{"data":"Unreal","floor":8,"key":"SMITH"},{"data":"Phantom Butterflies","floor":15,"key":"SMITH"},{"data":"Ghost Lead","floor":24,"key":"SMITH"},{"data":"Mini Ghostdom","floor":27,"key":"SMITH"},{"floor":32,"key":"REST"},{"data":"The Inky Sakura","floor":40,"key":"SMITH"},{"data":"Song of Papilio","floor":42,"key":"SMITH"},{"data":"Spear of Papilio","floor":47,"key":"SMITH"},{"floor":49,"key":"REST"}],"circlet_count":0,"master_deck":["Fantasy Butterflies","Fantasy Butterflies","Fantasy Butterflies","Fantasy Butterflies","Dreamy Sakura","Dreamy Sakura+1","Dreamy Sakura","Dreamy Sakura","Deathly Ground+1","Phantom Butterflies+1","Nihility+1","Unreal+1","Wandering Soul","The Inky Sakura+1","Dream of Spring+1","Fondling of Papilio","Showy Withering+1","Mini Ghostdom+1","Dancing Butterflies","Spear of Papilio+1","Ghost Lead+1","The Nether","Sakura Ward+1","Open The Fan","Mini Ghostdom+1","Scenery of Papilio","Butterflies Rainbow+1","Song of Papilio+1","End of Faramita+1","The Way to Death","Suicide+1"],"relics":["Coronal","Yuyuko\u0027s fan","testmod-TestBox","testmod-CyclicPeriapt","NeowsBlessing","Omamori","Incense Burner","Nunchaku","Orichalcum","Dream Catcher","Red Mask","Enchiridion","Eternal Feather","Vajra","The Courier","PreservedInsect","Ornamental Fan","testmod-Recursion","testmod-TestBox","Pen Nib","Art of War","Shuriken","testmod-RealStoneCalender","War Paint","MawBank"],"acts_visited":["Exordium","TheCity","TheBeyond"],"potions_floor_usage":[21,23,50,50],"damage_taken":[{"damage":1,"enemies":"2 Louse","floor":1,"turns":1},{"damage":1,"enemies":"Jaw Worm","floor":5,"turns":1},{"damage":1,"enemies":"Lagavulin","floor":6,"turns":1},{"damage":13,"enemies":"Small Slimes","floor":7,"turns":6},{"damage":64,"enemies":"3 Sentries","floor":11,"turns":11},{"damage":7,"enemies":"3 Louse","floor":14,"turns":5},{"damage":28,"enemies":"The Guardian","floor":16,"turns":13},{"damage":29,"enemies":"Shell Parasite","floor":18,"turns":9},{"damage":12,"enemies":"3 Byrds","floor":20,"turns":8},{"damage":22,"enemies":"Masked Bandits","floor":21,"turns":5},{"damage":19,"enemies":"Slavers","floor":23,"turns":7},{"damage":27,"enemies":"Gremlin Leader","floor":28,"turns":11},{"damage":27,"enemies":"3 Cultists","floor":29,"turns":6},{"damage":18,"enemies":"Centurion and Healer","floor":30,"turns":4},{"damage":13,"enemies":"Champ","floor":33,"turns":8},{"damage":3,"enemies":"Orb Walker","floor":35,"turns":2},{"damage":2,"enemies":"3 Shapes","floor":36,"turns":2},{"damage":8,"enemies":"Sphere and 2 Shapes","floor":39,"turns":4},{"damage":19,"enemies":"Reptomancer","floor":46,"turns":3},{"damage":12,"enemies":"Writhing Mass","floor":48,"turns":4},{"damage":33,"enemies":"Donu and Deca","floor":50,"turns":5}],"seed_played":"-8139504987590200319","potions_obtained":[{"floor":1,"key":"Gelsemium Tea"},{"floor":6,"key":"LiquidBronze"},{"floor":7,"key":"Dexterity Potion"},{"floor":28,"key":"Dexterity Potion"}],"is_trial":false,"path_per_floor":["M","?","?","?","M","E","M","R","T","?","E","T","$","M","R","B",null,"M","?","M","?","?","E","R","T","T","R","E","M","M","T","R","B",null,"M","M","?","?","M","R","?","R","T","$","T","E","R","M","R","B",null],"character_chosen":"YUYOKO","items_purchased":["Art of War","Shuriken","testmod-RealStoneCalender"],"campfire_rested":2,"item_purchase_floors":[44,44,44],"current_hp_per_floor":[39,39,35,35,34,33,39,39,39,31,23,23,23,35,35,24,40,25,25,32,32,16,32,40,40,40,40,29,9,36,36,40,32,40,38,38,38,38,36,40,40,40,40,40,40,37,40,39,40,27],"gold":149,"neow_bonus":"THREE_ENEMY_KILL","is_daily":false,"chose_seed":false,"campfire_upgraded":7,"win_rate":0.0,"timestamp":1613375128,"path_taken":["M","?","?","?","M","E","M","R","T","?","E","?","$","M","R","BOSS","M","?","M","?","?","E","R","?","T","R","E","M","M","?","R","BOSS","M","M","?","?","?","R","?","R","T","$","?","E","R","M","R","BOSS"],"items_purchased_type":["Relic","Relic","Relic"],"build_version":"2020-12-18","purchased_purges":0,"victory":true,"max_hp_per_floor":[40,40,40,40,40,40,40,40,40,40,40,40,40,40,40,40,40,40,40,40,40,40,40,40,40,40,40,40,40,40,40,40,40,40,40,40,40,40,40,40,40,40,40,40,40,40,40,40,40,40],"card_choices":[{"not_picked":["Death Dancing","Unstable Ward"],"picked":"Phantom Butterflies","floor":1},{"not_picked":["Death Dancing","The Nether"],"picked":"Nihility","floor":5},{"not_picked":["Become Phantom","Dancing Butterflies"],"picked":"Unreal","floor":6},{"not_picked":["Unborn Light","City of Death"],"picked":"Wandering Soul","floor":7},{"not_picked":["Gather the Spring","Chase The Sukhavati"],"picked":"The Inky Sakura","floor":11},{"not_picked":["Suicide","Unpaved Way","Become Phantom"],"picked":"SKIP","floor":14},{"not_picked":["Reunion after Death","Revive The Butterflies"],"picked":"Dream of Spring","floor":16},{"not_picked":["Sweet of Phantom","Suicide+1"],"picked":"Fondling of Papilio","floor":18},{"not_picked":["End of Faramita","Unpaved Way"],"picked":"Dancing Butterflies","floor":20},{"not_picked":["Elegance","Unreal"],"picked":"Spear of Papilio","floor":21},{"not_picked":["Death Dancing","Dancing Butterflies+1"],"picked":"Ghost Lead","floor":23},{"not_picked":["Unreal","Final of Final"],"picked":"The Nether","floor":28},{"not_picked":["Dark Wind","Gauzy Sakura"],"picked":"Sakura Ward","floor":29},{"not_picked":["All Wander+1","Gather the Spring"],"picked":"Open The Fan","floor":30},{"not_picked":["Bomb","Dark Wind+1"],"picked":"Mini Ghostdom+1","floor":32},{"not_picked":["Dream of Spring","Ghost Spot"],"picked":"Scenery of Papilio","floor":33},{"not_picked":["Song of Papilio","Steamed Phantom+1"],"picked":"Butterflies Rainbow+1","floor":35},{"not_picked":["Death Dancing+1","Gone+1","Gauzy Sakura"],"picked":"SKIP","floor":36},{"not_picked":["Cerasus Subhirtella","Linger over Flower+1"],"picked":"Song of Papilio","floor":39},{"not_picked":["Bloom","Redemption of Death+1"],"picked":"End of Faramita+1","floor":46},{"not_picked":["Unborn Light+1","Reverse The Screen"],"picked":"The Way to Death","floor":48},{"not_picked":["Infinite Sin","Nihility+1"],"picked":"Suicide+1","floor":49}],"player_experience":276862,"relics_obtained":[{"floor":6,"key":"Incense Burner"},{"floor":9,"key":"Nunchaku"},{"floor":11,"key":"Orichalcum"},{"floor":12,"key":"Dream Catcher"},{"floor":21,"key":"Red Mask"},{"floor":22,"key":"Enchiridion"},{"floor":23,"key":"Eternal Feather"},{"floor":25,"key":"Vajra"},{"floor":26,"key":"The Courier"},{"floor":28,"key":"PreservedInsect"},{"floor":31,"key":"Ornamental Fan"},{"floor":43,"key":"Pen Nib"},{"floor":45,"key":"War Paint"},{"floor":46,"key":"MawBank"}],"event_choices":[{"cards_removed":["Faramita\u0027s Temptation"],"damage_healed":0,"gold_gain":0,"player_choice":"Card Removal","damage_taken":0,"max_hp_gain":0,"max_hp_loss":0,"event_name":"The Cleric","floor":2,"gold_loss":50},{"damage_healed":0,"gold_gain":0,"player_choice":"Ignored","damage_taken":4,"max_hp_gain":0,"max_hp_loss":0,"event_name":"¶÷ÂåË¹µÄÅÌ×Ó","floor":3,"gold_loss":0},{"damage_healed":0,"gold_gain":0,"player_choice":"Box","damage_taken":0,"relics_obtained":["Omamori"],"max_hp_gain":0,"max_hp_loss":0,"event_name":"Big Fish","floor":4,"gold_loss":0,"cards_obtained":["Regret"]},{"damage_healed":0,"gold_gain":0,"player_choice":"Entered Light","damage_taken":8,"max_hp_gain":0,"max_hp_loss":0,"event_name":"Shining Light","floor":10,"gold_loss":0,"cards_upgraded":["Nihility","Deathly Ground"]},{"damage_healed":0,"gold_gain":0,"cards_transformed":["Dreamy Sakura","Fantasy Butterflies"],"player_choice":"Became Test Subject","damage_taken":0,"max_hp_gain":0,"max_hp_loss":0,"event_name":"Drug Dealer","floor":19,"gold_loss":0,"cards_obtained":["Showy Withering","Mini Ghostdom"]},{"damage_healed":0,"gold_gain":0,"player_choice":"Fought Bandits","damage_taken":0,"max_hp_gain":0,"max_hp_loss":0,"event_name":"Masked Bandits","floor":21,"gold_loss":0},{"damage_healed":0,"gold_gain":0,"player_choice":"Obtained Book","damage_taken":16,"max_hp_gain":0,"max_hp_loss":0,"event_name":"Cursed Tome","floor":22,"gold_loss":0},{"damage_healed":0,"gold_gain":0,"player_choice":"Swap Relic","damage_taken":0,"relics_obtained":["testmod-TestBox"],"max_hp_gain":0,"max_hp_loss":0,"event_name":"¸ø×Ô¼ºµÄºÐ×Ó","floor":37,"relics_lost":["testmod-Prudence"],"gold_loss":0},{"damage_healed":0,"gold_gain":0,"player_choice":"Upgraded","damage_taken":0,"max_hp_gain":0,"max_hp_loss":0,"event_name":"Upgrade Shrine","floor":38,"gold_loss":0,"cards_upgraded":["Showy Withering"]},{"cards_removed":["Regret"],"damage_healed":0,"gold_gain":0,"player_choice":"Upgrade and Remove","damage_taken":0,"max_hp_gain":0,"max_hp_loss":0,"event_name":"Designer","floor":41,"gold_loss":90,"cards_upgraded":["Dreamy Sakura"]}],"is_beta":true,"boss_relics":[{"not_picked":["Velvet Choker","Busted Crown"],"picked":"testmod-Prudence"},{"not_picked":["testmod-KeyOfTheVoid","Empty Cage"],"picked":"testmod-Recursion"}],"items_purged_floors":[],"is_endless":false,"potions_floor_spawned":[1,6,7,28,29,30,35,39],"ascension_level":0}}