{"host":"c95txy58ipbu969e","time":1613361394,"event":{"mods":["Act Like it!","BaseMod","Downfall","Gensokyo","Minty Spire (QoL Compilation)","Quick Restart","StSLib"],"gold_per_floor":[109,120,120,45,45,77,77,112,135,165,65,98,109,119,119,191,191,204,220,230,48,48,80,95,95,95,55,284,303,303,303,303,380,380,400,418,418,418,293,325,78,109,109,137,137,137,153,153,153,153,153,153,42,73,73],"floor_reached":56,"language":"ZHS","playtime":3269,"items_purged":["Strike_P","Pain","Strike_P"],"score":2258,"play_id":"51666bc3-5acb-4a90-9b75-441f82129f6a","local_time":"20210215115634","is_ascension_mode":true,"campfire_choices":[{"data":"Eruption","floor":15.0,"key":"SMITH"},{"floor":25.0,"key":"REST"},{"floor":30.0,"key":"RECALL"},{"floor":32.0,"key":"REST"},{"floor":45.0,"key":"REST"},{"data":"WheelKick","floor":49.0,"key":"SMITH"},{"data":"Vigilance","floor":52.0,"key":"SMITH"}],"circlet_count":0,"master_deck":["AscendersBane","Strike_P+1","Strike_P","Defend_P","Defend_P","Defend_P","Defend_P","Eruption+1","Vigilance+1","BowlingBash+1","Clumsy","ClearTheMind+1","Wallop+1","CutThroughFate","Consecrate","DevaForm+1","WheelKick+1","Prostrate+1","Shame","MentalFortress+1","Fasting2+1","Gensokyo:AllTheWorldsEvil","Devotion+1","FlurryOfBlows+1","Tantrum+1","Crescendo+1","TalkToTheHand","ForeignInfluence+1"],"relics":["PureWater","NeowsBlessing","Gensokyo:OccultBall","Gensokyo:LunaticRedEyes","Potion Belt","Gensokyo:NagashiBinaDoll","Slimebound:StickyStick","Vajra","Frozen Egg 2","Bag of Preparation","sneckomod:SneckoTalon","Gremlin Horn","hexamod:BolsterEngine","Centennial Puzzle","StoneCalendar","Philosopher\u0027s Stone","Gensokyo:DualWield","Toxic Egg 2","Mummified Hand","bronze:BronzeIdol","Boot","Gensokyo:EmptyGrave","Kunai"],"acts_visited":["Gensokyo:Gensokyo","Gensokyo:Gensokyoer","Gensokyo:Gensokyoest","TheEnding"],"potions_floor_usage":[55,55],"damage_taken":[{"damage":0.0,"enemies":"Gensokyo:Gryphon","floor":1.0,"turns":1.0},{"damage":0.0,"enemies":"Gensokyo:2_Kodama","floor":2.0,"turns":1.0},{"damage":1.0,"enemies":"Gensokyo:Mamizou","floor":6.0,"turns":2.0},{"damage":2.0,"enemies":"Gensokyo:Aya","floor":8.0,"turns":5.0},{"damage":25.0,"enemies":"Gensokyo:Cirno","floor":10.0,"turns":8.0},{"damage":2.0,"enemies":"Gensokyo:Mamizou","floor":12.0,"turns":8.0},{"damage":0.0,"enemies":"Gensokyo:Python","floor":13.0,"turns":2.0},{"damage":0.0,"enemies":"Gensokyo:3_Kodama","floor":14.0,"turns":3.0},{"damage":10.0,"enemies":"Gensokyo:Reimu","floor":16.0,"turns":5.0},{"damage":0.0,"enemies":"Gensokyo:3_Dogs","floor":18.0,"turns":4.0},{"damage":0.0,"enemies":"Gensokyo:CosmicMonolith","floor":19.0,"turns":3.0},{"damage":26.0,"enemies":"Gensokyo:Slime_Group","floor":20.0,"turns":4.0},{"damage":19.0,"enemies":"Gensokyo:Koishi","floor":23.0,"turns":5.0},{"damage":4.0,"enemies":"Gensokyo:Wraith","floor":24.0,"turns":5.0},{"damage":2.0,"enemies":"Gensokyo:Tenshi","floor":28.0,"turns":5.0},{"damage":0.0,"enemies":"Gensokyo:3_Gloops","floor":29.0,"turns":3.0},{"damage":61.0,"enemies":"Gensokyo:Eternal_Rivals","floor":33.0,"turns":10.0},{"damage":0.0,"enemies":"Gensokyo:3_Bats","floor":35.0,"turns":3.0},{"damage":0.0,"enemies":"Gensokyo:3_Boulders","floor":36.0,"turns":4.0},{"damage":53.0,"enemies":"Gensokyo:Doremy","floor":40.0,"turns":5.0},{"damage":0.0,"enemies":"Gensokyo:Kasen","floor":42.0,"turns":4.0},{"damage":3.0,"enemies":"Gensokyo:Marisa","floor":44.0,"turns":2.0},{"damage":0.0,"enemies":"Gensokyo:Dusk_and_Dawn","floor":47.0,"turns":2.0},{"damage":0.0,"enemies":"Gensokyo:Yuyuko","floor":50.0,"turns":1.0},{"damage":0,"enemies":"Shield and Spear","floor":54,"turns":1},{"damage":1,"enemies":"The Heart","floor":55,"turns":6}],"seed_played":"6810363241334828633","potions_obtained":[{"floor":10.0,"key":"Explosive Potion"},{"floor":13.0,"key":"Explosive Potion"},{"floor":14.0,"key":"Fire Potion"},{"floor":20.0,"key":"DuplicationPotion"},{"floor":24.0,"key":"FairyPotion"},{"floor":29.0,"key":"SkillPotion"},{"floor":33.0,"key":"Swift Potion"},{"floor":40.0,"key":"SpeedPotion"},{"floor":44.0,"key":"Ambrosia"},{"floor":47.0,"key":"bronze:BurnAndBuffPotion"}],"is_trial":false,"path_per_floor":["M","M","?","$","?","E","?","E","T","E","$","E","M","M","R","B",null,"M","M","M","COS","?","E","M","R","T","?","E","M","R","?","R","B",null,"M","M","?","?","$","E","$","E","T","E","R","?","M","?","R","B",null,"R","$","E","B",null],"character_chosen":"WATCHER","items_purchased":["Mummified Hand","TalkToTheHand","ForeignInfluence+1"],"campfire_rested":3,"item_purchase_floors":[41,53,53],"current_hp_per_floor":[61,61,61,61,61,60,60,58,58,33,33,31,31,31,31,21,56,56,56,30,30,30,11,7,27,27,27,25,25,25,25,45,68,68,68,68,68,68,68,15,15,15,15,12,32,32,32,32,62,62,62,62,62,62,61],"gold":73,"neow_bonus":"THREE_ENEMY_KILL","is_daily":false,"chose_seed":false,"campfire_upgraded":3,"win_rate":0.0,"timestamp":1613361394,"path_taken":["M","?","?","$","?","E","?","E","T","E","$","E","?","M","R","BOSS","M","M","M","COS","?","E","?","R","T","?","E","M","R","?","R","BOSS","M","M","?","?","?","E","$","E","T","E","R","?","M","?","R","BOSS","R","$","E","BOSS"],"items_purchased_type":["Relic","Card","Card"],"build_version":"2020-12-22","purchased_purges":3,"victory":true,"max_hp_per_floor":[68,68,68,68,68,68,68,68,68,68,68,68,68,68,68,68,68,68,68,68,68,68,68,68,68,68,68,68,68,68,68,68,68,68,68,68,68,68,68,68,68,68,68,68,68,62,62,62,62,62,62,62,62,62,62],"card_choices":[{"not_picked":["SashWhip","LikeWater","ReachHeaven"],"picked":"SKIP","floor":1.0},{"not_picked":["FollowUp","CarveReality"],"picked":"EmptyMind","floor":2.0},{"not_picked":["Evaluate","Indignation"],"picked":"BowlingBash","floor":6.0},{"not_picked":["BattleHymn","LikeWater","CrushJoints"],"picked":"SKIP","floor":8.0},{"not_picked":["FollowUp","WaveOfTheHand"],"picked":"ClearTheMind","floor":10.0},{"not_picked":["ThirdEye","ClearTheMind"],"picked":"Wallop","floor":12.0},{"not_picked":["EmptyFist","ConjureBlade"],"picked":"CutThroughFate","floor":13.0},{"not_picked":["ClearTheMind","EmptyBody"],"picked":"Consecrate","floor":14.0},{"not_picked":["Devotion+1","SpiritShield"],"picked":"DevaForm+1","floor":16.0},{"not_picked":["Collect","InnerPeace"],"picked":"WheelKick","floor":18.0},{"not_picked":["WreathOfFlame+1","CutThroughFate","WaveOfTheHand"],"picked":"SKIP","floor":19.0},{"not_picked":["Conclude","ThirdEye"],"picked":"Prostrate+1","floor":20.0},{"not_picked":["Halt+1","Conclude","PathToVictory"],"picked":"SKIP","floor":23.0},{"not_picked":["Halt","DeceiveReality+1"],"picked":"MentalFortress+1","floor":24.0},{"not_picked":["SashWhip","FollowUp","MasterReality+1"],"picked":"SKIP","floor":28.0},{"not_picked":["EmptyFist","Conclude"],"picked":"Fasting2+1","floor":29.0},{"not_picked":["Judgement","Alpha"],"picked":"Devotion+1","floor":33.0},{"not_picked":["Crescendo","CutThroughFate"],"picked":"FlurryOfBlows+1","floor":35.0},{"not_picked":["JustLucky","ClearTheMind"],"picked":"Tantrum+1","floor":36.0},{"not_picked":["SashWhip","Evaluate+1"],"picked":"Crescendo+1","floor":40.0},{"not_picked":["EmptyFist","Meditate+1","FlyingSleeves"],"picked":"SKIP","floor":42.0},{"not_picked":["Meditate+1","CrushJoints","Halt+1"],"picked":"SKIP","floor":44.0},{"not_picked":["JustLucky","Nirvana+1","ClearTheMind+1"],"picked":"SKIP","floor":47.0},{"not_picked":["Indignation+1","Study+1","FollowUp"],"picked":"SKIP","floor":54}],"player_experience":558087,"relics_obtained":[{"floor":6.0,"key":"Potion Belt"},{"floor":8.0,"key":"Slimebound:StickyStick"},{"floor":9.0,"key":"Vajra"},{"floor":10.0,"key":"Frozen Egg 2"},{"floor":12.0,"key":"Bag of Preparation"},{"floor":13.0,"key":"Gensokyo:OccultBall"},{"floor":16.0,"key":"Gensokyo:OccultBall"},{"floor":18.0,"key":"Gensokyo:OccultBall"},{"floor":23.0,"key":"Gremlin Horn"},{"floor":26.0,"key":"hexamod:BolsterEngine"},{"floor":28.0,"key":"Centennial Puzzle"},{"floor":33.0,"key":"Gensokyo:OccultBall"},{"floor":40.0,"key":"Toxic Egg 2"},{"floor":42.0,"key":"bronze:BronzeIdol"},{"floor":44.0,"key":"Boot"},{"floor":54,"key":"Kunai"}],"event_choices":[],"is_beta":false,"boss_relics":[{"not_picked":["SacredBark","Fusion Hammer"],"picked":"sneckomod:SneckoTalon"},{"not_picked":["Runic Dome","Snecko Eye"],"picked":"Philosopher\u0027s Stone"}],"items_purged_floors":[4,11,39],"is_endless":false,"potions_floor_spawned":[10,13,14,20,24,29,33,40,44,47],"ascension_level":15}}