{"host":"92108ef2q9tm8rod","time":1613414203,"event":{"mods":["BaseMod","Defuse TimeMaze Blight","Minty Spire (QoL Compilation)","StSLib","The Jungle"],"gold_per_floor":[109,129,129,142,122,151,151,168,195,195,226,226,226,245,245,342,342,362,377,225,225,241,241,241,241,264,264,119,119,144,172,172,275,275,294,294,122,122,134,167,167,198,221,221,251,158,158,120,120,120],"floor_reached":51,"language":"ENG","playtime":3570,"items_purged":["Bandage Up"],"score":980,"play_id":"13c9b15a-c2f9-47ee-a25c-6bed5319be6d","local_time":"20210215183643","daily_mods":["SealedDeck","Colorless Cards","Heirloom","Flight"],"is_ascension_mode":false,"campfire_choices":[{"data":"Setup","floor":7.0,"key":"SMITH"},{"data":"Terror","floor":10.0,"key":"SMITH"},{"data":"Catalyst","floor":12.0,"key":"SMITH"},{"data":"Noxious Fumes","floor":13.0,"key":"SMITH"},{"data":"Madness","floor":15.0,"key":"SMITH"},{"data":"Bane","floor":23.0,"key":"SMITH"},{"data":"Footwork","floor":24.0,"key":"SMITH"},{"data":"Deep Breath","floor":27.0,"key":"SMITH"},{"data":"Deflect","floor":32.0,"key":"SMITH"},{"data":"Venomology","floor":41.0,"key":"SMITH"},{"data":"Backflip","floor":44.0,"key":"SMITH"},{"data":"Bouncing Flask","floor":47.0,"key":"SMITH"},{"data":"Sadistic Nature","floor":49.0,"key":"SMITH"}],"circlet_count":0,"master_deck":["Terror+1","Setup+1","Bane+1","Flash of Steel+1","Deflect+1","Backflip+1","Backflip+1","Deep Breath+1","Noxious Fumes+1","Catalyst+1","Madness+1","Noxious Fumes+1","Venomology+1","Deadly Poison+1","Bouncing Flask+1","Sadistic Nature+1"],"relics":["Ring of the Snake","Mango","Anchor","Bronze Scales","Omamori","Busted Crown","TheAbacus","Orichalcum","DollysMirror","Toy Ornithopter","WristBlade","Membership Card","Ornamental Fan","Question Card","War Paint","Whetstone"],"acts_visited":["Exordium","Exordium","TheBeyond"],"potions_floor_usage":[50,50],"damage_taken":[{"damage":0.0,"enemies":"Jaw Worm","floor":1.0,"turns":3.0},{"damage":0.0,"enemies":"Cultist","floor":2.0,"turns":3.0},{"damage":0.0,"enemies":"Small Slimes","floor":4.0,"turns":3.0},{"damage":0.0,"enemies":"Lagavulin","floor":6.0,"turns":6.0},{"damage":0.0,"enemies":"Blue Slaver","floor":8.0,"turns":4.0},{"damage":13.0,"enemies":"Gremlin Nob","floor":11.0,"turns":3.0},{"damage":0.0,"enemies":"Exordium Wildlife","floor":14.0,"turns":2.0},{"damage":0.0,"enemies":"Slime Boss","floor":16.0,"turns":6.0},{"damage":0.0,"enemies":"theJungle:GiantWrat","floor":18.0,"turns":3.0},{"damage":13.0,"enemies":"theJungle:5_Spyders","floor":19.0,"turns":5.0},{"damage":0.0,"enemies":"theJungle:JungleHuntersEncounter","floor":22.0,"turns":4.0},{"damage":0.0,"enemies":"theJungle:MamaSnecko","floor":31.0,"turns":3.0},{"damage":0.0,"enemies":"theJungle:QueenSpyder","floor":33.0,"turns":3.0},{"damage":0.0,"enemies":"3 Shapes","floor":35.0,"turns":3.0},{"damage":11.0,"enemies":"3 Darklings","floor":39.0,"turns":3.0},{"damage":0.0,"enemies":"Giant Head","floor":40.0,"turns":4.0},{"damage":0.0,"enemies":"Reptomancer","floor":42.0,"turns":5.0},{"damage":0.0,"enemies":"Giant Head","floor":45.0,"turns":5.0},{"damage":6,"enemies":"Donu and Deca","floor":50,"turns":5}],"seed_played":"-9074758619716707683","potions_obtained":[{"floor":5.0,"key":"DistilledChaos"},{"floor":6.0,"key":"PowerPotion"},{"floor":11.0,"key":"ColorlessPotion"},{"floor":14.0,"key":"FearPotion"},{"floor":16.0,"key":"SteroidPotion"},{"floor":22.0,"key":"AttackPotion"},{"floor":39.0,"key":"GamblersBrew"},{"floor":42.0,"key":"Block Potion"},{"floor":45.0,"key":"Energy Potion"}],"is_trial":true,"path_per_floor":["M","M","?","M","?","E","R","M","T","R","E","R","R","M","R","B",null,"M","M","$","$","M","R","R","?","T","R","$","?","T","E","R","B",null,"M","?","$","?","M","E","R","E","T","R","E","$","R","$","R","B",null],"character_chosen":"THE_SILENT","items_purchased":["TheAbacus","DollysMirror","Membership Card","Deadly Poison","Sadistic Nature"],"campfire_rested":0,"item_purchase_floors":[20,28,37,37,46],"current_hp_per_floor":[84,84,84,84,84,84,84,84,84,84,71,71,71,71,71,71,84,84,71,71,71,75,75,75,75,75,75,75,77,77,81,81,84,84,84,84,84,84,77,84,84,84,84,84,84,84,84,84,84,78],"gold":120,"neow_bonus":"","is_daily":false,"chose_seed":false,"campfire_upgraded":13,"win_rate":0.0,"timestamp":1613414203,"path_taken":["M","M","?","M","?","E","R","M","T","R","E","R","R","?","R","BOSS","M","M","$","$","M","R","R","?","T","R","$","?","?","E","R","BOSS","M","?","$","?","M","E","R","E","T","R","E","$","R","$","R","BOSS"],"items_purchased_type":["Relic","Relic","Relic","Card","Card"],"build_version":"2020-12-22","purchased_purges":1,"victory":true,"max_hp_per_floor":[84,84,84,84,84,84,84,84,84,84,84,84,84,84,84,84,84,84,84,84,84,84,84,84,84,84,84,84,84,84,84,84,84,84,84,84,84,84,84,84,84,84,84,84,84,84,84,84,84,84],"card_choices":[{"not_picked":["Dark Shackles","Sucker Punch","Dagger Throw"],"picked":"SKIP","floor":1.0},{"not_picked":["Dagger Spray","Deflect"],"picked":"Catalyst","floor":2.0},{"not_picked":["Deflect","Acrobatics","Underhanded Strike"],"picked":"SKIP","floor":4.0},{"not_picked":["Slice","Violence","The Bomb"],"picked":"SKIP","floor":6.0},{"not_picked":["Bane","Dagger Spray","Prepared"],"picked":"SKIP","floor":8.0},{"not_picked":["Dramatic Entrance","Expertise","Quick Slash"],"picked":"SKIP","floor":11.0},{"not_picked":["Dagger Spray","Dagger Throw"],"picked":"Madness","floor":14.0},{"not_picked":["Dark Shackles"],"picked":"SKIP","floor":18.0},{"not_picked":[],"picked":"Bandage Up","floor":19.0},{"not_picked":["Caltrops"],"picked":"SKIP","floor":22.0},{"not_picked":["Discovery"],"picked":"SKIP","floor":31.0},{"not_picked":[],"picked":"Venomology","floor":33.0},{"not_picked":["Purity+1"],"picked":"SKIP","floor":35.0},{"not_picked":["Prepared+1"],"picked":"SKIP","floor":39.0},{"not_picked":["Infinite Blades"],"picked":"SKIP","floor":40.0},{"not_picked":["Quick Slash+1"],"picked":"SKIP","floor":42.0},{"not_picked":["Sucker Punch"],"picked":"Bouncing Flask","floor":45.0}],"player_experience":3422539,"relics_obtained":[{"floor":6.0,"key":"Anchor"},{"floor":9.0,"key":"Bronze Scales"},{"floor":11.0,"key":"Omamori"},{"floor":26.0,"key":"Orichalcum"},{"floor":30.0,"key":"Toy Ornithopter"},{"floor":40.0,"key":"Ornamental Fan"},{"floor":42.0,"key":"Question Card"},{"floor":43.0,"key":"War Paint"},{"floor":45.0,"key":"Whetstone"}],"event_choices":[{"damage_healed":0.0,"max_hp_gain":0.0,"max_hp_loss":0.0,"gold_gain":0.0,"event_name":"The Cleric","player_choice":"Leave","floor":3.0,"gold_loss":0.0,"damage_taken":0.0},{"damage_healed":0.0,"max_hp_gain":0.0,"max_hp_loss":0.0,"gold_gain":0.0,"event_name":"The Woman in Blue","player_choice":"Bought 1 Potion","floor":5.0,"gold_loss":0.0,"damage_taken":0.0},{"damage_healed":0.0,"max_hp_gain":0.0,"max_hp_loss":0.0,"gold_gain":0.0,"event_name":"SensoryStone","player_choice":"Memory 1","floor":36.0,"gold_loss":0.0,"damage_taken":0.0},{"cards_removed":["Footwork"],"damage_healed":0.0,"max_hp_gain":0.0,"max_hp_loss":0.0,"gold_gain":0.0,"event_name":"Falling","player_choice":"Removed Power","floor":38.0,"gold_loss":0.0,"damage_taken":0.0}],"is_beta":false,"boss_relics":[{"not_picked":["Empty Cage","Runic Dome"],"picked":"Busted Crown"},{"not_picked":["Sozu","Velvet Choker"],"picked":"WristBlade"}],"items_purged_floors":[48],"is_endless":false,"potions_floor_spawned":[6,11,14,16,22,39,42,45],"ascension_level":0}}