{"host":"7wi4qgm5yw4j7oz0","time":1613413646,"event":{"mods":["AchievementEnabler","BaseMod","Block Reminder","Colored Map","Colored Powertips","Highlight Path","Minty Spire (QoL Compilation)","Permanent Neow","Random Character Button","StSLib","everything is the same but u backflip on backflip"],"gold_per_floor":[111,211,223,234,250,280,280,308,308,308,326,344,344,419,419,515,515,526,526,536,546,546,546,577,577,602,602,612,645,655,503,503,600,600,617,630,648,698,354,385,385,403,403,73,173,173,187,201,201,201],"floor_reached":51,"language":"KOR","playtime":4424,"items_purged":["Strike_R","Strike_R","Strike_R"],"score":1451,"play_id":"288cb2d8-77c4-46de-8b88-5854123e80e4","local_time":"20210216032726","is_ascension_mode":true,"campfire_choices":[{"data":"Bludgeon","floor":7.0,"key":"SMITH"},{"data":"Flex","floor":10.0,"key":"SMITH"},{"data":"Clothesline","floor":13.0,"key":"SMITH"},{"data":"Pommel Strike","floor":15.0,"key":"SMITH"},{"data":"Fiend Fire","floor":23.0,"key":"SMITH"},{"data":"Seeing Red","floor":25.0,"key":"SMITH"},{"data":"Power Through","floor":27.0,"key":"SMITH"},{"data":"Second Wind","floor":32.0,"key":"SMITH"},{"data":"Barricade","floor":41,"key":"SMITH"},{"data":"Fire Breathing","floor":46,"key":"SMITH"},{"data":"Metallicize","floor":49,"key":"SMITH"}],"circlet_count":0,"master_deck":["AscendersBane","Defend_R","Defend_R","Defend_R","Defend_R","Bash+1","Pommel Strike+1","Shrug It Off","Reaper","Clothesline+1","Bludgeon+1","Flex+1","Fiend Fire+1","Second Wind+1","Ghostly","Ghostly","Ghostly","Ghostly","Ghostly","Seeing Red+1","Fire Breathing+1","Ghostly Armor","Metallicize+1","Power Through+1","Shrug It Off+1","Battle Trance+1","Barricade+1","Bloodletting+1","Warcry+1","Warcry+1","Finesse+1","Dual Wield+1","Body Slam+1","Apotheosis+1","Madness+1","Impervious+1","Wild Strike+1"],"relics":["Burning Blood","FossilizedHelix","Regal Pillow","Runic Pyramid","Incense Burner","Happy Flower","Toxic Egg 2","Black Star","Bird Faced Urn","PreservedInsect","The Courier","Kunai","Blue Candle"],"acts_visited":["Exordium","TheCity","TheBeyond"],"potions_floor_usage":[33,48,50],"damage_taken":[{"damage":4.0,"enemies":"2 Louse","floor":1.0,"turns":4.0},{"damage":1.0,"enemies":"Cultist","floor":3.0,"turns":3.0},{"damage":5.0,"enemies":"Jaw Worm","floor":4.0,"turns":5.0},{"damage":13.0,"enemies":"Large Slime","floor":5.0,"turns":7.0},{"damage":18.0,"enemies":"Gremlin Nob","floor":6.0,"turns":4.0},{"damage":20.0,"enemies":"Lagavulin","floor":8.0,"turns":6.0},{"damage":0.0,"enemies":"Looter","floor":11.0,"turns":2.0},{"damage":0.0,"enemies":"Exordium Thugs","floor":12.0,"turns":2.0},{"damage":49.0,"enemies":"Hexaghost","floor":16.0,"turns":8.0},{"damage":0.0,"enemies":"Spheric Guardian","floor":18.0,"turns":3.0},{"damage":1.0,"enemies":"Shell Parasite","floor":20.0,"turns":5.0},{"damage":1.0,"enemies":"Chosen and Byrds","floor":21.0,"turns":6.0},{"damage":3.0,"enemies":"Book of Stabbing","floor":24.0,"turns":5.0},{"damage":1.0,"enemies":"Cultist and Chosen","floor":28.0,"turns":7.0},{"damage":2.0,"enemies":"Gremlin Leader","floor":29.0,"turns":5.0},{"damage":0.0,"enemies":"Centurion and Healer","floor":30.0,"turns":6.0},{"damage":30,"enemies":"Champ","floor":33,"turns":19},{"damage":18,"enemies":"3 Shapes","floor":35,"turns":7},{"damage":0,"enemies":"Orb Walker","floor":36,"turns":3},{"damage":0,"enemies":"Transient","floor":37,"turns":5},{"damage":0,"enemies":"Mind Bloom Boss Battle","floor":38,"turns":11},{"damage":2,"enemies":"Nemesis","floor":40,"turns":3},{"damage":3,"enemies":"Writhing Mass","floor":42,"turns":5},{"damage":0,"enemies":"Jaw Worm Horde","floor":47,"turns":8},{"damage":0,"enemies":"4 Shapes","floor":48,"turns":9},{"damage":11,"enemies":"Time Eater","floor":50,"turns":11}],"seed_played":"-27568977658786875","potions_obtained":[{"floor":1.0,"key":"ElixirPotion"},{"floor":3.0,"key":"Block Potion"},{"floor":12.0,"key":"Fruit Juice"},{"floor":16.0,"key":"FearPotion"},{"floor":21.0,"key":"LiquidMemories"},{"floor":28.0,"key":"HeartOfIron"},{"floor":29.0,"key":"GamblersBrew"},{"floor":36,"key":"ElixirPotion"},{"floor":37,"key":"SpeedPotion"},{"floor":42,"key":"AttackPotion"}],"is_trial":false,"path_per_floor":["M","?","M","M","M","E","R","E","T","R","M","M","R","?","R","B",null,"M","?","M","M","?","R","E","R","T","R","M","E","M","$","R","B",null,"M","M","M","?","$","E","R","M","T","$","?","R","M","M","R","B",null],"character_chosen":"IRONCLAD","items_purchased":["Battle Trance+1","PreservedInsect","Finesse+1","Apotheosis+1","Madness+1"],"campfire_rested":0,"item_purchase_floors":[31,39,39,44,44],"current_hp_per_floor":[74,74,79,80,73,61,61,51,51,51,57,68,68,57,57,14,67,73,42,42,42,42,42,42,42,42,42,42,42,42,42,42,18,36,31,37,42,42,42,42,42,42,42,42,42,42,42,42,42,39],"gold":201,"neow_bonus":"UPGRADE_CARD","is_daily":false,"chose_seed":false,"campfire_upgraded":11,"win_rate":0.0,"timestamp":1613413646,"path_taken":["M","?","M","M","M","E","R","E","T","R","?","M","R","?","R","BOSS","M","?","M","M","?","R","E","R","T","R","M","E","M","$","R","BOSS","M","M","M","?","$","E","R","M","T","$","?","R","M","M","R","BOSS"],"items_purchased_type":["Card","Relic","Card","Card","Card"],"build_version":"2020-12-22","purchased_purges":3,"victory":true,"max_hp_per_floor":[80,80,80,80,80,80,80,80,80,80,80,85,85,85,85,85,85,85,42,42,42,42,42,42,42,42,42,42,42,42,42,42,42,42,42,42,42,42,42,42,42,42,42,42,42,42,42,42,42,42],"card_choices":[{"not_picked":["Rupture","Entrench"],"picked":"Pommel Strike","floor":1.0},{"not_picked":["Pommel Strike","Flex"],"picked":"Shrug It Off","floor":3.0},{"not_picked":["Twin Strike","Pummel"],"picked":"Reaper","floor":4.0},{"not_picked":["True Grit","Dark Embrace"],"picked":"Clothesline","floor":5.0},{"not_picked":["Havoc","Feel No Pain"],"picked":"Bludgeon","floor":6.0},{"not_picked":["Hemokinesis","Perfected Strike"],"picked":"Flex","floor":8.0},{"not_picked":["Cleave","Pommel Strike","Entrench"],"picked":"SKIP","floor":11.0},{"not_picked":["Pommel Strike","Clash","Entrench"],"picked":"SKIP","floor":12.0},{"not_picked":["Impervious","Demon Form"],"picked":"Fiend Fire","floor":16.0},{"not_picked":["Anger","Flex"],"picked":"Second Wind","floor":18.0},{"not_picked":["Fire Breathing","Perfected Strike"],"picked":"Seeing Red","floor":20.0},{"not_picked":["Pommel Strike","Perfected Strike"],"picked":"Fire Breathing","floor":21.0},{"not_picked":["Rupture","Corruption"],"picked":"Power Through","floor":24.0},{"not_picked":["Sever Soul","Twin Strike","Infernal Blade+1"],"picked":"SKIP","floor":28.0},{"not_picked":["Sever Soul","Twin Strike","Infernal Blade+1"],"picked":"SKIP","floor":28.0},{"not_picked":["Twin Strike","Uppercut","Whirlwind+1"],"picked":"SKIP","floor":29.0},{"not_picked":["Rampage","Sword Boomerang"],"picked":"Shrug It Off+1","floor":30.0},{"not_picked":["Impervious+1","Immolate"],"picked":"Barricade","floor":33},{"not_picked":["Armaments+1","Sever Soul+1"],"picked":"Bloodletting+1","floor":35},{"not_picked":["Cleave","Intimidate+1"],"picked":"Warcry+1","floor":36},{"not_picked":["Iron Wave+1","Clothesline+1"],"picked":"Warcry+1","floor":37},{"not_picked":["Infernal Blade+1","Pommel Strike+1"],"picked":"Dual Wield+1","floor":40},{"not_picked":["True Grit+1","Flame Barrier+1"],"picked":"Body Slam+1","floor":42},{"not_picked":["Uppercut+1","Rupture+1"],"picked":"Impervious+1","floor":47},{"not_picked":["Body Slam","Bloodletting+1"],"picked":"Wild Strike+1","floor":48}],"player_experience":311022,"relics_obtained":[{"floor":6.0,"key":"FossilizedHelix"},{"floor":8.0,"key":"Regal Pillow"},{"floor":24.0,"key":"Incense Burner"},{"floor":26.0,"key":"Happy Flower"},{"floor":29.0,"key":"Toxic Egg 2"},{"floor":38,"key":"Bird Faced Urn"},{"floor":40,"key":"The Courier"},{"floor":40,"key":"Kunai"},{"floor":43,"key":"Blue Candle"}],"event_choices":[{"damage_healed":0.0,"max_hp_gain":0.0,"max_hp_loss":0.0,"gold_gain":100.0,"event_name":"Golden Shrine","player_choice":"Pray","floor":2.0,"gold_loss":0.0,"damage_taken":0.0},{"damage_healed":0.0,"max_hp_gain":0.0,"max_hp_loss":0.0,"gold_gain":75.0,"event_name":"World of Goop","player_choice":"Gather Gold","floor":14.0,"gold_loss":0.0,"damage_taken":11.0},{"damage_healed":0.0,"max_hp_gain":0.0,"max_hp_loss":43.0,"gold_gain":0.0,"event_name":"Ghosts","player_choice":"Became a Ghost","floor":19.0,"gold_loss":0.0,"damage_taken":0.0,"cards_obtained":["Ghostly","Ghostly","Ghostly","Ghostly","Ghostly"]},{"damage_healed":0.0,"max_hp_gain":0.0,"max_hp_loss":0.0,"gold_gain":0.0,"cards_transformed":["Strike_R","Strike_R"],"event_name":"Drug Dealer","player_choice":"Became Test Subject","floor":22.0,"gold_loss":0.0,"damage_taken":0.0,"cards_obtained":["Ghostly Armor","Metallicize"]},{"damage_healed":0,"gold_gain":0,"player_choice":"Fight","damage_taken":0,"max_hp_gain":0,"max_hp_loss":0,"event_name":"MindBloom","floor":38,"gold_loss":0},{"damage_healed":0,"gold_gain":100,"player_choice":"Pray","damage_taken":0,"max_hp_gain":0,"max_hp_loss":0,"event_name":"Golden Shrine","floor":45,"gold_loss":0}],"is_beta":false,"boss_relics":[{"not_picked":["Runic Cube","Calling Bell"],"picked":"Runic Pyramid"},{"not_picked":["Snecko Eye","Velvet Choker"],"picked":"Black Star"}],"items_purged_floors":[31,39,44],"is_endless":false,"potions_floor_spawned":[1,3,12,16,20,21,28,29,36,37,38,42,47],"ascension_level":11}}