{"host":"oq9vgnvl0fi8z8ha","time":1613430008,"event":{"mods":["BaseMod","Block Reminder","ChefMod","Curses Come First","Evolution","Fox Events","Highlight Path","Minty Spire (QoL Compilation)","Relic Stats","Smile Girya","StSLib","The Bug Knight","The Runesmith","Treasure Hunter","Unceasing Turn Reminder"],"gold_per_floor":[300,300,475,475,475,475,515,515,583,583,604,642,642,27,27,146,146,166,166,16,16,42,42,69,80,80,96,96,96,96,121,121,121,121],"floor_reached":33,"language":"ENG","playtime":2336,"items_purged":[],"score":479,"play_id":"7ad7f95c-9e1c-4522-ac3c-4fd4d5489e2a","local_time":"20210215160008","daily_mods":["Insanity","Blue Cards","Heirloom","Time Dilation","Flight"],"is_ascension_mode":true,"campfire_choices":[{"floor":6,"key":"DIG"},{"floor":8,"key":"REST"},{"floor":10,"key":"DIG"},{"floor":15,"key":"REST"},{"floor":23,"key":"REST"},{"floor":28,"key":"REST"},{"floor":30,"key":"REST"},{"floor":32,"key":"REST"}],"circlet_count":0,"master_deck":["Steam","Loop","HollowMod:InfectedAttack","HollowMod:ShapeofUnn","HollowMod:SoulStrike","HollowMod:GrimmsGift","HollowMod:SoulStrike","HollowMod:HowlingWraiths","HollowMod:AbyssShriek","Leap","Gash","Turbo","Leap","HollowMod:HowlingWraiths","HollowMod:CoiledNail","HollowMod:NewJinnsSoul","Leap","Compile Driver","HollowMod:LifebloodCocoon","Ball Lightning","Steam","HollowMod:ShadowDash","Barrage","Sweeping Beam","Cold Snap","Sunder","Skim","Barrage","Fusion","Compile Driver","Steam","Cold Snap","HollowMod:MantisMark","Streamline","Coolheaded","HollowMod:TaintedHusks","Rebound","HollowMod:NewLittleFool","HollowMod:TaintedHusks","HollowMod:InfectedCysts","Coolheaded","HollowMod:NewJinnsSoul","HollowMod:VengefulSpirit","Glacier","HollowMod:LuriensSpire","Scrape","HollowMod:TaintedHusks","Darkness","Streamline","Scrape","Aggregate","TH:CursedSword","HollowMod:DashSlash","TH:DeckOfManyThings","HollowMod:DungDefenderAura","TH:ElvenBoots","Reinforced Body","Melter","Conserve Battery","Ball Lightning","HollowMod:GoodIntentions","TH:CursedSword","HollowMod:ZotesMagnificence","HollowMod:MawleksShell","Bite","Bite","Bite","Bite","Bite","HollowMod:HowlingWraiths+1","TH:BikiniMail","Machine Learning","White Noise","TH:DeckOfManyThings","TH:BikiniMail"],"relics":["HollowMod:VesselMask","EVO:Axolotl","Shovel","Bloody Idol","Lantern","StoneCalendar","HollowMod:MantisClawRelic","Happy Flower","Orichalcum","Darkstone Periapt","Art of War","Singing Bowl","SacredBark","HollowMod:StagPassRelic","Red Mask","Matryoshka","Pear","HollowMod:LifeEnderRelic","Molten Egg 2"],"acts_visited":["Exordium","TheCity"],"potions_floor_usage":[16,16,24,33,33,33],"damage_taken":[{"damage":0,"enemies":"Jaw Worm","floor":1,"turns":5},{"damage":27,"enemies":"Gremlin Nob","floor":7,"turns":6},{"damage":5,"enemies":"2 Louse","floor":11,"turns":2},{"damage":11,"enemies":"3 Sentries","floor":12,"turns":6},{"damage":18,"enemies":"Hexaghost","floor":16,"turns":7},{"damage":27,"enemies":"Chosen","floor":18,"turns":5},{"damage":28,"enemies":"Masked Bandits","floor":22,"turns":5},{"damage":36,"enemies":"Book of Stabbing","floor":24,"turns":7},{"damage":17,"enemies":"3 Byrds","floor":25,"turns":5},{"damage":18,"enemies":"Centurion and Healer","floor":27,"turns":6},{"damage":53,"enemies":"Slavers","floor":31,"turns":7},{"damage":119,"enemies":"Champ","floor":33,"turns":9}],"seed_played":"3268357985539510805","potions_obtained":[{"floor":1,"key":"Weak Potion"},{"floor":11,"key":"SneckoOil"},{"floor":12,"key":"Strength Potion"},{"floor":18,"key":"Weak Potion"},{"floor":22,"key":"FairyPotion"},{"floor":25,"key":"EntropicBrew"}],"is_trial":true,"path_per_floor":["M","?","?","?","?","R","E","R","T","R","M","E","?","$","R","B",null,"M","?","?","?","?","R","E","M","T","M","R","?","R","E","R","B"],"character_chosen":"THE_BUGKNIGHT","items_purchased":["Art of War","Singing Bowl","Melter","Conserve Battery","Ball Lightning","HollowMod:GoodIntentions"],"campfire_rested":6,"item_purchase_floors":[14,14,14,14,14,14],"current_hp_per_floor":[82,82,82,62,62,62,35,59,59,59,54,43,40,40,64,46,82,55,55,55,55,32,49,20,14,24,13,33,33,53,13,34,0,0],"gold":121,"neow_bonus":"","is_daily":false,"chose_seed":false,"campfire_upgraded":0,"win_rate":0.0,"timestamp":1613430008,"path_taken":["M","?","?","?","?","R","E","R","T","R","?","E","?","$","R","BOSS","M","?","?","?","?","R","E","M","T","?","R","?","R","E","R","BOSS"],"items_purchased_type":["Relic","Relic","Card","Card","Card","Card"],"build_version":"2020-12-22","purchased_purges":0,"victory":false,"max_hp_per_floor":[82,82,82,82,82,82,82,82,82,82,82,82,82,82,82,82,82,82,82,82,57,57,57,57,57,67,69,69,69,69,71,71,71,71],"relic_stats":{"Darkstone Periapt":0,"Shovel":2,"Happy Flower":[19],"Singing Bowl":4,"counters":[12,70],"Bloody Idol":25,"StoneCalendar":[124],"Art of War":[5],"Orichalcum":[72],"obtain_stats":[{"Darkstone Periapt":13,"Lantern":6,"Pear":26,"HollowMod:LifeEnderRelic":26,"Happy Flower":10,"Singing Bowl":14,"Golden Idol":4,"SacredBark":17,"HollowMod:VesselMask":0,"StoneCalendar":7,"EVO:Axolotl":0,"Orichalcum":12,"HollowMod:StagPassRelic":20,"Shovel":0,"Matryoshka":24,"Bloody Idol":19,"Molten Egg 2":31,"Art of War":14,"Red Mask":22,"HollowMod:MantisClawRelic":9},{"Darkstone Periapt":4,"Lantern":1,"Pear":9,"HollowMod:LifeEnderRelic":9,"Happy Flower":2,"Singing Bowl":4,"Golden Idol":1,"SacredBark":5,"HollowMod:VesselMask":0,"StoneCalendar":2,"EVO:Axolotl":0,"Orichalcum":4,"HollowMod:StagPassRelic":6,"Shovel":0,"Matryoshka":8,"Bloody Idol":6,"Molten Egg 2":11,"Art of War":4,"Red Mask":7,"HollowMod:MantisClawRelic":2},{"Darkstone Periapt":19,"Lantern":5,"Pear":48,"HollowMod:LifeEnderRelic":48,"Happy Flower":11,"Singing Bowl":19,"Golden Idol":5,"SacredBark":26,"HollowMod:VesselMask":0,"StoneCalendar":11,"EVO:Axolotl":0,"Orichalcum":19,"HollowMod:StagPassRelic":31,"Shovel":0,"Matryoshka":43,"Bloody Idol":31,"Molten Egg 2":61,"Art of War":19,"Red Mask":36,"HollowMod:MantisClawRelic":11}]},"card_choices":[{"not_picked":["Hologram","Loop"],"picked":"Aggregate","floor":1},{"not_picked":["TH:DeckOfManyThings"],"picked":"TH:CursedSword","floor":7},{"not_picked":["Blizzard","HollowMod:SoulEater"],"picked":"HollowMod:DashSlash","floor":7},{"not_picked":["TH:Mimic"],"picked":"TH:DeckOfManyThings","floor":9},{"not_picked":["HollowMod:PureNailStrike","HollowMod:NewLittleFool"],"picked":"HollowMod:DungDefenderAura","floor":11},{"not_picked":["TH:EnergyPotion"],"picked":"TH:ElvenBoots","floor":12},{"not_picked":["HollowMod:LuriensSpire","Hologram"],"picked":"Reinforced Body","floor":12},{"not_picked":["TH:BikiniMail"],"picked":"TH:CursedSword","floor":16},{"not_picked":["HollowMod:NewInfectedGuardian","Biased Cognition"],"picked":"HollowMod:ZotesMagnificence","floor":16},{"not_picked":["HollowMod:SharpenedShadows+1","Ball Lightning"],"picked":"HollowMod:MawleksShell","floor":18},{"not_picked":["Chill","HollowMod:WraithStrike"],"picked":"HollowMod:HowlingWraiths+1","floor":22},{"not_picked":["TH:PixieDust"],"picked":"TH:BikiniMail","floor":24},{"not_picked":["Steam","HollowMod:InfectionAssault+1"],"picked":"Machine Learning","floor":24},{"not_picked":["Rebound","HollowMod:MonarchWings+1"],"picked":"White Noise","floor":25},{"not_picked":["TH:TreasureMap"],"picked":"TH:DeckOfManyThings","floor":26},{"not_picked":["Coolheaded","HollowMod:DreamGate","HollowMod:SharpenedShadows"],"picked":"Singing Bowl","floor":27},{"not_picked":["TH:EnergyPotion"],"picked":"TH:BikiniMail","floor":31},{"not_picked":["HollowMod:SoulSplash","HollowMod:AwokenDreamNail+1","Compile Driver+1"],"picked":"Singing Bowl","floor":31}],"player_experience":225098,"relics_obtained":[{"floor":6,"key":"Lantern"},{"floor":7,"key":"StoneCalendar"},{"floor":9,"key":"HollowMod:MantisClawRelic"},{"floor":10,"key":"Happy Flower"},{"floor":12,"key":"Orichalcum"},{"floor":22,"key":"Red Mask"},{"floor":24,"key":"Matryoshka"},{"floor":26,"key":"Pear"},{"floor":26,"key":"HollowMod:LifeEnderRelic"},{"floor":31,"key":"Molten Egg 2"}],"event_choices":[{"damage_healed":0,"gold_gain":0,"player_choice":"Leave","damage_taken":0,"max_hp_gain":0,"max_hp_loss":0,"event_name":"The Cleric","floor":2,"gold_loss":0},{"damage_healed":0,"gold_gain":175,"player_choice":"AGREE","damage_taken":0,"max_hp_gain":0,"max_hp_loss":0,"event_name":"Liars Game","floor":3,"gold_loss":0,"cards_obtained":["Doubt"]},{"damage_healed":0,"gold_gain":0,"player_choice":"Take Damage","damage_taken":20,"relics_obtained":["Golden Idol"],"max_hp_gain":0,"max_hp_loss":0,"event_name":"Golden Idol","floor":4,"gold_loss":0},{"cards_removed":["Doubt"],"damage_healed":0,"gold_gain":0,"player_choice":"Removed Curses","damage_taken":0,"max_hp_gain":0,"max_hp_loss":0,"event_name":"Fountain of Cleansing","floor":5,"gold_loss":0},{"damage_healed":0,"gold_gain":0,"player_choice":"Success","damage_taken":3,"relics_obtained":["Darkstone Periapt"],"max_hp_gain":0,"max_hp_loss":0,"event_name":"Scrap Ooze","floor":13,"gold_loss":0},{"damage_healed":0,"gold_gain":0,"player_choice":"Gave Idol","damage_taken":0,"relics_obtained":["Bloody Idol"],"max_hp_gain":0,"max_hp_loss":0,"event_name":"Forgotten Altar","floor":19,"relics_lost":["Golden Idol"],"gold_loss":0},{"damage_healed":0,"gold_gain":0,"player_choice":"Became a vampire","damage_taken":0,"max_hp_gain":0,"max_hp_loss":25,"event_name":"Vampires","floor":21,"gold_loss":0,"cards_obtained":["Bite","Bite","Bite","Bite","Bite"]},{"damage_healed":0,"gold_gain":0,"player_choice":"Fought Bandits","damage_taken":0,"max_hp_gain":0,"max_hp_loss":0,"event_name":"Masked Bandits","floor":22,"gold_loss":0},{"damage_healed":0,"gold_gain":0,"player_choice":"Ignored","damage_taken":0,"max_hp_gain":0,"max_hp_loss":0,"event_name":"Beggar","floor":29,"gold_loss":0}],"is_beta":false,"boss_relics":[{"not_picked":["Velvet Choker","Astrolabe"],"picked":"SacredBark"}],"items_purged_floors":[],"is_endless":true,"potions_floor_spawned":[1,11,12,18,22,25],"killed_by":"Champ","ascension_level":1}}