{"host":"p9vmbvw2hh2n16dn","time":1613385992,"event":{"mods":["AchievementEnabler","BaseMod","Block Reminder","Minty Spire (QoL Compilation)","Relic Stats","SuperFastMode"],"gold_per_floor":[118,193,193,193,209,241,241,270,270,270,289,65,76,107,107,209,209,223,183,183,203,219,219,219],"floor_reached":23,"language":"ENG","playtime":664,"items_purged":[],"score":399,"play_id":"5d0116b7-df8a-4221-9eb1-dcd01f7e25be","local_time":"20210215114632","is_ascension_mode":true,"campfire_choices":[{"data":"Cold Snap","floor":7.0,"key":"SMITH"},{"data":"Dualcast","floor":10.0,"key":"SMITH"},{"floor":15.0,"key":"REST"}],"circlet_count":0,"master_deck":["AscendersBane","Strike_B","Strike_B","Strike_B","Strike_B","Defend_B","Defend_B","Defend_B","Defend_B","Zap+1","Dualcast+1","Ball Lightning+1","Capacitor","Cold Snap+1","Machine Learning","Hologram","Force Field","Sweeping Beam","Defragment+1","Amplify","Lockon","Coolheaded"],"relics":["Cracked Core","NeowsBlessing","Pocketwatch","Pear","CaptainsWheel","Omamori","Gambling Chip","Sozu"],"acts_visited":["Exordium","TheCity"],"potions_floor_usage":[23],"damage_taken":[{"damage":0.0,"enemies":"Jaw Worm","floor":1.0,"turns":1.0},{"damage":0.0,"enemies":"Small Slimes","floor":5.0,"turns":1.0},{"damage":0.0,"enemies":"3 Sentries","floor":6.0,"turns":1.0},{"damage":24.0,"enemies":"Lagavulin","floor":8.0,"turns":5.0},{"damage":11.0,"enemies":"2 Louse","floor":11.0,"turns":2.0},{"damage":7.0,"enemies":"Gremlin Gang","floor":13.0,"turns":4.0},{"damage":17.0,"enemies":"Gremlin Nob","floor":14.0,"turns":4.0},{"damage":2.0,"enemies":"Slime Boss","floor":16.0,"turns":8.0},{"damage":22.0,"enemies":"2 Thieves","floor":18.0,"turns":4.0},{"damage":2.0,"enemies":"Shell Parasite","floor":21.0,"turns":5.0},{"damage":24.0,"enemies":"Centurion and Healer","floor":22.0,"turns":6.0},{"damage":29,"enemies":"Book of Stabbing","floor":23,"turns":5}],"seed_played":"-5627001421613370768","potions_obtained":[{"floor":5.0,"key":"ColorlessPotion"},{"floor":11.0,"key":"Fruit Juice"},{"floor":13.0,"key":"PotionOfCapacity"},{"floor":14.0,"key":"SkillPotion"},{"floor":16.0,"key":"Dexterity Potion"}],"is_trial":false,"path_per_floor":["M","?","?","?","M","E","R","E","T","R","M","$","M","E","R","B",null,"M","?","$","M","M","E"],"character_chosen":"DEFECT","items_purchased":["Omamori","Force Field"],"campfire_rested":1,"item_purchase_floors":[12,12],"current_hp_per_floor":[68,57,57,57,57,57,57,43,43,43,37,37,30,13,40,38,77,55,55,55,53,29,0,0],"gold":219,"neow_bonus":"THREE_ENEMY_KILL","is_daily":false,"chose_seed":false,"campfire_upgraded":2,"win_rate":0.0,"timestamp":1613385992,"path_taken":["M","?","?","?","M","E","R","E","T","R","?","?","M","E","R","BOSS","M","?","$","M","M","E"],"items_purchased_type":["Relic","Card"],"build_version":"2020-12-22","purchased_purges":0,"victory":false,"max_hp_per_floor":[75,75,75,75,75,75,75,85,85,85,90,90,90,90,90,90,90,90,90,90,90,90,90,90],"relic_stats":{"Sozu":2,"counters":[12,46],"Gambling Chip":[6],"obtain_stats":[{"Sozu":17,"CaptainsWheel":9,"Pear":8,"NeowsBlessing":0,"Gambling Chip":14,"Omamori":12,"Cracked Core":0,"Pocketwatch":6},{"Sozu":8,"CaptainsWheel":4,"Pear":4,"NeowsBlessing":0,"Gambling Chip":7,"Omamori":5,"Cracked Core":0,"Pocketwatch":3},{"Sozu":26,"CaptainsWheel":8,"Pear":8,"NeowsBlessing":0,"Gambling Chip":18,"Omamori":10,"Cracked Core":0,"Pocketwatch":3}],"Pocketwatch":[24]},"card_choices":[{"not_picked":["Turbo","Redo"],"picked":"Ball Lightning","floor":1.0},{"not_picked":["Rebound","Heatsinks"],"picked":"Capacitor","floor":5.0},{"not_picked":["Skim","Turbo"],"picked":"Cold Snap","floor":6.0},{"not_picked":["Steam","Darkness"],"picked":"Machine Learning","floor":8.0},{"not_picked":["Doom and Gloom","Go for the Eyes"],"picked":"Hologram","floor":11.0},{"not_picked":["Genetic Algorithm","Recycle"],"picked":"Sweeping Beam","floor":13.0},{"not_picked":["Turbo","Chill"],"picked":"Defragment","floor":14.0},{"not_picked":["Buffer","Echo Form"],"picked":"Amplify","floor":16.0},{"not_picked":["Stack","Capacitor"],"picked":"Lockon","floor":18.0},{"not_picked":["Streamline","Steam"],"picked":"Coolheaded","floor":21.0},{"not_picked":["Hello World","Capacitor","Streamline"],"picked":"SKIP","floor":22.0}],"player_experience":335008,"relics_obtained":[{"floor":6.0,"key":"Pocketwatch"},{"floor":8.0,"key":"Pear"},{"floor":9.0,"key":"CaptainsWheel"},{"floor":14.0,"key":"Gambling Chip"}],"event_choices":[{"damage_healed":0.0,"max_hp_gain":0.0,"max_hp_loss":0.0,"gold_gain":75.0,"event_name":"World of Goop","player_choice":"Gather Gold","floor":2.0,"gold_loss":0.0,"damage_taken":11.0},{"damage_healed":0.0,"max_hp_gain":0.0,"max_hp_loss":0.0,"gold_gain":0.0,"event_name":"Living Wall","player_choice":"Grow","floor":3.0,"gold_loss":0.0,"damage_taken":0.0,"cards_upgraded":["Ball Lightning"]},{"damage_healed":0.0,"max_hp_gain":0.0,"max_hp_loss":0.0,"gold_gain":0.0,"event_name":"Upgrade Shrine","player_choice":"Upgraded","floor":4.0,"gold_loss":0.0,"damage_taken":0.0,"cards_upgraded":["Zap"]},{"damage_healed":0.0,"max_hp_gain":0.0,"max_hp_loss":0.0,"gold_gain":0.0,"event_name":"Designer","player_choice":"Upgrade","floor":19.0,"gold_loss":40.0,"damage_taken":0.0,"cards_upgraded":["Defragment"]}],"is_beta":false,"boss_relics":[{"not_picked":["Busted Crown","Philosopher\u0027s Stone"],"picked":"Sozu"}],"items_purged_floors":[],"is_endless":false,"potions_floor_spawned":[5,11,13,14,16,18,21],"killed_by":"Book of Stabbing","ascension_level":12}}