{"host":"xsuxkwaivmtd234a","time":1613428246,"event":{"mods":["BaseMod","Bestiary","Colored Map","Filter the Spire","Minty Spire (QoL Compilation)","Relic Stats","StSLib"],"gold_per_floor":[365,80,91,105,123,123,158,208,208,208,236,262,292,307,307,409,409,422,437,2,2,12,12,43,43,43,59,69,100,100,100,100,196,196,208,277,296,296,54,80,80,100,100,100,100,100],"floor_reached":45,"language":"ENG","playtime":2633,"items_purged":["Strike_R"],"score":660,"play_id":"ad134165-ce03-412f-b51e-34c08b1a0e9f","local_time":"20210215173046","is_ascension_mode":true,"campfire_choices":[{"data":"Whirlwind","floor":6.0,"key":"SMITH"},{"data":"The Bomb","floor":10.0,"key":"SMITH"},{"data":"Bash","floor":15.0,"key":"SMITH"},{"floor":23.0,"key":"REST"},{"floor":30.0,"key":"REST"},{"floor":32.0,"key":"RECALL"},{"floor":44,"key":"REST"}],"circlet_count":0,"master_deck":["Strike_R","Strike_R","Defend_R","Defend_R","Defend_R","Defend_R","Bash+1","Whirlwind+1","Rampage","Spot Weakness","The Bomb+1","Shrug It Off","Second Wind","Thunderclap","Clothesline","Havoc+1","Armaments+1","Offering+1","Intimidate+1","Barricade","Armaments+1","Chrysalis+1","Intimidate+1","The Bomb+1","Shrug It Off+1","Reaper","True Grit+1","Fiend Fire","Discovery+1","Shrug It Off+1","Havoc+1"],"relics":["Burning Blood","Pear","Bag of Preparation","Toxic Egg 2","Ancient Tea Set","Odd Mushroom","HornCleat","Fusion Hammer","MealTicket","Blue Candle","InkBottle","Bottled Flame","Empty Cage","Singing Bowl","Blood Vial"],"acts_visited":["Exordium","TheCity","TheBeyond"],"potions_floor_usage":[38,40,42],"damage_taken":[{"damage":6.0,"enemies":"Cultist","floor":1.0,"turns":3.0},{"damage":1.0,"enemies":"2 Louse","floor":3.0,"turns":2.0},{"damage":10.0,"enemies":"Small Slimes","floor":4.0,"turns":3.0},{"damage":6.0,"enemies":"Blue Slaver","floor":5.0,"turns":4.0},{"damage":27.0,"enemies":"Lagavulin","floor":7.0,"turns":7.0},{"damage":12.0,"enemies":"3 Sentries","floor":11.0,"turns":3.0},{"damage":9.0,"enemies":"The Mushroom Lair","floor":12.0,"turns":2.0},{"damage":4.0,"enemies":"Gremlin Nob","floor":13.0,"turns":3.0},{"damage":10.0,"enemies":"Lots of Slimes","floor":14.0,"turns":4.0},{"damage":22.0,"enemies":"The Guardian","floor":16.0,"turns":10.0},{"damage":14.0,"enemies":"Spheric Guardian","floor":18.0,"turns":4.0},{"damage":6.0,"enemies":"Chosen","floor":19.0,"turns":4.0},{"damage":23.0,"enemies":"Centurion and Healer","floor":22.0,"turns":6.0},{"damage":6.0,"enemies":"Slavers","floor":24.0,"turns":1.0},{"damage":14.0,"enemies":"Shelled Parasite and Fungi","floor":27.0,"turns":4.0},{"damage":13.0,"enemies":"Snake Plant","floor":28.0,"turns":5.0},{"damage":11.0,"enemies":"Book of Stabbing","floor":29.0,"turns":5.0},{"damage":16.0,"enemies":"Champ","floor":33.0,"turns":12.0},{"damage":4.0,"enemies":"Orb Walker","floor":35.0,"turns":3.0},{"damage":12.0,"enemies":"3 Shapes","floor":37.0,"turns":7.0},{"damage":0,"enemies":"Writhing Mass","floor":38,"turns":1},{"damage":75,"enemies":"Reptomancer","floor":40,"turns":6},{"damage":0,"enemies":"3 Darklings","floor":42,"turns":1},{"damage":62,"enemies":"Giant Head","floor":45,"turns":8}],"seed_played":"5385790761668495735","potions_obtained":[{"floor":5.0,"key":"FearPotion"},{"floor":11.0,"key":"SmokeBomb"},{"floor":12.0,"key":"Energy Potion"},{"floor":14.0,"key":"ElixirPotion"},{"floor":16.0,"key":"ColorlessPotion"},{"floor":22.0,"key":"GamblersBrew"},{"floor":29.0,"key":"SkillPotion"},{"floor":37.0,"key":"SpeedPotion"},{"floor":40,"key":"Energy Potion"}],"is_trial":false,"path_per_floor":["M","$","M","M","M","R","E","T","T","R","E","?","E","M","R","B",null,"M","M","$","?","M","R","E","?","T","M","M","E","R","?","R","B",null,"M","T","M","M","$","E","?","M","T","R","E"],"character_chosen":"IRONCLAD","items_purchased":["Rampage","Spot Weakness","The Bomb","MealTicket","Armaments+1","Chrysalis+1","Fiend Fire","Discovery+1"],"campfire_rested":3,"item_purchase_floors":[2,2,2,20,20,20,39,39],"current_hp_per_floor":[72,72,72,68,68,68,57,57,57,57,51,48,50,46,46,30,69,61,61,61,61,44,68,68,68,68,60,53,48,72,92,92,82,90,92,92,92,92,92,23,25,31,31,59,0,0],"gold":100,"neow_bonus":"TWO_FIFTY_GOLD","is_daily":false,"chose_seed":false,"campfire_upgraded":3,"win_rate":0.0,"timestamp":1613428246,"path_taken":["M","$","M","M","M","R","E","?","T","R","E","?","E","M","R","BOSS","M","M","$","?","M","R","E","?","T","M","?","E","R","?","R","BOSS","M","?","M","M","$","E","?","M","T","R","E"],"items_purchased_type":["Card","Card","Card","Relic","Card","Card","Card","Card"],"build_version":"2020-12-22","purchased_purges":1,"victory":false,"max_hp_per_floor":[72,72,72,72,72,72,82,82,82,82,82,82,82,82,82,82,82,82,82,82,82,82,82,82,82,82,82,82,82,82,92,92,92,92,92,92,92,92,92,92,94,94,94,94,94,94],"relic_stats":{"Blood Vial":2,"Singing Bowl":2,"counters":[24,108],"Blue Candle":[0],"MealTicket":0,"Bag of Preparation":[38],"obtain_stats":[{"Pear":7,"Singing Bowl":40,"Blue Candle":24,"Bag of Preparation":8,"Odd Mushroom":12,"Ancient Tea Set":11,"Empty Cage":34,"Burning Blood":0,"Blood Vial":43,"Bottled Flame":29,"HornCleat":13,"MealTicket":20,"Fusion Hammer":17,"Toxic Egg 2":9,"InkBottle":26},{"Pear":5,"Singing Bowl":22,"Blue Candle":14,"Bag of Preparation":5,"Odd Mushroom":7,"Ancient Tea Set":6,"Empty Cage":18,"Burning Blood":0,"Blood Vial":23,"Bottled Flame":17,"HornCleat":8,"MealTicket":12,"Fusion Hammer":10,"Toxic Egg 2":5,"InkBottle":14},{"Pear":19,"Singing Bowl":99,"Blue Candle":56,"Bag of Preparation":19,"Odd Mushroom":24,"Ancient Tea Set":22,"Empty Cage":82,"Burning Blood":0,"Blood Vial":100,"Bottled Flame":70,"HornCleat":27,"MealTicket":49,"Fusion Hammer":41,"Toxic Egg 2":19,"InkBottle":56}],"Burning Blood":117,"InkBottle":[21]},"card_choices":[{"not_picked":["Iron Wave","Bloodletting"],"picked":"Whirlwind","floor":1.0},{"not_picked":["Clash","Headbutt"],"picked":"Shrug It Off","floor":3.0},{"not_picked":["Clothesline","Iron Wave"],"picked":"Second Wind","floor":4.0},{"not_picked":["Reckless Charge","Armaments"],"picked":"Thunderclap","floor":5.0},{"not_picked":["Rupture","Entrench"],"picked":"Clothesline","floor":7.0},{"not_picked":["Pommel Strike","Rage+1"],"picked":"Juggernaut","floor":11.0},{"not_picked":["Twin Strike","Cleave"],"picked":"Havoc+1","floor":12.0},{"not_picked":["Pommel Strike","Dual Wield+1"],"picked":"Armaments+1","floor":13.0},{"not_picked":["Clothesline","Havoc+1","Body Slam"],"picked":"SKIP","floor":14.0},{"not_picked":["Berserk","Juggernaut"],"picked":"Offering+1","floor":16.0},{"not_picked":["Clothesline","Headbutt"],"picked":"Intimidate+1","floor":18.0},{"not_picked":["Metallicize","Thunderclap+1"],"picked":"Barricade","floor":19.0},{"not_picked":["Fire Breathing+1","Sword Boomerang"],"picked":"Intimidate+1","floor":22.0},{"not_picked":["Iron Wave","Thunderclap","Infernal Blade+1"],"picked":"SKIP","floor":24.0},{"not_picked":["Pommel Strike","Infernal Blade+1","Thunderclap"],"picked":"SKIP","floor":27.0},{"not_picked":["Thunderclap","Warcry+1","Anger"],"picked":"SKIP","floor":28.0},{"not_picked":["Wild Strike","Cleave"],"picked":"Shrug It Off+1","floor":29.0},{"not_picked":["Berserk","Barricade"],"picked":"Reaper","floor":33.0},{"not_picked":["Anger","Sword Boomerang"],"picked":"True Grit+1","floor":35.0},{"not_picked":["Perfected Strike","Clothesline+1","Reckless Charge+1"],"picked":"SKIP","floor":37.0},{"not_picked":["Twin Strike+1","Headbutt"],"picked":"Shrug It Off+1","floor":40},{"not_picked":["Bandage Up+1","Flash of Steel","Discovery+1"],"picked":"Singing Bowl","floor":41},{"not_picked":["Bloodletting+1","Flex+1"],"picked":"Havoc+1","floor":42}],"player_experience":1268384,"relics_obtained":[{"floor":7.0,"key":"Pear"},{"floor":8.0,"key":"Bag of Preparation"},{"floor":9.0,"key":"Toxic Egg 2"},{"floor":11.0,"key":"Ancient Tea Set"},{"floor":12.0,"key":"Odd Mushroom"},{"floor":13.0,"key":"HornCleat"},{"floor":24.0,"key":"Blue Candle"},{"floor":26.0,"key":"InkBottle"},{"floor":29.0,"key":"Bottled Flame"},{"floor":40,"key":"Singing Bowl"},{"floor":43,"key":"Blood Vial"}],"event_choices":[{"damage_healed":0.0,"max_hp_gain":0.0,"max_hp_loss":0.0,"gold_gain":0.0,"event_name":"Mushrooms","player_choice":"Fought Mushrooms","floor":12.0,"gold_loss":0.0,"damage_taken":0.0},{"damage_healed":0.0,"max_hp_gain":0.0,"max_hp_loss":0.0,"gold_gain":0.0,"event_name":"Vampires","player_choice":"Ignored","floor":21.0,"gold_loss":0.0,"damage_taken":0.0},{"damage_healed":0.0,"max_hp_gain":0.0,"max_hp_loss":0.0,"gold_gain":0.0,"event_name":"Duplicator","player_choice":"Copied","floor":25.0,"gold_loss":0.0,"damage_taken":0.0,"cards_obtained":["The Bomb"]},{"cards_removed":["Juggernaut"],"damage_healed":10.0,"max_hp_gain":10.0,"max_hp_loss":0.0,"gold_gain":0.0,"event_name":"Bonfire Elementals","player_choice":"Offered Rare","floor":31.0,"gold_loss":0.0,"damage_taken":0.0},{"damage_healed":0,"gold_gain":0,"player_choice":"Memory 1","damage_taken":0,"max_hp_gain":0,"max_hp_loss":0,"event_name":"SensoryStone","floor":41,"gold_loss":0}],"is_beta":false,"boss_relics":[{"not_picked":["Runic Cube","Runic Pyramid"],"picked":"Fusion Hammer"},{"not_picked":["Sozu","Black Blood"],"picked":"Empty Cage"}],"items_purged_floors":[20],"is_endless":false,"potions_floor_spawned":[5,11,12,14,16,22,24,28,29,37,38,40],"killed_by":"Giant Head","ascension_level":5}}