{"host":"3j2m8n0ywf988fwb","time":1613419242,"event":{"mods":["2.2 Compatiblity","AchievementEnabler","Act Like it!","BaseMod","Better Altar","Better Match","Better Note","Better Sensory Stone","Better Skull","Better Third Choice","Colored Powertips","Dark Map","Hallownest","HexUI Lib","Highlight Path","Marked Mod","Mimic Mod","Minty Spire (QoL Compilation)","Random Character Button","Relic Stats","Ruina","Shop Mod","StSLib","Unceasing Turn Reminder","Weighted Paths","everything is the same but u backflip on backflip"],"gold_per_floor":[118,129,129,5,5,45,63,63,106,106,120,151,114,134,134,253,553,585,699,735,747,779,791,791],"floor_reached":23,"language":"ENG","playtime":1668,"items_purged":[],"score":271,"play_id":"054a2d70-ba8a-42be-a5d2-f2f4cdf60254","local_time":"20210215140042","is_ascension_mode":true,"campfire_choices":[{"data":"Metallicize","floor":10,"key":"SMITH"},{"data":"Whirlwind","floor":15,"key":"SMITH"}],"circlet_count":0,"master_deck":["Strike_R","Strike_R","Strike_R","Strike_R","Defend_R","Defend_R","Defend_R","Defend_R","Bash","Metallicize+1","Thunderclap","Metallicize","Cleave","Body Slam","Whirlwind+1","Anger","Immolate","Impervious","Body Slam"],"relics":["Burning Blood","NeowsBlessing","Golden Idol","The Courier","Frozen Egg 2","Pen Nib","Omamori","betterThird:SlimedRelic","Calling Bell","MawBank","Singing Bowl","Old Coin","Regal Pillow"],"acts_visited":["Exordium","ruina:Briah"],"potions_floor_usage":[23,23],"damage_taken":[{"damage":0,"enemies":"Jaw Worm","floor":1,"turns":1},{"damage":0,"enemies":"Small Slimes","floor":2,"turns":1},{"damage":0,"enemies":"Gremlin Nob","floor":6,"turns":1},{"damage":0,"enemies":"2 Louse","floor":7,"turns":2},{"damage":18,"enemies":"Large Slime","floor":9,"turns":13},{"damage":0,"enemies":"Large Slime","floor":11,"turns":5},{"damage":16,"enemies":"3 Sentries","floor":12,"turns":6},{"damage":3,"enemies":"Blue Slaver","floor":14,"turns":4},{"damage":31,"enemies":"Slime Boss","floor":16,"turns":6},{"damage":4,"enemies":"ruina:2_Scarecrows","floor":18,"turns":5},{"damage":31,"enemies":"ruina:BadWolf","floor":20,"turns":5},{"damage":47,"enemies":"ruina:KnightOfDespair","floor":22,"turns":5},{"damage":36,"enemies":"ruina:RoadHome","floor":23,"turns":3}],"seed_played":"7744434660526023275","potions_obtained":[{"floor":1,"key":"Swift Potion"},{"floor":6,"key":"Weak Potion"},{"floor":11,"key":"BloodPotion"},{"floor":16,"key":"EntropicBrew"}],"is_trial":false,"path_per_floor":["M","M","?","$","?","E","M","?","MIM","R","M","E","?","M","R","B",null,"M","?","M","?","M","E"],"character_chosen":"IRONCLAD","items_purchased":["Metallicize","Cleave"],"campfire_rested":0,"item_purchase_floors":[4,4],"current_hp_per_floor":[80,80,73,73,53,59,65,58,46,46,52,42,31,34,34,9,80,80,80,57,57,18,0,0],"gold":791,"neow_bonus":"THREE_ENEMY_KILL","is_daily":false,"chose_seed":false,"campfire_upgraded":2,"win_rate":0.0,"timestamp":1613419242,"path_taken":["M","M","?","$","?","E","M","?","MIM","R","M","E","?","?","R","BOSS","M","?","?","?","M","E"],"items_purchased_type":["Card","Card"],"build_version":"2020-12-22","purchased_purges":0,"victory":false,"max_hp_per_floor":[80,80,80,80,80,80,80,80,80,80,80,80,80,80,80,80,80,80,80,82,82,84,84,84],"relic_stats":{"Regal Pillow":0,"Singing Bowl":4,"counters":[13,57],"Golden Idol":71,"Pen Nib":[6],"MawBank":72,"obtain_stats":[{"Regal Pillow":21,"NeowsBlessing":0,"Singing Bowl":17,"Golden Idol":5,"The Courier":6,"Pen Nib":9,"Omamori":12,"Frozen Egg 2":8,"MawBank":17,"Burning Blood":0,"Old Coin":17,"Calling Bell":17,"Frozen Eye":18,"betterThird:SlimedRelic":13},{"Regal Pillow":11,"NeowsBlessing":0,"Singing Bowl":9,"Golden Idol":2,"The Courier":3,"Pen Nib":5,"Omamori":7,"Frozen Egg 2":4,"MawBank":9,"Burning Blood":0,"Old Coin":9,"Calling Bell":9,"Frozen Eye":9,"betterThird:SlimedRelic":7},{"Regal Pillow":49,"NeowsBlessing":0,"Singing Bowl":39,"Golden Idol":2,"The Courier":3,"Pen Nib":18,"Omamori":29,"Frozen Egg 2":5,"MawBank":39,"Burning Blood":0,"Old Coin":39,"Calling Bell":39,"Frozen Eye":39,"betterThird:SlimedRelic":29}],"Burning Blood":58},"card_choices":[{"not_picked":["Wild Strike","Heavy Blade"],"picked":"Metallicize","floor":1},{"not_picked":["Cleave","Seeing Red"],"picked":"Thunderclap","floor":2},{"not_picked":["Shrug It Off","Battle Trance"],"picked":"Body Slam","floor":6},{"not_picked":["Wild Strike","Seeing Red"],"picked":"Whirlwind","floor":7},{"not_picked":["Metallicize+1","Iron Wave"],"picked":"Anger","floor":9},{"not_picked":["Iron Wave","Twin Strike","Dual Wield"],"picked":"SKIP","floor":11},{"not_picked":["Whirlwind","Bloodletting"],"picked":"Immolate","floor":12},{"not_picked":["Thunderclap","Rage","Hemokinesis"],"picked":"SKIP","floor":14},{"not_picked":["Bludgeon","Berserk+1"],"picked":"Impervious","floor":16},{"not_picked":["True Grit","Twin Strike"],"picked":"Body Slam","floor":18},{"not_picked":["Pommel Strike","Headbutt","Flex"],"picked":"Singing Bowl","floor":20},{"not_picked":["Headbutt","Dropkick","Rupture+1"],"picked":"Singing Bowl","floor":22}],"player_experience":778554,"relics_obtained":[{"floor":6,"key":"The Courier"},{"floor":9,"key":"Pen Nib"},{"floor":12,"key":"Omamori"},{"floor":17,"key":"MawBank"},{"floor":17,"key":"Singing Bowl"},{"floor":17,"key":"Old Coin"}],"event_choices":[{"cards_removed":["Strike_R"],"damage_healed":0,"gold_gain":0,"player_choice":"Card Removal","damage_taken":7,"max_hp_gain":0,"max_hp_loss":0,"event_name":"Golden Wing","floor":3,"gold_loss":0},{"damage_healed":0,"gold_gain":0,"player_choice":"Take Damage","damage_taken":20,"relics_obtained":["Golden Idol"],"max_hp_gain":0,"max_hp_loss":0,"event_name":"Golden Idol","floor":5,"gold_loss":0},{"damage_healed":0,"gold_gain":0,"player_choice":"Relic ","damage_taken":7,"max_hp_gain":0,"max_hp_loss":0,"event_name":"betterThird:BetterScrap","floor":8,"gold_loss":0,"cards_obtained":["Collect"]},{"damage_healed":0,"gold_gain":0,"player_choice":"Slimed","damage_taken":11,"max_hp_gain":0,"max_hp_loss":0,"event_name":"betterThird:BetterGoop","floor":13,"gold_loss":37}],"is_beta":false,"boss_relics":[{"not_picked":["Ectoplasm","Fusion Hammer"],"picked":"Calling Bell"}],"items_purged_floors":[],"is_endless":false,"potions_floor_spawned":[1,6,11,16,18],"killed_by":"ruina:RoadHome","ascension_level":4}}