{"host":"hrtq1r2z0jdgxy6l","time":1613365720,"event":{"mods":["AchievementEnabler","BaseMod","Bestiary","Colored Map","Colored Powertips","Downfall","Highlight Path","Minty Spire (QoL Compilation)","Permanent Neow","StSLib"],"gold_per_floor":[349,359,370,370,390,390,390,46,46,66,80,80,94,120,134,231,231,231,247,263,136,151,169,196,211,211,237,122,122,122,272,285,380,380,380,393,408,408,90,90,90,90,107,107,107,107,107,107],"floor_reached":46,"language":"ENG","playtime":6518,"items_purged":["champ:Strike","champ:Defend","champ:Strike","Pride"],"score":437,"play_id":"28bec7e7-c918-44a5-9822-ed38baf64973","local_time":"20210215130840","is_ascension_mode":false,"campfire_choices":[{"data":"champ:Taunt","floor":1.0,"key":"SMITH"},{"data":"champ:FancyFootwork","floor":6.0,"key":"SMITH"},{"data":"champ:Encircle","floor":9.0,"key":"SMITH"},{"data":"champ:HeartStrike","floor":12.0,"key":"SMITH"},{"data":"champ:SteelEdge","floor":18.0,"key":"SMITH"},{"data":"champ:StanceDance","floor":26,"key":"SMITH"},{"data":"champ:RisingSlash","floor":29,"key":"SMITH"},{"data":"champ:UltimateStance","floor":35,"key":"SMITH"},{"floor":40,"key":"RECALL"},{"data":"Apotheosis","floor":44,"key":"SMITH"}],"circlet_count":0,"master_deck":["champ:Strike","champ:Defend","champ:Defend","champ:Defend","champ:Execute","champ:Taunt+1","champ:Encircle+1","champ:FancyFootwork+1","champ:HeartStrike+1","expansioncontent:QuickStudy+1","champ:CrookedStrike","champ:SteelEdge+1","champ:StanceDance+1","champ:DefensiveShout","champ:CrookedStrike","champ:RisingSlash+1","champ:SkillfulDodge+1","champ:StanceDance+1","champ:ShieldWall","champ:FaceSlap+1","champ:FocusedBerserking","champ:RecklessLeap","champ:UltimateStance+1","champ:SetATrap+1","champ:Improvising","champ:EnragedBash+1","Apotheosis+1","expansioncontent:PrepareCrush","expansioncontent:PrepareCrush"],"relics":["champ:ChampionCrown","champ:BerserkersGuideToSlaughter","champ:FightingForDummies","bronze:MakeshiftBattery","Juzu Bracelet","Red Mask","Black Star","HornCleat","Thread and Needle"],"acts_visited":["Exordium","TheCity","TheBeyond"],"potions_floor_usage":[33],"damage_taken":[{"damage":18.0,"enemies":"2 Louse","floor":2.0,"turns":3.0},{"damage":13.0,"enemies":"Jaw Worm","floor":3.0,"turns":5.0},{"damage":9.0,"enemies":"Cultist","floor":5.0,"turns":5.0},{"damage":10.0,"enemies":"downfall:FleeingMerchant","floor":8.0,"turns":4.0},{"damage":8.0,"enemies":"Red Slaver","floor":10.0,"turns":3.0},{"damage":6.0,"enemies":"Exordium Wildlife","floor":11.0,"turns":3.0},{"damage":2.0,"enemies":"downfall:LooterAlt","floor":13.0,"turns":2.0},{"damage":0.0,"enemies":"Large Slime","floor":15.0,"turns":4.0},{"damage":88.0,"enemies":"WA_ARCHETYPE_RETAIN","floor":16.0,"turns":13.0},{"damage":11.0,"enemies":"downfall:LooterAlt2","floor":19.0,"turns":3.0},{"damage":0.0,"enemies":"Spheric Guardian","floor":20.0,"turns":3.0},{"damage":10.0,"enemies":"downfall:FleeingMerchant","floor":21.0,"turns":4.0},{"damage":0.0,"enemies":"Centurion and Healer","floor":22.0,"turns":3.0},{"damage":0,"enemies":"Chosen and Byrds","floor":23,"turns":4},{"damage":28,"enemies":"Cultist and Chosen","floor":25,"turns":6},{"damage":0,"enemies":"Masked Bandits","floor":27,"turns":1},{"damage":10,"enemies":"downfall:FleeingMerchant","floor":28,"turns":4},{"damage":0,"enemies":"downfall:FleeingMerchant","floor":31,"turns":1},{"damage":10,"enemies":"Centurion and Healer","floor":32,"turns":4},{"damage":144,"enemies":"SI_MIRROR_ARCHETYPE","floor":33,"turns":11},{"damage":53,"enemies":"3 Shapes","floor":36,"turns":3},{"damage":1,"enemies":"Orb Walker","floor":37,"turns":3},{"damage":53,"enemies":"Writhing Mass","floor":43,"turns":6},{"damage":21,"enemies":"Nemesis","floor":46,"turns":2}],"seed_played":"-3796672114175049657","potions_obtained":[{"floor":2.0,"key":"hexamod:SoulburnPotion"},{"floor":3.0,"key":"Strength Potion"},{"floor":10.0,"key":"champ:UltimateStancePotion"},{"floor":11.0,"key":"LiquidBronze"},{"floor":22.0,"key":"ColorlessPotion"},{"floor":25,"key":"GamblersBrew"},{"floor":37,"key":"Weak Potion"},{"floor":43,"key":"SpeedPotion"}],"is_trial":false,"path_per_floor":["R","M","M","?","M","R","T","$","R","M","M","R","M","T","M","B",null,"R","M","M","$","M","M","T","M","R","?","$","R","?","$","M","B",null,"R","M","M","?","$","R","T","?","M","R","?","E"],"character_chosen":"THE_CHAMP","items_purchased":["champ:BerserkersGuideToSlaughter","expansioncontent:QuickStudy+1","champ:RisingSlash","champ:UltimateStance","Apotheosis"],"campfire_rested":0,"item_purchase_floors":[8,8,21,31,39],"current_hp_per_floor":[81,73,70,70,66,66,66,66,66,58,62,62,60,60,70,2,81,81,70,80,80,80,81,81,68,68,68,78,78,78,78,81,22,81,81,50,59,24,24,24,24,19,21,21,21,0,0,0],"gold":107,"neow_bonus":"TWO_FIFTY_GOLD","is_daily":false,"chose_seed":false,"campfire_upgraded":9,"win_rate":0.0,"timestamp":1613365720,"path_taken":["R","M","M","?","M","R","T","$","R","M","M","R","M","?","M","BOSS","R","M","M","$","M","M","T","M","R","?","$","R","?","?","M","BOSS","R","M","M","?","?","R","T","?","M","R","?","E"],"items_purchased_type":["Relic","Card","Card","Card","Card"],"build_version":"2020-12-22","purchased_purges":4,"victory":false,"max_hp_per_floor":[81,81,81,81,81,81,81,81,81,81,81,81,81,81,81,81,81,81,81,81,81,81,81,81,81,81,81,81,81,81,81,81,81,81,81,81,81,81,81,81,81,81,81,81,81,81,81,81],"card_choices":[{"not_picked":["champ:GutPunch","champ:Shatter"],"picked":"champ:Encircle","floor":2.0},{"not_picked":["champ:Haymaker","champ:DefensiveShout","champ:Duel"],"picked":"SKIP","floor":3.0},{"not_picked":["champ:GutPunch","champ:BladeFlurry"],"picked":"champ:FancyFootwork","floor":5.0},{"not_picked":["champ:FlashCut","champ:ArenaPreparation"],"picked":"champ:HeartStrike","floor":8.0},{"not_picked":["champ:EndlessRage","champ:PerfectedStrike","champ:HeartStrike"],"picked":"SKIP","floor":10.0},{"not_picked":["champ:BerserkersShout","champ:FanOfKnives","champ:DeathBlow"],"picked":"SKIP","floor":11.0},{"not_picked":["champ:Shatter","champ:TornadoPunch","champ:FanOfKnives"],"picked":"SKIP","floor":13.0},{"not_picked":["champ:StanceDance","champ:SetATrap"],"picked":"champ:CrookedStrike","floor":15.0},{"not_picked":["champ:HoldFirm","champ:CheapShot"],"picked":"champ:SteelEdge","floor":16.0},{"not_picked":["champ:BerserkersShout","champ:RapidStrikes"],"picked":"champ:StanceDance","floor":19.0},{"not_picked":["champ:FalseCounter","champ:StanceDance"],"picked":"champ:DefensiveShout","floor":20.0},{"not_picked":["champ:EndlessRage+1","champ:AdrenalArmor"],"picked":"champ:CrookedStrike","floor":21.0},{"not_picked":["champ:CrookedStrike","champ:Duel+1"],"picked":"champ:SkillfulDodge+1","floor":22.0},{"not_picked":["champ:PreciseThrust+1","champ:GutPunch+1"],"picked":"champ:StanceDance+1","floor":23},{"not_picked":["champ:DefensiveShout","champ:Duel"],"picked":"champ:ShieldWall","floor":25},{"not_picked":["champ:BringItOn","champ:FalseCounter"],"picked":"champ:FaceSlap+1","floor":27},{"not_picked":["champ:FancyFootwork","champ:Duel"],"picked":"champ:FocusedBerserking","floor":28},{"not_picked":["champ:GutPunch","champ:FanOfKnives"],"picked":"champ:RecklessLeap","floor":31},{"not_picked":["champ:PerfectedStrike","champ:BerserkersShout+1"],"picked":"champ:SetATrap+1","floor":32},{"not_picked":["champ:CheapShot","champ:ShieldThrow"],"picked":"champ:Improvising","floor":33},{"not_picked":["champ:FalseCounter","champ:TornadoPunch","champ:Shatter+1"],"picked":"SKIP","floor":36},{"not_picked":["champ:Circumvent","champ:Backstep+1"],"picked":"champ:EnragedBash+1","floor":37},{"not_picked":["expansioncontent:GuardianWhirl","expansioncontent:HyperBeam"],"picked":"expansioncontent:PrepareCrush","floor":42},{"not_picked":["expansioncontent:AwakenDeath","expansioncontent:Hexaburn"],"picked":"expansioncontent:PrepareCrush","floor":42},{"not_picked":["champ:GutPunch","champ:PerfectedStrike","champ:DancingMaster"],"picked":"SKIP","floor":43}],"player_experience":33696,"relics_obtained":[{"floor":14.0,"key":"champ:FightingForDummies"},{"floor":24,"key":"Juzu Bracelet"},{"floor":27,"key":"Red Mask"},{"floor":41,"key":"HornCleat"},{"floor":45,"key":"Thread and Needle"}],"event_choices":[{"damage_healed":0,"gold_gain":0,"player_choice":"Fought Bandits","damage_taken":0,"max_hp_gain":0,"max_hp_loss":0,"event_name":"Masked Bandits","floor":27,"gold_loss":0}],"is_beta":false,"boss_relics":[{"not_picked":["Cursed Key","Runic Pyramid"],"picked":"bronze:MakeshiftBattery"},{"not_picked":["SlaversCollar","SacredBark"],"picked":"Black Star"}],"items_purged_floors":[21,28,31,39],"is_endless":false,"potions_floor_spawned":[2,3,10,11,22,25,27,32,37,43],"killed_by":"Nemesis","ascension_level":0}}