{"host":"fogez99mhgto9ydu","time":1613349657,"event":{"mods":["AchievementEnabler","BaseMod","Colored Map","Colored Powertips","Minty Spire (QoL Compilation)","SuperFastMode"],"gold_per_floor":[112,122,134,149,149,177,207,207,207,227,7,21,21,40,40,140,140,157,72,72,26,39,39,39,39,39],"floor_reached":25,"language":"ENG","playtime":719,"items_purged":[],"score":248,"play_id":"9daf8cac-9665-4f80-a754-85af15c6f550","local_time":"20210215014057","is_ascension_mode":false,"campfire_choices":[{"floor":13,"key":"REST"},{"floor":15,"key":"RECALL"},{"floor":23,"key":"REST"}],"circlet_count":0,"master_deck":["Defend_P","Defend_P","Defend_P","Defend_P","Eruption","Vigilance","FearNoEvil","Evaluate","ClearTheMind","Indignation","Establishment","Parasite","FollowUp","PathToVictory","FearNoEvil","Halt","BattleHymn","DeusExMachina","FlurryOfBlows","DevaForm","Adaptation","Bite","Bite","Bite","Bite","Bite","Prostrate","PathToVictory+1"],"relics":["PureWater","NeowsBlessing","Unceasing Top","Letter Opener","Philosopher\u0027s Stone","Gremlin Horn"],"acts_visited":["Exordium","TheCity"],"potions_floor_usage":[7,22,24,24,24],"damage_taken":[{"damage":0,"enemies":"Jaw Worm","floor":1,"turns":1},{"damage":0,"enemies":"Small Slimes","floor":2,"turns":1},{"damage":0,"enemies":"Cultist","floor":3,"turns":1},{"damage":8,"enemies":"3 Louse","floor":4,"turns":4},{"damage":34,"enemies":"Gremlin Nob","floor":6,"turns":5},{"damage":28,"enemies":"Gremlin Nob","floor":7,"turns":4},{"damage":0,"enemies":"Looter","floor":10,"turns":3},{"damage":1,"enemies":"Exordium Wildlife","floor":12,"turns":2},{"damage":2,"enemies":"Blue Slaver","floor":14,"turns":3},{"damage":42,"enemies":"The Guardian","floor":16,"turns":10},{"damage":49,"enemies":"2 Thieves","floor":18,"turns":4},{"damage":36,"enemies":"3 Byrds","floor":22,"turns":5},{"damage":14,"enemies":"Book of Stabbing","floor":24,"turns":2},{"damage":20,"enemies":"Cultist and Chosen","floor":25,"turns":3}],"seed_played":"-1806678173435524953","potions_obtained":[{"floor":1,"key":"SteroidPotion"},{"floor":6,"key":"SmokeBomb"},{"floor":10,"key":"ColorlessPotion"},{"floor":14,"key":"Ancient Potion"},{"floor":22,"key":"SmokeBomb"}],"is_trial":false,"path_per_floor":["M","M","M","M","?","E","?","?","T","M","$","M","R","M","R","B",null,"M","?","?","$","M","R","E","M"],"character_chosen":"WATCHER","items_purchased":["PathToVictory","FearNoEvil","Halt","BattleHymn","Prostrate"],"campfire_rested":2,"item_purchase_floors":[11,11,11,11,21],"current_hp_per_floor":[72,72,72,64,69,35,7,26,26,26,26,25,48,46,46,4,77,28,28,28,28,4,19,11,0,0],"gold":39,"neow_bonus":"THREE_ENEMY_KILL","is_daily":false,"chose_seed":false,"campfire_upgraded":0,"win_rate":0.0,"timestamp":1613349657,"path_taken":["M","M","M","M","?","E","?","?","T","M","$","M","R","M","R","BOSS","M","?","?","$","M","R","E","M"],"items_purchased_type":["Card","Card","Card","Card","Card"],"build_version":"2020-12-22","purchased_purges":0,"victory":false,"max_hp_per_floor":[72,72,72,72,77,77,77,77,77,77,77,77,77,77,77,77,77,77,77,53,53,53,53,53,53,53],"card_choices":[{"not_picked":["FlurryOfBlows","TalkToTheHand"],"picked":"FearNoEvil","floor":1},{"not_picked":["Study","SignatureMove"],"picked":"Evaluate","floor":2},{"not_picked":["CutThroughFate","WreathOfFlame"],"picked":"ClearTheMind","floor":3},{"not_picked":["SashWhip","TalkToTheHand"],"picked":"Indignation","floor":4},{"not_picked":["Omniscience","Protect"],"picked":"Establishment","floor":6},{"not_picked":["FlyingSleeves","EmptyMind"],"picked":"FollowUp","floor":10},{"not_picked":["Prostrate","EmptyBody"],"picked":"DeusExMachina","floor":12},{"not_picked":["Weave","JustLucky"],"picked":"FlurryOfBlows","floor":14},{"not_picked":["Judgement","Omniscience"],"picked":"DevaForm","floor":16},{"not_picked":["Crescendo","EmptyBody"],"picked":"Adaptation","floor":18},{"not_picked":["InnerPeace","Prostrate"],"picked":"PathToVictory+1","floor":22}],"player_experience":429975,"relics_obtained":[{"floor":6,"key":"Unceasing Top"}],"event_choices":[{"damage_healed":0,"gold_gain":0,"player_choice":"Donut","damage_taken":0,"max_hp_gain":5,"max_hp_loss":0,"event_name":"Big Fish","floor":5,"gold_loss":0},{"damage_healed":0,"gold_gain":30,"player_choice":"Searched \u00273\u0027 times","damage_taken":0,"relics_obtained":["Letter Opener"],"max_hp_gain":0,"max_hp_loss":0,"event_name":"Dead Adventurer","floor":7,"gold_loss":0},{"damage_healed":19,"gold_gain":0,"player_choice":"Healed and dodged fight","damage_taken":0,"max_hp_gain":0,"max_hp_loss":0,"event_name":"Mushrooms","floor":8,"gold_loss":0,"cards_obtained":["Parasite"]},{"damage_healed":0,"gold_gain":0,"player_choice":"Obtained Relic","damage_taken":0,"relics_obtained":["Gremlin Horn"],"max_hp_gain":0,"max_hp_loss":0,"event_name":"Addict","floor":19,"gold_loss":85},{"damage_healed":0,"gold_gain":0,"player_choice":"Became a vampire","damage_taken":0,"max_hp_gain":0,"max_hp_loss":24,"event_name":"Vampires","floor":20,"gold_loss":0,"cards_obtained":["Bite","Bite","Bite","Bite","Bite"]}],"is_beta":false,"boss_relics":[{"not_picked":["Snecko Eye","Tiny House"],"picked":"Philosopher\u0027s Stone"}],"items_purged_floors":[],"is_endless":false,"potions_floor_spawned":[1,6,10,14,16,22],"killed_by":"Cultist and Chosen","ascension_level":0}}