{"host":"2okas1s8lto464g9","time":1613377545,"event":{"mods":["BaseMod","Minty Spire (QoL Compilation)","StSLib"],"gold_per_floor":[15,26,26,101,112,112,122,157,157,157,177,208,221,190,190,190,190],"floor_reached":16,"language":"ZHS","playtime":2790,"items_purged":[],"score":150,"play_id":"6e44fc69-bbe6-4f69-8ee2-5cbd37fc09e9","local_time":"20210215162545","is_ascension_mode":true,"campfire_choices":[{"data":"Feed","floor":6,"key":"SMITH"},{"data":"Evolve","floor":10,"key":"SMITH"},{"data":"Armaments","floor":15,"key":"SMITH"}],"circlet_count":0,"master_deck":["Strike_R","Strike_R","Strike_R","Strike_R","Strike_R","Defend_R","Defend_R","Defend_R","Defend_R","Bash","Feed+1","Clothesline","Seeing Red","Evolve+1","Armaments+1","Entrench","Body Slam","Second Wind"],"relics":["Burning Blood","Art of War","Boot","Ornamental Fan"],"acts_visited":["Exordium"],"potions_floor_usage":[12,14,16,16],"damage_taken":[{"damage":6,"enemies":"Cultist","floor":1,"turns":4},{"damage":7,"enemies":"Jaw Worm","floor":2,"turns":4},{"damage":18,"enemies":"Small Slimes","floor":5,"turns":3},{"damage":9,"enemies":"3 Louse","floor":7,"turns":4},{"damage":34,"enemies":"Gremlin Nob","floor":8,"turns":6},{"damage":18,"enemies":"Red Slaver","floor":11,"turns":4},{"damage":33,"enemies":"3 Sentries","floor":12,"turns":10},{"damage":5,"enemies":"Blue Slaver","floor":13,"turns":4},{"damage":26,"enemies":"Exordium Thugs","floor":14,"turns":7},{"damage":8,"enemies":"Slime Boss","floor":16,"turns":9}],"seed_played":"9121767238041376528","potions_obtained":[{"floor":2,"key":"BloodPotion"},{"floor":8,"key":"GamblersBrew"},{"floor":12,"key":"EssenceOfSteel"},{"floor":13,"key":"EssenceOfSteel"}],"is_trial":false,"path_per_floor":["M","M","$","?","M","R","M","E","T","R","M","E","M","M","R","B"],"character_chosen":"IRONCLAD","items_purchased":[],"campfire_rested":0,"item_purchase_floors":[],"current_hp_per_floor":[83,85,85,74,65,65,66,42,42,42,30,26,31,15,15,7,7],"gold":190,"neow_bonus":"THREE_RARE_CARDS","is_daily":false,"chose_seed":false,"campfire_upgraded":3,"win_rate":0.0,"timestamp":1613377545,"path_taken":["M","?","$","?","M","R","M","E","T","R","M","E","M","M","R","BOSS"],"items_purchased_type":[],"build_version":"2020-12-22","purchased_purges":0,"victory":false,"max_hp_per_floor":[83,86,86,86,89,89,93,97,97,97,97,101,105,109,109,109,109],"card_choices":[{"not_picked":["Limit Break","Bludgeon"],"picked":"Feed","floor":0},{"not_picked":["Flex","Dropkick"],"picked":"Clothesline","floor":1},{"not_picked":["Anger","Wild Strike","Havoc"],"picked":"SKIP","floor":2},{"not_picked":["Rupture","Sentinel"],"picked":"Seeing Red","floor":5},{"not_picked":["Uppercut","Iron Wave","Infernal Blade"],"picked":"SKIP","floor":7},{"not_picked":["Berserk","Intimidate"],"picked":"Evolve","floor":8},{"not_picked":["Flex","Sentinel"],"picked":"Armaments","floor":11},{"not_picked":["Shrug It Off","Spot Weakness"],"picked":"Entrench","floor":12},{"not_picked":["Berserk","Rampage"],"picked":"Body Slam","floor":13},{"not_picked":["Armaments","True Grit"],"picked":"Second Wind","floor":14}],"player_experience":476470,"relics_obtained":[{"floor":8,"key":"Art of War"},{"floor":9,"key":"Boot"},{"floor":12,"key":"Ornamental Fan"}],"event_choices":[{"damage_healed":0,"gold_gain":75,"player_choice":"Gather Gold","damage_taken":11,"max_hp_gain":0,"max_hp_loss":0,"event_name":"World of Goop","floor":4,"gold_loss":0}],"is_beta":false,"boss_relics":[],"items_purged_floors":[],"is_endless":false,"potions_floor_spawned":[2,8,12,13],"killed_by":"Slime Boss","ascension_level":2}}