{"host":"p9vmbvw2hh2n16dn","time":1613403729,"event":{"mods":["AchievementEnabler","BaseMod","Block Reminder","Minty Spire (QoL Compilation)","Relic Stats","SuperFastMode"],"gold_per_floor":[119,119,119,144,94,94,134,134,159,159,198,211,245,245,245,373,373,394,139,160,160,180,180,210,55,55,55,88,108,108,208,208,305,305,322,336,336,389,439,472,432,432,432,461,461,473,492,492,492,492],"floor_reached":51,"language":"ENG","playtime":1704,"items_purged":[],"score":1426,"play_id":"05d8ba36-f05b-4dc3-81c4-0ded24338704","local_time":"20210215164209","is_ascension_mode":true,"campfire_choices":[{"data":"Zap","floor":6.0,"key":"SMITH"},{"data":"Dualcast","floor":8.0,"key":"SMITH"},{"data":"Cold Snap","floor":10.0,"key":"SMITH"},{"data":"Defragment","floor":15.0,"key":"SMITH"},{"data":"Darkness","floor":23.0,"key":"SMITH"},{"data":"White Noise","floor":30.0,"key":"SMITH"},{"floor":32.0,"key":"REST"},{"data":"Strike_B","floor":42.0,"key":"PURGE"},{"data":"Decay","floor":45,"key":"PURGE"},{"floor":49,"key":"REST"}],"circlet_count":0,"master_deck":["AscendersBane","Strike_B","Strike_B+1","Defend_B","Defend_B","Zap+1","Dualcast+1","Leap","Cold Snap+1","White Noise+1","Defragment+1","Multi-Cast+1","BootSequence+1","Glacier+1","Darkness+1","Core Surge","Buffer+1"],"relics":["Cracked Core","NeowsBlessing","Bloody Idol","Centennial Puzzle","DataDisk","Regal Pillow","Lantern","Symbiotic Virus","Cursed Key","Blue Candle","Frozen Egg 2","Omamori","Toxic Egg 2","Singing Bowl","Mercury Hourglass","Prayer Wheel","Meat on the Bone","Sozu","Peace Pipe","FossilizedHelix","Matryoshka","Potion Belt","Toy Ornithopter","Gremlin Horn"],"acts_visited":["Exordium","TheCity","TheBeyond"],"potions_floor_usage":[],"damage_taken":[{"damage":0.0,"enemies":"Jaw Worm","floor":1.0,"turns":1.0},{"damage":0.0,"enemies":"Small Slimes","floor":4.0,"turns":1.0},{"damage":0.0,"enemies":"Gremlin Nob","floor":7.0,"turns":1.0},{"damage":6.0,"enemies":"3 Sentries","floor":11.0,"turns":8.0},{"damage":0.0,"enemies":"2 Louse","floor":12.0,"turns":2.0},{"damage":18.0,"enemies":"Lagavulin","floor":13.0,"turns":5.0},{"damage":23.0,"enemies":"Slime Boss","floor":16.0,"turns":4.0},{"damage":7.0,"enemies":"Chosen","floor":18.0,"turns":2.0},{"damage":0.0,"enemies":"Spheric Guardian","floor":20.0,"turns":3.0},{"damage":0.0,"enemies":"Chosen and Byrds","floor":22.0,"turns":4.0},{"damage":36.0,"enemies":"Slavers","floor":24.0,"turns":5.0},{"damage":16.0,"enemies":"Book of Stabbing","floor":28.0,"turns":4.0},{"damage":1.0,"enemies":"Centurion and Healer","floor":29.0,"turns":3.0},{"damage":6.0,"enemies":"Colosseum Slavers","floor":31.0,"turns":4.0},{"damage":9.0,"enemies":"Colosseum Nobs","floor":31.0,"turns":4.0},{"damage":7.0,"enemies":"Champ","floor":33.0,"turns":10.0},{"damage":4.0,"enemies":"3 Shapes","floor":35.0,"turns":4.0},{"damage":24.0,"enemies":"3 Darklings","floor":36.0,"turns":4.0},{"damage":31.0,"enemies":"2 Orb Walkers","floor":38.0,"turns":7.0},{"damage":0.0,"enemies":"Mind Bloom Boss Battle","floor":39.0,"turns":9.0},{"damage":0.0,"enemies":"Giant Head","floor":40.0,"turns":7.0},{"damage":8,"enemies":"Nemesis","floor":44,"turns":3},{"damage":17,"enemies":"Spire Growth","floor":46,"turns":4},{"damage":9,"enemies":"4 Shapes","floor":47,"turns":4},{"damage":67,"enemies":"Awakened One","floor":50,"turns":17}],"seed_played":"-4634117762853331022","potions_obtained":[{"floor":1.0,"key":"Energy Potion"},{"floor":4.0,"key":"SpeedPotion"},{"floor":24.0,"key":"PotionOfCapacity"},{"floor":28.0,"key":"Fire Potion"},{"floor":31.0,"key":"Swift Potion"},{"floor":33.0,"key":"Swift Potion"}],"is_trial":false,"path_per_floor":["M","?","?","M","?","R","E","R","T","R","E","M","E","T","R","B",null,"M","$","M","?","M","R","E","$","T","?","E","M","R","?","R","B",null,"M","M","?","?","?","E","?","R","T","E","R","M","M","?","R","B",null],"character_chosen":"DEFECT","items_purchased":["Blue Candle","Omamori"],"campfire_rested":2,"item_purchase_floors":[19,25],"current_hp_per_floor":[68,68,61,61,61,61,61,61,61,61,55,55,37,37,37,14,55,48,48,48,48,53,53,22,22,22,22,13,19,19,11,48,46,68,73,58,60,48,55,62,62,62,62,61,61,65,65,65,101,46],"gold":492,"neow_bonus":"THREE_ENEMY_KILL","is_daily":false,"chose_seed":false,"campfire_upgraded":6,"win_rate":0.0,"timestamp":1613403729,"path_taken":["M","?","?","M","?","R","E","R","T","R","E","M","E","?","R","BOSS","M","$","M","?","M","R","E","$","T","?","E","M","R","?","R","BOSS","M","M","?","?","?","E","?","R","T","E","R","M","?","?","R","BOSS"],"items_purchased_type":["Relic","Relic"],"build_version":"2020-12-22","purchased_purges":0,"victory":true,"max_hp_per_floor":[75,69,69,69,69,69,69,69,69,69,69,69,69,69,69,69,69,69,69,69,69,69,69,69,69,69,69,71,73,73,75,75,75,75,79,83,85,87,89,91,91,91,91,93,93,97,101,101,101,101],"relic_stats":{"Regal Pillow":21,"Singing Bowl":32,"Gremlin Horn":[6,6],"counters":[25,120],"Blue Candle":[1],"Cursed Key":2,"Mercury Hourglass":[315],"Sozu":3,"Peace Pipe":2,"Centennial Puzzle":[51],"Bloody Idol":70,"Prayer Wheel":4,"obtain_stats":[{"Regal Pillow":11,"Lantern":13,"Singing Bowl":27,"Gremlin Horn":44,"Cursed Key":17,"Sozu":34,"Centennial Puzzle":7,"Matryoshka":40,"Prayer Wheel":31,"Toxic Egg 2":26,"Cracked Core":0,"Potion Belt":43,"NeowsBlessing":0,"Golden Idol":2,"Blue Candle":19,"Omamori":25,"Frozen Egg 2":24,"Mercury Hourglass":28,"Peace Pipe":38,"DataDisk":9,"Bloody Idol":21,"Symbiotic Virus":14,"FossilizedHelix":39,"Toy Ornithopter":43,"Meat on the Bone":31},{"Regal Pillow":4,"Lantern":6,"Singing Bowl":11,"Gremlin Horn":22,"Cursed Key":7,"Sozu":16,"Centennial Puzzle":3,"Matryoshka":21,"Prayer Wheel":15,"Toxic Egg 2":11,"Cracked Core":0,"Potion Belt":21,"NeowsBlessing":0,"Golden Idol":1,"Blue Candle":8,"Omamori":11,"Frozen Egg 2":11,"Mercury Hourglass":12,"Peace Pipe":19,"DataDisk":3,"Bloody Idol":9,"Symbiotic Virus":6,"FossilizedHelix":20,"Toy Ornithopter":21,"Meat on the Bone":15},{"Regal Pillow":11,"Lantern":18,"Singing Bowl":36,"Gremlin Horn":95,"Cursed Key":22,"Sozu":61,"Centennial Puzzle":3,"Matryoshka":92,"Prayer Wheel":51,"Toxic Egg 2":36,"Cracked Core":0,"Potion Belt":92,"NeowsBlessing":0,"Golden Idol":1,"Blue Candle":24,"Omamori":36,"Frozen Egg 2":36,"Mercury Hourglass":40,"Peace Pipe":76,"DataDisk":3,"Bloody Idol":27,"Symbiotic Virus":18,"FossilizedHelix":85,"Toy Ornithopter":92,"Meat on the Bone":51}],"Toy Ornithopter":0,"Meat on the Bone":36},"card_choices":[{"not_picked":["FTL","Beam Cell","Melter"],"picked":"SKIP","floor":1.0},{"not_picked":["Gash","Streamline"],"picked":"Leap","floor":4.0},{"not_picked":["Undo","Recycle"],"picked":"Cold Snap","floor":7.0},{"not_picked":["Force Field","Sweeping Beam"],"picked":"White Noise","floor":11.0},{"not_picked":["Go for the Eyes","FTL","Lockon"],"picked":"SKIP","floor":12.0},{"not_picked":["Melter","Biased Cognition"],"picked":"Defragment","floor":13.0},{"not_picked":["Biased Cognition","Amplify"],"picked":"Multi-Cast","floor":16.0},{"not_picked":["Leap","Recycle"],"picked":"BootSequence+1","floor":18.0},{"not_picked":["Sunder","Stack"],"picked":"Glacier+1","floor":20.0},{"not_picked":["Sunder","Beam Cell"],"picked":"Darkness","floor":22.0},{"not_picked":["Aggregate","Doom and Gloom"],"picked":"Core Surge","floor":24.0},{"not_picked":["Double Energy+1","Steam+1","Conserve Battery+1"],"picked":"Singing Bowl","floor":28.0},{"not_picked":["Recycle+1","Cold Snap","Sweeping Beam"],"picked":"Singing Bowl","floor":29.0},{"not_picked":["Genetic Algorithm+1","Barrage","Heatsinks+1"],"picked":"Singing Bowl","floor":31.0},{"not_picked":["Core Surge","Biased Cognition+1"],"picked":"Buffer+1","floor":33.0},{"not_picked":["Streamline","Steam+1","Rebound"],"picked":"Singing Bowl","floor":35.0},{"not_picked":["Leap+1","Go for the Eyes","Chaos+1"],"picked":"Singing Bowl","floor":35.0},{"not_picked":["Redo+1","Coolheaded+1","Consume+1"],"picked":"Singing Bowl","floor":36.0},{"not_picked":["Redo+1","Turbo+1","Hello World+1"],"picked":"Singing Bowl","floor":36.0},{"not_picked":["Secret Weapon+1","Deep Breath+1","Swift Strike"],"picked":"Singing Bowl","floor":37.0},{"not_picked":["Conserve Battery+1","Sweeping Beam+1","Consume+1"],"picked":"Singing Bowl","floor":38.0},{"not_picked":["Conserve Battery+1","Streamline+1","Sweeping Beam"],"picked":"Singing Bowl","floor":39.0},{"not_picked":["Go for the Eyes","Conserve Battery+1","Rebound"],"picked":"Singing Bowl","floor":40.0},{"not_picked":["FTL+1","Leap+1","Steam+1"],"picked":"Singing Bowl","floor":44},{"not_picked":["Reinforced Body+1","Glacier+1","Go for the Eyes"],"picked":"Singing Bowl","floor":46},{"not_picked":["Turbo+1","Auto Shields+1","Go for the Eyes"],"picked":"Singing Bowl","floor":46},{"not_picked":["Ball Lightning+1","Beam Cell+1","Tempest+1"],"picked":"Singing Bowl","floor":47},{"not_picked":["FTL","Static Discharge+1","Leap+1"],"picked":"Singing Bowl","floor":47}],"player_experience":335684,"relics_obtained":[{"floor":7.0,"key":"Centennial Puzzle"},{"floor":9.0,"key":"DataDisk"},{"floor":11.0,"key":"Regal Pillow"},{"floor":13.0,"key":"Lantern"},{"floor":14.0,"key":"Symbiotic Virus"},{"floor":24.0,"key":"Frozen Egg 2"},{"floor":26.0,"key":"Toxic Egg 2"},{"floor":28.0,"key":"Mercury Hourglass"},{"floor":31.0,"key":"Prayer Wheel"},{"floor":31.0,"key":"Meat on the Bone"},{"floor":38.0,"key":"Peace Pipe"},{"floor":39.0,"key":"FossilizedHelix"},{"floor":40.0,"key":"Matryoshka"},{"floor":43.0,"key":"Potion Belt"},{"floor":43.0,"key":"Toy Ornithopter"},{"floor":44,"key":"Gremlin Horn"}],"event_choices":[{"damage_healed":0.0,"max_hp_gain":0.0,"max_hp_loss":6.0,"gold_gain":0.0,"event_name":"Golden Idol","player_choice":"Lose Max HP","floor":2.0,"gold_loss":0.0,"damage_taken":0.0,"relics_obtained":["Golden Idol"]},{"cards_removed":["Strike_B"],"damage_healed":0.0,"max_hp_gain":0.0,"max_hp_loss":0.0,"gold_gain":0.0,"event_name":"Golden Wing","player_choice":"Card Removal","floor":3.0,"gold_loss":0.0,"damage_taken":7.0},{"cards_removed":["Defend_B"],"damage_healed":0.0,"max_hp_gain":0.0,"max_hp_loss":0.0,"gold_gain":0.0,"event_name":"The Cleric","player_choice":"Card Removal","floor":5.0,"gold_loss":50.0,"damage_taken":0.0},{"damage_healed":0.0,"max_hp_gain":0.0,"max_hp_loss":0.0,"gold_gain":0.0,"event_name":"Forgotten Altar","player_choice":"Gave Idol","floor":21.0,"relics_lost":["Golden Idol"],"gold_loss":0.0,"damage_taken":0.0,"relics_obtained":["Bloody Idol"]},{"damage_healed":0.0,"max_hp_gain":0.0,"max_hp_loss":0.0,"gold_gain":0.0,"event_name":"Addict","player_choice":"Stole Relic","floor":27.0,"gold_loss":0.0,"damage_taken":0.0,"relics_obtained":["Singing Bowl"],"cards_obtained":["Shame"]},{"damage_healed":0.0,"max_hp_gain":0.0,"max_hp_loss":0.0,"gold_gain":0.0,"event_name":"Colosseum","player_choice":"Fight","floor":31.0,"gold_loss":0.0,"damage_taken":0.0},{"damage_healed":0.0,"max_hp_gain":0.0,"max_hp_loss":0.0,"gold_gain":0.0,"event_name":"Colosseum","player_choice":"Fought Nobs","floor":31.0,"gold_loss":0.0,"damage_taken":0.0},{"damage_healed":0.0,"max_hp_gain":0.0,"max_hp_loss":0.0,"gold_gain":0.0,"event_name":"SensoryStone","player_choice":"Memory 1","floor":37.0,"gold_loss":0.0,"damage_taken":0.0},{"damage_healed":0.0,"max_hp_gain":0.0,"max_hp_loss":0.0,"gold_gain":0.0,"event_name":"Mysterious Sphere","player_choice":"Fight","floor":38.0,"gold_loss":0.0,"damage_taken":0.0},{"damage_healed":0.0,"max_hp_gain":0.0,"max_hp_loss":0.0,"gold_gain":0.0,"event_name":"MindBloom","player_choice":"Fight","floor":39.0,"gold_loss":0.0,"damage_taken":0.0},{"damage_healed":0.0,"max_hp_gain":0.0,"max_hp_loss":0.0,"gold_gain":0.0,"event_name":"Designer","player_choice":"Upgraded Two","floor":41.0,"gold_loss":40.0,"damage_taken":0.0,"cards_upgraded":["Strike_B","Multi-Cast"]},{"cards_removed":["Defend_B"],"damage_healed":0,"gold_gain":0,"player_choice":"Removed Skill","damage_taken":0,"max_hp_gain":0,"max_hp_loss":0,"event_name":"Falling","floor":48,"gold_loss":0}],"is_beta":false,"boss_relics":[{"not_picked":["Fusion Hammer","Calling Bell"],"picked":"Cursed Key"},{"not_picked":["Snecko Eye","FrozenCore"],"picked":"Sozu"}],"items_purged_floors":[],"is_endless":false,"potions_floor_spawned":[1,4,24,28,31,31,33,35,36,40],"ascension_level":12}}