{"host":"rb2p2z6v6vieend5","time":1613350513,"event":{"mods":["BaseMod","Block Reminder","Colored Map","DeckTracker","Highlight Path","Minty Spire (QoL Compilation)","Random Character Button","Relic Stats"],"gold_per_floor":[114,114,77,77,77,107,107,107,132,174,201,243,255,282,294,406,418,445,457,469,406,418,460,472,284,359,389,389,389,389,419,419,519,519,534,534,534,534,44,74,95,45,70,70,100,0,0,30,30,30],"floor_reached":51,"language":"ENG","playtime":2499,"items_purged":["Defend_R+1","Defend_R+1","Defend_R+1"],"score":1020,"play_id":"a4ec42d3-5365-43b3-8bcf-da16b906fa5a","local_time":"20210215015513","daily_mods":["Heirloom","Flight","Night Terrors"],"is_ascension_mode":false,"campfire_choices":[{"data":"Uppercut","floor":7,"key":"SMITH"},{"data":"Combust","floor":8,"key":"SMITH"},{"data":"True Grit","floor":13,"key":"SMITH"},{"data":"Iron Wave","floor":15,"key":"SMITH"},{"data":"Double Tap","floor":24,"key":"SMITH"},{"data":"Ghostly","floor":29,"key":"SMITH"},{"data":"Ghostly","floor":32,"key":"SMITH"},{"data":"Carnage","floor":47,"key":"SMITH"},{"data":"Ghostly","floor":49,"key":"SMITH"}],"circlet_count":0,"master_deck":["Strike_R+1","Strike_R+1","Strike_R+1","Strike_R+1","Defend_R+1","Bash+1","Combust+1","Uppercut+1","Shrug It Off","True Grit+1","Iron Wave+1","Ghostly+1","Ghostly+1","Ghostly+1","Ghostly+1","Ghostly+1","Immolate","Feed","Metallicize+1","Flash of Steel+1","Carnage+1","Metallicize+1","Shrug It Off"],"relics":["Black Blood","Torii","Anchor","Orichalcum","MawBank","Lantern","Letter Opener","Coffee Dripper","Smiling Mask","War Paint","Bronze Scales","Self Forming Clay","The Courier","Juzu Bracelet","Omamori","Toy Ornithopter","Blood Vial","Matryoshka","White Beast Statue","Unceasing Top","Whetstone","Dream Catcher","CaptainsWheel","Red Mask","Champion Belt"],"acts_visited":["Exordium","TheCity","TheBeyond"],"potions_floor_usage":[33,33,33,33,40,50,50,50],"damage_taken":[{"damage":7,"enemies":"2 Louse","floor":1,"turns":3},{"damage":17,"enemies":"Lagavulin","floor":6,"turns":8},{"damage":5,"enemies":"3 Sentries","floor":10,"turns":5},{"damage":1,"enemies":"Jaw Worm","floor":11,"turns":2},{"damage":12,"enemies":"Lagavulin","floor":12,"turns":7},{"damage":0,"enemies":"Cultist","floor":14,"turns":3},{"damage":17,"enemies":"Hexaghost","floor":16,"turns":10},{"damage":3,"enemies":"2 Thieves","floor":18,"turns":4},{"damage":5,"enemies":"Book of Stabbing","floor":23,"turns":6},{"damage":2,"enemies":"Slavers","floor":27,"turns":5},{"damage":3,"enemies":"Book of Stabbing","floor":31,"turns":5},{"damage":31,"enemies":"Champ","floor":33,"turns":17},{"damage":4,"enemies":"Orb Walker","floor":35,"turns":4},{"damage":29,"enemies":"Nemesis","floor":40,"turns":11},{"damage":3,"enemies":"2 Orb Walkers","floor":41,"turns":6},{"damage":4,"enemies":"Reptomancer","floor":45,"turns":7},{"damage":9,"enemies":"Nemesis","floor":48,"turns":11},{"damage":27,"enemies":"Time Eater","floor":50,"turns":10}],"seed_played":"5535013652570512859","potions_obtained":[{"floor":1,"key":"SpeedPotion"},{"floor":10,"key":"Regen Potion"},{"floor":12,"key":"HeartOfIron"},{"floor":16,"key":"EntropicBrew"},{"floor":33,"key":"DuplicationPotion"},{"floor":40,"key":"FearPotion"},{"floor":41,"key":"LiquidBronze"}],"is_trial":false,"path_per_floor":["M","?","$","?","T","E","R","R","T","E","M","E","R","M","R","B",null,"M","?","?","?","?","E","R","$","T","E","T","R","?","E","R","B",null,"M","?","?","?","$","E","?","$","T","?","E","?","R","E","R","B",null],"character_chosen":"IRONCLAD","items_purchased":["Uppercut","Bronze Scales","Toy Ornithopter","Blood Vial","Matryoshka"],"campfire_rested":0,"item_purchase_floors":[3,25,39,39,39],"current_hp_per_floor":[79,63,63,56,56,45,45,45,45,46,51,45,45,51,51,40,80,80,80,80,80,40,40,40,40,40,40,40,40,50,50,50,37,50,50,47,47,47,47,38,49,49,49,49,50,50,50,53,53,38],"gold":30,"neow_bonus":"","is_daily":true,"chose_seed":false,"campfire_upgraded":9,"win_rate":0.0,"timestamp":1613350513,"path_taken":["M","?","?","?","?","E","R","R","T","E","?","E","R","?","R","BOSS","M","?","?","?","?","E","R","?","T","E","?","R","?","E","R","BOSS","M","?","?","?","$","E","?","?","T","?","E","?","R","E","R","BOSS"],"items_purchased_type":["Card","Relic","Relic","Relic","Relic"],"build_version":"2020-12-22","purchased_purges":3,"victory":true,"max_hp_per_floor":[80,80,80,80,80,80,80,80,80,80,80,80,80,80,80,80,80,80,80,80,80,40,40,40,40,40,40,40,40,50,50,50,50,50,50,47,47,47,47,50,50,50,50,50,50,50,50,53,53,53],"relic_stats":{"Torii":35,"counters":[18,124],"Self Forming Clay":[189],"Black Blood":114,"Juzu Bracelet":2,"Letter Opener":[44],"Whetstone":["Bash","Flash of Steel"],"Orichalcum":[102],"War Paint":["Ghostly","Ghostly"],"MawBank":192,"Smiling Mask":105,"Blood Vial":3,"Dream Catcher":0,"Bronze Scales":[231],"Champion Belt":[5],"obtain_stats":[{"Lantern":10,"Torii":0,"Black Blood":34,"Juzu Bracelet":28,"Whetstone":43,"Smiling Mask":19,"Burning Blood":0,"Blood Vial":39,"Dream Catcher":43,"Matryoshka":39,"Red Mask":46,"Self Forming Clay":26,"The Courier":27,"Omamori":31,"Letter Opener":12,"Orichalcum":6,"War Paint":23,"MawBank":9,"White Beast Statue":40,"Anchor":5,"CaptainsWheel":45,"Bronze Scales":25,"Coffee Dripper":17,"Champion Belt":48,"Toy Ornithopter":39,"Unceasing Top":41},{"Lantern":3,"Torii":0,"Black Blood":12,"Juzu Bracelet":10,"Whetstone":15,"Smiling Mask":8,"Burning Blood":0,"Blood Vial":13,"Dream Catcher":15,"Matryoshka":13,"Red Mask":16,"Self Forming Clay":9,"The Courier":10,"Omamori":11,"Letter Opener":5,"Orichalcum":2,"War Paint":9,"MawBank":2,"White Beast Statue":14,"Anchor":1,"CaptainsWheel":16,"Bronze Scales":9,"Coffee Dripper":7,"Champion Belt":17,"Toy Ornithopter":13,"Unceasing Top":15},{"Lantern":16,"Torii":0,"Black Blood":75,"Juzu Bracelet":53,"Whetstone":96,"Smiling Mask":42,"Burning Blood":0,"Blood Vial":79,"Dream Catcher":96,"Matryoshka":79,"Red Mask":103,"Self Forming Clay":48,"The Courier":53,"Omamori":58,"Letter Opener":25,"Orichalcum":11,"War Paint":48,"MawBank":11,"White Beast Statue":90,"Anchor":3,"CaptainsWheel":103,"Bronze Scales":48,"Coffee Dripper":38,"Champion Belt":114,"Toy Ornithopter":79,"Unceasing Top":96}],"Toy Ornithopter":5,"Unceasing Top":[2]},"card_choices":[{"not_picked":["Dark Embrace","Body Slam"],"picked":"Combust","floor":1},{"not_picked":["Sword Boomerang","Heavy Blade"],"picked":"Shrug It Off","floor":6},{"not_picked":["Anger","Wild Strike","Flex"],"picked":"SKIP","floor":10},{"not_picked":["Clash","Sentinel"],"picked":"Pommel Strike","floor":11},{"not_picked":["Armaments","Dark Embrace"],"picked":"True Grit","floor":12},{"not_picked":["Barricade","Thunderclap"],"picked":"Iron Wave","floor":14},{"not_picked":["Barricade","Impervious"],"picked":"Double Tap","floor":16},{"not_picked":["Sword Boomerang","Blood for Blood+1","Warcry"],"picked":"SKIP","floor":18},{"not_picked":["Havoc","Perfected Strike+1"],"picked":"Immolate","floor":23},{"not_picked":["Disarm","Flex+1","Bloodletting"],"picked":"SKIP","floor":27},{"not_picked":["Headbutt","Dual Wield+1","Flex+1"],"picked":"SKIP","floor":31},{"not_picked":["Juggernaut","Immolate"],"picked":"Feed","floor":33},{"not_picked":["Heavy Blade+1","Havoc+1"],"picked":"Metallicize+1","floor":35},{"not_picked":["Havoc","Rampage"],"picked":"Carnage","floor":40},{"not_picked":["Bloodletting","Inflame+1"],"picked":"Metallicize+1","floor":41},{"not_picked":["Perfected Strike+1","Metallicize"],"picked":"Shrug It Off","floor":45},{"not_picked":["Seeing Red","Iron Wave","Flex"],"picked":"SKIP","floor":48}],"player_experience":747194,"relics_obtained":[{"floor":5,"key":"Anchor"},{"floor":6,"key":"Orichalcum"},{"floor":9,"key":"MawBank"},{"floor":10,"key":"Lantern"},{"floor":12,"key":"Letter Opener"},{"floor":23,"key":"War Paint"},{"floor":26,"key":"Self Forming Clay"},{"floor":27,"key":"The Courier"},{"floor":28,"key":"Juzu Bracelet"},{"floor":31,"key":"Omamori"},{"floor":40,"key":"White Beast Statue"},{"floor":41,"key":"Unceasing Top"},{"floor":43,"key":"Whetstone"},{"floor":43,"key":"Dream Catcher"},{"floor":45,"key":"CaptainsWheel"},{"floor":48,"key":"Champion Belt"}],"event_choices":[{"damage_healed":0,"gold_gain":0,"player_choice":"Entered Light","damage_taken":16,"max_hp_gain":0,"max_hp_loss":0,"event_name":"Shining Light","floor":2,"gold_loss":0,"cards_upgraded":["Strike_R","Defend_R"]},{"cards_removed":["Strike_R"],"damage_healed":0,"gold_gain":0,"player_choice":"Card Removal","damage_taken":7,"max_hp_gain":0,"max_hp_loss":0,"event_name":"Golden Wing","floor":4,"gold_loss":0},{"damage_healed":0,"gold_gain":0,"player_choice":"Stole Relic","damage_taken":0,"relics_obtained":["Smiling Mask"],"max_hp_gain":0,"max_hp_loss":0,"event_name":"Addict","floor":19,"gold_loss":0,"cards_obtained":["Shame"]},{"damage_healed":0,"gold_gain":0,"player_choice":"Simplicity","damage_taken":0,"max_hp_gain":0,"max_hp_loss":0,"event_name":"Back to Basics","floor":20,"gold_loss":0,"cards_upgraded":["Strike_R","Strike_R","Strike_R","Defend_R","Defend_R","Defend_R"]},{"cards_removed":["Shame"],"damage_healed":0,"gold_gain":0,"player_choice":"Gave Gold","damage_taken":0,"max_hp_gain":0,"max_hp_loss":0,"event_name":"Beggar","floor":21,"gold_loss":75},{"damage_healed":0,"gold_gain":0,"player_choice":"Became a Ghost","damage_taken":0,"max_hp_gain":0,"max_hp_loss":40,"event_name":"Ghosts","floor":22,"gold_loss":0,"cards_obtained":["Ghostly","Ghostly","Ghostly","Ghostly","Ghostly"]},{"cards_removed":["Double Tap"],"damage_healed":0,"gold_gain":0,"player_choice":"Offered Rare","damage_taken":0,"max_hp_gain":10,"max_hp_loss":0,"event_name":"Bonfire Elementals","floor":30,"gold_loss":0},{"damage_healed":0,"gold_gain":0,"player_choice":"Max HP","damage_taken":0,"max_hp_gain":0,"max_hp_loss":3,"event_name":"Winding Halls","floor":36,"gold_loss":0},{"damage_healed":0,"gold_gain":0,"player_choice":"1 cards matched","damage_taken":0,"max_hp_gain":0,"max_hp_loss":0,"event_name":"Match and Keep!","floor":37,"gold_loss":0,"cards_obtained":["Flash of Steel"]},{"damage_healed":0,"gold_gain":0,"player_choice":"Memory 1","damage_taken":0,"max_hp_gain":0,"max_hp_loss":0,"event_name":"SensoryStone","floor":38,"gold_loss":0},{"damage_healed":0,"gold_gain":0,"player_choice":"Fight","damage_taken":0,"max_hp_gain":0,"max_hp_loss":0,"event_name":"Mysterious Sphere","floor":41,"gold_loss":0},{"cards_removed":["Pommel Strike"],"damage_healed":0,"gold_gain":0,"player_choice":"Removed Attack","damage_taken":0,"max_hp_gain":0,"max_hp_loss":0,"event_name":"Falling","floor":44,"gold_loss":0},{"damage_healed":0,"gold_gain":0,"player_choice":"Paid","damage_taken":0,"relics_obtained":["Red Mask"],"max_hp_gain":0,"max_hp_loss":0,"event_name":"Tomb of Lord Red Mask","floor":46,"gold_loss":100}],"is_beta":false,"boss_relics":[{"not_picked":["Snecko Eye","Empty Cage"],"picked":"Coffee Dripper"},{"not_picked":["Runic Cube","Velvet Choker"],"picked":"Black Blood"}],"items_purged_floors":[25,39,42],"is_endless":false,"potions_floor_spawned":[1,10,12,16,23,33,40,41,45,48],"ascension_level":0}}