{"host":"og6lam4kt3nibbw0","time":1613416349,"event":{"mods":["AchievementEnabler","BaseMod","Colored Map","DeckTracker","Highlight Path","Keyboard Shortcuts","Minty Spire (QoL Compilation)","Permanent Neow","Quick Restart","StSLib","SuperFastMode"],"gold_per_floor":[109,128,142,158,169,200,200,200,248,248,248,260,260,270,270,347,347,359,91,91,91,106,106,138,138,165,165,165],"floor_reached":27,"language":"KOR","playtime":671,"items_purged":["Strike_B"],"score":516,"play_id":"db085dc4-3bd7-40a1-8e30-57abafbd0951","local_time":"20210216041229","is_ascension_mode":true,"campfire_choices":[{"floor":8.0,"key":"REST"},{"floor":13.0,"key":"REST"},{"data":"Darkness","floor":15.0,"key":"SMITH"},{"data":"Ghostly","floor":23.0,"key":"SMITH"},{"data":"Creative AI","floor":25.0,"key":"SMITH"}],"circlet_count":0,"master_deck":["AscendersBane","Strike_B","Strike_B","Defend_B","Defend_B","Defend_B","Defend_B","Zap","Dualcast","Streamline","Doom and Gloom","Leap","Compile Driver","Darkness+1","Hologram","Loop","Creative AI+1","Seek","Redo","Doom and Gloom","Ghostly+1","Ghostly","Ghostly","Chill+1"],"relics":["Cracked Core","Mango","Pen Nib","Lantern","Black Star","Medical Kit","Bottled Tornado","Bag of Preparation","DataDisk"],"acts_visited":["Exordium","TheCity"],"potions_floor_usage":[],"damage_taken":[{"damage":1.0,"enemies":"Cultist","floor":1.0,"turns":3.0},{"damage":12.0,"enemies":"Jaw Worm","floor":2.0,"turns":2.0},{"damage":11.0,"enemies":"Small Slimes","floor":3.0,"turns":3.0},{"damage":8.0,"enemies":"Looter","floor":4.0,"turns":3.0},{"damage":7.0,"enemies":"Blue Slaver","floor":5.0,"turns":3.0},{"damage":32.0,"enemies":"Gremlin Nob","floor":6.0,"turns":4.0},{"damage":14.0,"enemies":"Exordium Thugs","floor":12.0,"turns":5.0},{"damage":1.0,"enemies":"Exordium Wildlife","floor":14.0,"turns":3.0},{"damage":15.0,"enemies":"Slime Boss","floor":16.0,"turns":8.0},{"damage":26.0,"enemies":"Spheric Guardian","floor":18.0,"turns":5.0},{"damage":1.0,"enemies":"Chosen","floor":22.0,"turns":4.0},{"damage":11.0,"enemies":"Slavers","floor":24.0,"turns":5.0},{"damage":30,"enemies":"Colosseum Slavers","floor":27,"turns":4}],"seed_played":"6915699516097668368","potions_obtained":[{"floor":4.0,"key":"Explosive Potion"},{"floor":6.0,"key":"PotionOfCapacity"},{"floor":14.0,"key":"Strength Potion"},{"floor":22.0,"key":"LiquidMemories"}],"is_trial":false,"path_per_floor":["M","M","M","M","M","E","?","R","T","?","?","M","R","M","R","B",null,"M","$","?","$","M","R","E","R","T","?"],"character_chosen":"DEFECT","items_purchased":["Doom and Gloom","Medical Kit"],"campfire_rested":2,"item_purchase_floors":[19,19],"current_hp_per_floor":[77,65,54,46,39,7,7,30,30,35,28,14,38,37,37,22,68,42,42,41,41,40,40,29,29,29,0,0],"gold":165,"neow_bonus":"ONE_RARE_RELIC","is_daily":false,"chose_seed":false,"campfire_upgraded":3,"win_rate":0.0,"timestamp":1613416349,"path_taken":["M","M","M","?","M","E","?","R","T","?","?","M","R","M","R","BOSS","M","$","?","$","M","R","E","R","T","?"],"items_purchased_type":["Card","Relic"],"build_version":"2020-12-22","purchased_purges":1,"victory":false,"max_hp_per_floor":[78,78,78,78,78,78,78,78,78,83,83,83,83,83,83,83,83,83,83,41,41,41,41,41,41,41,41,41],"card_choices":[{"not_picked":["Rebound","FTL"],"picked":"Streamline","floor":1.0},{"not_picked":["Melter","Blizzard"],"picked":"Doom and Gloom","floor":2.0},{"not_picked":["Streamline","Hologram"],"picked":"Leap","floor":3.0},{"not_picked":["Beam Cell","Gash"],"picked":"Compile Driver","floor":4.0},{"not_picked":["Rip and Tear","Blizzard"],"picked":"Darkness","floor":5.0},{"not_picked":["Streamline","Leap"],"picked":"Hologram","floor":6.0},{"not_picked":["Streamline","Coolheaded"],"picked":"Loop","floor":12.0},{"not_picked":["Rebound","Compile Driver"],"picked":"Creative AI","floor":14.0},{"not_picked":["Meteor Strike","Echo Form"],"picked":"Seek","floor":16.0},{"not_picked":["Cold Snap","Aggregate"],"picked":"Redo","floor":18.0},{"not_picked":["Compile Driver","Gash","Turbo+1"],"picked":"SKIP","floor":22.0},{"not_picked":["Redo","Aggregate"],"picked":"Chill+1","floor":24.0}],"player_experience":963469,"relics_obtained":[{"floor":6.0,"key":"Pen Nib"},{"floor":9.0,"key":"Lantern"},{"floor":24.0,"key":"Bottled Tornado"},{"floor":24.0,"key":"Bag of Preparation"},{"floor":26.0,"key":"DataDisk"}],"event_choices":[{"damage_healed":0.0,"max_hp_gain":0.0,"max_hp_loss":0.0,"gold_gain":0.0,"event_name":"Liars Game","player_choice":"Ignored","floor":7.0,"gold_loss":0.0,"damage_taken":0.0},{"damage_healed":0.0,"max_hp_gain":5.0,"max_hp_loss":0.0,"gold_gain":0.0,"event_name":"Big Fish","player_choice":"Donut","floor":10.0,"gold_loss":0.0,"damage_taken":0.0},{"cards_removed":["Strike_B"],"damage_healed":0.0,"max_hp_gain":0.0,"max_hp_loss":0.0,"gold_gain":0.0,"event_name":"Golden Wing","player_choice":"Card Removal","floor":11.0,"gold_loss":0.0,"damage_taken":7.0},{"damage_healed":0.0,"max_hp_gain":0.0,"max_hp_loss":42.0,"gold_gain":0.0,"event_name":"Ghosts","player_choice":"Became a Ghost","floor":20.0,"gold_loss":0.0,"damage_taken":0.0,"cards_obtained":["Ghostly","Ghostly","Ghostly"]},{"damage_healed":0,"gold_gain":0,"player_choice":"Fight","damage_taken":0,"max_hp_gain":0,"max_hp_loss":0,"event_name":"Colosseum","floor":27,"gold_loss":0}],"is_beta":false,"boss_relics":[{"not_picked":["Fusion Hammer","Busted Crown"],"picked":"Black Star"}],"items_purged_floors":[19],"is_endless":false,"potions_floor_spawned":[4,6,14,22],"killed_by":"Colosseum Slavers","ascension_level":20}}