{"host":"a3gu5zu37ht99mpa","time":1613408105,"event":{"mods":["100% Spire Juice","Act Like it!","Arknights","BaseMod","Better Silent Start","BetterRewards","Conspire","Downfall","Energized Spire","GifTheSpireLib","Gold Saver","Halation","Minty Spire (QoL Compilation)","Prisma Mod","Robot Space Explorer","Shop Mod","StSLib","Stuff the Spire","The Animator","The Servant 0.9.4","Virulent Crown","Wandering Minibosses","yUi"],"gold_per_floor":[479,489,500,500,529,554,554,568,154,180,180,180,180],"floor_reached":12,"language":"ENG","playtime":796,"items_purged":[],"score":76,"play_id":"57e055ff-ec1b-4473-a678-4087ea9c1213","local_time":"20210215115505","is_ascension_mode":true,"campfire_choices":[{"data":"animator:DwarfShaman","floor":1,"key":"SMITH"}],"circlet_count":0,"master_deck":["animator:Strike_GoblinSlayer+1","animator:Defend_GoblinSlayer","animator:Strike","animator:Strike+1","animator:Strike","animator:Defend","animator:Defend","animator:Defend","animator:LizardPriest+1","animator:DwarfShaman+1","animator:Aisha+1","animator:Verdia","animator:CowGirl","animator:Kazuma","animator:Konayuki","animator:HomuraAkemi","animator:Darkness+1"],"relics":["animator:ColorlessFragment","animator:PurgingStone","halation:HeavySnake","Boot"],"acts_visited":["Exordium"],"potions_floor_usage":[],"damage_taken":[{"damage":0,"enemies":"Small Slimes","floor":2,"turns":4},{"damage":0,"enemies":"Cultist","floor":3,"turns":4},{"damage":4,"enemies":"Jaw Worm","floor":5,"turns":5},{"damage":10,"enemies":"Exordium Wildlife","floor":6,"turns":5},{"damage":19,"enemies":"Exordium Thugs","floor":8,"turns":6},{"damage":3,"enemies":"downfall:FleeingMerchant","floor":9,"turns":4},{"damage":14,"enemies":"downfall:LooterAlt","floor":10,"turns":7},{"damage":30,"enemies":"Lagavulin","floor":12,"turns":5}],"seed_played":"8514835644723083482","potions_obtained":[{"floor":2,"key":"FearPotion"},{"floor":5,"key":"LiquidBronze"},{"floor":10,"key":"Strength Potion"}],"is_trial":false,"path_per_floor":["R","M","M","?","M","M","T","M","$","M","?","E"],"character_chosen":"THE_ANIMATOR","items_purchased":["Boot","animator:ColorlessFragment","animator:HomuraAkemi"],"campfire_rested":0,"item_purchase_floors":[9,9,9],"current_hp_per_floor":[66,66,66,66,62,52,52,34,31,17,17,0,0],"gold":180,"neow_bonus":"BOSS_RELIC","is_daily":false,"chose_seed":false,"campfire_upgraded":1,"win_rate":0.0,"timestamp":1613408105,"path_taken":["R","M","M","?","M","M","T","?","$","M","?","E"],"items_purchased_type":["Relic","Relic","Card"],"build_version":"2020-12-22","purchased_purges":0,"victory":false,"max_hp_per_floor":[66,66,66,66,66,66,66,67,67,67,67,67,67],"card_choices":[{"not_picked":["animator:KyokoSakura","animator:Add"],"picked":"animator:Aisha","floor":2},{"not_picked":["animator:Illya","animator:Aisha","animator:Rider"],"picked":"SKIP","floor":3},{"not_picked":["animator:Aisha","animator:ElricEdward"],"picked":"animator:Verdia","floor":5},{"not_picked":["animator:DwarfShaman","animator:HighElfArcher"],"picked":"animator:CowGirl","floor":6},{"not_picked":["animator:DwarfShaman","animator:Sloth"],"picked":"animator:Kazuma","floor":8},{"not_picked":["animator:TsurugaMeisai","animator:NagisaMomoe"],"picked":"animator:Konayuki","floor":9},{"not_picked":["animator:Tet","animator:Melzalgald"],"picked":"animator:Darkness","floor":10}],"player_experience":92291,"relics_obtained":[],"event_choices":[{"damage_healed":0,"gold_gain":0,"player_choice":"Forge","damage_taken":0,"max_hp_gain":0,"max_hp_loss":0,"event_name":"Accursed Blacksmith","floor":11,"gold_loss":0,"cards_upgraded":["animator:Darkness"]}],"is_beta":false,"boss_relics":[],"items_purged_floors":[],"is_endless":false,"potions_floor_spawned":[2,5,10],"killed_by":"Lagavulin","ascension_level":1}}