{"host":"2c84cb4cp1emursg","time":1613425661,"event":{"mods":["Act Like it!","BaseMod","Better Third Choice","Bossed Relics","Hermit","Mimic Mod","Minty Spire (QoL Compilation)","Permanent Neow","Ruina","StSLib","TheSurvivalist"],"gold_per_floor":[363,377,387,402,418,451,451,480,507,507,520,21,40,59,59,155,155,169,189,42,42,42,42],"floor_reached":22,"language":"ENG","playtime":974,"items_purged":["Pain"],"score":300,"play_id":"cf778cab-ab77-489a-905f-1aa00042184d","local_time":"20210215144741","is_ascension_mode":true,"campfire_choices":[{"floor":7,"key":"REST"},{"floor":10,"key":"REST"},{"floor":15,"key":"REST"}],"circlet_count":0,"master_deck":["Strike_B","Strike_B","Strike_B","Strike_B","Defend_B","Defend_B","Defend_B","Defend_B","Zap","Dualcast","Hologram","Ball Lightning","Sweeping Beam","Streamline","Fission","Ball Lightning","Double Energy","Secret Weapon","Dramatic Entrance","Beam Cell","Self Repair","Seek","Cold Snap+1","Skim"],"relics":["Cracked Core","Mercury Hourglass","TungstenRod","Omamori","Sling","SlaversCollar","Runic Capacitor"],"acts_visited":["Exordium","ruina:Briah"],"potions_floor_usage":[5,8,16],"damage_taken":[{"damage":9,"enemies":"2 Louse","floor":1,"turns":2},{"damage":7,"enemies":"Cultist","floor":2,"turns":3},{"damage":9,"enemies":"Jaw Worm","floor":3,"turns":2},{"damage":4,"enemies":"3 Louse","floor":4,"turns":3},{"damage":25,"enemies":"Large Slime","floor":5,"turns":5},{"damage":32,"enemies":"3 Sentries","floor":6,"turns":5},{"damage":20,"enemies":"Gremlin Nob","floor":8,"turns":3},{"damage":5,"enemies":"Lots of Slimes","floor":11,"turns":2},{"damage":5,"enemies":"2 Fungi Beasts","floor":13,"turns":2},{"damage":15,"enemies":"Exordium Thugs","floor":14,"turns":3},{"damage":0,"enemies":"Slime Boss","floor":16,"turns":4},{"damage":25,"enemies":"ruina:3_Bats","floor":18,"turns":4},{"damage":24,"enemies":"ruina:Nosferatu","floor":19,"turns":4},{"damage":44,"enemies":"ruina:KingOfGreed","floor":22,"turns":4}],"seed_played":"2766177427206483173","potions_obtained":[{"floor":4,"key":"Regen Potion"},{"floor":6,"key":"FocusPotion"},{"floor":8,"key":"SmokeBomb"},{"floor":13,"key":"LiquidBronze"},{"floor":14,"key":"ColorlessPotion"},{"floor":18,"key":"PotionOfCapacity"}],"is_trial":false,"path_per_floor":["M","M","M","M","M","E","R","E","T","R","M","$","M","M","R","B",null,"M","M","$","?","M"],"character_chosen":"DEFECT","items_purchased":["Sling","Secret Weapon","Dramatic Entrance","Runic Capacitor"],"campfire_rested":3,"item_purchase_floors":[12,12,12,20],"current_hp_per_floor":[66,59,50,46,35,3,25,5,5,27,22,22,17,2,24,24,75,57,40,40,40,0,0],"gold":42,"neow_bonus":"TWO_FIFTY_GOLD","is_daily":false,"chose_seed":false,"campfire_upgraded":0,"win_rate":0.0,"timestamp":1613425661,"path_taken":["M","M","M","M","M","E","R","E","T","R","M","$","M","M","R","BOSS","M","M","$","?","M"],"items_purchased_type":["Relic","Card","Card","Relic"],"build_version":"2020-12-22","purchased_purges":1,"victory":false,"max_hp_per_floor":[75,75,75,75,75,75,75,75,75,75,75,75,75,75,75,75,75,75,75,75,75,75,75],"card_choices":[{"not_picked":["Barrage","Stack"],"picked":"Hologram","floor":1},{"not_picked":["Heatsinks","Amplify"],"picked":"Ball Lightning","floor":2},{"not_picked":["FTL","Gash","Blizzard"],"picked":"SKIP","floor":3},{"not_picked":["Defragment","Hologram"],"picked":"Sweeping Beam","floor":4},{"not_picked":["Recycle","Sunder"],"picked":"Streamline","floor":5},{"not_picked":["Rebound","Meteor Strike"],"picked":"Fission","floor":6},{"not_picked":["Sweeping Beam","Coolheaded"],"picked":"Ball Lightning","floor":8},{"not_picked":["Loop","Rebound"],"picked":"Double Energy","floor":11},{"not_picked":["Go for the Eyes","Conserve Battery"],"picked":"Beam Cell","floor":13},{"not_picked":["Hologram","Gash"],"picked":"Self Repair","floor":14},{"not_picked":["Thunder Strike","Amplify"],"picked":"Seek","floor":16},{"not_picked":["Go for the Eyes","Reinforced Body"],"picked":"Cold Snap+1","floor":18},{"not_picked":["BootSequence","Beam Cell"],"picked":"Skim","floor":19}],"player_experience":476581,"relics_obtained":[{"floor":6,"key":"Mercury Hourglass"},{"floor":8,"key":"TungstenRod"},{"floor":9,"key":"Omamori"}],"event_choices":[],"is_beta":false,"boss_relics":[{"not_picked":["Philosopher\u0027s Stone","Runic Dome"],"picked":"SlaversCollar"}],"items_purged_floors":[12],"is_endless":false,"potions_floor_spawned":[4,6,8,13,14,18],"killed_by":"ruina:KingOfGreed","ascension_level":4}}