{"host":"fiyb7gvx7tok3jeh","time":1613348537,"event":{"mods":["BaseMod","Colored Map","Colored Powertips","DeckTracker","Googly Eyes","Highlight Path","Minty Spire (QoL Compilation)"],"gold_per_floor":[117,117,117,128,53,53,53,53,53,64,90,106,106,119,119,224,224,234,333,27,45,0,27,27,68,91,91,104,104,138,13,13,114,123,146,158,220,41,41,71,71,83,110,130,130,113,113,132,132,132],"floor_reached":51,"language":"ENG","playtime":2316,"items_purged":["Strike_P","Strike_P","Strike_P+1","Eruption+1"],"score":1055,"play_id":"75a1ca05-21c4-4b47-a837-df76230013e4","local_time":"20210215022217","is_ascension_mode":true,"campfire_choices":[{"data":"Eruption","floor":6,"key":"SMITH"},{"data":"ClearTheMind","floor":8,"key":"SMITH"},{"floor":15,"key":"REST"},{"floor":24,"key":"REST"},{"floor":27,"key":"REST"},{"floor":29,"key":"REST"},{"floor":32,"key":"REST"},{"floor":41,"key":"REST"},{"floor":45,"key":"RECALL"},{"floor":47,"key":"REST"},{"floor":49,"key":"REST"}],"circlet_count":0,"master_deck":["Defend_P","Defend_P+1","Vigilance+1","ClearTheMind+1","Conclude","Establishment+1","Protect","CutThroughFate","Alpha","CutThroughFate","ThirdEye","Scrawl","CurseOfTheBell","Protect","Protect"],"relics":["PureWater","Frozen Egg 2","Singing Bowl","Fusion Hammer","Lee\u0027s Waffle","CeramicFish","Toy Ornithopter","Tiny Chest","Anchor","Calling Bell","MawBank","Mummified Hand","Gambling Chip","StoneCalendar","InkBottle","Blood Vial","Bag of Preparation"],"acts_visited":["Exordium","TheCity","TheBeyond"],"potions_floor_usage":[14,16,23,28,30,50,50],"damage_taken":[{"damage":0,"enemies":"Jaw Worm","floor":1,"turns":3},{"damage":0,"enemies":"2 Louse","floor":4,"turns":2},{"damage":0,"enemies":"Cultist","floor":10,"turns":2},{"damage":13,"enemies":"3 Sentries","floor":11,"turns":6},{"damage":8,"enemies":"Blue Slaver","floor":12,"turns":3},{"damage":0,"enemies":"Gremlin Gang","floor":14,"turns":3},{"damage":0,"enemies":"The Guardian","floor":16,"turns":13},{"damage":24,"enemies":"3 Byrds","floor":18,"turns":4},{"damage":15,"enemies":"Chosen","floor":21,"turns":6},{"damage":28,"enemies":"Book of Stabbing","floor":23,"turns":5},{"damage":42,"enemies":"Slavers","floor":25,"turns":4},{"damage":11,"enemies":"Centurion and Healer","floor":28,"turns":6},{"damage":24,"enemies":"Book of Stabbing","floor":30,"turns":5},{"damage":14,"enemies":"Collector","floor":33,"turns":5},{"damage":34,"enemies":"3 Darklings","floor":35,"turns":5},{"damage":0,"enemies":"Mind Bloom Boss Battle","floor":37,"turns":8},{"damage":28,"enemies":"Giant Head","floor":40,"turns":9},{"damage":11,"enemies":"3 Shapes","floor":42,"turns":4},{"damage":0,"enemies":"Maw","floor":44,"turns":6},{"damage":0,"enemies":"Sphere and 2 Shapes","floor":48,"turns":3},{"damage":18,"enemies":"Donu and Deca","floor":50,"turns":4}],"seed_played":"-4526841846942008363","potions_obtained":[{"floor":10,"key":"Swift Potion"},{"floor":11,"key":"Fire Potion"},{"floor":14,"key":"FearPotion"},{"floor":18,"key":"Block Potion"},{"floor":25,"key":"Block Potion"},{"floor":30,"key":"DuplicationPotion"},{"floor":37,"key":"DuplicationPotion"},{"floor":44,"key":"PowerPotion"}],"is_trial":false,"path_per_floor":["M","?","?","M","$","R","$","R","T","M","E","M","?","M","R","B",null,"M","?","$","M","?","E","R","E","T","R","M","R","E","$","R","B",null,"M","?","?","$","T","E","R","M","T","M","R","$","R","M","R","B",null],"character_chosen":"WATCHER","items_purchased":["ThirdEye","Lee\u0027s Waffle","Protect","Protect"],"campfire_rested":8,"item_purchase_floors":[20,20,38,46],"current_hp_per_floor":[65,58,45,45,45,45,45,45,45,45,32,24,24,24,43,43,60,36,36,72,59,59,33,55,13,13,35,31,54,37,37,61,49,74,42,42,44,44,44,18,44,37,37,41,41,41,68,72,94,82],"gold":132,"neow_bonus":"REMOVE_TWO","is_daily":false,"chose_seed":false,"campfire_upgraded":2,"win_rate":0.0,"timestamp":1613348537,"path_taken":["M","?","?","M","$","R","?","R","T","M","E","?","?","?","R","BOSS","M","?","$","M","?","E","R","E","T","R","M","R","E","?","R","BOSS","M","?","?","$","?","E","R","M","T","M","R","$","R","?","R","BOSS"],"items_purchased_type":["Card","Relic","Card","Card"],"build_version":"2020-12-22","purchased_purges":4,"victory":true,"max_hp_per_floor":[65,65,65,65,65,65,65,65,65,65,65,65,65,65,65,65,65,65,65,72,74,74,76,76,76,76,76,78,78,80,80,80,82,82,84,84,86,86,86,88,88,90,90,92,92,92,92,94,94,94],"card_choices":[{"not_picked":["Prostrate","SashWhip"],"picked":"ClearTheMind","floor":1},{"not_picked":["ThirdEye","Tantrum"],"picked":"Conclude","floor":4},{"not_picked":["Omniscience","Nirvana+1","PathToVictory"],"picked":"SKIP","floor":10},{"not_picked":["Halt","EmptyBody"],"picked":"Establishment+1","floor":11},{"not_picked":["EmptyFist","ForeignInfluence"],"picked":"Protect","floor":12},{"not_picked":["CrushJoints","EmptyFist"],"picked":"CutThroughFate","floor":14},{"not_picked":["Omniscience","Brilliance"],"picked":"Alpha","floor":16},{"not_picked":["Prostrate+1","ClearTheMind"],"picked":"CutThroughFate","floor":18},{"not_picked":["BattleHymn+1","Prostrate","WheelKick+1"],"picked":"Singing Bowl","floor":21},{"not_picked":["FlyingSleeves","Omniscience","Alpha"],"picked":"Singing Bowl","floor":23},{"not_picked":["Consecrate","Crescendo+1"],"picked":"Scrawl","floor":25},{"not_picked":["ClearTheMind","Consecrate","JustLucky"],"picked":"Singing Bowl","floor":28},{"not_picked":["JustLucky+1","Crescendo","Wallop"],"picked":"Singing Bowl","floor":30},{"not_picked":["Wish","Establishment+1","Omniscience"],"picked":"Singing Bowl","floor":33},{"not_picked":["Evaluate+1","WindmillStrike+1","JustLucky+1"],"picked":"Singing Bowl","floor":35},{"not_picked":["Consecrate+1","FollowUp","Meditate+1"],"picked":"Singing Bowl","floor":37},{"not_picked":["Evaluate+1","BowlingBash","ThirdEye+1"],"picked":"Singing Bowl","floor":40},{"not_picked":["BattleHymn+1","JustLucky","ClearTheMind+1"],"picked":"Singing Bowl","floor":42},{"not_picked":["EmptyMind","Consecrate","ThirdEye+1"],"picked":"Singing Bowl","floor":44},{"not_picked":["Scrawl","JustLucky+1","Crescendo+1"],"picked":"Singing Bowl","floor":48}],"player_experience":313534,"relics_obtained":[{"floor":9,"key":"Frozen Egg 2"},{"floor":11,"key":"Singing Bowl"},{"floor":23,"key":"CeramicFish"},{"floor":25,"key":"Toy Ornithopter"},{"floor":26,"key":"Tiny Chest"},{"floor":30,"key":"Anchor"},{"floor":34,"key":"MawBank"},{"floor":34,"key":"Mummified Hand"},{"floor":34,"key":"Gambling Chip"},{"floor":37,"key":"StoneCalendar"},{"floor":39,"key":"InkBottle"},{"floor":40,"key":"Blood Vial"},{"floor":43,"key":"Bag of Preparation"}],"event_choices":[{"cards_removed":["Strike_P"],"damage_healed":0,"gold_gain":0,"player_choice":"Card Removal","damage_taken":7,"max_hp_gain":0,"max_hp_loss":0,"event_name":"Golden Wing","floor":2,"gold_loss":0},{"damage_healed":0,"gold_gain":0,"player_choice":"Entered Light","damage_taken":13,"max_hp_gain":0,"max_hp_loss":0,"event_name":"Shining Light","floor":3,"gold_loss":0,"cards_upgraded":["Defend_P","Strike_P"]},{"damage_healed":0,"gold_gain":0,"player_choice":"Upgraded","damage_taken":0,"max_hp_gain":0,"max_hp_loss":0,"event_name":"Upgrade Shrine","floor":13,"gold_loss":0,"cards_upgraded":["Vigilance"]},{"damage_healed":0,"gold_gain":99,"player_choice":"Stole From Cult","damage_taken":0,"max_hp_gain":0,"max_hp_loss":0,"event_name":"Nest","floor":19,"gold_loss":0},{"damage_healed":0,"gold_gain":0,"player_choice":"Paid Fearfully","damage_taken":0,"max_hp_gain":0,"max_hp_loss":0,"event_name":"Masked Bandits","floor":22,"gold_loss":45},{"damage_healed":0,"gold_gain":0,"player_choice":"Ignored","damage_taken":0,"max_hp_gain":0,"max_hp_loss":0,"event_name":"Tomb of Lord Red Mask","floor":36,"gold_loss":0},{"damage_healed":0,"gold_gain":0,"player_choice":"Fight","damage_taken":0,"max_hp_gain":0,"max_hp_loss":0,"event_name":"MindBloom","floor":37,"gold_loss":0}],"is_beta":false,"boss_relics":[{"not_picked":["Philosopher\u0027s Stone","Tiny House"],"picked":"Fusion Hammer"},{"not_picked":["VioletLotus","Cursed Key"],"picked":"Calling Bell"}],"items_purged_floors":[5,20,31,38],"is_endless":false,"potions_floor_spawned":[10,11,14,18,25,30,37,44],"ascension_level":6}}