{"host":"zsnmfqgcm92hlreo","time":1613371681,"event":{"mods":["AchievementEnabler","BaseMod","Bestiary","Block Reminder","Colored Map","Colored Powertips","Filter the Spire","Minty Spire (QoL Compilation)","Permanent Neow","Quick Restart","Relic Stats","StSLib","Weighted Paths"],"gold_per_floor":[116,132,149,149,161,161,179,208,235,265,540,551,577,589,589,663,663,673,687,687,687,492,492,522,533,533,560,475,475,475,495,495,569,569,579,625,205,205,205,232,232,252,252,252,262,293,303,319,319,319,319],"floor_reached":50,"language":"ENG","playtime":2039,"items_purged":["Regret"],"score":1399,"play_id":"8bfe9a21-3ea0-4e37-8797-56182159f21c","local_time":"20210215004801","is_ascension_mode":true,"campfire_choices":[{"data":"TalkToTheHand","floor":6.0,"key":"SMITH"},{"data":"Vigilance","floor":15.0,"key":"SMITH"},{"floor":23.0,"key":"REST"},{"floor":29.0,"key":"REST"},{"floor":32.0,"key":"REST"},{"data":"Blasphemy","floor":41.0,"key":"SMITH"},{"data":"Vault","floor":44.0,"key":"SMITH"},{"floor":49,"key":"RECALL"}],"circlet_count":0,"master_deck":["AscendersBane","Eruption","Vigilance+1","TalkToTheHand+1","FlurryOfBlows","Tantrum","Meditate","FearNoEvil","Ragnarok","WreathOfFlame","Evaluate","ThirdEye","FlurryOfBlows","Wallop","Ragnarok","FlurryOfBlows","Weave","MentalFortress","BowlingBash","Ragnarok","CutThroughFate","Vault+1","Consecrate","Protect","J.A.X.","Blasphemy+1","Wallop+1","TalkToTheHand","Ragnarok","MentalFortress","ThirdEye","Consecrate","DevaForm"],"relics":["Pandora\u0027s Box","The Courier","Pen Nib","Potion Belt","Tiny Chest","SacredBark","Frozen Eye","Art of War","Yang","Lantern","FossilizedHelix","Gremlin Horn","VioletLotus","Unceasing Top","Anchor","White Beast Statue","Mango","Blue Candle","Bird Faced Urn"],"acts_visited":["Exordium","TheCity","TheBeyond"],"potions_floor_usage":[50,50],"damage_taken":[{"damage":0.0,"enemies":"2 Louse","floor":1.0,"turns":2.0},{"damage":0.0,"enemies":"Cultist","floor":2.0,"turns":2.0},{"damage":0.0,"enemies":"Small Slimes","floor":3.0,"turns":2.0},{"damage":7.0,"enemies":"Blue Slaver","floor":5.0,"turns":3.0},{"damage":0.0,"enemies":"Red Slaver","floor":7.0,"turns":2.0},{"damage":0.0,"enemies":"Gremlin Nob","floor":8.0,"turns":3.0},{"damage":0.0,"enemies":"Lagavulin","floor":10.0,"turns":3.0},{"damage":5.0,"enemies":"2 Fungi Beasts","floor":12.0,"turns":3.0},{"damage":0.0,"enemies":"Gremlin Nob","floor":13.0,"turns":2.0},{"damage":5.0,"enemies":"Lots of Slimes","floor":14.0,"turns":3.0},{"damage":15.0,"enemies":"The Guardian","floor":16.0,"turns":7.0},{"damage":13.0,"enemies":"Spheric Guardian","floor":18.0,"turns":3.0},{"damage":15.0,"enemies":"Shell Parasite","floor":19.0,"turns":2.0},{"damage":0.0,"enemies":"Gremlin Leader","floor":24.0,"turns":3.0},{"damage":6.0,"enemies":"Snake Plant","floor":25.0,"turns":5.0},{"damage":26.0,"enemies":"Slavers","floor":27.0,"turns":3.0},{"damage":10.0,"enemies":"Cultist and Chosen","floor":31.0,"turns":4.0},{"damage":27.0,"enemies":"Collector","floor":33.0,"turns":4.0},{"damage":7.0,"enemies":"3 Shapes","floor":35.0,"turns":4.0},{"damage":26.0,"enemies":"2 Orb Walkers","floor":36.0,"turns":3.0},{"damage":3.0,"enemies":"Reptomancer","floor":40.0,"turns":5.0},{"damage":0.0,"enemies":"Orb Walker","floor":42.0,"turns":3.0},{"damage":10.0,"enemies":"Transient","floor":45.0,"turns":7.0},{"damage":55.0,"enemies":"Giant Head","floor":46.0,"turns":7.0},{"damage":100007.0,"enemies":"Maw","floor":47.0,"turns":7.0},{"damage":13,"enemies":"Spire Growth","floor":48,"turns":4},{"damage":68,"enemies":"Time Eater","floor":50,"turns":10}],"seed_played":"-3278972459228685384","potions_obtained":[{"floor":7.0,"key":"EssenceOfSteel"},{"floor":8.0,"key":"EntropicBrew"},{"floor":10.0,"key":"EntropicBrew"},{"floor":12.0,"key":"GamblersBrew"},{"floor":19.0,"key":"Energy Potion"},{"floor":27.0,"key":"SteroidPotion"},{"floor":35.0,"key":"SteroidPotion"},{"floor":40.0,"key":"BlessingOfTheForge"},{"floor":42.0,"key":"DistilledChaos"},{"floor":45.0,"key":"LiquidMemories"},{"floor":46.0,"key":"Strength Potion"},{"floor":47,"key":"AttackPotion"},{"floor":48,"key":"Ambrosia"}],"is_trial":false,"path_per_floor":["M","M","M","?","M","R","M","E","T","E","?","M","E","M","R","B",null,"M","M","?","?","$","R","E","M","T","E","?","R","T","M","R","B",null,"M","?","$","?","T","E","R","M","T","R","M","E","M","M","R","B"],"character_chosen":"WATCHER","items_purchased":["Frozen Eye","CultistPotion","Anchor","White Beast Statue"],"campfire_rested":3,"item_purchase_floors":[22,37,37,37],"current_hp_per_floor":[61,61,61,61,54,54,54,54,54,54,54,49,49,44,44,29,58,45,30,30,30,30,50,50,44,44,18,18,38,38,28,48,21,56,49,23,23,68,82,79,79,79,79,79,69,14,49,38,38,0,0],"gold":319,"neow_bonus":"BOSS_RELIC","is_daily":false,"chose_seed":false,"campfire_upgraded":4,"win_rate":0.0,"timestamp":1613371681,"path_taken":["M","M","M","?","M","R","M","E","T","E","?","M","E","M","R","BOSS","M","M","?","?","$","R","E","M","T","E","?","R","?","?","R","BOSS","M","?","$","?","?","E","R","M","T","R","M","E","M","M","R","BOSS"],"items_purchased_type":["Relic","Potion","Relic","Relic"],"build_version":"2020-12-22","purchased_purges":1,"victory":false,"max_hp_per_floor":[68,68,68,68,68,68,68,68,68,68,68,68,68,68,68,68,68,68,68,68,68,68,68,68,68,68,68,68,68,68,68,68,68,68,68,68,68,68,82,82,82,82,82,82,82,82,82,82,82,82,82],"relic_stats":{"Gremlin Horn":[10,10],"counters":[27,106],"Blue Candle":[0],"Bird Faced Urn":[14],"Pandora\u0027s Box":["TalkToTheHand","FlurryOfBlows","Tantrum","Meditate","FearNoEvil","Ragnarok","WreathOfFlame","Evaluate"],"Tiny Chest":2,"Yang":[171],"Pen Nib":[27],"VioletLotus":[6],"Art of War":[0],"obtain_stats":[{"Potion Belt":10,"Lantern":27,"Gremlin Horn":30,"SacredBark":17,"Blue Candle":40,"Yang":26,"Mango":39,"The Courier":8,"Pen Nib":9,"White Beast Statue":37,"Frozen Eye":22,"Anchor":37,"Bird Faced Urn":46,"Pandora\u0027s Box":0,"Tiny Chest":13,"VioletLotus":34,"Art of War":24,"PureWater":0,"FossilizedHelix":28,"Unceasing Top":36},{"Potion Belt":7,"Lantern":16,"Gremlin Horn":16,"SacredBark":11,"Blue Candle":21,"Yang":15,"Mango":20,"The Courier":6,"Pen Nib":6,"White Beast Statue":20,"Frozen Eye":13,"Anchor":20,"Bird Faced Urn":24,"Pandora\u0027s Box":0,"Tiny Chest":9,"VioletLotus":18,"Art of War":14,"PureWater":0,"FossilizedHelix":16,"Unceasing Top":20},{"Potion Belt":17,"Lantern":48,"Gremlin Horn":48,"SacredBark":32,"Blue Candle":68,"Yang":45,"Mango":63,"The Courier":14,"Pen Nib":14,"White Beast Statue":63,"Frozen Eye":37,"Anchor":63,"Bird Faced Urn":85,"Pandora\u0027s Box":0,"Tiny Chest":22,"VioletLotus":56,"Art of War":40,"PureWater":0,"FossilizedHelix":48,"Unceasing Top":63}],"Unceasing Top":[1]},"card_choices":[{"not_picked":["CrushJoints","Prostrate"],"picked":"ThirdEye","floor":1.0},{"not_picked":["Indignation","Consecrate"],"picked":"FlurryOfBlows","floor":2.0},{"not_picked":["Halt","PathToVictory"],"picked":"Wallop","floor":3.0},{"not_picked":["ThirdEye","Conclude"],"picked":"Ragnarok","floor":5.0},{"not_picked":["BattleHymn","Adaptation"],"picked":"FlurryOfBlows","floor":7.0},{"not_picked":["Perseverance","CarveReality"],"picked":"Weave","floor":8.0},{"not_picked":["ForeignInfluence","BattleHymn"],"picked":"MentalFortress","floor":10.0},{"not_picked":["PathToVictory","Prostrate"],"picked":"BowlingBash","floor":12.0},{"not_picked":["Evaluate","CrushJoints"],"picked":"Ragnarok","floor":13.0},{"not_picked":["Evaluate","Swivel"],"picked":"CutThroughFate","floor":14.0},{"not_picked":["Alpha","Ragnarok"],"picked":"Vault","floor":16.0},{"not_picked":["SashWhip","ClearTheMind"],"picked":"Consecrate","floor":18.0},{"not_picked":["WaveOfTheHand","Prostrate"],"picked":"Protect","floor":19.0},{"not_picked":["WheelKick","JustLucky"],"picked":"Blasphemy","floor":24.0},{"not_picked":["WaveOfTheHand","ClearTheMind"],"picked":"Wallop+1","floor":25.0},{"not_picked":["BattleHymn","Sanctity"],"picked":"Fasting2","floor":27.0},{"not_picked":["Tantrum+1","Evaluate"],"picked":"TalkToTheHand","floor":31.0},{"not_picked":["Judgement","LessonLearned"],"picked":"Ragnarok","floor":33.0},{"not_picked":["Pray","Perseverance"],"picked":"MentalFortress","floor":35.0},{"not_picked":["FlurryOfBlows","SashWhip"],"picked":"ThirdEye","floor":36.0},{"not_picked":["Evaluate","CarveReality","SignatureMove"],"picked":"SKIP","floor":40.0},{"not_picked":["Evaluate","CarveReality","SignatureMove"],"picked":"SKIP","floor":40.0},{"not_picked":["Evaluate","CarveReality","SignatureMove"],"picked":"SKIP","floor":40.0},{"not_picked":["Crescendo","FlyingSleeves"],"picked":"Consecrate","floor":42.0},{"not_picked":["Crescendo","Study","Prostrate"],"picked":"SKIP","floor":45.0},{"not_picked":["CarveReality","Study+1"],"picked":"DevaForm","floor":46.0},{"not_picked":["BowlingBash","FollowUp","WheelKick"],"picked":"SKIP","floor":47},{"not_picked":["Consecrate","EmptyBody","Prostrate+1"],"picked":"SKIP","floor":48}],"player_experience":1144192,"relics_obtained":[{"floor":8.0,"key":"The Courier"},{"floor":9.0,"key":"Pen Nib"},{"floor":10.0,"key":"Potion Belt"},{"floor":13.0,"key":"Tiny Chest"},{"floor":24.0,"key":"Art of War"},{"floor":26.0,"key":"Yang"},{"floor":27.0,"key":"Lantern"},{"floor":30.0,"key":"Gremlin Horn"},{"floor":36.0,"key":"Unceasing Top"},{"floor":39.0,"key":"Mango"},{"floor":40.0,"key":"Blue Candle"},{"floor":46.0,"key":"Bird Faced Urn"}],"event_choices":[{"damage_healed":0.0,"max_hp_gain":0.0,"max_hp_loss":0.0,"gold_gain":0.0,"event_name":"Liars Game","player_choice":"Ignored","floor":4.0,"gold_loss":0.0,"damage_taken":0.0},{"damage_healed":0.0,"max_hp_gain":0.0,"max_hp_loss":0.0,"gold_gain":275.0,"event_name":"Golden Shrine","player_choice":"Desecrate","floor":11.0,"gold_loss":0.0,"damage_taken":0.0,"cards_obtained":["Regret"]},{"damage_healed":0.0,"max_hp_gain":0.0,"max_hp_loss":0.0,"gold_gain":0.0,"event_name":"Vampires","player_choice":"Ignored","floor":20.0,"gold_loss":0.0,"damage_taken":0.0},{"damage_healed":0.0,"max_hp_gain":0.0,"max_hp_loss":0.0,"gold_gain":0.0,"event_name":"Drug Dealer","player_choice":"Obtain J.A.X.","floor":21.0,"gold_loss":0.0,"damage_taken":0.0,"cards_obtained":["J.A.X."]},{"damage_healed":0.0,"max_hp_gain":0.0,"max_hp_loss":0.0,"gold_gain":0.0,"event_name":"Addict","player_choice":"Obtained Relic","floor":28.0,"gold_loss":85.0,"damage_taken":0.0,"relics_obtained":["FossilizedHelix"]},{"damage_healed":0.0,"max_hp_gain":0.0,"max_hp_loss":0.0,"gold_gain":0.0,"event_name":"Mysterious Sphere","player_choice":"Fight","floor":36.0,"gold_loss":0.0,"damage_taken":0.0},{"cards_removed":["Fasting2"],"damage_healed":45.0,"max_hp_gain":0.0,"max_hp_loss":0.0,"gold_gain":0.0,"event_name":"Bonfire Elementals","player_choice":"Offered Uncommon","floor":38.0,"gold_loss":0.0,"damage_taken":0.0}],"is_beta":false,"boss_relics":[{"not_picked":["Empty Cage","Ectoplasm"],"picked":"SacredBark"},{"not_picked":["Calling Bell","Runic Pyramid"],"picked":"VioletLotus"}],"items_purged_floors":[22],"is_endless":false,"potions_floor_spawned":[7,8,10,12,13,19,27,35,40,42,45,46,47,48],"killed_by":"Time Eater","ascension_level":20}}