{"host":"91blwi3hgehj6ch9","time":1613419694,"event":{"mods":["2.2 Compatiblity","AchievementEnabler","BaseMod","Colored Map","DeckTracker","Keyboard Shortcuts","Minty Spire (QoL Compilation)","Permanent Neow","StSLib","SuperFastMode","everything is the same but u backflip on backflip"],"gold_per_floor":[11,11,11,28,42,42,42,42,117,131,142,13,13,33,33,33,33],"floor_reached":16,"language":"KOR","playtime":467,"items_purged":["Strike_P"],"score":166,"play_id":"1d0fb279-70d2-4f8b-8f6f-79c1adf0f407","local_time":"20210216050814","is_ascension_mode":true,"campfire_choices":[{"data":"Adaptation","floor":6.0,"key":"SMITH"},{"floor":13.0,"key":"REST"},{"floor":15.0,"key":"REST"}],"circlet_count":0,"master_deck":["AscendersBane","Strike_P","Defend_P","Defend_P+1","Eruption+1","Vigilance","Adaptation+1","Evaluate","Halt","SashWhip","FollowUp","Protect"],"relics":["PureWater","Gremlin Horn"],"acts_visited":["Exordium"],"potions_floor_usage":[],"damage_taken":[{"damage":8.0,"enemies":"Small Slimes","floor":1.0,"turns":5.0},{"damage":0.0,"enemies":"2 Louse","floor":4.0,"turns":3.0},{"damage":0.0,"enemies":"Cultist","floor":5.0,"turns":3.0},{"damage":12.0,"enemies":"Exordium Wildlife","floor":10.0,"turns":4.0},{"damage":0.0,"enemies":"3 Louse","floor":11.0,"turns":3.0},{"damage":0.0,"enemies":"Exordium Thugs","floor":14.0,"turns":3.0},{"damage":59,"enemies":"Hexaghost","floor":16,"turns":11}],"seed_played":"4880839696327976556","potions_obtained":[{"floor":1.0,"key":"SteroidPotion"},{"floor":10.0,"key":"Strength Potion"}],"is_trial":false,"path_per_floor":["M","?","?","M","M","R","$","?","T","M","M","$","R","M","R","B"],"character_chosen":"WATCHER","items_purchased":["FollowUp"],"campfire_rested":2,"item_purchase_floors":[12],"current_hp_per_floor":[53,53,33,33,33,33,33,26,26,14,14,14,34,34,54,0,0],"gold":33,"neow_bonus":"REMOVE_TWO","is_daily":false,"chose_seed":false,"campfire_upgraded":1,"win_rate":0.0,"timestamp":1613419694,"path_taken":["M","?","?","M","M","R","$","?","T","M","M","?","R","M","R","BOSS"],"items_purchased_type":["Card"],"build_version":"2020-12-22","purchased_purges":1,"victory":false,"max_hp_per_floor":[68,68,68,68,68,68,68,68,68,68,68,68,68,68,68,68,68],"card_choices":[{"not_picked":["Wireheading","CrushJoints"],"picked":"Adaptation","floor":1.0},{"not_picked":["EmptyMind","Protect"],"picked":"Evaluate","floor":4.0},{"not_picked":["Weave","WheelKick"],"picked":"Halt","floor":5.0},{"not_picked":["WheelKick","FollowUp"],"picked":"SashWhip","floor":10.0},{"not_picked":["ThirdEye","WindmillStrike","Halt"],"picked":"SKIP","floor":11.0},{"not_picked":["Worship","DeusExMachina"],"picked":"Protect","floor":14.0}],"player_experience":269554,"relics_obtained":[{"floor":9.0,"key":"Gremlin Horn"}],"event_choices":[{"cards_removed":["Defend_P"],"damage_healed":0.0,"max_hp_gain":0.0,"max_hp_loss":0.0,"gold_gain":0.0,"event_name":"Living Wall","player_choice":"Forget","floor":2.0,"gold_loss":0.0,"damage_taken":0.0},{"damage_healed":0.0,"max_hp_gain":0.0,"max_hp_loss":0.0,"gold_gain":0.0,"event_name":"Shining Light","player_choice":"Entered Light","floor":3.0,"gold_loss":0.0,"damage_taken":20.0,"cards_upgraded":["Defend_P","Eruption"]},{"cards_removed":["Strike_P"],"damage_healed":0.0,"max_hp_gain":0.0,"max_hp_loss":0.0,"gold_gain":0.0,"event_name":"Golden Wing","player_choice":"Card Removal","floor":8.0,"gold_loss":0.0,"damage_taken":7.0}],"is_beta":false,"boss_relics":[],"items_purged_floors":[12],"is_endless":false,"potions_floor_spawned":[1,10],"killed_by":"Hexaghost","ascension_level":16}}