{"host":"c64dsqyrqv0ei9yn","time":1613432882,"event":{"mods":["BaseMod","Bestiary","Colored Map","LagranYue(ùfäiòNÅEåé)","Minty Spire (QoL Compilation)","Prisma Mod","Random Character Button","StSLib","The Alterego","The Saiyan","The Servant 0.9.4","The Wild Card"],"gold_per_floor":[117,132,152,152,10,10,10,25,25,40,40,40,40,40,40,135,135,146,160,8,8,26,26,42,42,69,101,101,101,129,141,141,141,141],"floor_reached":33,"language":"ENG","playtime":2111,"items_purged":["theWildCard:BasicStrike"],"score":325,"play_id":"1b91404d-1ec8-4b72-9cb5-cf2e08faf806","local_time":"20210215234802","is_ascension_mode":false,"campfire_choices":[{"data":"theWildCard:AllOutAttack","floor":6,"key":"SMITH"},{"data":"theWildCard:Providence","floor":12,"key":"SMITH"},{"data":"theWildCard:ArchaicAssault","floor":15,"key":"SMITH"},{"floor":23,"key":"REST"},{"floor":25,"key":"REST"},{"floor":28,"key":"REST"},{"floor":32,"key":"REST"}],"circlet_count":0,"master_deck":["theWildCard:BasicStrike","theWildCard:BasicStrike","theWildCard:BasicStrike","theWildCard:BasicDefend","theWildCard:BasicDefend","theWildCard:BasicDefend","theWildCard:BasicDefend","theWildCard:CallToAdventure","theWildCard:Arsene","theWildCard:ArcaneArts","theWildCard:ArchaicAssault+1","theWildCard:Michael","theWildCard:AllOutAttack+1","theWildCard:MaskChange","theWildCard:Providence+1","theWildCard:FinalHour","theWildCard:MaskChange+1","theWildCard:Patience","theWildCard:PowerOfTheArcana","theWildCard:Patience","theWildCard:MagicMettle","theWildCard:IdentityTheft+1","theWildCard:StalwartBlade+1","theWildCard:SeveringSlash"],"relics":["theWildCard:VelvetContract","HornCleat","SlaversCollar","Vajra","Bottled Tornado","Omamori"],"acts_visited":["Exordium","TheCity"],"potions_floor_usage":[33,33],"damage_taken":[{"damage":3,"enemies":"Cultist","floor":1,"turns":4},{"damage":0,"enemies":"2 Louse","floor":2,"turns":1},{"damage":0,"enemies":"Small Slimes","floor":3,"turns":2},{"damage":13,"enemies":"Blue Slaver","floor":8,"turns":3},{"damage":0,"enemies":"Exordium Thugs","floor":10,"turns":2},{"damage":0,"enemies":"Slime Boss","floor":16,"turns":7},{"damage":5,"enemies":"Chosen","floor":18,"turns":4},{"damage":8,"enemies":"Spheric Guardian","floor":19,"turns":3},{"damage":22,"enemies":"Cultist and Chosen","floor":22,"turns":6},{"damage":36,"enemies":"Snecko","floor":24,"turns":9},{"damage":5,"enemies":"Slavers","floor":27,"turns":5},{"damage":7,"enemies":"Book of Stabbing","floor":30,"turns":5},{"damage":25,"enemies":"Shelled Parasite and Fungi","floor":31,"turns":7},{"damage":51,"enemies":"Champ","floor":33,"turns":8}],"seed_played":"5586102886495236499","potions_obtained":[{"floor":8,"key":"SneckoOil"},{"floor":10,"key":"EssenceOfSteel"},{"floor":16,"key":"Dexterity Potion"}],"is_trial":false,"path_per_floor":["M","M","M","?","$","R","?","M","T","M","$","R","?","$","R","B",null,"M","M","$","?","M","R","M","R","T","E","R","?","E","M","R","B"],"character_chosen":"THE_WILD_CARD","items_purchased":["theWildCard:AllOutAttack","theWildCard:PowerOfTheArcana"],"campfire_rested":4,"item_purchase_floors":[5,20],"current_hp_per_floor":[63,63,63,63,63,63,63,50,50,50,50,50,50,50,50,54,66,61,55,55,43,23,44,12,33,33,30,51,51,48,25,46,0,0],"gold":141,"neow_bonus":"TEN_PERCENT_HP_BONUS","is_daily":false,"chose_seed":false,"campfire_upgraded":3,"win_rate":0.0,"timestamp":1613432882,"path_taken":["M","M","M","?","$","R","?","M","T","M","$","R","?","$","R","BOSS","M","M","$","?","M","R","M","R","T","E","R","?","E","?","R","BOSS"],"items_purchased_type":["Card","Card"],"build_version":"2020-12-22","purchased_purges":1,"victory":false,"max_hp_per_floor":[66,66,66,66,66,66,66,66,66,66,66,66,66,66,66,66,66,66,66,66,71,71,71,71,71,71,71,71,71,71,71,71,71,71],"card_choices":[{"not_picked":["theWildCard:BladeOfGenerations","theWildCard:StalwartBlade"],"picked":"theWildCard:ArcaneArts","floor":1},{"not_picked":["theWildCard:MasterPlan","theWildCard:ArcaneArts"],"picked":"theWildCard:ArchaicAssault","floor":2},{"not_picked":["theWildCard:Alice","theWildCard:MaskChange"],"picked":"theWildCard:Michael","floor":3},{"not_picked":["theWildCard:SeveringSlash","theWildCard:Proficiency"],"picked":"theWildCard:MaskChange","floor":8},{"not_picked":["theWildCard:Metatron","theWildCard:EnergizedStroke"],"picked":"theWildCard:Providence","floor":10},{"not_picked":["theWildCard:Satanael","theWildCard:ChangingDestiny"],"picked":"theWildCard:FinalHour","floor":16},{"not_picked":["theWildCard:Polydeuces+1","theWildCard:BladeOfGenerations"],"picked":"theWildCard:MaskChange+1","floor":18},{"not_picked":["theWildCard:UnderLockAndKey","theWildCard:EnergizedStroke+1"],"picked":"theWildCard:Patience","floor":19},{"not_picked":["theWildCard:Proficiency","theWildCard:Polydeuces"],"picked":"theWildCard:Patience","floor":22},{"not_picked":["theWildCard:PaleRider","theWildCard:LadyLuck"],"picked":"theWildCard:MagicMettle","floor":24},{"not_picked":["theWildCard:SeveringSlash","theWildCard:MaskChange+1"],"picked":"theWildCard:IdentityTheft+1","floor":27},{"not_picked":["theWildCard:Metatron","theWildCard:MagicMettle"],"picked":"theWildCard:StalwartBlade+1","floor":30},{"not_picked":["theWildCard:Impatience","theWildCard:ShieldOfMany"],"picked":"theWildCard:SeveringSlash","floor":31}],"player_experience":72935,"relics_obtained":[{"floor":9,"key":"HornCleat"},{"floor":26,"key":"Vajra"},{"floor":27,"key":"Bottled Tornado"},{"floor":30,"key":"Omamori"}],"event_choices":[{"damage_healed":0,"gold_gain":0,"player_choice":"Ignored","damage_taken":0,"max_hp_gain":0,"max_hp_loss":0,"event_name":"Liars Game","floor":7,"gold_loss":0},{"damage_healed":0,"gold_gain":0,"player_choice":"Searched \u00270\u0027 times","damage_taken":0,"max_hp_gain":0,"max_hp_loss":0,"event_name":"Dead Adventurer","floor":13,"gold_loss":0},{"damage_healed":0,"gold_gain":0,"player_choice":"Shed Blood","damage_taken":17,"max_hp_gain":5,"max_hp_loss":0,"event_name":"Forgotten Altar","floor":21,"gold_loss":0},{"damage_healed":0,"gold_gain":0,"player_choice":"Ignored","damage_taken":0,"max_hp_gain":0,"max_hp_loss":0,"event_name":"NoteForYourself","floor":29,"gold_loss":0}],"is_beta":false,"boss_relics":[{"not_picked":["Black Star","SacredBark"],"picked":"SlaversCollar"}],"items_purged_floors":[20],"is_endless":false,"potions_floor_spawned":[8,10,16,18,19,22],"killed_by":"Champ","ascension_level":0}}