{"host":"brkn0qpuc0c8alxr","time":1613366934,"event":{"mods":["BaseMod","Colored Map","Highlight Path","Minty Spire (QoL Compilation)","StSLib"],"gold_per_floor":[110,122,139,29,46,46,71,71,71,71,106,106,119,119,119,224,224,240,255,255,14,14,44,44,58,58,87,99,126,126,225,225,324,324,338,388,388,407,419,447,457,85,85,36,65,85,85,3,3,3],"floor_reached":51,"language":"ENG","playtime":7161,"items_purged":["Strike_R","Strike_R"],"score":773,"play_id":"a6fefd40-f1c1-4217-821f-a2050920703a","local_time":"20210214232854","is_ascension_mode":false,"campfire_choices":[{"data":"Bash","floor":6,"key":"SMITH"},{"data":"Battle Trance","floor":8,"key":"SMITH"},{"data":"Body Slam","floor":10,"key":"SMITH"},{"data":"Thunderclap","floor":12,"key":"SMITH"},{"data":"Ghostly Armor","floor":15,"key":"SMITH"},{"data":"True Grit","floor":24,"key":"SMITH"},{"data":"Corruption","floor":30,"key":"SMITH"},{"data":"Offering","floor":32,"key":"SMITH"},{"data":"Juggernaut","floor":49,"key":"SMITH"}],"circlet_count":0,"master_deck":["Strike_R","Strike_R","Strike_R","Defend_R","Defend_R","Defend_R","Bash+1","Battle Trance+1","Dropkick","Body Slam+1","Dropkick","Ghostly Armor+1","Thunderclap+1","Burning Pact+1","Juggernaut+1","Seeing Red","True Grit+1","Purity","True Grit","Ghostly","Ghostly","Ghostly+1","Ghostly","Ghostly","Offering+1","Corruption+1","Clash+1","Warcry","Madness"],"relics":["Black Blood","Centennial Puzzle","Kunai","White Beast Statue","MealTicket","Nilry\u0027s Codex","Gremlin Horn","Self Forming Clay","Vajra","War Paint","Snecko Eye","Calipers","Mercury Hourglass","Potion Belt","Sling","Bottled Tornado","Blood Vial"],"acts_visited":["Exordium","TheCity","TheBeyond"],"potions_floor_usage":[16,16,19,27,27,40,41,50,50,50],"damage_taken":[{"damage":6,"enemies":"Cultist","floor":1,"turns":3},{"damage":0,"enemies":"Small Slimes","floor":2,"turns":3},{"damage":6,"enemies":"2 Louse","floor":3,"turns":3},{"damage":0,"enemies":"Large Slime","floor":5,"turns":4},{"damage":6,"enemies":"Gremlin Nob","floor":7,"turns":3},{"damage":6,"enemies":"Lagavulin","floor":11,"turns":5},{"damage":6,"enemies":"Exordium Wildlife","floor":13,"turns":2},{"damage":75,"enemies":"Slime Boss","floor":16,"turns":14},{"damage":10,"enemies":"Shell Parasite","floor":18,"turns":6},{"damage":26,"enemies":"Spheric Guardian","floor":19,"turns":7},{"damage":10,"enemies":"Slavers","floor":23,"turns":9},{"damage":2,"enemies":"Centurion and Healer","floor":25,"turns":8},{"damage":10,"enemies":"Gremlin Leader","floor":27,"turns":5},{"damage":1,"enemies":"Snecko","floor":28,"turns":4},{"damage":11,"enemies":"Slavers","floor":29,"turns":6},{"damage":3,"enemies":"Collector","floor":33,"turns":7},{"damage":2,"enemies":"3 Darklings","floor":35,"turns":5},{"damage":1,"enemies":"Mind Bloom Boss Battle","floor":36,"turns":3},{"damage":1,"enemies":"Orb Walker","floor":38,"turns":3},{"damage":3,"enemies":"3 Darklings","floor":39,"turns":4},{"damage":67,"enemies":"Giant Head","floor":40,"turns":7},{"damage":2,"enemies":"Sphere and 2 Shapes","floor":41,"turns":5},{"damage":4,"enemies":"Nemesis","floor":45,"turns":5},{"damage":1,"enemies":"Spire Growth","floor":46,"turns":4},{"damage":4,"enemies":"Time Eater","floor":50,"turns":5}],"seed_played":"6088492599010999987","potions_obtained":[{"floor":1,"key":"Ancient Potion"},{"floor":7,"key":"Ancient Potion"},{"floor":11,"key":"AttackPotion"},{"floor":13,"key":"LiquidBronze"},{"floor":16,"key":"FairyPotion"},{"floor":18,"key":"Block Potion"},{"floor":19,"key":"Block Potion"},{"floor":23,"key":"Block Potion"},{"floor":27,"key":"SteroidPotion"},{"floor":28,"key":"ElixirPotion"},{"floor":40,"key":"GamblersBrew"},{"floor":41,"key":"AttackPotion"},{"floor":45,"key":"FearPotion"}],"is_trial":false,"path_per_floor":["M","M","M","$","M","R","E","R","T","R","E","R","M","?","R","B",null,"M","M","?","$","?","E","R","M","T","E","M","E","R","?","R","B",null,"M","?","?","M","M","E","M","$","T","$","E","M","?","$","R","B",null],"character_chosen":"IRONCLAD","items_purchased":["Dropkick","Purity","True Grit","Potion Belt","DuplicationPotion","Sling","Strength Potion","Madness"],"campfire_rested":0,"item_purchase_floors":[4,21,21,42,42,42,44,48],"current_hp_per_floor":[80,80,80,80,80,80,80,80,80,80,80,80,80,80,80,11,80,80,66,50,65,40,40,40,40,40,40,40,40,40,40,40,40,40,40,40,40,40,40,24,34,40,40,40,40,40,40,40,40,40],"gold":3,"neow_bonus":"RANDOM_COMMON_RELIC","is_daily":false,"chose_seed":false,"campfire_upgraded":9,"win_rate":0.0,"timestamp":1613366934,"path_taken":["M","?","M","$","M","R","E","R","T","R","E","R","M","?","R","BOSS","M","M","?","$","?","E","R","M","T","E","M","E","R","?","R","BOSS","M","?","?","M","M","E","M","?","T","$","E","M","?","$","R","BOSS"],"items_purchased_type":["Card","Card","Card","Relic","Potion","Relic","Potion","Card"],"build_version":"2020-12-22","purchased_purges":2,"victory":true,"max_hp_per_floor":[80,80,80,80,80,80,80,80,80,80,80,80,80,80,80,80,80,80,80,80,80,40,40,40,40,40,40,40,40,40,40,40,40,40,40,40,40,40,40,40,40,40,40,40,40,40,40,40,40,40],"card_choices":[{"not_picked":["Anger","Clash"],"picked":"Battle Trance","floor":1},{"not_picked":["Rupture","Body Slam"],"picked":"Dropkick","floor":2},{"not_picked":["Pummel","Twin Strike"],"picked":"Body Slam","floor":3},{"not_picked":["Headbutt","Feel No Pain","Twin Strike"],"picked":"SKIP","floor":5},{"not_picked":["Feel No Pain","Searing Blow"],"picked":"Ghostly Armor","floor":7},{"not_picked":["Inflame","Rage"],"picked":"Thunderclap","floor":11},{"not_picked":["Juggernaut","Flex"],"picked":"Burning Pact","floor":13},{"not_picked":["Barricade","Limit Break"],"picked":"Juggernaut","floor":16},{"not_picked":["Heavy Blade","Thunderclap"],"picked":"Seeing Red","floor":18},{"not_picked":["Rampage","Offering"],"picked":"True Grit","floor":19},{"not_picked":["Carnage","Twin Strike+1"],"picked":"Offering","floor":23},{"not_picked":["Reckless Charge+1","Burning Pact+1","Rupture"],"picked":"SKIP","floor":25},{"not_picked":["Body Slam","Impervious"],"picked":"Corruption","floor":27},{"not_picked":["Flex","Blood for Blood","Clash"],"picked":"SKIP","floor":28},{"not_picked":["Whirlwind+1","Combust","Bludgeon"],"picked":"SKIP","floor":29},{"not_picked":["Whirlwind+1","Combust","Bludgeon"],"picked":"SKIP","floor":29},{"not_picked":["Warcry","Rampage","Flex"],"picked":"SKIP","floor":35},{"not_picked":["Armaments","Uppercut+1","Pommel Strike+1"],"picked":"SKIP","floor":38},{"not_picked":["Combust+1","Entrench","Blood for Blood+1"],"picked":"SKIP","floor":39},{"not_picked":["Fire Breathing","Heavy Blade+1","Iron Wave+1"],"picked":"SKIP","floor":40},{"not_picked":["Headbutt+1","True Grit+1"],"picked":"Clash+1","floor":41},{"not_picked":["Iron Wave+1","Corruption"],"picked":"Warcry","floor":45},{"not_picked":["Thunderclap","Dropkick+1","Pommel Strike"],"picked":"SKIP","floor":46}],"player_experience":23654,"relics_obtained":[{"floor":7,"key":"Kunai"},{"floor":9,"key":"White Beast Statue"},{"floor":11,"key":"MealTicket"},{"floor":20,"key":"Nilry\u0027s Codex"},{"floor":23,"key":"Gremlin Horn"},{"floor":26,"key":"Self Forming Clay"},{"floor":27,"key":"Vajra"},{"floor":29,"key":"War Paint"},{"floor":36,"key":"Calipers"},{"floor":40,"key":"Mercury Hourglass"},{"floor":43,"key":"Bottled Tornado"},{"floor":45,"key":"Blood Vial"}],"event_choices":[{"damage_healed":0,"gold_gain":0,"player_choice":"Grow","damage_taken":0,"max_hp_gain":0,"max_hp_loss":0,"event_name":"Living Wall","floor":14,"gold_loss":0,"cards_upgraded":["Burning Pact"]},{"damage_healed":0,"gold_gain":0,"player_choice":"Obtained Book","damage_taken":16,"max_hp_gain":0,"max_hp_loss":0,"event_name":"Cursed Tome","floor":20,"gold_loss":0},{"damage_healed":0,"gold_gain":0,"player_choice":"Became a Ghost","damage_taken":0,"max_hp_gain":0,"max_hp_loss":40,"event_name":"Ghosts","floor":22,"gold_loss":0,"cards_obtained":["Ghostly","Ghostly","Ghostly","Ghostly","Ghostly"]},{"damage_healed":0,"gold_gain":99,"player_choice":"Stole From Cult","damage_taken":0,"max_hp_gain":0,"max_hp_loss":0,"event_name":"Nest","floor":31,"gold_loss":0},{"damage_healed":0,"gold_gain":0,"player_choice":"Fight","damage_taken":0,"max_hp_gain":0,"max_hp_loss":0,"event_name":"MindBloom","floor":36,"gold_loss":0},{"cards_removed":["Defend_R"],"damage_healed":0,"gold_gain":0,"player_choice":"Removed Skill","damage_taken":0,"max_hp_gain":0,"max_hp_loss":0,"event_name":"Falling","floor":37,"gold_loss":0},{"damage_healed":0,"gold_gain":0,"player_choice":"Ignored","damage_taken":0,"max_hp_gain":0,"max_hp_loss":0,"event_name":"Tomb of Lord Red Mask","floor":47,"gold_loss":0}],"is_beta":false,"boss_relics":[{"not_picked":["Velvet Choker","Astrolabe"],"picked":"Black Blood"},{"not_picked":["Calling Bell","Mark of Pain"],"picked":"Snecko Eye"}],"items_purged_floors":[4,21],"is_endless":false,"potions_floor_spawned":[1,7,11,13,16,18,19,23,25,27,28,29,33,35,36,38,39,40,41,45,46],"ascension_level":0}}