{"host":"2qgcsivoxob3ugky","time":1613374546,"event":{"mods":["BaseMod","Downfall","Googly Eyes","Hermit","Marisa????????","Minty Spire (QoL Compilation)","StSLib","The Animator","The Cursed"],"gold_per_floor":[0,0,0,0,17,17,41,54,87,26,51,51,63,79,99,195,245,145,161,161,179,196,196,196,222,242,269,289,289,301,312,324,324,324,324],"floor_reached":33,"language":"ENG","playtime":3469,"items_purged":[],"score":301,"play_id":"893f7ddd-724f-479c-98e9-eadcc014c9e9","local_time":"20210215013546","is_ascension_mode":false,"campfire_choices":[{"data":"Guardian:TwinSlam","floor":1,"key":"SMITH"},{"data":"Guardian:CurlUp","floor":6,"key":"SMITH"},{"data":"Guardian:DecasProtection","floor":12,"key":"SMITH"},{"data":"Guardian:TimeSifter","floor":18,"key":"SMITH"},{"floor":29,"key":"REST"}],"circlet_count":0,"master_deck":["Guardian:Strike_Guardian","Guardian:Strike_Guardian","Guardian:Strike_Guardian","Guardian:Defend_Guardian","Guardian:Defend_Guardian","Guardian:Defend_Guardian","Guardian:Defend_Guardian","Guardian:CurlUp+1","Guardian:TwinSlam+1","Guardian:Reroute+1","Guardian:PiercingHide","Guardian:DecasProtection+1","Guardian:RollAttack","Guardian:Recover","Guardian:Preprogram","Guardian:Emergency","Guardian:Clone","Guardian:TimeSifter+1","Guardian:EvasiveProtocol","Guardian:Suspension+1","Guardian:Reroute","Guardian:DonusPower","Guardian:TimeBomb"],"relics":["Guardian:ModeShifter","TungstenRod","Blood Vial","MealTicket","Meat on the Bone","Tiny House","downfall:HeartBlessingGreen","Blue Candle","The Courier","Sundial"],"acts_visited":["Exordium","TheCity"],"potions_floor_usage":[19,25,27,28,32,33],"damage_taken":[{"damage":2,"enemies":"downfall:FleeingMerchant","floor":4,"turns":4},{"damage":13,"enemies":"Small Slimes","floor":5,"turns":3},{"damage":5,"enemies":"Jaw Worm","floor":8,"turns":3},{"damage":13,"enemies":"Gremlin Nob","floor":9,"turns":4},{"damage":0,"enemies":"downfall:FleeingMerchant","floor":10,"turns":4},{"damage":8,"enemies":"3 Sentries","floor":11,"turns":5},{"damage":0,"enemies":"Cultist","floor":13,"turns":3},{"damage":0,"enemies":"downfall:LooterAlt","floor":14,"turns":3},{"damage":2,"enemies":"2 Fungi Beasts","floor":15,"turns":4},{"damage":28,"enemies":"WA_ARCHETYPE_RETAIN","floor":16,"turns":9},{"damage":4,"enemies":"Shell Parasite","floor":19,"turns":5},{"damage":10,"enemies":"downfall:LooterAlt2","floor":21,"turns":6},{"damage":8,"enemies":"Chosen and Byrds","floor":22,"turns":6},{"damage":18,"enemies":"Slavers","floor":25,"turns":7},{"damage":7,"enemies":"Snecko","floor":26,"turns":4},{"damage":18,"enemies":"Book of Stabbing","floor":27,"turns":7},{"damage":0,"enemies":"3 Cultists","floor":28,"turns":5},{"damage":4,"enemies":"Shelled Parasite and Fungi","floor":30,"turns":5},{"damage":0,"enemies":"Sentry and Sphere","floor":31,"turns":8},{"damage":26,"enemies":"Cultist and Chosen","floor":32,"turns":6},{"damage":49,"enemies":"SI_MIRROR_ARCHETYPE","floor":33,"turns":12}],"seed_played":"4904107454857363565","potions_obtained":[{"floor":5,"key":"Strength Potion"},{"floor":9,"key":"bronze:BurnAndBuffPotion"},{"floor":13,"key":"Swift Potion"},{"floor":14,"key":"Guardian:DefensiveModePotion"},{"floor":19,"key":"Ancient Potion"},{"floor":20,"key":"BlessingOfTheForge"},{"floor":20,"key":"FearPotion"},{"floor":20,"key":"CultistPotion"},{"floor":26,"key":"DuplicationPotion"},{"floor":27,"key":"Weak Potion"},{"floor":31,"key":"Block Potion"}],"is_trial":false,"path_per_floor":["R","?","?","$","M","R","T","M","E","$","E","R","M","M","M","B",null,"R","M","?","M","M","?","T","E","M","E","M","R","M","M","M","B"],"character_chosen":"GUARDIAN","items_purchased":["Guardian:RollAttack"],"campfire_rested":1,"item_purchase_floors":[10],"current_hp_per_floor":[80,80,80,78,65,65,65,62,51,68,62,62,64,66,66,52,85,85,81,81,73,67,67,67,51,46,42,44,69,67,69,45,0,0,0],"gold":324,"neow_bonus":"ONE_RARE_RELIC","is_daily":false,"chose_seed":false,"campfire_upgraded":4,"win_rate":0.0,"timestamp":1613374546,"path_taken":["R","?","?","$","M","R","T","M","E","$","E","R","M","?","M","BOSS","R","M","?","M","?","?","T","E","M","E","M","R","M","M","M","BOSS"],"items_purchased_type":["Card"],"build_version":"2020-12-22","purchased_purges":0,"victory":false,"max_hp_per_floor":[80,80,80,80,80,80,80,80,80,80,80,80,80,80,80,80,85,85,85,85,85,85,85,85,85,85,85,85,85,85,85,85,85,85,85],"card_choices":[{"not_picked":["Guardian:CrystalBeam","Guardian:ChargeCore"],"picked":"Guardian:Reroute","floor":4},{"not_picked":["Guardian:Gem_Cyan","Guardian:CrystalBeam"],"picked":"Guardian:Gem_Fragmented","floor":5},{"not_picked":["Guardian:BronzeArmor","Guardian:Gem_Red"],"picked":"Guardian:PiercingHide","floor":8},{"not_picked":["Guardian:Incinerate","Guardian:Gem_Yellow"],"picked":"Guardian:Gem_Synthetic","floor":9},{"not_picked":["Guardian:ShieldCharger","Guardian:PrimingBeam"],"picked":"Guardian:DecasProtection","floor":10},{"not_picked":["Guardian:ShieldCharger","Guardian:Gem_Lightblue"],"picked":"Guardian:Recover","floor":11},{"not_picked":["Guardian:ShieldCharger","Guardian:PolyBeam"],"picked":"Guardian:Preprogram","floor":13},{"not_picked":["Guardian:Gem_Blue","Guardian:TemporalShield"],"picked":"Guardian:Emergency","floor":14},{"not_picked":["Guardian:Gem_Red","Guardian:Incinerate"],"picked":"Guardian:Clone","floor":15},{"not_picked":["Guardian:HyperBeam_Guardian","Guardian:StasisStrike"],"picked":"Guardian:TimeSifter","floor":16},{"not_picked":["Guardian:RollAttack","Guardian:Reroute"],"picked":"Guardian:Gem_White","floor":17},{"not_picked":["Guardian:Repulse","Guardian:PrismaticBarrier"],"picked":"Guardian:EvasiveProtocol","floor":19},{"not_picked":["Guardian:PrimingBeam","Guardian:Repulse+1"],"picked":"Guardian:Suspension+1","floor":21},{"not_picked":["Guardian:Suspension","Guardian:ChargeCore","Guardian:ShieldCharger+1"],"picked":"SKIP","floor":22},{"not_picked":["Guardian:Recover+1","Guardian:TimeCapacitor"],"picked":"Guardian:Reroute","floor":25},{"not_picked":["Guardian:ArmoredProtocol","Guardian:RollAttack"],"picked":"Guardian:Gem_Red","floor":26},{"not_picked":["Guardian:PrismaticBeam","Guardian:WalkerClaw+1","Guardian:Emergency+1"],"picked":"SKIP","floor":27},{"not_picked":["Guardian:Reroute","Guardian:Planning"],"picked":"Guardian:Gem_Blue","floor":28},{"not_picked":["Guardian:Gem_Cyan","Guardian:RefractedBeam+1"],"picked":"Guardian:DonusPower","floor":30},{"not_picked":["Guardian:Incinerate","Guardian:Gem_Green"],"picked":"Guardian:TimeBomb","floor":31},{"not_picked":["Guardian:BronzeArmor","Guardian:VentSteam","Guardian:HyperBeam_Guardian"],"picked":"SKIP","floor":32}],"player_experience":306189,"relics_obtained":[{"floor":7,"key":"Blood Vial"},{"floor":9,"key":"MealTicket"},{"floor":11,"key":"Meat on the Bone"},{"floor":24,"key":"Blue Candle"},{"floor":25,"key":"The Courier"},{"floor":27,"key":"Sundial"}],"event_choices":[{"damage_healed":0,"gold_gain":0,"player_choice":"Got Potions","damage_taken":0,"max_hp_gain":0,"max_hp_loss":0,"event_name":"Lab","floor":20,"gold_loss":0}],"is_beta":false,"boss_relics":[{"not_picked":["Runic Dome","Cursed Key"],"picked":"Tiny House"}],"items_purged_floors":[],"is_endless":false,"potions_floor_spawned":[5,9,13,14,19,26,27,31],"killed_by":"SI_MIRROR_ARCHETYPE","ascension_level":0}}