{"host":"3r9u2c9oj5ro3nbj","time":1613388922,"event":{"mods":["BaseMod","Minty Spire (QoL Compilation)","The Druid","The Servant 0.9.4"],"gold_per_floor":[119,119,130,146,164,164,198,218,218,218,234,252,101,101,101,198,198,212,225,236,0,0,0,30,30,56,87,87,47,58,75,75,75,75],"floor_reached":33,"language":"ENG","playtime":946,"items_purged":[],"score":473,"play_id":"8a7a8b67-5e7b-4d32-9ac3-f69c3ff92c7b","local_time":"20210215113522","is_ascension_mode":true,"campfire_choices":[{"data":"Uppercut","floor":6,"key":"SMITH"},{"data":"Twin Strike","floor":10,"key":"SMITH"},{"floor":15,"key":"REST"},{"floor":23,"key":"REST"},{"floor":25,"key":"REST"},{"floor":32,"key":"REST"}],"circlet_count":0,"master_deck":["AscendersBane","Defend_R","Defend_R+1","Defend_R+1","Bash","Uppercut+1","Headbutt","Anger","Cleave","Twin Strike+1","Flex+1","True Grit","Limit Break","Shrug It Off","Burning Pact+1","Hemokinesis+1","Inflame","Bite+1","Bite","Bite","Bite","Bite","Exhume","Rupture+1","Writhe","Inflame","Feel No Pain+1"],"relics":["Burning Blood","MealTicket","Vajra","Velvet Choker","War Paint","Gremlin Horn","Ancient Tea Set","HornCleat","Blue Candle"],"acts_visited":["Exordium","TheCity"],"potions_floor_usage":[27,27,31,33],"damage_taken":[{"damage":9,"enemies":"Jaw Worm","floor":1,"turns":3},{"damage":4,"enemies":"Cultist","floor":3,"turns":3},{"damage":11,"enemies":"Small Slimes","floor":4,"turns":2},{"damage":12,"enemies":"Blue Slaver","floor":5,"turns":3},{"damage":15,"enemies":"Gremlin Nob","floor":7,"turns":4},{"damage":6,"enemies":"3 Louse","floor":8,"turns":3},{"damage":15,"enemies":"Lots of Slimes","floor":11,"turns":3},{"damage":8,"enemies":"Blue Slaver","floor":12,"turns":2},{"damage":45,"enemies":"The Guardian","floor":16,"turns":8},{"damage":20,"enemies":"Shell Parasite","floor":18,"turns":4},{"damage":7,"enemies":"3 Byrds","floor":19,"turns":4},{"damage":46,"enemies":"Centurion and Healer","floor":20,"turns":4},{"damage":31,"enemies":"Book of Stabbing","floor":24,"turns":4},{"damage":31,"enemies":"Slavers","floor":27,"turns":4},{"damage":12,"enemies":"Snecko","floor":30,"turns":4},{"damage":0,"enemies":"Snake Plant","floor":31,"turns":2},{"damage":79,"enemies":"Automaton","floor":33,"turns":6}],"seed_played":"3798913605396228134","potions_obtained":[{"floor":4,"key":"Swift Potion"},{"floor":5,"key":"ElixirPotion"},{"floor":7,"key":"BlessingOfTheForge"},{"floor":27,"key":"Explosive Potion"},{"floor":31,"key":"GamblersBrew"}],"is_trial":false,"path_per_floor":["M","?","M","M","M","R","E","M","T","R","M","M","$","?","R","B",null,"M","M","M","$","?","R","E","R","T","E","?","?","M","M","R","B"],"character_chosen":"IRONCLAD","items_purchased":["Vajra","Inflame","War Paint"],"campfire_rested":4,"item_purchase_floors":[13,21,21],"current_hp_per_floor":[69,80,80,75,69,69,60,60,60,60,51,49,64,48,72,33,68,54,53,13,28,28,44,27,43,43,30,30,30,29,39,55,0,0],"gold":75,"neow_bonus":"TRANSFORM_CARD","is_daily":false,"chose_seed":false,"campfire_upgraded":2,"win_rate":0.0,"timestamp":1613388922,"path_taken":["M","?","?","M","?","R","E","M","T","R","M","M","$","?","R","BOSS","M","M","M","$","?","R","E","R","T","E","?","?","M","M","R","BOSS"],"items_purchased_type":["Relic","Card","Relic"],"build_version":"2020-12-22","purchased_purges":0,"victory":false,"max_hp_per_floor":[80,80,80,80,80,80,80,80,80,80,80,80,80,80,80,80,80,80,80,80,80,56,56,56,56,56,56,56,56,56,56,56,56,56],"card_choices":[{"not_picked":["Havoc","Perfected Strike"],"picked":"Shockwave","floor":1},{"not_picked":["Rupture","Bloodletting"],"picked":"Headbutt","floor":3},{"not_picked":["Armaments","Havoc"],"picked":"Anger","floor":4},{"not_picked":["Juggernaut","Headbutt"],"picked":"Cleave","floor":5},{"not_picked":["Rage","Power Through"],"picked":"Twin Strike","floor":7},{"not_picked":["Sever Soul","Reckless Charge","Second Wind"],"picked":"SKIP","floor":8},{"not_picked":["Twin Strike","Wild Strike"],"picked":"Flex","floor":11},{"not_picked":["Uppercut","Body Slam"],"picked":"True Grit","floor":12},{"not_picked":["Impervious","Brutality"],"picked":"Limit Break","floor":16},{"not_picked":["Havoc","Twin Strike"],"picked":"Shrug It Off","floor":18},{"not_picked":["Perfected Strike","Clothesline"],"picked":"Burning Pact","floor":19},{"not_picked":["Clash+1","Dark Embrace"],"picked":"Hemokinesis+1","floor":20},{"not_picked":["Thunderclap+1","Perfected Strike"],"picked":"Exhume","floor":24},{"not_picked":["Warcry","Sword Boomerang"],"picked":"Rupture","floor":27},{"not_picked":["Iron Wave","Sword Boomerang"],"picked":"Inflame","floor":30},{"not_picked":["Thunderclap","Armaments"],"picked":"Feel No Pain+1","floor":31}],"player_experience":780687,"relics_obtained":[{"floor":7,"key":"MealTicket"},{"floor":24,"key":"Gremlin Horn"},{"floor":26,"key":"Ancient Tea Set"},{"floor":27,"key":"HornCleat"}],"event_choices":[{"cards_removed":["Shockwave"],"damage_healed":11,"gold_gain":0,"player_choice":"Offered Uncommon","damage_taken":0,"max_hp_gain":0,"max_hp_loss":0,"event_name":"Bonfire Elementals","floor":2,"gold_loss":0},{"damage_healed":0,"gold_gain":0,"player_choice":"Entered Light","damage_taken":16,"max_hp_gain":0,"max_hp_loss":0,"event_name":"Shining Light","floor":14,"gold_loss":0,"cards_upgraded":["Defend_R","Flex"]},{"damage_healed":0,"gold_gain":0,"player_choice":"Became a vampire","damage_taken":0,"max_hp_gain":0,"max_hp_loss":24,"event_name":"Vampires","floor":22,"gold_loss":0,"cards_obtained":["Bite","Bite","Bite","Bite","Bite"]},{"damage_healed":0,"gold_gain":0,"player_choice":"Opened","damage_taken":0,"relics_obtained":["Blue Candle"],"max_hp_gain":0,"max_hp_loss":0,"event_name":"The Mausoleum","floor":28,"gold_loss":0,"cards_obtained":["Writhe"]},{"damage_healed":0,"gold_gain":0,"player_choice":"Upgraded Two","damage_taken":0,"max_hp_gain":0,"max_hp_loss":0,"event_name":"Designer","floor":29,"gold_loss":40,"cards_upgraded":["Rupture","Bite"]}],"is_beta":false,"boss_relics":[{"not_picked":["Black Star","Empty Cage"],"picked":"Velvet Choker"}],"items_purged_floors":[],"is_endless":false,"potions_floor_spawned":[4,5,7,16,19,27,31],"killed_by":"Automaton","ascension_level":11}}