{"host":"6q94iy5iz6612v89","time":1613349287,"event":{"mods":["2.2 Compatiblity","AchievementEnabler","BaseMod","Colored Map","DeckTracker","Keyboard Shortcuts","Minty Spire (QoL Compilation)","Permanent Neow","StSLib","SuperFastMode"],"gold_per_floor":[54,110,150,201,35,35,54,54,80,160,222,244,256,285,297,334,334],"floor_reached":16,"language":"KOR","playtime":370,"items_purged":[],"score":212,"play_id":"9e5fd00c-5b38-4ca8-80e5-f75fc69be875","local_time":"20210215093447","is_ascension_mode":true,"campfire_choices":[{"data":"HandOfGreed","floor":6,"key":"SMITH"},{"floor":8,"key":"REST"},{"floor":13,"key":"REST"},{"data":"Deadly Poison","floor":15,"key":"SMITH"}],"circlet_count":0,"master_deck":["AscendersBane","Strike_G","Strike_G","Strike_G","Strike_G","Strike_G","Defend_G","Defend_G","Defend_G","Defend_G","Defend_G","Survivor","Neutralize","HandOfGreed+1","Deadly Poison+1","Backflip","Leg Sweep","All Out Attack","Dodge and Roll","Poisoned Stab","PiercingWail"],"relics":["Ring of the Snake","Oddly Smooth Stone","MawBank","Strawberry"],"acts_visited":["Exordium"],"potions_floor_usage":[12,16],"damage_taken":[{"damage":7,"enemies":"Small Slimes","floor":1,"turns":4},{"damage":0,"enemies":"2 Louse","floor":2,"turns":5},{"damage":4,"enemies":"Jaw Worm","floor":3,"turns":5},{"damage":27,"enemies":"Gremlin Gang","floor":4,"turns":8},{"damage":7,"enemies":"Blue Slaver","floor":7,"turns":3},{"damage":4,"enemies":"Exordium Wildlife","floor":10,"turns":7},{"damage":22,"enemies":"Lagavulin","floor":11,"turns":7},{"damage":0,"enemies":"3 Louse","floor":12,"turns":2},{"damage":4,"enemies":"Large Slime","floor":14,"turns":4},{"damage":41,"enemies":"Slime Boss","floor":16,"turns":9}],"seed_played":"7369599817444433404","potions_obtained":[{"floor":7,"key":"Ancient Potion"},{"floor":10,"key":"DuplicationPotion"},{"floor":12,"key":"BlessingOfTheForge"}],"is_trial":false,"path_per_floor":["M","M","M","M","$","R","M","R","T","M","E","M","R","M","R","B"],"character_chosen":"THE_SILENT","items_purchased":["Oddly Smooth Stone"],"campfire_rested":2,"item_purchase_floors":[5],"current_hp_per_floor":[52,52,48,21,21,21,14,33,33,29,14,14,35,31,31,0,0],"gold":334,"neow_bonus":"RANDOM_COLORLESS_2","is_daily":false,"chose_seed":false,"campfire_upgraded":2,"win_rate":0.0,"timestamp":1613349287,"path_taken":["M","M","M","M","$","R","M","R","T","M","E","M","R","M","R","BOSS"],"items_purchased_type":["Relic"],"build_version":"2020-12-22","purchased_purges":0,"victory":false,"max_hp_per_floor":[66,66,66,66,66,66,66,66,66,66,73,73,73,73,73,73,73],"card_choices":[{"not_picked":["Secret Technique","Transmutation"],"picked":"HandOfGreed","floor":0},{"not_picked":["Dodge and Roll","Blur"],"picked":"Deadly Poison","floor":1},{"not_picked":["Acrobatics","Flying Knee"],"picked":"Backflip","floor":2},{"not_picked":["Outmaneuver","Backflip"],"picked":"Leg Sweep","floor":3},{"not_picked":["Riddle With Holes","Acrobatics","Flechettes"],"picked":"SKIP","floor":4},{"not_picked":["Finisher","Prepared"],"picked":"All Out Attack","floor":7},{"not_picked":["Poisoned Stab","Deflect","Dodge and Roll"],"picked":"SKIP","floor":10},{"not_picked":["Poisoned Stab","Deflect"],"picked":"Dodge and Roll","floor":10},{"not_picked":["Sucker Punch","Deflect"],"picked":"Poisoned Stab","floor":11},{"not_picked":["Poisoned Stab","Cloak And Dagger","Storm of Steel"],"picked":"SKIP","floor":12},{"not_picked":["Heel Hook","Escape Plan"],"picked":"PiercingWail","floor":14}],"player_experience":1486275,"relics_obtained":[{"floor":9,"key":"MawBank"},{"floor":11,"key":"Strawberry"}],"event_choices":[],"is_beta":false,"boss_relics":[],"items_purged_floors":[],"is_endless":false,"potions_floor_spawned":[7,10,12],"killed_by":"Slime Boss","ascension_level":20}}