{"host":"xp27heuvanyklt0b","time":1613396087,"event":{"mods":["100% Spire Juice","BaseMod","CapriCore","Lobotomy","Minty Spire (QoL Compilation)","Replay The Spire","StSLib","The Immortal"],"gold_per_floor":[119,119,40,40,54,54,84,84,156,156,11,41,69,69,69,186,186,217,242,450,504,429,429,78,106,129,129,35,35,75,174,174,195,195,219,250,250,285,53,86,86,117,193,193,193,221,48,67,67,81],"floor_reached":51,"language":"KOR","playtime":3061,"items_purged":["ReplayTheSpireMod:Doomed"],"score":741,"play_id":"c3b2c9c9-2019-4cbc-b9c8-21aa9d7b67f4","local_time":"20210215223447","is_ascension_mode":false,"campfire_choices":[{"data":"MokouMod:Burn","floor":6,"key":"SMITH"},{"floor":10,"key":"REST"},{"data":"MokouMod:Rebirth","floor":23,"key":"SMITH"},{"data":"Enlightenment","floor":29,"key":"SMITH"},{"floor":32,"key":"REST"},{"data":"MokouMod:PhoenixForm","floor":41,"key":"SMITH"},{"floor":45,"key":"REST"},{"floor":49,"key":"REST"}],"circlet_count":0,"master_deck":["MokouMod:Strike","MokouMod:Strike","MokouMod:Strike","MokouMod:Defend","MokouMod:Defend","MokouMod:Defend","MokouMod:Defend","MokouMod:HeatSpark","MokouMod:Burn+1","MokouMod:GuidingSmoke","MokouMod:Ventilation","MokouMod:IcarusDive","MokouMod:BurningDraft+1","MokouMod:PhoenixForm+1","MokouMod:FlickeringFlame","MokouMod:Ember","MokouMod:Rebirth+1","MokouMod:Afterburner","MokouMod:SearingShot","MokouMod:ControlledCombustion","MokouMod:IgneousBlow+1","MokouMod:IgnitionBarrier","ReplayTheSpireMod:IOU","Enlightenment+1","MokouMod:FusionFlare","MokouMod:SearingBlow","MokouMod:FusionFlare+1","MokouMod:Sear+1","Dark Shackles","MokouMod:Overheat","MokouMod:Firecracker","MokouMod:IgnitionBarrier+1","MokouMod:IgnitionBarrier+1","MokouMod:FlareStarter+1","MokouMod:ImperishableFlame+1","MokouMod:ResoluteFlare+1"],"relics":["MokouMod:PhoenixFeather","Replay:WaspNest","Replay:Bandana","Cursed Key","Happy Flower","Replay:Baseball","Art of War","Bag of Marbles","Orichalcum","SacredBark","Bottled Tornado","Question Card"],"acts_visited":["Exordium","TheCity","TheBeyond"],"potions_floor_usage":[13,30,33,33,36,39,40,40,48,50],"damage_taken":[{"damage":5,"enemies":"Small Slimes","floor":1,"turns":5},{"damage":2,"enemies":"Jaw Worm","floor":5,"turns":5},{"damage":39,"enemies":"3 Sentries","floor":7,"turns":12},{"damage":0,"enemies":"2 Louse","floor":12,"turns":3},{"damage":42,"enemies":"Gremlin Gang","floor":13,"turns":7},{"damage":42,"enemies":"The Guardian","floor":16,"turns":14},{"damage":32,"enemies":"Spheric Guardian","floor":18,"turns":7},{"damage":0,"enemies":"Shell Parasite","floor":19,"turns":5},{"damage":14,"enemies":"3 Cultists","floor":25,"turns":6},{"damage":35,"enemies":"Slavers","floor":30,"turns":6},{"damage":74,"enemies":"Automaton","floor":33,"turns":12},{"damage":7,"enemies":"Orb Walker","floor":35,"turns":3},{"damage":21,"enemies":"3 Darklings","floor":36,"turns":3},{"damage":7,"enemies":"Maw","floor":38,"turns":6},{"damage":71,"enemies":"Nemesis","floor":40,"turns":9},{"damage":28,"enemies":"Transient","floor":42,"turns":5},{"damage":45,"enemies":"Sphere and 2 Shapes","floor":46,"turns":7},{"damage":69,"enemies":"4 Shapes","floor":48,"turns":6},{"damage":63,"enemies":"Awakened One","floor":50,"turns":11}],"seed_played":"2181604312435246064","potions_obtained":[{"floor":7,"key":"Reflective Coating"},{"floor":16,"key":"Swift Potion"},{"floor":18,"key":"Explosive Potion"},{"floor":30,"key":"SpeedPotion"},{"floor":35,"key":"Fire Potion"},{"floor":42,"key":"Regen Potion"},{"floor":46,"key":"Block Potion"}],"is_trial":false,"path_per_floor":["M","?","$","?","M","R","E","?","T","R","$","M","M","?","R","B",null,"M","M","?","T","?","R","$","M","T","?","$","R","E","?","R","B",null,"M","M","?","M","$","E","R","M","T","?","R","M","$","M","R","B",null],"character_chosen":"MKU","items_purchased":["MokouMod:Ventilation","Replay:Bandana","MokouMod:IgneousBlow+1","Replay:Baseball","Art of War","Enlightenment","Fruit Juice","Explosive Potion","SteroidPotion","MokouMod:IgnitionBarrier","SmokeBomb"],"campfire_rested":4,"item_purchase_floors":[3,11,24,24,24,28,39,39,39,39,47],"current_hp_per_floor":[70,70,70,70,68,68,29,29,29,51,51,51,9,9,31,11,75,43,43,43,43,43,43,43,29,29,54,54,54,19,19,41,18,75,68,47,47,40,50,21,21,21,21,21,46,1,1,16,41,3],"gold":89,"neow_bonus":"TRANSFORM_CARD","is_daily":false,"chose_seed":false,"campfire_upgraded":4,"win_rate":0.0,"timestamp":1613396087,"path_taken":["M","?","$","?","M","R","E","?","T","R","$","M","M","?","R","BOSS","M","?","?","?","?","R","?","?","T","?","$","R","E","?","R","BOSS","M","M","?","M","$","E","R","?","T","?","R","M","$","M","R","BOSS"],"items_purchased_type":["Card","Relic","Card","Relic","Relic","Card","Potion","Potion","Potion","Card","Potion"],"build_version":"2020-12-22","purchased_purges":1,"victory":true,"max_hp_per_floor":[75,75,75,75,75,75,75,75,75,75,75,75,75,75,75,75,75,75,75,75,75,75,75,75,75,75,75,75,75,75,75,75,75,75,75,75,75,75,85,85,85,85,85,85,85,85,85,85,85,85],"card_choices":[{"not_picked":["MokouMod:Singe","MokouMod:Combust"],"picked":"MokouMod:GuidingSmoke","floor":1},{"not_picked":["MokouMod:Sear","MokouMod:PhoenixFeathers"],"picked":"MokouMod:IcarusDive","floor":5},{"not_picked":["MokouMod:Firecracker","MokouMod:EnchantingBambooForest"],"picked":"MokouMod:BurningDraft","floor":7},{"not_picked":["MokouMod:FlamingFireTalons","MokouMod:FujiyamaVolcano"],"picked":"MokouMod:FlickeringFlame","floor":12},{"not_picked":["MokouMod:RoaringFlare","MokouMod:Stoke"],"picked":"MokouMod:Ember","floor":13},{"not_picked":["MokouMod:EnchantingBambooForest","MokouMod:HouraiForge"],"picked":"MokouMod:Rebirth","floor":16},{"not_picked":["MokouMod:RoaringFlare","MokouMod:HeatTransfer+1"],"picked":"MokouMod:Afterburner","floor":18},{"not_picked":["MokouMod:FlickeringFlame","MokouMod:Overheat"],"picked":"MokouMod:SearingShot","floor":19},{"not_picked":["MokouMod:RetainTemperature","MokouMod:Trailblazer+1"],"picked":"MokouMod:ControlledCombustion","floor":20},{"not_picked":["MokouMod:Fireball","MokouMod:ScorchedEarth+1"],"picked":"MokouMod:IgnitionBarrier","floor":25},{"not_picked":["MokouMod:Ember","MokouMod:Firecracker"],"picked":"MokouMod:FusionFlare","floor":30},{"not_picked":["MokouMod:PhoenixForm","MokouMod:Rekindle"],"picked":"MokouMod:SearingBlow","floor":33},{"not_picked":["MokouMod:IcarusDive","MokouMod:Ember"],"picked":"MokouMod:FusionFlare+1","floor":35},{"not_picked":["MokouMod:ScorchingColumn+1","MokouMod:Stoke"],"picked":"MokouMod:Sear+1","floor":36},{"not_picked":["MokouMod:UncontrollableSolarReaction+1","MokouMod:InfernalWave"],"picked":"MokouMod:Firecracker","floor":38},{"not_picked":["MokouMod:GuidingSmoke","MokouMod:Firecracker+1"],"picked":"MokouMod:IgnitionBarrier+1","floor":40},{"not_picked":["MokouMod:RoaringFlare+1","MokouMod:WarmUp+1"],"picked":"MokouMod:FlareStarter+1","floor":42},{"not_picked":["MokouMod:Sear+1","MokouMod:InfernalWave+1","MokouMod:HeatTransfer"],"picked":"MokouMod:ImperishableFlame+1","floor":46},{"not_picked":["MokouMod:EternalBurstReactor","MokouMod:Overheat","MokouMod:FujiyamaVolcano+1"],"picked":"MokouMod:ResoluteFlare+1","floor":48}],"player_experience":278798,"relics_obtained":[{"floor":7,"key":"Replay:WaspNest"},{"floor":21,"key":"Happy Flower"},{"floor":26,"key":"Bag of Marbles"},{"floor":30,"key":"Orichalcum"},{"floor":40,"key":"Bottled Tornado"},{"floor":43,"key":"Question Card"}],"event_choices":[{"damage_healed":0,"gold_gain":0,"player_choice":"Ignored","damage_taken":0,"max_hp_gain":0,"max_hp_loss":0,"event_name":"Shining Light","floor":2,"gold_loss":0},{"damage_healed":0,"gold_gain":0,"player_choice":"Leave","damage_taken":0,"max_hp_gain":0,"max_hp_loss":0,"event_name":"The Cleric","floor":4,"gold_loss":0},{"damage_healed":0,"gold_gain":0,"cards_transformed":["MokouMod:Strike"],"player_choice":"Change","damage_taken":0,"max_hp_gain":0,"max_hp_loss":0,"event_name":"Living Wall","floor":8,"gold_loss":0,"cards_obtained":["MokouMod:PhoenixForm"]},{"damage_healed":0,"gold_gain":0,"player_choice":"Leave","damage_taken":0,"max_hp_gain":0,"max_hp_loss":0,"event_name":"FaceTrader","floor":14,"gold_loss":0},{"cards_removed":["Voices"],"damage_healed":0,"gold_gain":0,"player_choice":"Gave Gold","damage_taken":0,"max_hp_gain":0,"max_hp_loss":0,"event_name":"Beggar","floor":22,"gold_loss":75},{"damage_healed":25,"gold_gain":0,"player_choice":"Heal","damage_taken":0,"max_hp_gain":0,"max_hp_loss":0,"event_name":"The Library","floor":27,"gold_loss":0},{"damage_healed":0,"gold_gain":99,"player_choice":"Stole From Cult","damage_taken":0,"max_hp_gain":0,"max_hp_loss":0,"event_name":"Nest","floor":31,"gold_loss":0},{"damage_healed":0,"gold_gain":0,"player_choice":"2 cards matched","damage_taken":0,"max_hp_gain":0,"max_hp_loss":0,"event_name":"Match and Keep!","floor":37,"gold_loss":0,"cards_obtained":["Dark Shackles","MokouMod:Overheat"]},{"damage_healed":0,"gold_gain":0,"player_choice":"Upgraded","damage_taken":0,"max_hp_gain":0,"max_hp_loss":0,"event_name":"Upgrade Shrine","floor":44,"gold_loss":0,"cards_upgraded":["MokouMod:IgnitionBarrier"]}],"is_beta":false,"boss_relics":[{"not_picked":["Astrolabe","Replay:Drink Me"],"picked":"Cursed Key"},{"not_picked":["Replay:Bronze Core","Busted Crown"],"picked":"SacredBark"}],"items_purged_floors":[47],"is_endless":false,"potions_floor_spawned":[7,16,18,30,35,42,46],"ascension_level":0}}