{"host":"b7j598ve05halrwk","time":1613375195,"event":{"mods":["2.2 Compatiblity","BaseMod","Block Reminder","DeckTracker","Minty Spire (QoL Compilation)","Relic Stats","Slay the Relics Exporter","StSLib","ojb\u0027s Better Paths Mod","ojb\u0027s Info Mod"],"gold_per_floor":[115,129,86,33,33,33,66,66,66,66,97,97,112,112,112,112,112],"floor_reached":16,"language":"ENG","playtime":497,"items_purged":[],"score":262,"play_id":"e95e42e1-1aa1-44d7-9ef4-7751325247d1","local_time":"20210215024635","is_ascension_mode":true,"campfire_choices":[{"data":"Streamline","floor":6,"key":"SMITH"},{"data":"Chill","floor":8,"key":"SMITH"},{"data":"Coolheaded","floor":12,"key":"SMITH"},{"data":"Zap","floor":15,"key":"SMITH"}],"circlet_count":0,"master_deck":["AscendersBane","Strike_B","Strike_B","Strike_B","Strike_B","Defend_B","Defend_B","Defend_B","Defend_B","Zap+1","Dualcast","Sweeping Beam","Streamline+1","Self Repair","Chill+1","Coolheaded+1","Self Repair"],"relics":["SacredBark","Golden Idol","InkBottle","Ornamental Fan","Bottled Flame","Question Card"],"acts_visited":["Exordium"],"potions_floor_usage":[7,7,11,16],"damage_taken":[{"damage":1,"enemies":"Cultist","floor":1,"turns":3},{"damage":7,"enemies":"Small Slimes","floor":2,"turns":3},{"damage":8,"enemies":"Gremlin Nob","floor":7,"turns":3},{"damage":0,"enemies":"3 Sentries","floor":11,"turns":5},{"damage":1,"enemies":"2 Louse","floor":13,"turns":3},{"damage":68,"enemies":"Hexaghost","floor":16,"turns":9}],"seed_played":"-657907257862259023","potions_obtained":[{"floor":2,"key":"Swift Potion"},{"floor":7,"key":"SteroidPotion"},{"floor":13,"key":"Explosive Potion"}],"is_trial":false,"path_per_floor":["M","M","$","$","?","R","E","R","T","?","E","R","M","T","R","B"],"character_chosen":"DEFECT","items_purchased":["Self Repair","Explosive Potion"],"campfire_rested":0,"item_purchase_floors":[3,4],"current_hp_per_floor":[63,56,56,56,56,56,48,48,48,64,64,64,64,64,64,0,0],"gold":112,"neow_bonus":"BOSS_RELIC","is_daily":false,"chose_seed":false,"campfire_upgraded":4,"win_rate":0.0,"timestamp":1613375195,"path_taken":["M","M","?","$","?","R","E","R","T","?","E","R","M","?","R","BOSS"],"items_purchased_type":["Card","Potion"],"build_version":"2020-12-22","purchased_purges":0,"victory":false,"max_hp_per_floor":[71,71,71,71,64,64,64,64,64,64,64,64,64,64,64,64,64],"relic_stats":{"counters":[6,26],"Golden Idol":16,"Ornamental Fan":[16],"Question Card":0,"obtain_stats":[{"Bottled Flame":11,"Golden Idol":5,"Ornamental Fan":9,"SacredBark":0,"Cracked Core":0,"Question Card":14,"InkBottle":7},{"Bottled Flame":4,"Golden Idol":2,"Ornamental Fan":3,"SacredBark":0,"Cracked Core":0,"Question Card":5,"InkBottle":3},{"Bottled Flame":14,"Golden Idol":6,"Ornamental Fan":9,"SacredBark":0,"Cracked Core":0,"Question Card":17,"InkBottle":9}],"InkBottle":[4]},"card_choices":[{"not_picked":["Rebound","Reinforced Body"],"picked":"Sweeping Beam","floor":1},{"not_picked":["Leap","Auto Shields"],"picked":"Streamline","floor":2},{"not_picked":["Gash","Buffer"],"picked":"Chill","floor":7},{"not_picked":["Rebound","Scrape"],"picked":"Coolheaded","floor":11},{"not_picked":["Redo","Conserve Battery"],"picked":"Self Repair","floor":13}],"player_experience":1147796,"relics_obtained":[{"floor":7,"key":"InkBottle"},{"floor":9,"key":"Ornamental Fan"},{"floor":11,"key":"Bottled Flame"},{"floor":14,"key":"Question Card"}],"event_choices":[{"damage_healed":0,"gold_gain":0,"player_choice":"Lose Max HP","damage_taken":0,"relics_obtained":["Golden Idol"],"max_hp_gain":0,"max_hp_loss":7,"event_name":"Golden Idol","floor":5,"gold_loss":0},{"damage_healed":21,"gold_gain":0,"player_choice":"Banana","damage_taken":0,"max_hp_gain":0,"max_hp_loss":0,"event_name":"Big Fish","floor":10,"gold_loss":0}],"is_beta":false,"boss_relics":[],"items_purged_floors":[],"is_endless":false,"potions_floor_spawned":[2,7,13],"killed_by":"Hexaghost","ascension_level":20}}