{"host":"y36bp6mnm73x3iob","time":1613416751,"event":{"mods":["2.2 Compatiblity","BaseMod","Bossed Relics","GifTheSpireLib","Hermit","Minty Spire (QoL Compilation)","Reliquary","StSLib"],"gold_per_floor":[114,189,207,207,98,118,153,153,200,215,34,34,34,46,46,147,147,161,174,99,46,61,61,61,76,102,130,146,157,157,157],"floor_reached":30,"language":"ENG","playtime":2357,"items_purged":["Pain"],"score":302,"play_id":"5c20b434-1bda-486d-97be-ec712a7183d4","local_time":"20210215211911","is_ascension_mode":true,"campfire_choices":[{"data":"Well Laid Plans","floor":8,"key":"SMITH"},{"data":"Noxious Fumes","floor":12,"key":"SMITH"},{"data":"Noxious Fumes","floor":15,"key":"SMITH"},{"floor":23,"key":"REST"}],"circlet_count":0,"master_deck":["Strike_G","Strike_G","Strike_G","Strike_G","Defend_G","Defend_G","Defend_G","Defend_G","Defend_G","Survivor","Neutralize","Deadly Poison","Backstab","Calculated Gamble","Well Laid Plans+1","Backflip","Catalyst","Noxious Fumes+1","Noxious Fumes+1","Blur","Deflect","Backflip","Die Die Die","Burst","CurseOfTheBell","Dodge and Roll+1","Deadly Poison","Flechettes","Concentrate+1","Adrenaline","Well Laid Plans","Caltrops"],"relics":["Ring of the Snake","NeowsBlessing","WarpedTongs","reliquary:RoseTintedGlasses","Akabeko","Orrery","Calling Bell","Omamori","InkBottle","Tingsha","CultistMask","reliquary:Knoch","reliquary:TuningFork"],"acts_visited":["Exordium","TheCity"],"potions_floor_usage":[7,18,22,22,29,30,30,30],"damage_taken":[{"damage":0,"enemies":"Small Slimes","floor":1,"turns":1},{"damage":0,"enemies":"2 Louse","floor":3,"turns":1},{"damage":0,"enemies":"Cultist","floor":6,"turns":1},{"damage":14,"enemies":"3 Sentries","floor":7,"turns":9},{"damage":2,"enemies":"Red Slaver","floor":10,"turns":3},{"damage":0,"enemies":"3 Louse","floor":14,"turns":2},{"damage":24,"enemies":"Hexaghost","floor":16,"turns":6},{"damage":20,"enemies":"Shell Parasite","floor":18,"turns":5},{"damage":7,"enemies":"Chosen","floor":19,"turns":4},{"damage":8,"enemies":"Centurion and Healer","floor":22,"turns":6},{"damage":11,"enemies":"Snake Plant","floor":25,"turns":3},{"damage":35,"enemies":"Book of Stabbing","floor":27,"turns":5},{"damage":8,"enemies":"Cultist and Chosen","floor":28,"turns":6},{"damage":0,"enemies":"Centurion and Healer","floor":29,"turns":4},{"damage":3,"enemies":"Slavers","floor":30,"turns":4}],"seed_played":"-4389499878266305399","potions_obtained":[{"floor":3,"key":"Strength Potion"},{"floor":6,"key":"Fire Potion"},{"floor":14,"key":"SpeedPotion"},{"floor":16,"key":"Explosive Potion"},{"floor":18,"key":"Poison Potion"},{"floor":25,"key":"SteroidPotion"},{"floor":27,"key":"Block Potion"},{"floor":29,"key":"GhostInAJar"}],"is_trial":false,"path_per_floor":["M","?","M","?","$","M","E","R","T","M","$","R","$","M","R","B",null,"M","M","?","$","M","R","?","M","T","E","M","M","E"],"character_chosen":"THE_SILENT","items_purchased":["Calculated Gamble","Noxious Fumes","Orrery","Deadly Poison"],"campfire_rested":1,"item_purchase_floors":[5,11,11,21],"current_hp_per_floor":[70,59,59,59,59,59,45,45,45,43,43,43,43,43,43,19,70,50,43,43,43,35,56,56,45,45,10,2,2,0,0],"gold":157,"neow_bonus":"THREE_ENEMY_KILL","is_daily":false,"chose_seed":false,"campfire_upgraded":3,"win_rate":0.0,"timestamp":1613416751,"path_taken":["M","?","M","?","$","?","E","R","T","M","$","R","?","M","R","BOSS","M","M","?","$","M","R","?","M","T","E","M","?","E"],"items_purchased_type":["Card","Card","Relic","Card"],"build_version":"2020-12-22","purchased_purges":1,"victory":false,"max_hp_per_floor":[70,70,70,70,70,70,70,70,70,70,70,70,70,70,70,70,70,70,70,70,70,70,70,70,70,70,70,70,70,70,70],"card_choices":[{"not_picked":["Underhanded Strike","Backflip"],"picked":"Deadly Poison","floor":1},{"not_picked":["Endless Agony","Quick Slash"],"picked":"Backstab","floor":3},{"not_picked":["Accuracy","Outmaneuver"],"picked":"Well Laid Plans","floor":6},{"not_picked":["Slice","Acrobatics"],"picked":"Backflip","floor":7},{"not_picked":["Choke","Deflect"],"picked":"Catalyst","floor":10},{"not_picked":["Backstab","Cloak And Dagger"],"picked":"Noxious Fumes","floor":11},{"not_picked":["Poisoned Stab","Grand Finale"],"picked":"Blur","floor":11},{"not_picked":["Outmaneuver","Dagger Throw"],"picked":"Deflect","floor":11},{"not_picked":["Acrobatics","Underhanded Strike"],"picked":"Backflip","floor":11},{"not_picked":["Escape Plan","Deadly Poison"],"picked":"Die Die Die","floor":11},{"not_picked":["Outmaneuver","Sucker Punch","Dagger Spray"],"picked":"SKIP","floor":14},{"not_picked":["Night Terror","Envenom"],"picked":"Burst","floor":16},{"not_picked":["Dagger Spray","Flying Knee","Quick Slash"],"picked":"SKIP","floor":18},{"not_picked":["PiercingWail","Masterful Stab"],"picked":"Dodge and Roll+1","floor":19},{"not_picked":["Slice","A Thousand Cuts"],"picked":"Flechettes","floor":22},{"not_picked":["Backflip","Flying Knee"],"picked":"Concentrate+1","floor":25},{"not_picked":["Caltrops+1","Tactician"],"picked":"Adrenaline","floor":27},{"not_picked":["Endless Agony","Choke+1"],"picked":"Well Laid Plans","floor":28},{"not_picked":["Sucker Punch","Dodge and Roll"],"picked":"Caltrops","floor":29}],"player_experience":552730,"relics_obtained":[{"floor":7,"key":"reliquary:RoseTintedGlasses"},{"floor":9,"key":"Akabeko"},{"floor":17,"key":"Omamori"},{"floor":17,"key":"InkBottle"},{"floor":17,"key":"Tingsha"},{"floor":26,"key":"reliquary:Knoch"},{"floor":27,"key":"reliquary:TuningFork"}],"event_choices":[{"damage_healed":0,"gold_gain":75,"player_choice":"Gather Gold","damage_taken":11,"max_hp_gain":0,"max_hp_loss":0,"event_name":"World of Goop","floor":2,"gold_loss":0},{"damage_healed":0,"gold_gain":0,"player_choice":"Rummage","damage_taken":0,"relics_obtained":["WarpedTongs"],"max_hp_gain":0,"max_hp_loss":0,"event_name":"Accursed Blacksmith","floor":4,"gold_loss":0,"cards_obtained":["Pain"]},{"cards_removed":["Strike_G"],"damage_healed":0,"gold_gain":0,"player_choice":"Gave Gold","damage_taken":0,"max_hp_gain":0,"max_hp_loss":0,"event_name":"Beggar","floor":20,"gold_loss":75},{"damage_healed":0,"gold_gain":0,"player_choice":"Trade","damage_taken":0,"relics_obtained":["CultistMask"],"max_hp_gain":0,"max_hp_loss":0,"event_name":"FaceTrader","floor":24,"gold_loss":0}],"is_beta":false,"boss_relics":[{"not_picked":["Astrolabe","Velvet Choker"],"picked":"Calling Bell"}],"items_purged_floors":[5],"is_endless":false,"potions_floor_spawned":[3,6,14,16,18,25,27,29],"killed_by":"Slavers","ascension_level":4}}