{"host":"bq4pt811tk9yrmjl","time":1613414480,"event":{"mods":["AchievementEnabler","BaseMod","Colored Map","Colored Powertips","Defuse TimeMaze Blight","Hermit","Minty Spire (QoL Compilation)","Smile Girya","StSLib","SuperFastMode"],"gold_per_floor":[112,112,129,2,20,20,31,62,112,147,47,67,15,39,39,143,143,157,5,0,18,18,18,18,18,18,29,56,56,70,70,70,172,172,184,184,184,196,211,211,221,221,221,238,257,257,274,324,324,324,324],"floor_reached":50,"language":"ENG","playtime":1180,"items_purged":[],"score":546,"play_id":"f0fe54d6-a447-4bb9-ab38-4cb4cf579a3c","local_time":"20210215164120","is_ascension_mode":true,"campfire_choices":[{"data":"Accuracy","floor":6.0,"key":"SMITH"},{"data":"Neutralize","floor":15.0,"key":"SMITH"},{"data":"Envenom","floor":24.0,"key":"SMITH"},{"floor":29.0,"key":"RECALL"},{"data":"Cloak And Dagger","floor":32.0,"key":"SMITH"},{"floor":40.0,"key":"REST"},{"floor":42.0,"key":"REST"},{"data":"After Image","floor":49,"key":"SMITH"}],"circlet_count":0,"master_deck":["Defend_G","Defend_G","Defend_G","Defend_G","Defend_G","Survivor","Neutralize+1","Slice","Flying Knee","Blade Dance","Accuracy+1","PiercingWail","Blade Dance","Blade Dance","Envenom+1","Masterful Stab+1","PiercingWail+1","Poisoned Stab+1","Cloak And Dagger+1","Escape Plan","Writhe","After Image+1","Madness","Madness","After Image","Blade Dance","Blade Dance"],"relics":["Ring of the Snake","NeowsBlessing","CultistMask","White Beast Statue","MealTicket","Toy Ornithopter","Astrolabe","Potion Belt","Happy Flower","Ancient Tea Set","Snake Skull","Empty Cage","StrikeDummy","CaptainsWheel"],"acts_visited":["Exordium","TheCity","TheBeyond"],"potions_floor_usage":[45,47,48,50],"damage_taken":[{"damage":0.0,"enemies":"2 Louse","floor":1.0,"turns":1.0},{"damage":0.0,"enemies":"Cultist","floor":3.0,"turns":1.0},{"damage":0.0,"enemies":"Jaw Worm","floor":5.0,"turns":1.0},{"damage":3.0,"enemies":"Red Slaver","floor":7.0,"turns":4.0},{"damage":15.0,"enemies":"Gremlin Nob","floor":8.0,"turns":4.0},{"damage":14.0,"enemies":"3 Sentries","floor":10.0,"turns":8.0},{"damage":0.0,"enemies":"2 Fungi Beasts","floor":12.0,"turns":3.0},{"damage":6.0,"enemies":"Slime Boss","floor":16.0,"turns":8.0},{"damage":0.0,"enemies":"Chosen","floor":18.0,"turns":4.0},{"damage":2.0,"enemies":"2 Thieves","floor":21.0,"turns":3.0},{"damage":0.0,"enemies":"Snake Plant","floor":27.0,"turns":4.0},{"damage":16.0,"enemies":"Slavers","floor":28.0,"turns":6.0},{"damage":0.0,"enemies":"Centurion and Healer","floor":30.0,"turns":4.0},{"damage":17.0,"enemies":"Champ","floor":33.0,"turns":9.0},{"damage":13.0,"enemies":"3 Shapes","floor":35.0,"turns":4.0},{"damage":17.0,"enemies":"3 Darklings","floor":38.0,"turns":8.0},{"damage":18.0,"enemies":"Spire Growth","floor":39.0,"turns":4.0},{"damage":20.0,"enemies":"4 Shapes","floor":41.0,"turns":9.0},{"damage":0.0,"enemies":"3 Darklings","floor":44.0,"turns":5.0},{"damage":21,"enemies":"Jaw Worm Horde","floor":45,"turns":5},{"damage":14,"enemies":"Writhing Mass","floor":47,"turns":8},{"damage":0,"enemies":"Mind Bloom Boss Battle","floor":48,"turns":4},{"damage":82,"enemies":"Time Eater","floor":50,"turns":10}],"seed_played":"-3421528690314978726","potions_obtained":[{"floor":5.0,"key":"SpeedPotion"},{"floor":8.0,"key":"AttackPotion"},{"floor":10.0,"key":"Dexterity Potion"},{"floor":16.0,"key":"Energy Potion"},{"floor":21.0,"key":"Block Potion"},{"floor":27.0,"key":"Strength Potion"},{"floor":28.0,"key":"SpeedPotion"},{"floor":30.0,"key":"SneckoOil"},{"floor":33.0,"key":"SpeedPotion"},{"floor":35.0,"key":"SteroidPotion"},{"floor":38.0,"key":"LiquidBronze"},{"floor":39.0,"key":"PowerPotion"},{"floor":41.0,"key":"Energy Potion"},{"floor":44.0,"key":"Energy Potion"},{"floor":45,"key":"Block Potion"},{"floor":47,"key":"Block Potion"},{"floor":48,"key":"BlessingOfTheForge"}],"is_trial":false,"path_per_floor":["M","?","M","$","M","R","M","E","T","E","$","M","$","T","R","B",null,"M","$","?","M","?","?","R","$","T","M","E","R","M","?","R","B",null,"M","?","?","M","M","R","M","R","T","M","M","?","M","?","R","B"],"character_chosen":"THE_SILENT","items_purchased":["Blade Dance","Accuracy","FairyPotion","Blade Dance","Potion Belt"],"campfire_rested":2,"item_purchase_floors":[4,4,11,13,19],"current_hp_per_floor":[70,70,70,70,70,70,67,52,52,38,53,53,68,68,68,62,70,70,70,70,68,68,68,68,70,70,70,54,54,54,54,54,47,70,57,48,48,41,28,49,29,50,50,50,34,61,47,52,52,0,0],"gold":324,"neow_bonus":"THREE_ENEMY_KILL","is_daily":false,"chose_seed":false,"campfire_upgraded":5,"win_rate":0.0,"timestamp":1613414480,"path_taken":["M","?","M","?","M","R","M","E","T","E","$","?","$","?","R","BOSS","M","$","?","M","?","?","R","?","T","?","E","R","M","?","R","BOSS","M","?","?","M","M","R","M","R","T","?","M","?","M","?","R","BOSS"],"items_purchased_type":["Card","Card","Potion","Card","Relic"],"build_version":"2020-12-22","purchased_purges":0,"victory":false,"max_hp_per_floor":[70,70,70,70,70,70,70,70,70,70,70,70,70,70,70,70,70,70,70,70,70,70,70,70,70,70,70,70,70,70,70,70,70,70,70,70,70,70,70,70,70,70,70,70,70,61,61,61,61,61,61],"card_choices":[{"not_picked":["Dagger Spray","Escape Plan"],"picked":"Slice","floor":1.0},{"not_picked":["Tactician","Backflip"],"picked":"Flying Knee","floor":3.0},{"not_picked":["Finisher","Acrobatics","Distraction"],"picked":"SKIP","floor":5.0},{"not_picked":["Poisoned Stab","Deadly Poison"],"picked":"PiercingWail","floor":7.0},{"not_picked":["Escape Plan","Night Terror"],"picked":"Blade Dance","floor":8.0},{"not_picked":["Heel Hook","Finisher","Endless Agony"],"picked":"SKIP","floor":10.0},{"not_picked":["Eviscerate","Quick Slash","Dagger Spray"],"picked":"SKIP","floor":12.0},{"not_picked":["Phantasmal Killer","Doppelganger"],"picked":"Envenom","floor":16.0},{"not_picked":["Poisoned Stab","PiercingWail"],"picked":"Cloak And Dagger","floor":18.0},{"not_picked":["Concentrate","Backstab"],"picked":"Escape Plan","floor":21.0},{"not_picked":["Poisoned Stab","Crippling Poison","Deadly Poison"],"picked":"SKIP","floor":27.0},{"not_picked":["Predator","Finisher","Endless Agony"],"picked":"SKIP","floor":28.0},{"not_picked":["Deadly Poison","Dagger Spray","Malaise"],"picked":"SKIP","floor":30.0},{"not_picked":["Adrenaline","Burst"],"picked":"After Image","floor":33.0},{"not_picked":["Flechettes+1","Bane","Backstab"],"picked":"SKIP","floor":35.0},{"not_picked":["Footwork+1","Reflex+1"],"picked":"Blade Dance","floor":38.0},{"not_picked":["Footwork+1","Skewer+1","Predator"],"picked":"SKIP","floor":39.0},{"not_picked":["All Out Attack","Flying Knee","Dagger Throw+1"],"picked":"SKIP","floor":41.0},{"not_picked":["Backflip+1","Prepared","Outmaneuver+1"],"picked":"SKIP","floor":44.0},{"not_picked":["Backstab+1","Riddle With Holes+1","Blur"],"picked":"SKIP","floor":45},{"not_picked":["Endless Agony","Eviscerate"],"picked":"Blade Dance","floor":47}],"player_experience":305837,"relics_obtained":[{"floor":8.0,"key":"White Beast Statue"},{"floor":10.0,"key":"MealTicket"},{"floor":14.0,"key":"Toy Ornithopter"},{"floor":26.0,"key":"Happy Flower"},{"floor":28.0,"key":"Ancient Tea Set"},{"floor":43.0,"key":"StrikeDummy"},{"floor":48,"key":"CaptainsWheel"}],"event_choices":[{"damage_healed":0.0,"max_hp_gain":0.0,"max_hp_loss":0.0,"gold_gain":0.0,"event_name":"FaceTrader","player_choice":"Trade","floor":2.0,"gold_loss":0.0,"damage_taken":0.0,"relics_obtained":["CultistMask"]},{"damage_healed":0.0,"max_hp_gain":0.0,"max_hp_loss":0.0,"gold_gain":0.0,"event_name":"Masked Bandits","player_choice":"Paid Fearfully","floor":20.0,"gold_loss":5.0,"damage_taken":0.0},{"damage_healed":0.0,"max_hp_gain":0.0,"max_hp_loss":0.0,"gold_gain":0.0,"event_name":"Ghosts","player_choice":"Ignored","floor":22.0,"gold_loss":0.0,"damage_taken":0.0},{"damage_healed":0.0,"max_hp_gain":0.0,"max_hp_loss":0.0,"gold_gain":0.0,"event_name":"The Mausoleum","player_choice":"Opened","floor":31.0,"gold_loss":0.0,"damage_taken":0.0,"relics_obtained":["Snake Skull"],"cards_obtained":["Writhe"]},{"damage_healed":0.0,"max_hp_gain":0.0,"max_hp_loss":0.0,"gold_gain":0.0,"event_name":"Winding Halls","player_choice":"Embrace Madness","floor":36.0,"gold_loss":0.0,"damage_taken":9.0,"cards_obtained":["Madness","Madness"]},{"damage_healed":0.0,"max_hp_gain":0.0,"max_hp_loss":0.0,"gold_gain":0.0,"event_name":"Duplicator","player_choice":"Copied","floor":37.0,"gold_loss":0.0,"damage_taken":0.0,"cards_obtained":["After Image"]},{"damage_healed":61,"gold_gain":0,"player_choice":"Heal","damage_taken":0,"max_hp_gain":0,"max_hp_loss":9,"event_name":"The Moai Head","floor":46,"gold_loss":0},{"damage_healed":0,"gold_gain":0,"player_choice":"Fight","damage_taken":0,"max_hp_gain":0,"max_hp_loss":0,"event_name":"MindBloom","floor":48,"gold_loss":0}],"is_beta":false,"boss_relics":[{"not_picked":["Cursed Key","Fusion Hammer"],"picked":"Astrolabe"},{"not_picked":["Calling Bell","Velvet Choker"],"picked":"Empty Cage"}],"items_purged_floors":[],"is_endless":false,"potions_floor_spawned":[5,8,10,12,16,18,21,27,28,30,33,35,38,39,41,44,45,47,48],"killed_by":"Time Eater","ascension_level":1}}