{"host":"vyjryxuuuxkt43k4","time":1613397704,"event":{"mods":["AchievementEnabler","BaseMod","Colored Map","DeckTracker","Keyboard Shortcuts","Minty Spire (QoL Compilation)","Permanent Neow","Quick Restart","StSLib","SuperFastMode","everything is the same but u backflip on backflip"],"gold_per_floor":[367,24,99,99,136,136,169,201,201,201,251,265,265,6,6,6,6],"floor_reached":16,"language":"KOR","playtime":569,"items_purged":[],"score":216,"play_id":"df865b0c-5ee2-4a4c-9824-70612735a9a8","local_time":"20210215230144","is_ascension_mode":true,"campfire_choices":[{"floor":6.0,"key":"REST"},{"floor":10.0,"key":"REST"},{"data":"Prepared","floor":13.0,"key":"SMITH"},{"data":"Expertise","floor":15.0,"key":"SMITH"}],"circlet_count":0,"master_deck":["AscendersBane","Strike_G","Strike_G","Strike_G","Strike_G","Strike_G","Defend_G","Defend_G","Defend_G","Defend_G","Defend_G","Survivor","Neutralize","Backstab","HandOfGreed","Flying Knee","Grand Finale","Prepared+1","Expertise+1"],"relics":["Ring of the Snake","Sling","Peace Pipe","Pen Nib","Blue Candle","Oddly Smooth Stone","Membership Card"],"acts_visited":["Exordium"],"potions_floor_usage":[16],"damage_taken":[{"damage":2.0,"enemies":"2 Louse","floor":1.0,"turns":3.0},{"damage":2.0,"enemies":"Jaw Worm","floor":5.0,"turns":4.0},{"damage":22.0,"enemies":"Lagavulin","floor":7.0,"turns":5.0},{"damage":0.0,"enemies":"Cultist","floor":8.0,"turns":3.0},{"damage":8.0,"enemies":"Gremlin Nob","floor":11.0,"turns":3.0},{"damage":0.0,"enemies":"Looter","floor":12.0,"turns":4.0},{"damage":43,"enemies":"Slime Boss","floor":16,"turns":8}],"seed_played":"-6359800525350598723","potions_obtained":[{"floor":1.0,"key":"SmokeBomb"},{"floor":12.0,"key":"Ancient Potion"}],"is_trial":false,"path_per_floor":["M","$","?","T","M","R","E","M","T","R","E","M","R","$","R","B"],"character_chosen":"THE_SILENT","items_purchased":["HandOfGreed","Sling","Membership Card","SneckoOil","Expertise"],"campfire_rested":2,"item_purchase_floors":[2,2,14,14,14],"current_hp_per_floor":[42,42,31,31,29,48,26,26,26,45,37,37,37,37,37,0,0],"gold":6,"neow_bonus":"TWO_FIFTY_GOLD","is_daily":false,"chose_seed":false,"campfire_upgraded":2,"win_rate":0.0,"timestamp":1613397704,"path_taken":["M","$","?","?","M","R","E","M","T","R","E","M","R","$","R","BOSS"],"items_purchased_type":["Card","Relic","Relic","Potion","Card"],"build_version":"2020-12-22","purchased_purges":0,"victory":false,"max_hp_per_floor":[66,66,66,66,66,66,66,66,66,66,66,66,66,66,66,66,66],"card_choices":[{"not_picked":["Backflip","Flying Knee"],"picked":"Backstab","floor":1.0},{"not_picked":["Escape Plan","Cloak And Dagger"],"picked":"Flying Knee","floor":5.0},{"not_picked":["Dodge and Roll","Sucker Punch","Caltrops"],"picked":"SKIP","floor":7.0},{"not_picked":["Choke","Flying Knee","Infinite Blades"],"picked":"SKIP","floor":8.0},{"not_picked":["Dagger Throw","Caltrops"],"picked":"Grand Finale","floor":11.0},{"not_picked":["Dodge and Roll","Outmaneuver"],"picked":"Prepared","floor":12.0}],"player_experience":990165,"relics_obtained":[{"floor":4.0,"key":"Peace Pipe"},{"floor":7.0,"key":"Pen Nib"},{"floor":9.0,"key":"Blue Candle"},{"floor":11.0,"key":"Oddly Smooth Stone"}],"event_choices":[{"damage_healed":0.0,"max_hp_gain":0.0,"max_hp_loss":0.0,"gold_gain":75.0,"event_name":"World of Goop","player_choice":"Gather Gold","floor":3.0,"gold_loss":0.0,"damage_taken":11.0}],"is_beta":false,"boss_relics":[],"items_purged_floors":[],"is_endless":false,"potions_floor_spawned":[1,12],"killed_by":"Slime Boss","ascension_level":20}}