{"host":"p9vmbvw2hh2n16dn","time":1613385162,"event":{"mods":["AchievementEnabler","BaseMod","Block Reminder","Minty Spire (QoL Compilation)","Relic Stats","SuperFastMode"],"gold_per_floor":[109,35,106,123,138,164,164,190,190,119,119,133,133,133],"floor_reached":13,"language":"ENG","playtime":244,"items_purged":[],"score":149,"play_id":"a909b694-99e6-41a3-8dba-8be636c678ed","local_time":"20210215113242","is_ascension_mode":true,"campfire_choices":[{"data":"Sunder","floor":11,"key":"SMITH"}],"circlet_count":0,"master_deck":["AscendersBane","Strike_B","Strike_B","Strike_B","Defend_B","Defend_B","Defend_B","Defend_B","Zap","Dualcast","BootSequence","Sunder+1","Cold Snap","Ball Lightning","Ball Lightning","Meteor Strike","Self Repair"],"relics":["Cracked Core","NeowsBlessing","Juzu Bracelet","Girya","Symbiotic Virus"],"acts_visited":["Exordium"],"potions_floor_usage":[6,13],"damage_taken":[{"damage":0,"enemies":"Jaw Worm","floor":1,"turns":1},{"damage":0,"enemies":"Cultist","floor":4,"turns":1},{"damage":0,"enemies":"2 Louse","floor":5,"turns":1},{"damage":18,"enemies":"Lagavulin","floor":6,"turns":6},{"damage":28,"enemies":"Gremlin Nob","floor":8,"turns":4},{"damage":13,"enemies":"Exordium Wildlife","floor":12,"turns":4},{"damage":17,"enemies":"3 Sentries","floor":13,"turns":4}],"seed_played":"8138110414562128838","potions_obtained":[{"floor":4,"key":"Dexterity Potion"},{"floor":5,"key":"LiquidMemories"}],"is_trial":false,"path_per_floor":["M","$","?","M","M","E","?","E","T","$","R","M","E"],"character_chosen":"DEFECT","items_purchased":["Sunder","Self Repair"],"campfire_rested":0,"item_purchase_floors":[2,10],"current_hp_per_floor":[68,68,68,68,68,50,50,22,22,22,22,16,0,0],"gold":133,"neow_bonus":"THREE_ENEMY_KILL","is_daily":false,"chose_seed":false,"campfire_upgraded":1,"win_rate":0.0,"timestamp":1613385162,"path_taken":["M","$","?","M","M","E","?","E","T","$","R","M","E"],"items_purchased_type":["Card","Card"],"build_version":"2020-12-22","purchased_purges":0,"victory":false,"max_hp_per_floor":[75,75,75,75,75,75,75,75,75,75,75,75,75,75],"relic_stats":{"counters":[7,21],"Juzu Bracelet":0,"obtain_stats":[{"Girya":8,"NeowsBlessing":0,"Juzu Bracelet":6,"Cracked Core":0,"Symbiotic Virus":9},{"Girya":5,"NeowsBlessing":0,"Juzu Bracelet":4,"Cracked Core":0,"Symbiotic Virus":5},{"Girya":13,"NeowsBlessing":0,"Juzu Bracelet":9,"Cracked Core":0,"Symbiotic Virus":13}]},"card_choices":[{"not_picked":["Beam Cell","Steam Power"],"picked":"BootSequence","floor":1},{"not_picked":["Skim","Hologram"],"picked":"Cold Snap","floor":4},{"not_picked":["Turbo","Rebound"],"picked":"Ball Lightning","floor":5},{"not_picked":["Gash","Barrage"],"picked":"Ball Lightning","floor":6},{"not_picked":["Rebound","Genetic Algorithm"],"picked":"Meteor Strike","floor":8},{"not_picked":["Beam Cell","Auto Shields","Go for the Eyes"],"picked":"SKIP","floor":12}],"player_experience":334764,"relics_obtained":[{"floor":6,"key":"Juzu Bracelet"},{"floor":8,"key":"Girya"},{"floor":9,"key":"Symbiotic Virus"}],"event_choices":[{"damage_healed":0,"gold_gain":71,"player_choice":"Gained Gold","damage_taken":0,"max_hp_gain":0,"max_hp_loss":0,"event_name":"Golden Wing","floor":3,"gold_loss":0},{"cards_removed":["Strike_B"],"damage_healed":0,"gold_gain":0,"player_choice":"Purged","damage_taken":0,"max_hp_gain":0,"max_hp_loss":0,"event_name":"Purifier","floor":7,"gold_loss":0}],"is_beta":false,"boss_relics":[],"items_purged_floors":[],"is_endless":false,"potions_floor_spawned":[4,5],"killed_by":"3 Sentries","ascension_level":12}}