{"host":"epc8efk9vrywpcsw","time":1613389288,"event":{"mods":["BaseMod","Minty Spire (QoL Compilation)","Relic Stats","StSLib"],"gold_per_floor":[110,123,137,150,150,178,178,211,211,224,224,224,251,251,251,330,330,348,348,363,313,323,350,350,385,385,385,485,516,516,516,516,516,516],"floor_reached":33,"language":"ENG","playtime":1250,"items_purged":[],"score":642,"play_id":"9b77027d-9ce7-49dc-bec2-e502354dfd9c","local_time":"20210215124128","is_ascension_mode":true,"campfire_choices":[{"floor":11.0,"key":"REST"},{"floor":15,"key":"REST"},{"floor":24,"key":"REST"},{"floor":30,"key":"REST"},{"floor":32,"key":"REST"}],"circlet_count":0,"master_deck":["AscendersBane","Strike_G","Strike_G","Strike_G","Strike_G","Strike_G+1","Defend_G","Defend_G","Defend_G","Defend_G","Defend_G","Survivor","Neutralize+1","Cloak And Dagger","Terror","Endless Agony","Footwork","Dagger Spray","Blade Dance","Blade Dance","Venomology","Cloak And Dagger","Bullet Time"],"relics":["Ring of the Snake","NeowsBlessing","Akabeko","Juzu Bracelet","Happy Flower","Matryoshka","Nunchaku","Peace Pipe","WristBlade","MutagenicStrength","Ancient Tea Set","Mango","Whetstone","Sundial","Turnip","Bottled Tornado","Lizard Tail"],"acts_visited":["Exordium","TheCity"],"potions_floor_usage":[18,20,22,23,23,25,28,28,29,29,33,33],"damage_taken":[{"damage":0.0,"enemies":"2 Louse","floor":1.0,"turns":1.0},{"damage":0.0,"enemies":"Small Slimes","floor":2.0,"turns":1.0},{"damage":0.0,"enemies":"Jaw Worm","floor":3.0,"turns":1.0},{"damage":2.0,"enemies":"Blue Slaver","floor":4.0,"turns":6.0},{"damage":46.0,"enemies":"3 Sentries","floor":6.0,"turns":16.0},{"damage":14.0,"enemies":"Lagavulin","floor":8.0,"turns":7.0},{"damage":1.0,"enemies":"Looter","floor":10.0,"turns":3.0},{"damage":18,"enemies":"3 Sentries","floor":13,"turns":9},{"damage":25,"enemies":"The Guardian","floor":16,"turns":13},{"damage":14,"enemies":"Shell Parasite","floor":18,"turns":4},{"damage":3,"enemies":"3 Byrds","floor":20,"turns":5},{"damage":6,"enemies":"Shelled Parasite and Fungi","floor":22,"turns":2},{"damage":4,"enemies":"Book of Stabbing","floor":23,"turns":3},{"damage":8,"enemies":"Gremlin Leader","floor":25,"turns":3},{"damage":8,"enemies":"Colosseum Slavers","floor":28,"turns":3},{"damage":6,"enemies":"Colosseum Nobs","floor":28,"turns":4},{"damage":23,"enemies":"Book of Stabbing","floor":29,"turns":5},{"damage":84,"enemies":"Champ","floor":33,"turns":16}],"seed_played":"5745340634047129491","potions_obtained":[{"floor":3.0,"key":"Regen Potion"},{"floor":4.0,"key":"PowerPotion"},{"floor":13,"key":"Explosive Potion"},{"floor":20,"key":"BlessingOfTheForge"},{"floor":23,"key":"PowerPotion"}],"is_trial":false,"path_per_floor":["M","M","M","M","$","E","?","E","T","M","R","?","E","?","R","B",null,"M","?","M","?","M","E","R","E","T","?","?","E","R","?","R","B"],"character_chosen":"THE_SILENT","items_purchased":[],"campfire_rested":5,"item_purchase_floors":[],"current_hp_per_floor":[59,59,59,57,57,26,26,12,12,11,30,25,7,7,26,1,50,36,36,33,33,27,23,42,48,48,48,34,11,35,35,59,22,22],"gold":516,"neow_bonus":"THREE_ENEMY_KILL","is_daily":false,"chose_seed":false,"campfire_upgraded":0,"win_rate":0.0,"timestamp":1613389288,"path_taken":["M","M","M","M","$","E","?","E","T","M","R","?","E","?","R","BOSS","M","?","M","?","M","E","R","E","T","?","?","E","R","?","R","BOSS"],"items_purchased_type":[],"build_version":"2020-12-22","purchased_purges":0,"victory":false,"max_hp_per_floor":[66,66,66,66,66,66,66,66,66,66,66,66,66,66,66,66,66,66,66,66,66,66,66,66,80,80,80,80,80,80,80,80,80,80],"relic_stats":{"Peace Pipe":0,"Nunchaku":[19],"Lizard Tail":40,"Happy Flower":[23],"counters":[18,102],"Sundial":[2],"Turnip":[4],"Juzu Bracelet":1,"Whetstone":["Neutralize","Strike_G"],"obtain_stats":[{"NeowsBlessing":0,"Happy Flower":9,"Mango":25,"Juzu Bracelet":8,"Whetstone":26,"Bottled Tornado":28,"Ancient Tea Set":23,"Akabeko":6,"Peace Pipe":14,"Nunchaku":13,"Lizard Tail":29,"Matryoshka":12,"WristBlade":17,"Sundial":26,"MutagenicStrength":19,"Turnip":28,"Ring of the Snake":0},{"NeowsBlessing":0,"Happy Flower":6,"Mango":14,"Juzu Bracelet":6,"Whetstone":14,"Bottled Tornado":16,"Ancient Tea Set":13,"Akabeko":5,"Peace Pipe":8,"Nunchaku":8,"Lizard Tail":17,"Matryoshka":7,"WristBlade":9,"Sundial":14,"MutagenicStrength":10,"Turnip":16,"Ring of the Snake":0},{"NeowsBlessing":0,"Happy Flower":32,"Mango":74,"Juzu Bracelet":32,"Whetstone":74,"Bottled Tornado":81,"Ancient Tea Set":71,"Akabeko":25,"Peace Pipe":44,"Nunchaku":44,"Lizard Tail":86,"Matryoshka":35,"WristBlade":57,"Sundial":74,"MutagenicStrength":61,"Turnip":81,"Ring of the Snake":0}],"Ring of the Snake":[38]},"card_choices":[{"not_picked":["Deflect","PiercingWail"],"picked":"Cloak And Dagger","floor":1.0},{"not_picked":["Escape Plan","Concentrate"],"picked":"Terror","floor":2.0},{"not_picked":["Prepared","Poisoned Stab","Catalyst"],"picked":"SKIP","floor":3.0},{"not_picked":["Slice","Crippling Poison"],"picked":"Endless Agony","floor":4.0},{"not_picked":["Noxious Fumes","Poisoned Stab"],"picked":"Footwork","floor":6.0},{"not_picked":["Choke","Tools of the Trade"],"picked":"Dagger Spray","floor":8.0},{"not_picked":["Distraction","Finisher"],"picked":"Blade Dance","floor":10.0},{"not_picked":["Caltrops","Bouncing Flask"],"picked":"Blade Dance","floor":13},{"not_picked":["Night Terror","Doppelganger"],"picked":"Venomology","floor":16},{"not_picked":["Sucker Punch","Bane","Crippling Poison"],"picked":"SKIP","floor":18},{"not_picked":["Bane+1","Poisoned Stab"],"picked":"Cloak And Dagger","floor":20},{"not_picked":["Flying Knee","Expertise","Bane+1"],"picked":"SKIP","floor":22},{"not_picked":["Dodge and Roll","Flying Knee","Riddle With Holes"],"picked":"SKIP","floor":23},{"not_picked":["Slice","Setup+1","Deflect"],"picked":"SKIP","floor":25},{"not_picked":["Poisoned Stab","Flying Knee"],"picked":"Bullet Time","floor":29}],"player_experience":529819,"relics_obtained":[{"floor":6.0,"key":"Akabeko"},{"floor":8.0,"key":"Juzu Bracelet"},{"floor":9.0,"key":"Happy Flower"},{"floor":13,"key":"Nunchaku"},{"floor":23,"key":"Ancient Tea Set"},{"floor":25,"key":"Mango"},{"floor":26,"key":"Whetstone"},{"floor":26,"key":"Sundial"},{"floor":28,"key":"Turnip"},{"floor":28,"key":"Bottled Tornado"},{"floor":29,"key":"Lizard Tail"}],"event_choices":[{"damage_healed":0.0,"max_hp_gain":0.0,"max_hp_loss":0.0,"gold_gain":0.0,"event_name":"Golden Wing","player_choice":"Ignored","floor":7.0,"gold_loss":0.0,"damage_taken":0.0},{"damage_healed":0.0,"max_hp_gain":0.0,"max_hp_loss":0.0,"gold_gain":0.0,"event_name":"Scrap Ooze","player_choice":"Success","floor":12.0,"gold_loss":0.0,"damage_taken":5.0,"relics_obtained":["Matryoshka"]},{"damage_healed":0,"gold_gain":0,"player_choice":"Searched \u00271\u0027 times","damage_taken":0,"relics_obtained":["Peace Pipe"],"max_hp_gain":0,"max_hp_loss":0,"event_name":"Dead Adventurer","floor":14,"gold_loss":0},{"damage_healed":0,"gold_gain":0,"player_choice":"Inject Mutagens","damage_taken":0,"relics_obtained":["MutagenicStrength"],"max_hp_gain":0,"max_hp_loss":0,"event_name":"Drug Dealer","floor":19,"gold_loss":0},{"damage_healed":0,"gold_gain":0,"player_choice":"Bet on Murderer","damage_taken":0,"max_hp_gain":0,"max_hp_loss":0,"event_name":"The Joust","floor":21,"gold_loss":50},{"damage_healed":0,"gold_gain":0,"player_choice":"Ignored","damage_taken":0,"max_hp_gain":0,"max_hp_loss":0,"event_name":"Vampires","floor":27,"gold_loss":0},{"damage_healed":0,"gold_gain":0,"player_choice":"Fight","damage_taken":0,"max_hp_gain":0,"max_hp_loss":0,"event_name":"Colosseum","floor":28,"gold_loss":0},{"damage_healed":0,"gold_gain":0,"player_choice":"Fought Nobs","damage_taken":0,"max_hp_gain":0,"max_hp_loss":0,"event_name":"Colosseum","floor":28,"gold_loss":0},{"damage_healed":0,"gold_gain":0,"player_choice":"Ignored","damage_taken":0,"max_hp_gain":0,"max_hp_loss":0,"event_name":"N\u0027loth","floor":31,"gold_loss":0}],"is_beta":false,"boss_relics":[{"not_picked":["Cursed Key","Velvet Choker"],"picked":"WristBlade"}],"items_purged_floors":[],"is_endless":false,"potions_floor_spawned":[3,4,13,20,23,28],"killed_by":"Champ","ascension_level":20}}