{"host":"sxnl403xm2xmiyj1","time":1613377885,"event":{"mods":["AchievementEnabler","BaseMod","Colored Map","Keyboard Shortcuts","Minty Spire (QoL Compilation)","Quick Restart","StSLib","SuperFastMode"],"gold_per_floor":[111,261,241,37,50,77,77,77,77],"floor_reached":8,"language":"KOR","playtime":164,"items_purged":["Doubt"],"score":108,"play_id":"6d18e395-9561-45ce-914e-95877820f813","local_time":"20210215173125","is_ascension_mode":true,"campfire_choices":[{"data":"Zap","floor":7,"key":"SMITH"}],"circlet_count":0,"master_deck":["AscendersBane","Strike_B","Strike_B","Strike_B","Strike_B","Defend_B","Defend_B","Defend_B","Defend_B","Zap+1","Dualcast","Normality","Creative AI","Chill","Self Repair","Conserve Battery","Genetic Algorithm","Self Repair"],"relics":["Cracked Core","The Courier"],"acts_visited":["Exordium"],"potions_floor_usage":[6],"damage_taken":[{"damage":9,"enemies":"Jaw Worm","floor":1,"turns":4},{"damage":6,"enemies":"Small Slimes","floor":5,"turns":4},{"damage":42,"enemies":"Lagavulin","floor":6,"turns":9},{"damage":5,"enemies":"Gremlin Nob","floor":8,"turns":3}],"seed_played":"-7308310775640149519","potions_obtained":[{"floor":3,"key":"Block Potion"},{"floor":5,"key":"SteroidPotion"}],"is_trial":false,"path_per_floor":["M","?","?","$","M","E","R","E"],"character_chosen":"DEFECT","items_purchased":["Self Repair","Conserve Battery"],"campfire_rested":0,"item_purchase_floors":[4,4],"current_hp_per_floor":[55,55,55,55,56,21,21,16,16],"gold":77,"neow_bonus":"THREE_RARE_CARDS","is_daily":false,"chose_seed":false,"campfire_upgraded":1,"win_rate":0.0,"timestamp":1613377885,"path_taken":["M","?","?","$","?","E","R","E"],"items_purchased_type":["Card","Card"],"build_version":"2020-12-22","purchased_purges":1,"victory":false,"max_hp_per_floor":[71,71,71,71,71,71,71,71,71],"card_choices":[{"not_picked":["Echo Form","Machine Learning"],"picked":"Creative AI","floor":0},{"not_picked":["Lockon","Streamline"],"picked":"Chill","floor":1},{"not_picked":["Cold Snap","Rebound"],"picked":"Genetic Algorithm","floor":5},{"not_picked":["Barrage","Lockon"],"picked":"Self Repair","floor":6}],"player_experience":219091,"relics_obtained":[{"floor":6,"key":"The Courier"}],"event_choices":[{"damage_healed":0,"gold_gain":150,"player_choice":"AGREE","damage_taken":0,"max_hp_gain":0,"max_hp_loss":0,"event_name":"Liars Game","floor":2,"gold_loss":0,"cards_obtained":["Doubt"]},{"damage_healed":0,"gold_gain":0,"player_choice":"Bought 1 Potion","damage_taken":0,"max_hp_gain":0,"max_hp_loss":0,"event_name":"The Woman in Blue","floor":3,"gold_loss":0}],"is_beta":false,"boss_relics":[],"items_purged_floors":[4],"is_endless":false,"potions_floor_spawned":[5],"killed_by":"Gremlin Nob","ascension_level":20}}