{"host":"qxeepl7ydvsgmfdb","time":1613380788,"event":{"mods":["AchievementEnabler","BaseMod","Colored Powertips","Minty Spire (QoL Compilation)","Quick Restart","slay the spire mod where everything is the same but ironclad has a cowboy hat"],"gold_per_floor":[118,43,43,3,22,51,51,66,66,66,66,79,79,99,99,171,171,190,190,19,69,88,88,88,88],"floor_reached":24,"language":"ENG","playtime":506,"items_purged":[],"score":405,"play_id":"49b5c3e2-50ac-4fe7-b829-850c0a3f4c7d","local_time":"20210215041948","is_ascension_mode":true,"campfire_choices":[{"floor":13,"key":"REST"},{"data":"Blade Dance","floor":15,"key":"SMITH"},{"data":"Envenom","floor":23,"key":"SMITH"}],"circlet_count":0,"master_deck":["AscendersBane","Strike_G","Strike_G","Strike_G","Defend_G","Defend_G","Defend_G+1","Defend_G","Defend_G","Survivor","Neutralize","Deadly Poison","Accuracy","Dagger Spray+1","Cloak And Dagger","Blade Dance+1","Envenom+1","Poisoned Stab+1","Decay","Noxious Fumes+1"],"relics":["Ring of the Snake","NeowsBlessing","Matryoshka","Centennial Puzzle","Pen Nib","MealTicket","Empty Cage","Bronze Scales"],"acts_visited":["Exordium","TheCity"],"potions_floor_usage":[12,16,16,18],"damage_taken":[{"damage":0.0,"enemies":"2 Louse","floor":1.0,"turns":1.0},{"damage":0.0,"enemies":"Jaw Worm","floor":5.0,"turns":1.0},{"damage":0.0,"enemies":"3 Sentries","floor":6.0,"turns":1.0},{"damage":9,"enemies":"Cultist","floor":8,"turns":5},{"damage":14,"enemies":"Exordium Wildlife","floor":12,"turns":3},{"damage":0,"enemies":"Looter","floor":14,"turns":3},{"damage":47,"enemies":"Hexaghost","floor":16,"turns":8},{"damage":30,"enemies":"Chosen","floor":18,"turns":4},{"damage":0,"enemies":"3 Byrds","floor":22,"turns":3},{"damage":40,"enemies":"Sentry and Sphere","floor":24,"turns":4}],"seed_played":"-8871659034274994548","potions_obtained":[{"floor":8,"key":"Explosive Potion"},{"floor":12,"key":"LiquidBronze"},{"floor":14,"key":"SkillPotion"},{"floor":16,"key":"SteroidPotion"}],"is_trial":false,"path_per_floor":["M","?","?","$","M","E","$","M","T","?","$","M","R","M","R","B",null,"M","?","$","?","M","R","M"],"character_chosen":"THE_SILENT","items_purchased":["Accuracy","Bronze Scales"],"campfire_rested":1,"item_purchase_floors":[4,20],"current_hp_per_floor":[59,59,59,59,59,59,59,50,50,30,45,31,50,50,50,3,50,20,20,35,35,35,35,0,0],"gold":88,"neow_bonus":"THREE_ENEMY_KILL","is_daily":false,"chose_seed":false,"campfire_upgraded":2,"win_rate":0.0,"timestamp":1613380788,"path_taken":["M","?","?","$","?","E","?","M","T","?","?","M","R","M","R","BOSS","M","?","$","?","M","R","?"],"items_purchased_type":["Card","Relic"],"build_version":"2020-12-22","purchased_purges":0,"victory":false,"max_hp_per_floor":[66,66,66,66,66,66,66,66,66,66,66,66,66,66,66,66,66,66,66,66,66,66,66,66,66],"card_choices":[{"not_picked":["Flying Knee","Underhanded Strike"],"picked":"Deadly Poison","floor":1.0},{"not_picked":["Eviscerate","PiercingWail","Choke"],"picked":"SKIP","floor":5.0},{"not_picked":["Dash","Outmaneuver","Dagger Throw"],"picked":"SKIP","floor":6.0},{"not_picked":["Bane","Footwork"],"picked":"Dagger Spray","floor":8},{"not_picked":["Dash","Bane"],"picked":"Cloak And Dagger","floor":12},{"not_picked":["Predator","Tactician"],"picked":"Blade Dance","floor":14},{"not_picked":["Tools of the Trade","Unload"],"picked":"Envenom","floor":16},{"not_picked":["Acrobatics","Deadly Poison"],"picked":"Poisoned Stab+1","floor":18},{"not_picked":["Acrobatics+1","Outmaneuver"],"picked":"Noxious Fumes+1","floor":22}],"player_experience":144376,"relics_obtained":[{"floor":6.0,"key":"Centennial Puzzle"},{"floor":9,"key":"Pen Nib"},{"floor":9,"key":"MealTicket"}],"event_choices":[{"cards_removed":["Strike_G"],"damage_healed":0.0,"max_hp_gain":0.0,"max_hp_loss":0.0,"gold_gain":0.0,"event_name":"The Cleric","player_choice":"Card Removal","floor":2.0,"gold_loss":75.0,"damage_taken":0.0},{"damage_healed":0.0,"max_hp_gain":0.0,"max_hp_loss":0.0,"gold_gain":0.0,"event_name":"Big Fish","player_choice":"Box","floor":3.0,"gold_loss":0.0,"damage_taken":0.0,"relics_obtained":["Matryoshka"],"cards_obtained":["Regret"]},{"damage_healed":0,"gold_gain":0,"player_choice":"Entered Light","damage_taken":20,"max_hp_gain":0,"max_hp_loss":0,"event_name":"Shining Light","floor":10,"gold_loss":0,"cards_upgraded":["Dagger Spray","Defend_G"]},{"damage_healed":0,"gold_gain":0,"player_choice":"Smashed Altar","damage_taken":0,"max_hp_gain":0,"max_hp_loss":0,"event_name":"Forgotten Altar","floor":19,"gold_loss":0,"cards_obtained":["Decay"]},{"damage_healed":0,"gold_gain":50,"player_choice":"Pray","damage_taken":0,"max_hp_gain":0,"max_hp_loss":0,"event_name":"Golden Shrine","floor":21,"gold_loss":0}],"is_beta":false,"boss_relics":[{"not_picked":["Snecko Eye","Cursed Key"],"picked":"Empty Cage"}],"items_purged_floors":[],"is_endless":false,"potions_floor_spawned":[8,12,14,16],"killed_by":"Sentry and Sphere","ascension_level":17}}