{"host":"7qjyzxi5zjrbio0h","time":1613412885,"event":{"mods":["AchievementEnabler","BaseMod","Downfall","Hermit","Minty Spire (QoL Compilation)","StSLib"],"gold_per_floor":[117,130,130,148,159,159,175,175,175,203,214,214,101,112,112,214,214,225,225,225,144,154,166,166,193,216,227,239,239,269,280,280,385,385,398,409,409,427,441,441,475,491,491,509,509,542,562,47,47,47],"floor_reached":51,"language":"ENG","playtime":3375,"items_purged":["Hologram","Chill+1"],"score":755,"play_id":"ffec1ac8-a5ae-444d-bac8-62d756696f2f","local_time":"20210215131445","is_ascension_mode":false,"campfire_choices":[{"data":"Electrodynamics","floor":6.0,"key":"SMITH"},{"data":"Storm","floor":8.0,"key":"SMITH"},{"floor":15.0,"key":"REST"},{"data":"Loop","floor":24.0,"key":"SMITH"},{"data":"Defragment","floor":29.0,"key":"SMITH"},{"data":"Defragment","floor":32.0,"key":"SMITH"},{"data":"Capacitor","floor":40,"key":"SMITH"},{"data":"Dualcast","floor":45,"key":"SMITH"},{"floor":49,"key":"REST"}],"circlet_count":0,"master_deck":["Strike_B+1","Strike_B+1","Strike_B+1","Defend_B+1","Defend_B+1","Defend_B+1","Defend_B+1","Zap","Dualcast+1","Storm+1","Storm+1","Aggregate","Electrodynamics+1","Tempest","Defragment+1","Static Discharge","Electrodynamics","Capacitor+1","Loop+1","Defragment+1","Hello World+1","Skim+1","Skim+1","Tempest+1","Apotheosis"],"relics":["Cracked Core","Mummified Hand","Meat on the Bone","Shuriken","Nuclear Battery","Omamori","Bag of Marbles","Strawberry","Philosopher\u0027s Stone","Blood Vial","Bronze Scales","Kunai","Bottled Lightning"],"acts_visited":["Exordium","TheCity","TheBeyond"],"potions_floor_usage":[35,36,36,36,50,50,50],"damage_taken":[{"damage":1.0,"enemies":"Cultist","floor":1.0,"turns":3.0},{"damage":1.0,"enemies":"Jaw Worm","floor":2.0,"turns":3.0},{"damage":11.0,"enemies":"2 Louse","floor":4.0,"turns":4.0},{"damage":25.0,"enemies":"Exordium Wildlife","floor":5.0,"turns":5.0},{"damage":0.0,"enemies":"Large Slime","floor":7.0,"turns":3.0},{"damage":5.0,"enemies":"Lagavulin","floor":10.0,"turns":6.0},{"damage":5.0,"enemies":"Looter","floor":11.0,"turns":2.0},{"damage":16.0,"enemies":"Exordium Thugs","floor":14.0,"turns":3.0},{"damage":21.0,"enemies":"Hexaghost","floor":16.0,"turns":7.0},{"damage":5.0,"enemies":"Spheric Guardian","floor":18.0,"turns":3.0},{"damage":2.0,"enemies":"Chosen","floor":22.0,"turns":3.0},{"damage":0.0,"enemies":"3 Cultists","floor":23.0,"turns":2.0},{"damage":0.0,"enemies":"Gremlin Leader","floor":25.0,"turns":3.0},{"damage":0.0,"enemies":"Centurion and Healer","floor":27.0,"turns":1.0},{"damage":0.0,"enemies":"Cultist and Chosen","floor":28.0,"turns":3.0},{"damage":22.0,"enemies":"Book of Stabbing","floor":30.0,"turns":3.0},{"damage":4.0,"enemies":"Shelled Parasite and Fungi","floor":31.0,"turns":2.0},{"damage":3,"enemies":"Champ","floor":33,"turns":6},{"damage":50,"enemies":"3 Darklings","floor":35,"turns":3},{"damage":8,"enemies":"Orb Walker","floor":36,"turns":1},{"damage":18,"enemies":"Spire Growth","floor":38,"turns":3},{"damage":0,"enemies":"Jaw Worm Horde","floor":39,"turns":1},{"damage":3,"enemies":"Reptomancer","floor":41,"turns":3},{"damage":0,"enemies":"3 Darklings","floor":42,"turns":1},{"damage":6,"enemies":"Maw","floor":44,"turns":4},{"damage":13,"enemies":"Giant Head","floor":46,"turns":5},{"damage":0,"enemies":"Sphere and 2 Shapes","floor":47,"turns":2},{"damage":22,"enemies":"Donu and Deca","floor":50,"turns":5}],"seed_played":"2753922213599314452","potions_obtained":[{"floor":2.0,"key":"PotionOfCapacity"},{"floor":4.0,"key":"Block Potion"},{"floor":5.0,"key":"SkillPotion"},{"floor":10.0,"key":"LiquidMemories"},{"floor":18.0,"key":"ColorlessPotion"},{"floor":20.0,"key":"ColorlessPotion"},{"floor":20.0,"key":"DistilledChaos"},{"floor":22.0,"key":"Ancient Potion"},{"floor":28.0,"key":"EntropicBrew"},{"floor":33,"key":"ColorlessPotion"},{"floor":36,"key":"Fruit Juice"},{"floor":39,"key":"Dexterity Potion"}],"is_trial":false,"path_per_floor":["M","M","?","M","M","R","M","R","T","E","M","?","$","M","R","B",null,"M","?","?","$","M","M","R","E","T","M","M","R","E","M","R","B",null,"M","M","?","M","M","R","E","M","T","M","R","E","M","$","R","B",null],"character_chosen":"DEFECT","items_purchased":["Defragment","Loop","Bottled Lightning","Apotheosis"],"campfire_rested":2,"item_purchase_floors":[13,21,48,48],"current_hp_per_floor":[74,73,73,62,37,37,37,37,37,32,39,36,36,32,54,45,75,70,70,70,70,68,68,68,68,68,68,68,68,53,49,49,46,82,44,53,53,47,47,47,44,46,46,54,54,55,57,57,83,63],"gold":47,"neow_bonus":"THREE_CARDS","is_daily":false,"chose_seed":false,"campfire_upgraded":7,"win_rate":0.0,"timestamp":1613412885,"path_taken":["M","?","?","?","M","R","M","R","T","E","?","?","?","M","R","BOSS","M","?","?","$","M","M","R","E","T","?","M","R","E","?","R","BOSS","M","?","?","M","M","R","E","M","T","?","R","E","M","$","R","BOSS"],"items_purchased_type":["Card","Card","Relic","Card"],"build_version":"2020-12-22","purchased_purges":2,"victory":true,"max_hp_per_floor":[75,75,75,75,75,75,75,75,75,75,75,75,75,75,75,75,75,75,75,75,75,75,75,75,75,75,75,75,75,82,82,82,82,82,82,87,87,87,87,87,87,87,87,87,87,87,87,87,87,87],"card_choices":[{"not_picked":["Chill","Hologram"],"picked":"Storm","floor":0.0},{"not_picked":["Conserve Battery","Leap","Coolheaded"],"picked":"SKIP","floor":1.0},{"not_picked":["Coolheaded","Turbo"],"picked":"Storm","floor":2.0},{"not_picked":["Steam","Turbo"],"picked":"Aggregate","floor":4.0},{"not_picked":["Tempest","Cold Snap"],"picked":"Electrodynamics","floor":5.0},{"not_picked":["Sweeping Beam","Darkness","Cold Snap"],"picked":"SKIP","floor":7.0},{"not_picked":["Reinforced Body","Darkness","Go for the Eyes"],"picked":"SKIP","floor":10.0},{"not_picked":["Barrage","Leap"],"picked":"Tempest","floor":11.0},{"not_picked":["Steam","Fusion"],"picked":"Static Discharge","floor":14.0},{"not_picked":["Amplify","Multi-Cast"],"picked":"Electrodynamics","floor":16.0},{"not_picked":["Rip and Tear+1","Ball Lightning+1"],"picked":"Capacitor","floor":18.0},{"not_picked":["Rebound","Hologram"],"picked":"Defragment","floor":22.0},{"not_picked":["Tempest","Consume"],"picked":"Hello World+1","floor":23.0},{"not_picked":["Force Field","Rebound","Compile Driver+1"],"picked":"SKIP","floor":25.0},{"not_picked":["Gash","Reinforced Body"],"picked":"Skim+1","floor":27.0},{"not_picked":["Go for the Eyes+1","Self Repair","Fusion"],"picked":"SKIP","floor":28.0},{"not_picked":["Chill+1","Redo","Rip and Tear"],"picked":"SKIP","floor":30.0},{"not_picked":["Stack+1","Rip and Tear","Thunder Strike"],"picked":"SKIP","floor":31.0},{"not_picked":["Conserve Battery","Hologram","Ball Lightning"],"picked":"SKIP","floor":35},{"not_picked":["Compile Driver","Coolheaded","Turbo+1"],"picked":"SKIP","floor":36},{"not_picked":["Compile Driver+1","Hello World","Gash"],"picked":"SKIP","floor":38},{"not_picked":["Turbo+1","Lockon+1","Fusion+1"],"picked":"SKIP","floor":39},{"not_picked":["Turbo","Aggregate","Rip and Tear"],"picked":"SKIP","floor":41},{"not_picked":["Ball Lightning+1","Steam Power"],"picked":"Chill+1","floor":42},{"not_picked":["Leap+1","Melter"],"picked":"Skim+1","floor":44},{"not_picked":["Turbo+1","Undo","Gash+1"],"picked":"SKIP","floor":46},{"not_picked":["Conserve Battery+1","Steam Power"],"picked":"Tempest+1","floor":47}],"player_experience":57030,"relics_obtained":[{"floor":9.0,"key":"Mummified Hand"},{"floor":10.0,"key":"Meat on the Bone"},{"floor":25.0,"key":"Omamori"},{"floor":26.0,"key":"Bag of Marbles"},{"floor":30.0,"key":"Strawberry"},{"floor":41,"key":"Blood Vial"},{"floor":43,"key":"Bronze Scales"},{"floor":46,"key":"Kunai"}],"event_choices":[{"damage_healed":0.0,"max_hp_gain":0.0,"max_hp_loss":0.0,"gold_gain":0.0,"cards_transformed":["Strike_B"],"event_name":"Transmorgrifier","player_choice":"Transformed","floor":3.0,"gold_loss":0.0,"damage_taken":0.0,"cards_obtained":["Hologram"]},{"damage_healed":0.0,"max_hp_gain":0.0,"max_hp_loss":0.0,"gold_gain":0.0,"event_name":"Scrap Ooze","player_choice":"Success","floor":12.0,"gold_loss":0.0,"damage_taken":3.0,"relics_obtained":["Shuriken"]},{"damage_healed":0.0,"max_hp_gain":0.0,"max_hp_loss":0.0,"gold_gain":0.0,"event_name":"Back to Basics","player_choice":"Simplicity","floor":19.0,"gold_loss":0.0,"damage_taken":0.0,"cards_upgraded":["Strike_B","Strike_B","Strike_B","Defend_B","Defend_B","Defend_B","Defend_B"]},{"damage_healed":0.0,"max_hp_gain":0.0,"max_hp_loss":0.0,"gold_gain":0.0,"event_name":"Lab","player_choice":"Got Potions","floor":20.0,"gold_loss":0.0,"damage_taken":0.0},{"damage_healed":0,"gold_gain":0,"player_choice":"Upgraded","damage_taken":0,"max_hp_gain":0,"max_hp_loss":0,"event_name":"Upgrade Shrine","floor":37,"gold_loss":0,"cards_upgraded":["Storm"]}],"is_beta":false,"boss_relics":[{"not_picked":["Calling Bell","FrozenCore"],"picked":"Nuclear Battery"},{"not_picked":["Fusion Hammer","Busted Crown"],"picked":"Philosopher\u0027s Stone"}],"items_purged_floors":[13,48],"is_endless":false,"potions_floor_spawned":[2,4,5,10,18,22,23,28,33,36,39,44],"ascension_level":0}}