{"host":"dl909bjyolgrn2uw","time":1613358210,"event":{"mods":["2.2 Compatiblity","BaseMod","Bestiary","Better Altar","Better Note","Better Sensory Stone","Better Skull","Better Third Choice","Better Vampires","Better-Laid Plans","BetterRewards","Colored Powertips","Curses Come First","Disable Question Mark Monsters","Displayed Cursed Tome","Emptier Cage","Minty Spire (QoL Compilation)","Morshu Shopkeeper","Permanent Neow","Rare Cards Sparkle","Relic Stats","Shop Mod","Spicy Shops","StSLib","SuperFastMode","Transform Curses"],"gold_per_floor":[117,132,58,58,133,163,163,189,201,213,237,274,296,366,378,461,473,497,245,264,279,64,64,74,74,99,119,131,131,149,149,149],"floor_reached":31,"language":"ENG","playtime":2886,"items_purged":["Strike_R"],"score":508,"play_id":"4cba3576-473f-4a54-894b-34e40da51f73","local_time":"20210214210330","is_ascension_mode":true,"campfire_choices":[{"data":"Carnage","floor":7,"key":"SMITH"},{"data":"Demon Form","floor":15,"key":"SMITH"},{"data":"Corruption","floor":23,"key":"SMITH"},{"data":"Battle Trance","floor":29,"key":"SMITH"}],"circlet_count":0,"master_deck":["AscendersBane","Strike_R","Defend_R","Defend_R","Defend_R","Defend_R","Bash+1","Clothesline","Sword Boomerang","Clash","Carnage+1","Pommel Strike","Sword Boomerang","Demon Form+1","Corruption+1","Reaper+1","Clothesline+1","Entrench+1","Burning Pact+1","Shrug It Off","Intimidate+1","Disarm","Battle Trance+1","Shame","True Grit","Double Tap","Cleave","Iron Wave+1"],"relics":["Burning Blood","NeowsBlessing","NlothsMask","White Beast Statue","Blood Vial","Pantograph","Astrolabe","Lee\u0027s Waffle","Meat on the Bone","Nloth\u0027s Gift","Nunchaku"],"acts_visited":["Exordium","TheCity"],"potions_floor_usage":[13,14,16,20,21,21,24,28,31],"damage_taken":[{"damage":0,"enemies":"Jaw Worm","floor":1,"turns":1},{"damage":0,"enemies":"Cultist","floor":2,"turns":1},{"damage":0,"enemies":"3 Sentries","floor":6,"turns":2},{"damage":12,"enemies":"Gremlin Nob","floor":8,"turns":3},{"damage":0,"enemies":"2 Louse","floor":11,"turns":2},{"damage":40,"enemies":"3 Sentries","floor":12,"turns":8},{"damage":6,"enemies":"Lots of Slimes","floor":13,"turns":3},{"damage":30,"enemies":"3 Sentries","floor":14,"turns":7},{"damage":28,"enemies":"Slime Boss","floor":16,"turns":4},{"damage":53,"enemies":"Shell Parasite","floor":18,"turns":5},{"damage":48,"enemies":"Spheric Guardian","floor":20,"turns":10},{"damage":32,"enemies":"Snake Plant","floor":21,"turns":5},{"damage":34,"enemies":"3 Cultists","floor":24,"turns":5},{"damage":43,"enemies":"Shelled Parasite and Fungi","floor":27,"turns":8},{"damage":19,"enemies":"Centurion and Healer","floor":28,"turns":7},{"damage":19,"enemies":"Snecko","floor":30,"turns":6},{"damage":61,"enemies":"Cultist and Chosen","floor":31,"turns":6}],"seed_played":"-609040750489443286","potions_obtained":[{"floor":6,"key":"PowerPotion"},{"floor":8,"key":"SpeedPotion"},{"floor":12,"key":"Explosive Potion"},{"floor":13,"key":"Strength Potion"},{"floor":14,"key":"Dexterity Potion"},{"floor":16,"key":"SpeedPotion"},{"floor":18,"key":"Strength Potion"},{"floor":20,"key":"Strength Potion"},{"floor":21,"key":"BlessingOfTheForge"},{"floor":24,"key":"SteroidPotion"},{"floor":27,"key":"SkillPotion"},{"floor":28,"key":"CultistPotion"}],"is_trial":false,"path_per_floor":["M","M","$","?","?","E","R","E","T","?","M","E","M","?","R","B",null,"M","$","M","M","$","R","M","?","T","M","M","R","M","M"],"character_chosen":"IRONCLAD","items_purchased":["Clash","Shrug It Off","Lee\u0027s Waffle","Battle Trance","Meat on the Bone","True Grit"],"campfire_rested":0,"item_purchase_floors":[3,19,19,22,22,22],"current_hp_per_floor":[74,75,75,75,64,70,70,64,64,64,70,36,38,16,16,21,62,17,82,44,26,26,26,40,40,40,45,62,62,57,0,0],"gold":149,"neow_bonus":"THREE_ENEMY_KILL","is_daily":false,"chose_seed":false,"campfire_upgraded":4,"win_rate":0.0,"timestamp":1613358210,"path_taken":["M","M","$","?","?","E","R","E","T","?","?","E","M","?","R","BOSS","M","$","M","M","$","R","M","?","T","M","M","R","M","M"],"items_purchased_type":["Card","Card","Relic","Card","Relic","Card"],"build_version":"2020-12-22","purchased_purges":1,"victory":false,"max_hp_per_floor":[75,75,75,75,75,75,75,75,75,75,75,75,75,75,75,75,75,75,82,82,82,82,82,82,82,82,82,82,82,82,82,82],"relic_stats":{"Blood Vial":20,"Lee\u0027s Waffle":65,"Nunchaku":[3],"counters":[17,83],"Pantograph":25,"Astrolabe":["Reaper","Clothesline","Entrench"],"Nloth\u0027s Gift":0,"obtain_stats":[{"Blood Vial":12,"Lee\u0027s Waffle":19,"Nunchaku":26,"NeowsBlessing":0,"Pantograph":14,"Astrolabe":17,"Nloth\u0027s Gift":25,"MawBank":8,"Burning Blood":0,"White Beast Statue":6,"NlothsMask":4,"Meat on the Bone":22},{"Blood Vial":6,"Lee\u0027s Waffle":10,"Nunchaku":13,"NeowsBlessing":0,"Pantograph":8,"Astrolabe":9,"Nloth\u0027s Gift":13,"MawBank":4,"Burning Blood":0,"White Beast Statue":3,"NlothsMask":2,"Meat on the Bone":12},{"Blood Vial":17,"Lee\u0027s Waffle":36,"Nunchaku":56,"NeowsBlessing":0,"Pantograph":27,"Astrolabe":31,"Nloth\u0027s Gift":56,"MawBank":7,"Burning Blood":0,"White Beast Statue":4,"NlothsMask":2,"Meat on the Bone":51}],"Burning Blood":91,"Meat on the Bone":24},"card_choices":[{"not_picked":["Armaments","Spot Weakness"],"picked":"Clothesline","floor":1},{"not_picked":["Rage","Brutality"],"picked":"Sword Boomerang","floor":2},{"not_picked":["Clothesline","Seeing Red"],"picked":"Carnage","floor":6},{"not_picked":["Rupture","Pummel"],"picked":"Pommel Strike","floor":8},{"not_picked":["Thunderclap","Seeing Red","Warcry"],"picked":"SKIP","floor":11},{"not_picked":["Dark Embrace","Perfected Strike","Flex"],"picked":"SKIP","floor":12},{"not_picked":["Combust","Anger"],"picked":"Sword Boomerang","floor":13},{"not_picked":["Flex","Pommel Strike"],"picked":"Demon Form","floor":14},{"not_picked":["Bludgeon","Exhume"],"picked":"Corruption","floor":16},{"not_picked":["Fire Breathing","Uppercut"],"picked":"Burning Pact+1","floor":18},{"not_picked":["Pommel Strike","Dropkick"],"picked":"Intimidate+1","floor":20},{"not_picked":["Sword Boomerang","Pommel Strike"],"picked":"Disarm","floor":21},{"not_picked":["Clothesline","Battle Trance"],"picked":"Double Tap","floor":24},{"not_picked":["Havoc","Wild Strike"],"picked":"Cleave","floor":27},{"not_picked":["Metallicize","Perfected Strike"],"picked":"Iron Wave+1","floor":28},{"not_picked":["Body Slam","Heavy Blade","Second Wind"],"picked":"SKIP","floor":30}],"player_experience":431250,"relics_obtained":[{"floor":6,"key":"White Beast Statue"},{"floor":8,"key":"MawBank"},{"floor":12,"key":"Blood Vial"},{"floor":14,"key":"Pantograph"},{"floor":26,"key":"Nunchaku"}],"event_choices":[{"damage_healed":0,"gold_gain":0,"player_choice":"Trade","damage_taken":0,"relics_obtained":["NlothsMask"],"max_hp_gain":0,"max_hp_loss":0,"event_name":"FaceTrader","floor":4,"gold_loss":0},{"damage_healed":0,"gold_gain":75,"player_choice":"Gold","damage_taken":11,"max_hp_gain":0,"max_hp_loss":0,"event_name":"betterThird:BetterGoop","floor":5,"gold_loss":0},{"damage_healed":0,"gold_gain":0,"player_choice":"Upgraded","damage_taken":0,"max_hp_gain":0,"max_hp_loss":0,"event_name":"Upgrade Shrine","floor":10,"gold_loss":0,"cards_upgraded":["Bash"]},{"damage_healed":0,"gold_gain":0,"player_choice":"Searched \u00271\u0027 times","damage_taken":0,"max_hp_gain":0,"max_hp_loss":0,"event_name":"Dead Adventurer","floor":14,"gold_loss":0},{"damage_healed":0,"gold_gain":0,"player_choice":"Traded Relic","damage_taken":0,"relics_obtained":["Nloth\u0027s Gift"],"max_hp_gain":0,"max_hp_loss":0,"event_name":"N\u0027loth","floor":25,"relics_lost":["MawBank"],"gold_loss":0}],"is_beta":false,"boss_relics":[{"not_picked":["Black Blood","Mark of Pain"],"picked":"Astrolabe"}],"items_purged_floors":[19],"is_endless":false,"potions_floor_spawned":[6,8,11,12,13,14,16,18,20,21,24,27,28,30],"killed_by":"Cultist and Chosen","ascension_level":16}}