{"host":"zxd2l8an9de7z7b9","time":1613363669,"event":{"mods":["2.2 Compatiblity","AchievementEnabler","BaseMod","CapriCore","Colored Map","Colored Powertips","Minty Spire (QoL Compilation)","Rare Cards Sparkle","StSLib","SuperFastMode"],"gold_per_floor":[119,194,205,95,112,112,142,142,142,142,168,230,26,43,43,148,148,158,186,199,114,14,44,63,89,140,140,172,172,192,209,209,314,314,330,74,74,88,88,116,116,131,158,33,44,75,35,51,51,51],"floor_reached":51,"language":"KOR","playtime":2237,"items_purged":["Strike_P","Defend_P","Defend_P"],"score":989,"play_id":"4fb11b8f-a5fd-44b4-a8d6-b2cac4a6d030","local_time":"20210215133429","is_ascension_mode":true,"campfire_choices":[{"data":"SashWhip","floor":6.0,"key":"SMITH"},{"data":"Ragnarok","floor":8.0,"key":"SMITH"},{"data":"Vault","floor":15.0,"key":"SMITH"},{"data":"MasterReality","floor":27,"key":"SMITH"},{"data":"Evaluate","floor":29,"key":"SMITH"},{"floor":32,"key":"REST"},{"data":"Establishment","floor":41,"key":"SMITH"},{"data":"MentalFortress","floor":49,"key":"SMITH"}],"circlet_count":0,"master_deck":["Strike_P","Strike_P","Strike_P","Defend_P+1","Defend_P","Eruption+1","SashWhip+1","EmptyFist","Conclude","EmptyBody+1","Ragnarok+1","Vault+1","LikeWater","FlyingSleeves","Indignation","Establishment+1","FearNoEvil","Evaluate+1","BattleHymn+1","MasterReality+1","Sanctity+1","FearNoEvil+1","BattleHymn","MentalFortress+1","Protect+1","LessonLearned","LikeWater+1","WindmillStrike+1","Flash of Steel","Fasting2+1","Worship+1","MentalFortress"],"relics":["PureWater","Mango","Thread and Needle","Pear","Damaru","Vajra","Philosopher\u0027s Stone","Red Mask","Mercury Hourglass","Potion Belt","Centennial Puzzle","Akabeko","FossilizedHelix","Coffee Dripper","Mummified Hand","StrikeDummy","War Paint","Shuriken"],"acts_visited":["Exordium","TheCity","TheBeyond"],"potions_floor_usage":[23,24,25,28,48,50,50,50,50],"damage_taken":[{"damage":0.0,"enemies":"2 Louse","floor":1.0,"turns":1.0},{"damage":0.0,"enemies":"Cultist","floor":3.0,"turns":3.0},{"damage":10.0,"enemies":"Small Slimes","floor":5.0,"turns":3.0},{"damage":3.0,"enemies":"Lagavulin","floor":7.0,"turns":5.0},{"damage":19.0,"enemies":"3 Sentries","floor":11.0,"turns":8.0},{"damage":0.0,"enemies":"Gremlin Nob","floor":12.0,"turns":2.0},{"damage":0.0,"enemies":"Blue Slaver","floor":14.0,"turns":1.0},{"damage":55.0,"enemies":"Slime Boss","floor":16.0,"turns":11.0},{"damage":20.0,"enemies":"2 Thieves","floor":18.0,"turns":2.0},{"damage":0.0,"enemies":"Masked Bandits","floor":19.0,"turns":2.0},{"damage":0.0,"enemies":"Spheric Guardian","floor":20.0,"turns":2.0},{"damage":0,"enemies":"Slavers","floor":23,"turns":3},{"damage":1,"enemies":"Shelled Parasite and Fungi","floor":24,"turns":4},{"damage":14,"enemies":"Book of Stabbing","floor":25,"turns":4},{"damage":7,"enemies":"Gremlin Leader","floor":28,"turns":5},{"damage":0,"enemies":"Snecko","floor":30,"turns":3},{"damage":0,"enemies":"Cultist and Chosen","floor":31,"turns":3},{"damage":28,"enemies":"Collector","floor":33,"turns":5},{"damage":8,"enemies":"3 Darklings","floor":35,"turns":2},{"damage":0,"enemies":"Orb Walker","floor":38,"turns":3},{"damage":0,"enemies":"Giant Head","floor":40,"turns":6},{"damage":12,"enemies":"Sphere and 2 Shapes","floor":42,"turns":4},{"damage":0,"enemies":"Maw","floor":45,"turns":7},{"damage":8,"enemies":"Nemesis","floor":46,"turns":5},{"damage":0,"enemies":"3 Darklings","floor":48,"turns":3},{"damage":42,"enemies":"Awakened One","floor":50,"turns":6}],"seed_played":"2118269377139096100","potions_obtained":[{"floor":1.0,"key":"SteroidPotion"},{"floor":7.0,"key":"SpeedPotion"},{"floor":11.0,"key":"Energy Potion"},{"floor":12.0,"key":"Weak Potion"},{"floor":24,"key":"Ambrosia"},{"floor":28,"key":"Fruit Juice"},{"floor":33,"key":"SkillPotion"},{"floor":40,"key":"LiquidMemories"},{"floor":45,"key":"Ambrosia"},{"floor":46,"key":"DistilledChaos"},{"floor":48,"key":"SteroidPotion"}],"is_trial":false,"path_per_floor":["M","?","M","$","M","R","E","R","T","?","E","?","$","M","R","B",null,"M","?","M","?","$","E","M","E","T","R","E","R","M","M","R","B",null,"M","$","?","M","?","E","R","M","T","$","M","E","$","M","R","B",null],"character_chosen":"WATCHER","items_purchased":["Conclude","Vajra","FlyingSleeves","Mummified Hand","MentalFortress"],"campfire_rested":1,"item_purchase_floors":[4,13,13,36,47],"current_hp_per_floor":[72,65,65,65,55,55,66,66,66,71,62,62,62,62,62,7,101,81,81,81,81,81,81,80,66,66,66,64,64,64,64,95,67,106,98,98,98,98,98,98,98,86,86,86,86,78,78,78,78,36],"gold":51,"neow_bonus":"UPGRADE_CARD","is_daily":false,"chose_seed":false,"campfire_upgraded":7,"win_rate":0.0,"timestamp":1613363669,"path_taken":["M","?","M","$","?","R","E","R","T","?","E","?","?","M","R","BOSS","M","?","M","?","$","E","M","E","T","R","E","R","M","?","R","BOSS","M","$","?","M","?","E","R","M","T","?","?","E","$","?","R","BOSS"],"items_purchased_type":["Card","Relic","Card","Relic","Card"],"build_version":"2020-12-22","purchased_purges":3,"victory":true,"max_hp_per_floor":[72,72,72,72,72,72,86,86,86,91,101,101,101,101,101,101,101,101,101,101,101,101,101,101,101,101,101,106,106,106,106,106,106,106,106,106,106,106,106,106,106,106,106,106,106,106,106,106,106,106],"card_choices":[{"not_picked":["FlyingSleeves","PathToVictory"],"picked":"SashWhip","floor":1.0},{"not_picked":["BowlingBash","CutThroughFate"],"picked":"EmptyFist","floor":3.0},{"not_picked":["EmptyFist","ThirdEye"],"picked":"EmptyBody","floor":5.0},{"not_picked":["CarveReality","BowlingBash"],"picked":"Ragnarok","floor":7.0},{"not_picked":["MentalFortress","Judgement"],"picked":"Vault","floor":11.0},{"not_picked":["Crescendo","Prostrate"],"picked":"LikeWater","floor":12.0},{"not_picked":["FlyingSleeves","ForeignInfluence"],"picked":"Indignation","floor":14.0},{"not_picked":["Omniscience","ConjureBlade"],"picked":"Establishment","floor":16.0},{"not_picked":["Prostrate","Halt+1"],"picked":"FearNoEvil","floor":18.0},{"not_picked":["ReachHeaven","ThirdEye"],"picked":"Evaluate","floor":19.0},{"not_picked":["EmptyBody","Collect"],"picked":"BattleHymn+1","floor":20.0},{"not_picked":["Crescendo","FollowUp"],"picked":"MasterReality","floor":23},{"not_picked":["Prostrate","FearNoEvil"],"picked":"Sanctity+1","floor":24},{"not_picked":["BowlingBash","Establishment"],"picked":"FearNoEvil+1","floor":25},{"not_picked":["Evaluate","CutThroughFate"],"picked":"BattleHymn","floor":28},{"not_picked":["Weave","BowlingBash+1"],"picked":"MentalFortress","floor":30},{"not_picked":["FlurryOfBlows","Tantrum"],"picked":"Protect+1","floor":31},{"not_picked":["Alpha","Ragnarok"],"picked":"LessonLearned","floor":33},{"not_picked":["ClearTheMind","Consecrate"],"picked":"LikeWater+1","floor":35},{"not_picked":["Protect+1","EmptyFist+1"],"picked":"WindmillStrike+1","floor":38},{"not_picked":["HandOfGreed","Jack Of All Trades"],"picked":"Flash of Steel","floor":39},{"not_picked":["PathToVictory+1","Consecrate","CutThroughFate"],"picked":"SKIP","floor":40},{"not_picked":["Consecrate+1","Pray+1","Vengeance"],"picked":"SKIP","floor":42},{"not_picked":["EmptyFist","FollowUp+1"],"picked":"Fasting2+1","floor":45},{"not_picked":["WreathOfFlame","Evaluate"],"picked":"Worship+1","floor":46},{"not_picked":["PathToVictory+1","Consecrate","ThirdEye+1"],"picked":"SKIP","floor":48}],"player_experience":348200,"relics_obtained":[{"floor":7.0,"key":"Mango"},{"floor":9.0,"key":"Thread and Needle"},{"floor":11.0,"key":"Pear"},{"floor":12.0,"key":"Damaru"},{"floor":19.0,"key":"Red Mask"},{"floor":23,"key":"Potion Belt"},{"floor":25,"key":"Centennial Puzzle"},{"floor":26,"key":"Akabeko"},{"floor":28,"key":"FossilizedHelix"},{"floor":40,"key":"StrikeDummy"},{"floor":43,"key":"War Paint"},{"floor":46,"key":"Shuriken"}],"event_choices":[{"damage_healed":0.0,"max_hp_gain":0.0,"max_hp_loss":0.0,"gold_gain":75.0,"event_name":"FaceTrader","player_choice":"Touch","floor":2.0,"gold_loss":0.0,"damage_taken":7.0},{"damage_healed":0.0,"max_hp_gain":5.0,"max_hp_loss":0.0,"gold_gain":0.0,"event_name":"Big Fish","player_choice":"Donut","floor":10.0,"gold_loss":0.0,"damage_taken":0.0},{"damage_healed":0.0,"max_hp_gain":0.0,"max_hp_loss":0.0,"gold_gain":0.0,"event_name":"Dead Adventurer","player_choice":"Searched \u00271\u0027 times","floor":12.0,"gold_loss":0.0,"damage_taken":0.0},{"damage_healed":0.0,"max_hp_gain":0.0,"max_hp_loss":0.0,"gold_gain":0.0,"event_name":"Masked Bandits","player_choice":"Fought Bandits","floor":19.0,"gold_loss":0.0,"damage_taken":0.0},{"damage_healed":0.0,"max_hp_gain":0.0,"max_hp_loss":0.0,"gold_gain":0.0,"event_name":"Addict","player_choice":"Obtained Relic","floor":21.0,"gold_loss":85.0,"damage_taken":0.0,"relics_obtained":["Mercury Hourglass"]},{"cards_removed":["Vigilance"],"damage_healed":0,"gold_gain":0,"player_choice":"Removed Skill","damage_taken":0,"max_hp_gain":0,"max_hp_loss":0,"event_name":"Falling","floor":37,"gold_loss":0},{"damage_healed":0,"gold_gain":0,"player_choice":"Memory 1","damage_taken":0,"max_hp_gain":0,"max_hp_loss":0,"event_name":"SensoryStone","floor":39,"gold_loss":0}],"is_beta":false,"boss_relics":[{"not_picked":["HolyWater","Calling Bell"],"picked":"Philosopher\u0027s Stone"},{"not_picked":["SacredBark","Fusion Hammer"],"picked":"Coffee Dripper"}],"items_purged_floors":[4,22,44],"is_endless":false,"potions_floor_spawned":[1,7,11,12,19,24,28,33,40,45,46,48],"ascension_level":3}}