{"host":"4cz9gr89nglr7k8k","time":1613423403,"event":{"mods":["BaseMod","Minty Spire (QoL Compilation)","Relic Stats","Slay-I"],"gold_per_floor":[118,129,20,20,33,33,68,68,121,131,156,156,156,171,171,244,244,255,52,52,52,52,67,67,82,82,82,117,133,133,143,143,214,214,224,224,242,25,39,39,49,49,49,49,59,59,72,117,117,117,117],"floor_reached":50,"language":"DEU","playtime":1508,"items_purged":[],"score":969,"play_id":"c65a49b6-4f24-4635-9b8f-bd64e962f565","local_time":"20210215221003","is_ascension_mode":true,"campfire_choices":[{"data":"Anger","floor":6,"key":"SMITH"},{"floor":12,"key":"REST"},{"floor":15,"key":"REST"},{"floor":24,"key":"REST"},{"floor":32,"key":"REST"},{"floor":40,"key":"REST"},{"data":"Inflame","floor":42,"key":"SMITH"},{"data":"Bludgeon","floor":44,"key":"SMITH"},{"data":"Reaper","floor":49,"key":"SMITH"}],"circlet_count":0,"master_deck":["AscendersBane","Strike_R+1","Strike_R+1","Strike_R+1","Strike_R+1","Strike_R+1","Defend_R+1","Defend_R+1","Defend_R+1","Bash","Clash","Perfected Strike","Anger+1","Perfected Strike+1","Flex","Iron Wave","Clash","Thunderclap","Twin Strike","Demon Form+1","Thunderclap","Immolate","Spot Weakness","Perfected Strike+1","Pummel","Thunderclap+1","Reckless Charge","Bludgeon+1","Reaper+1","Whirlwind","Pommel Strike","Inflame+1","Sword Boomerang","Twin Strike","Heavy Blade","Rampage+1","Whirlwind","Iron Wave"],"relics":["Black Blood","NeowsBlessing","Centennial Puzzle","Matryoshka","Oddly Smooth Stone","Boot","CaptainsWheel","Velvet Choker","Lantern","Eternal Feather","Darkstone Periapt","Bottled Flame","Anchor"],"acts_visited":["Exordium","TheCity","TheBeyond"],"potions_floor_usage":[33,33,50,50],"damage_taken":[{"damage":0,"enemies":"Cultist","floor":1,"turns":1},{"damage":0,"enemies":"Small Slimes","floor":2,"turns":1},{"damage":0,"enemies":"2 Louse","floor":5,"turns":1},{"damage":35,"enemies":"Lagavulin","floor":7,"turns":4},{"damage":12,"enemies":"Large Slime","floor":10,"turns":3},{"damage":14,"enemies":"3 Sentries","floor":11,"turns":9},{"damage":6,"enemies":"Exordium Thugs","floor":14,"turns":3},{"damage":18,"enemies":"Slime Boss","floor":16,"turns":9},{"damage":27,"enemies":"2 Thieves","floor":18,"turns":3},{"damage":0,"enemies":"Chosen","floor":23,"turns":2},{"damage":36,"enemies":"Snake Plant","floor":25,"turns":3},{"damage":23,"enemies":"Book of Stabbing","floor":28,"turns":3},{"damage":0,"enemies":"Cultist and Chosen","floor":29,"turns":3},{"damage":18,"enemies":"Centurion and Healer","floor":31,"turns":4},{"damage":83,"enemies":"Automaton","floor":33,"turns":8},{"damage":2,"enemies":"Orb Walker","floor":35,"turns":2},{"damage":56,"enemies":"3 Shapes","floor":37,"turns":4},{"damage":21,"enemies":"Maw","floor":39,"turns":6},{"damage":41,"enemies":"Jaw Worm Horde","floor":41,"turns":3},{"damage":18,"enemies":"4 Shapes","floor":45,"turns":4},{"damage":25,"enemies":"Sphere and 2 Shapes","floor":47,"turns":3},{"damage":101,"enemies":"Donu and Deca","floor":50,"turns":5}],"seed_played":"-2401771683211552511","potions_obtained":[{"floor":5,"key":"GamblersBrew"},{"floor":10,"key":"BloodPotion"},{"floor":23,"key":"Fire Potion"},{"floor":28,"key":"BloodPotion"},{"floor":33,"key":"GamblersBrew"},{"floor":37,"key":"BloodPotion"},{"floor":47,"key":"Explosive Potion"}],"is_trial":false,"path_per_floor":["M","M","$","?","M","R","E","?","T","M","E","R","?","M","R","B",null,"M","$","?","$","?","M","R","M","T","?","E","M","?","M","R","B",null,"M","?","M","$","M","R","M","R","T","R","M","?","M","T","R","B"],"character_chosen":"IRONCLAD","items_purchased":["Anger","Perfected Strike","Immolate","Spot Weakness","Inflame","Flex","Sword Boomerang","Twin Strike"],"campfire_rested":5,"item_purchase_floors":[3,3,19,19,38,38,38,38],"current_hp_per_floor":[74,75,75,75,75,75,46,35,35,29,21,43,43,43,65,53,70,49,49,49,49,49,55,75,45,45,45,28,34,34,22,59,12,59,69,69,43,43,34,75,46,67,67,75,69,69,56,56,75,0,0],"gold":117,"neow_bonus":"THREE_ENEMY_KILL","is_daily":false,"chose_seed":false,"campfire_upgraded":4,"win_rate":0.0,"timestamp":1613423403,"path_taken":["M","?","$","?","M","R","E","?","T","M","E","R","?","M","R","BOSS","M","$","?","$","?","M","R","M","T","?","E","?","?","M","R","BOSS","M","?","M","$","M","R","M","R","T","R","?","?","M","?","R","BOSS"],"items_purchased_type":["Card","Card","Card","Card","Card","Card","Card","Card"],"build_version":"2020-12-22","purchased_purges":0,"victory":false,"max_hp_per_floor":[75,75,75,75,75,75,75,75,75,75,75,75,75,75,75,75,75,75,75,75,75,75,75,75,75,75,75,75,75,75,75,75,75,75,75,75,75,75,75,75,75,75,75,75,75,75,75,75,75,75,75],"relic_stats":{"Darkstone Periapt":0,"Centennial Puzzle":[48],"counters":[22,84],"Black Blood":151,"Eternal Feather":84,"Boot":[26],"obtain_stats":[{"Darkstone Periapt":28,"Lantern":26,"NeowsBlessing":0,"Oddly Smooth Stone":9,"Velvet Choker":17,"Black Blood":34,"Eternal Feather":26,"Boot":9,"Burning Blood":0,"Centennial Puzzle":7,"CaptainsWheel":11,"Bottled Flame":43,"Anchor":48,"Matryoshka":8},{"Darkstone Periapt":12,"Lantern":11,"NeowsBlessing":0,"Oddly Smooth Stone":4,"Velvet Choker":8,"Black Blood":15,"Eternal Feather":11,"Boot":4,"Burning Blood":0,"Centennial Puzzle":4,"CaptainsWheel":6,"Bottled Flame":19,"Anchor":21,"Matryoshka":4},{"Darkstone Periapt":42,"Lantern":39,"NeowsBlessing":0,"Oddly Smooth Stone":7,"Velvet Choker":31,"Black Blood":57,"Eternal Feather":39,"Boot":7,"Burning Blood":0,"Centennial Puzzle":7,"CaptainsWheel":19,"Bottled Flame":72,"Anchor":79,"Matryoshka":7}]},"card_choices":[{"not_picked":["Body Slam","Twin Strike"],"picked":"Clash","floor":1},{"not_picked":["Whirlwind","Cleave"],"picked":"Perfected Strike","floor":2},{"not_picked":["Headbutt","Infernal Blade"],"picked":"Flex","floor":5},{"not_picked":["Entrench","True Grit"],"picked":"Iron Wave","floor":7},{"not_picked":["Flex","Shrug It Off"],"picked":"Clash","floor":10},{"not_picked":["Clothesline","Warcry"],"picked":"Thunderclap","floor":11},{"not_picked":["Body Slam","Warcry"],"picked":"Twin Strike","floor":14},{"not_picked":["Fiend Fire","Bludgeon"],"picked":"Demon Form","floor":16},{"not_picked":["Burning Pact","Fire Breathing"],"picked":"Thunderclap","floor":18},{"not_picked":["Combust","Sword Boomerang"],"picked":"Perfected Strike+1","floor":23},{"not_picked":["Armaments","Battle Trance+1"],"picked":"Pummel","floor":25},{"not_picked":["Headbutt","Cleave"],"picked":"Thunderclap+1","floor":28},{"not_picked":["Dark Embrace","True Grit"],"picked":"Reckless Charge","floor":29},{"not_picked":["Perfected Strike","Warcry"],"picked":"Bludgeon","floor":31},{"not_picked":["Offering","Demon Form"],"picked":"Reaper","floor":33},{"not_picked":["Armaments","Warcry+1"],"picked":"Whirlwind","floor":35},{"not_picked":["Rage","Entrench"],"picked":"Pommel Strike","floor":37},{"not_picked":["Armaments","Rupture+1"],"picked":"Heavy Blade","floor":39},{"not_picked":["Shockwave","Dark Embrace"],"picked":"Rampage+1","floor":41},{"not_picked":["Warcry","Heavy Blade"],"picked":"Whirlwind","floor":45},{"not_picked":["Pommel Strike+1","Havoc"],"picked":"Iron Wave","floor":47}],"player_experience":1552996,"relics_obtained":[{"floor":7,"key":"Centennial Puzzle"},{"floor":9,"key":"Oddly Smooth Stone"},{"floor":9,"key":"Boot"},{"floor":11,"key":"CaptainsWheel"},{"floor":26,"key":"Lantern"},{"floor":26,"key":"Eternal Feather"},{"floor":28,"key":"Darkstone Periapt"},{"floor":43,"key":"Bottled Flame"},{"floor":48,"key":"Anchor"}],"event_choices":[{"damage_healed":0,"gold_gain":0,"player_choice":"Grow","damage_taken":0,"max_hp_gain":0,"max_hp_loss":0,"event_name":"Living Wall","floor":4,"gold_loss":0,"cards_upgraded":["Perfected Strike"]},{"damage_healed":0,"gold_gain":0,"player_choice":"Success","damage_taken":11,"relics_obtained":["Matryoshka"],"max_hp_gain":0,"max_hp_loss":0,"event_name":"Scrap Ooze","floor":8,"gold_loss":0},{"cards_removed":["Defend_R"],"damage_healed":0,"gold_gain":0,"player_choice":"Offered Basic","damage_taken":0,"max_hp_gain":0,"max_hp_loss":0,"event_name":"Bonfire Elementals","floor":13,"gold_loss":0},{"damage_healed":0,"gold_gain":0,"player_choice":"Ignored","damage_taken":0,"max_hp_gain":0,"max_hp_loss":0,"event_name":"Cursed Tome","floor":20,"gold_loss":0},{"damage_healed":0,"gold_gain":0,"player_choice":"Ignored","damage_taken":0,"max_hp_gain":0,"max_hp_loss":0,"event_name":"The Mausoleum","floor":22,"gold_loss":0},{"damage_healed":0,"gold_gain":0,"player_choice":"Ignored","damage_taken":0,"max_hp_gain":0,"max_hp_loss":0,"event_name":"N\u0027loth","floor":27,"gold_loss":0},{"damage_healed":0,"gold_gain":0,"player_choice":"Simplicity","damage_taken":0,"max_hp_gain":0,"max_hp_loss":0,"event_name":"Back to Basics","floor":30,"gold_loss":0,"cards_upgraded":["Strike_R","Strike_R","Strike_R","Strike_R","Strike_R","Defend_R","Defend_R","Defend_R"]},{"damage_healed":0,"gold_gain":0,"player_choice":"Upgraded","damage_taken":0,"max_hp_gain":0,"max_hp_loss":0,"event_name":"Upgrade Shrine","floor":36,"gold_loss":0,"cards_upgraded":["Demon Form"]},{"cards_removed":["Flex"],"damage_healed":0,"gold_gain":0,"player_choice":"Removed Skill","damage_taken":0,"max_hp_gain":0,"max_hp_loss":0,"event_name":"Falling","floor":46,"gold_loss":0}],"is_beta":false,"boss_relics":[{"not_picked":["Runic Dome","Snecko Eye"],"picked":"Velvet Choker"},{"not_picked":["Sozu","SacredBark"],"picked":"Black Blood"}],"items_purged_floors":[],"is_endless":false,"potions_floor_spawned":[5,10,23,28,29,31,33,37,41,47],"killed_by":"Donu and Deca","ascension_level":20}}