{"host":"b0hh64pqctf46s8m","time":1613355122,"event":{"mods":["100% Spire Juice","Act Like it!","Aspiration","BaseMod","Bestiary","Better Third Choice","CCEM2","CapriCore","ChefMod","Conspire","Curses Come First","Displayed Cursed Tome","Dota2Spire","Downfall","Ekko","Elementarium","Evolution","Fireblade Mod","Fox Events","Halation","Hallownest","Hermit","Hubris","Infinite Spire","Jess\u0027s Bottle","JesterMod","Jorbs\u0027s Wanderer Trilogy","Koishi","Kratos Character Expansion","Lobotomy","Luminous","Mari Mod (Legacy)","Mari\u0027s V1 Patch","Menagerie","Mimic Mod","Minty Spire (QoL Compilation)","Pale of the Ancients","Permanent Neow","Pikachu Mod","QueenMod","Random Character Button","Relic Sorter","Relic Stats","Reliquary","Replay The Spire","Robot Space Explorer","Shade Mod","Spire Arcade","StSLib","The Blue Laboratory","The Bug Knight","The Dragon Tamer","The Hayseed","The Immortal","TheSurvivalist","TheSwordswoman","TheVacant","TheWitcher","Treasure Hunter","UnlockEverythingMod","Wandering Minibosses","??????REMEMod"],"gold_per_floor":[99,119,135,41,41,41,41,60,79,104,145,145,158,197,210,210,210,210],"floor_reached":16,"language":"ENG","playtime":742,"items_purged":[],"score":114,"play_id":"5c75d66a-231a-4914-8e77-a8add29451de","local_time":"20210214181202","is_ascension_mode":false,"campfire_choices":[{"data":"hexamod:ThermalTransfer","floor":12,"key":"SMITH"}],"circlet_count":0,"master_deck":["hexamod:SpectersWail","hexamod:Strike","hexamod:Strike","hexamod:Defend","hexamod:Defend","hexamod:Defend","hexamod:Defend","hexamod:Sear","hexamod:Float","hubris:StunningStrike","hexamod:FlamesFromBeyond","hexamod:SwordOfDarkness+1","hexamod:ThirdSeal","hexamod:TimeWarp","hexamod:EmpoweredFlame","hexamod:GhostflameBarrier","hexamod:ThermalTransfer+1","hexamod:RetreatToShadows","Dark Shackles+1","hexamod:ChargedBarrage","hexamod:Hexaguard","Finesse+1","TH:DeckOfManyThings","hexamod:ShieldOfDarkness","conspire:Banana+1","hexamod:FourthSeal"],"relics":["EVO:Axolotl","REME_ComplimentaryCards","hexamod:IceCube","Golden Idol","Shuriken","CCEMRelics:FestiveHat","Shovel"],"acts_visited":["Menagerie:Menagerie"],"potions_floor_usage":[14,16,16],"damage_taken":[{"damage":2,"enemies":"Menagerie:StygianBoar","floor":2,"turns":4},{"damage":0,"enemies":"Menagerie:2_RABBITS","floor":3,"turns":3},{"damage":5,"enemies":"downfall:FleeingMerchant","floor":4,"turns":5},{"damage":9,"enemies":"Menagerie:MonstrousExperiment","floor":8,"turns":3},{"damage":1,"enemies":"Menagerie:3_RABBITS","floor":9,"turns":3},{"damage":6,"enemies":"Menagerie:DREAD_MOTH_AND_GRAFTED_WORMS","floor":10,"turns":4},{"damage":6,"enemies":"Menagerie:VoidReaper","floor":11,"turns":4},{"damage":10,"enemies":"Menagerie:KEEPER_AND_YOUNG_SUNEATER","floor":13,"turns":4},{"damage":10,"enemies":"Menagerie:Hydra","floor":14,"turns":4},{"damage":0,"enemies":"Menagerie:BEAST_MAGE_AND_PROWLING_AMALGAM","floor":15,"turns":5},{"damage":13,"enemies":"IC_STATUS_ARCHETYPE","floor":16,"turns":8}],"seed_played":"8552959641207032305","potions_obtained":[{"floor":8,"key":"Death Potion"},{"floor":9,"key":"PowerPotion"},{"floor":10,"key":"sneckomod:MuddlingPotion"},{"floor":14,"key":"Elixir"}],"is_trial":false,"path_per_floor":["R","M","M","$","?","?","T","M","M","M","E","R","M","E","M","B"],"character_chosen":"THE_SPIRIT","items_purchased":["hexamod:TimeWarp"],"campfire_rested":0,"item_purchase_floors":[4],"current_hp_per_floor":[65,63,63,58,58,53,53,44,43,37,31,31,21,11,11,0,0,0],"gold":210,"neow_bonus":"BOSS_RELIC","is_daily":false,"chose_seed":false,"campfire_upgraded":1,"win_rate":0.0,"timestamp":1613355122,"path_taken":["R","M","M","$","?","?","T","M","M","?","E","R","M","E","M","BOSS"],"items_purchased_type":["Card"],"build_version":"2020-12-22","purchased_purges":0,"victory":false,"max_hp_per_floor":[65,65,65,65,65,65,65,65,65,65,65,65,65,65,65,67,67,67],"relic_stats":{"Shovel":0,"counters":[11,47],"Golden Idol":42,"Shuriken":[8],"obtain_stats":[{"Shovel":14,"CCEMRelics:FestiveHat":11,"Golden Idol":1,"Shuriken":7,"EVO:Axolotl":0,"hexamod:SpiritBrand":0,"hexamod:IceCube":0,"REME_ComplimentaryCards":0},{"Shovel":9,"CCEMRelics:FestiveHat":7,"Golden Idol":0,"Shuriken":3,"EVO:Axolotl":0,"hexamod:SpiritBrand":0,"hexamod:IceCube":0,"REME_ComplimentaryCards":0},{"Shovel":34,"CCEMRelics:FestiveHat":26,"Golden Idol":0,"Shuriken":12,"EVO:Axolotl":0,"hexamod:SpiritBrand":0,"hexamod:IceCube":0,"REME_ComplimentaryCards":0}]},"card_choices":[{"not_picked":["hexamod:HeatMetal","hexamod:CatchUp"],"picked":"hexamod:FlamesFromBeyond","floor":2},{"not_picked":["hexamod:GhostShield","hexamod:GhostLash"],"picked":"hexamod:SwordOfDarkness","floor":3},{"not_picked":["hexamod:GhostOfSpirePast","hexamod:GhostLash"],"picked":"hexamod:ThirdSeal","floor":4},{"not_picked":["TH:ElvenBoots","TH:ArmorSpikes"],"picked":"SKIP","floor":7},{"not_picked":["hexamod:Hexaguard","hexamod:PowerFromBeyond"],"picked":"hexamod:EmpoweredFlame","floor":8},{"not_picked":["hexamod:GhostShield","hexamod:HauntingEcho"],"picked":"hexamod:GhostflameBarrier","floor":9},{"not_picked":["hexamod:ParanormalForm","hexamod:CatchUp","hexamod:Rewind"],"picked":"SKIP","floor":9},{"not_picked":["hexamod:HeatMetal","hexamod:NecessarySacrifice"],"picked":"hexamod:ThermalTransfer","floor":10},{"not_picked":["hexamod:SwordOfDarkness","hexamod:GhostflameBarrier","hexamod:HeatCrush"],"picked":"SKIP","floor":10},{"not_picked":["hexamod:BacktrackSmack","hexamod:StepThrough"],"picked":"hexamod:RetreatToShadows","floor":11},{"not_picked":["hexamod:Rewind","hexamod:HauntingEcho","hexamod:SecondSeal"],"picked":"SKIP","floor":11},{"not_picked":["TH:PixieDust","TH:DeckOfManyThings"],"picked":"SKIP","floor":11},{"not_picked":["Good Instincts+1","KratosMod:FullCounter+1"],"picked":"Dark Shackles+1","floor":13},{"not_picked":["hexamod:NightmareStrike","hexamod:SpectersWail"],"picked":"hexamod:ChargedBarrage","floor":13},{"not_picked":["hexamod:NightmareGuise","hexamod:AdvancingGuard"],"picked":"hexamod:Hexaguard","floor":13},{"not_picked":["Magnetism+1","Master of Strategy+1"],"picked":"Finesse+1","floor":14},{"not_picked":["TH:PixieDust"],"picked":"TH:DeckOfManyThings","floor":14},{"not_picked":["hexamod:NecessarySacrifice","hexamod:GhostShield"],"picked":"hexamod:ShieldOfDarkness","floor":14},{"not_picked":["hexamod:RainOfEmbers","hexamod:SwordOfDarkness","hexamod:AdvancingGuard"],"picked":"SKIP","floor":14},{"not_picked":["REME_MagicPocketWatch+1","Jack Of All Trades+1"],"picked":"conspire:Banana+1","floor":15},{"not_picked":["hexamod:FlamesFromBeyond","hexamod:BacktrackSmack"],"picked":"hexamod:FourthSeal","floor":15},{"not_picked":["hexamod:NightmareGuise","hexamod:ShieldOfDarkness","hexamod:SkipABeat"],"picked":"SKIP","floor":15}],"player_experience":1577643,"relics_obtained":[{"floor":7,"key":"Shuriken"},{"floor":11,"key":"CCEMRelics:FestiveHat"},{"floor":14,"key":"Shovel"}],"event_choices":[{"damage_healed":0,"gold_gain":0,"player_choice":"Lose Max HP","damage_taken":0,"relics_obtained":["Golden Idol"],"max_hp_gain":0,"max_hp_loss":5,"event_name":"Golden Idol","floor":1,"gold_loss":0},{"cards_removed":["hexamod:Strike"],"damage_healed":0,"gold_gain":0,"player_choice":"Snake","damage_taken":0,"max_hp_gain":0,"max_hp_loss":0,"event_name":"Menagerie:ThreeAnimals","floor":5,"gold_loss":0},{"damage_healed":0,"gold_gain":0,"player_choice":"Accept","damage_taken":0,"max_hp_gain":0,"max_hp_loss":5,"event_name":"Menagerie:HarrowingRitual","floor":6,"gold_loss":0,"cards_upgraded":["hexamod:SwordOfDarkness"]}],"is_beta":false,"boss_relics":[],"items_purged_floors":[],"is_endless":false,"potions_floor_spawned":[8,9,10,11,14,15],"killed_by":"IC_STATUS_ARCHETYPE","ascension_level":0}}