{"host":"v86vpwf004p2esb7","time":1613389884,"event":{"mods":["AchievementEnabler","BaseMod","BetterRewards","Colored Powertips","Minty Spire (QoL Compilation)","Quick Restart","StSLib","Transform Curses"],"gold_per_floor":[111,111,131,150,168,200,200,200,200,212,243,259,21,0,0,98,98,110,127,127,52,52,86,86,98,98,126,175,202,218,234,234,335,335,349,367,311,271,283,310,4,4,50,66,77,91,105,125,125,125,125],"floor_reached":50,"language":"ENG","playtime":3632,"items_purged":["Parasite"],"score":678,"play_id":"5d9168fc-c4fb-4ccf-966d-d8c1e056a9d6","local_time":"20210215035124","is_ascension_mode":true,"campfire_choices":[{"floor":7.0,"key":"REST"},{"data":"Accuracy","floor":15.0,"key":"SMITH"},{"data":"Envenom","floor":24.0,"key":"SMITH"},{"floor":32.0,"key":"REST"},{"floor":42.0,"key":"RECALL"},{"floor":49.0,"key":"REST"}],"circlet_count":0,"master_deck":["Strike_G","Strike_G","Strike_G","Defend_G","Defend_G","Defend_G","Defend_G","Defend_G","Survivor","Neutralize","Cloak And Dagger+1","Distraction+1","Deadly Poison+1","Well Laid Plans","Tools of the Trade","Cloak And Dagger+1","Acrobatics+1","Night Terror+1","Outmaneuver+1","Accuracy+1","Enlightenment+1","Backflip+1","Envenom+1","CurseOfTheBell","Dagger Spray+1","Noxious Fumes","Accuracy","Ghostly+1","Ghostly+1","Ghostly+1","Ghostly+1","Ghostly+1","Cloak And Dagger+1","Bane","Accuracy","Infinite Blades","PiercingWail+1","Poisoned Stab","Envenom+1","Cloak And Dagger+1","Slice+1","Blur+1","Footwork","Outmaneuver+1","Footwork","Infinite Blades","Reprogram+1","Caltrops+1","Ball Lightning"],"relics":["Ring of the Snake","Toxic Egg 2","Gambling Chip","Kunai","Akabeko","FaceOfCleric","Toy Ornithopter","Ornamental Fan","Membership Card","Calling Bell","Lizard Tail","White Beast Statue","MealTicket","Strawberry","Calipers","WingedGreaves","Ninja Scroll","WristBlade","Singing Bowl","Anchor","Whetstone","PrismaticShard","Centennial Puzzle"],"acts_visited":["Exordium","TheCity","TheBeyond"],"potions_floor_usage":[50,50,50],"damage_taken":[{"damage":0.0,"enemies":"Jaw Worm","floor":1.0,"turns":4.0},{"damage":0.0,"enemies":"Cultist","floor":3.0,"turns":4.0},{"damage":0.0,"enemies":"Small Slimes","floor":4.0,"turns":2.0},{"damage":0.0,"enemies":"Red Slaver","floor":5.0,"turns":3.0},{"damage":1.0,"enemies":"Gremlin Nob","floor":6.0,"turns":4.0},{"damage":0.0,"enemies":"Large Slime","floor":10.0,"turns":5.0},{"damage":6.0,"enemies":"Lagavulin","floor":11.0,"turns":4.0},{"damage":1.0,"enemies":"2 Fungi Beasts","floor":12.0,"turns":2.0},{"damage":5.0,"enemies":"Looter","floor":14.0,"turns":4.0},{"damage":42.0,"enemies":"Slime Boss","floor":16.0,"turns":7.0},{"damage":4.0,"enemies":"Chosen","floor":18.0,"turns":4.0},{"damage":11.0,"enemies":"Spheric Guardian","floor":19.0,"turns":5.0},{"damage":6.0,"enemies":"Gremlin Leader","floor":23.0,"turns":8.0},{"damage":2.0,"enemies":"Centurion and Healer","floor":25.0,"turns":10.0},{"damage":57.0,"enemies":"Slavers","floor":27.0,"turns":6.0},{"damage":1.0,"enemies":"Book of Stabbing","floor":29.0,"turns":7.0},{"damage":3.0,"enemies":"Chosen and Byrds","floor":30.0,"turns":7.0},{"damage":23.0,"enemies":"Cultist and Chosen","floor":31.0,"turns":7.0},{"damage":38.0,"enemies":"Collector","floor":33.0,"turns":9.0},{"damage":6.0,"enemies":"3 Darklings","floor":35.0,"turns":6.0},{"damage":0.0,"enemies":"3 Shapes","floor":36.0,"turns":4.0},{"damage":3.0,"enemies":"Writhing Mass","floor":39.0,"turns":8.0},{"damage":13.0,"enemies":"Nemesis","floor":40.0,"turns":7.0},{"damage":29.0,"enemies":"Spire Growth","floor":44.0,"turns":7.0},{"damage":1.0,"enemies":"Sphere and 2 Shapes","floor":45.0,"turns":5.0},{"damage":14.0,"enemies":"3 Darklings","floor":46.0,"turns":3.0},{"damage":4.0,"enemies":"Jaw Worm Horde","floor":47.0,"turns":5.0},{"damage":2.0,"enemies":"4 Shapes","floor":48.0,"turns":6.0},{"damage":83,"enemies":"Awakened One","floor":50,"turns":13}],"seed_played":"1188009150770242243","potions_obtained":[{"floor":1.0,"key":"Fire Potion"},{"floor":3.0,"key":"Weak Potion"},{"floor":12.0,"key":"EntropicBrew"},{"floor":16.0,"key":"DuplicationPotion"},{"floor":18.0,"key":"Explosive Potion"},{"floor":19.0,"key":"GhostInAJar"},{"floor":23.0,"key":"FairyPotion"},{"floor":27.0,"key":"SkillPotion"},{"floor":29.0,"key":"Explosive Potion"},{"floor":30.0,"key":"LiquidBronze"},{"floor":31.0,"key":"SpeedPotion"},{"floor":33.0,"key":"LiquidMemories"},{"floor":35.0,"key":"ColorlessPotion"},{"floor":36.0,"key":"Regen Potion"},{"floor":40.0,"key":"SneckoOil"},{"floor":44.0,"key":"Poison Potion"},{"floor":46.0,"key":"Regen Potion"},{"floor":48.0,"key":"SteroidPotion"}],"is_trial":false,"path_per_floor":["M","?","M","M","M","E","R","?","T","M","E","M","$","M","R","B",null,"M","M","?","?","?","E","R","M","T","E","T","E","M","M","R","B",null,"M","M","$","?","M","E","$","R","T","M","M","M","M","M","R","B"],"character_chosen":"THE_SILENT","items_purchased":["Toxic Egg 2","Cloak And Dagger+1","Kunai","Accuracy","Membership Card","Enlightenment+1","Blur+1","Footwork","Infinite Blades","Anchor","Whetstone","PrismaticShard"],"campfire_rested":3,"item_purchase_floors":[0,0,0,13,13,13,37,37,41,41,41,41],"current_hp_per_floor":[38,38,38,38,38,37,58,58,58,59,54,54,54,50,50,9,75,72,66,66,66,38,45,45,44,44,27,27,27,25,8,23,26,52,53,54,54,54,52,43,53,53,53,44,44,38,35,34,52,0,0],"gold":125,"neow_bonus":"","is_daily":false,"chose_seed":false,"campfire_upgraded":2,"win_rate":0.0,"timestamp":1613389884,"path_taken":["M","?","M","?","M","E","R","?","T","M","E","?","$","M","R","BOSS","M","M","?","?","?","E","R","M","T","E","?","E","M","M","R","BOSS","M","M","$","?","M","E","$","R","T","?","M","M","M","M","R","BOSS"],"items_purchased_type":["Relic","Card","Relic","Card","Relic","Card","Card","Card","Card","Relic","Relic","Relic"],"build_version":"2020-12-22","purchased_purges":1,"victory":false,"max_hp_per_floor":[70,70,70,70,70,70,70,70,70,71,72,73,73,74,74,75,75,76,77,77,77,38,46,46,47,47,48,48,49,50,51,51,52,52,53,54,54,54,55,56,53,53,53,56,57,60,61,62,62,62,62],"card_choices":[{"not_picked":["Flying Knee","Predator"],"picked":"Distraction+1","floor":1.0},{"not_picked":["Riddle With Holes","PiercingWail+1"],"picked":"Deadly Poison+1","floor":3.0},{"not_picked":["Acrobatics+1","Dagger Spray"],"picked":"Well Laid Plans","floor":4.0},{"not_picked":["Dagger Throw","Prepared+1"],"picked":"Tools of the Trade","floor":5.0},{"not_picked":["Underhanded Strike","Caltrops"],"picked":"Cloak And Dagger+1","floor":6.0},{"not_picked":["All Out Attack","Heel Hook"],"picked":"Acrobatics+1","floor":10.0},{"not_picked":["Escape Plan+1","Poisoned Stab"],"picked":"Night Terror+1","floor":11.0},{"not_picked":["Sucker Punch","Flying Knee"],"picked":"Outmaneuver+1","floor":12.0},{"not_picked":["Sucker Punch","Dagger Throw"],"picked":"Backflip+1","floor":14.0},{"not_picked":["Doppelganger+1","Venomology+1"],"picked":"Envenom","floor":16.0},{"not_picked":["Slice","Underhanded Strike"],"picked":"Dagger Spray","floor":18.0},{"not_picked":["Bane","Well Laid Plans+1"],"picked":"Noxious Fumes","floor":19.0},{"not_picked":["Finisher","Dash"],"picked":"Cloak And Dagger+1","floor":23.0},{"not_picked":["Riddle With Holes","Underhanded Strike"],"picked":"Bane","floor":25.0},{"not_picked":["Outmaneuver+1","Unload"],"picked":"Accuracy","floor":27.0},{"not_picked":["Crippling Poison+1","Deadly Poison+1"],"picked":"Infinite Blades","floor":29.0},{"not_picked":["Slice","Acrobatics+1"],"picked":"PiercingWail+1","floor":30.0},{"not_picked":["Expertise+1","Quick Slash"],"picked":"Poisoned Stab","floor":31.0},{"not_picked":["Doppelganger+1","Grand Finale"],"picked":"Envenom","floor":33.0},{"not_picked":["Catalyst+1","Dagger Throw+1"],"picked":"Cloak And Dagger+1","floor":35.0},{"not_picked":["Quick Slash","Outmaneuver+1"],"picked":"Slice","floor":36.0},{"not_picked":["Malaise+1","Poisoned Stab"],"picked":"Outmaneuver+1","floor":39.0},{"not_picked":["Skewer+1","Backstab+1"],"picked":"Footwork","floor":40.0},{"not_picked":["Leap+1","Streamline+1","Second Wind+1"],"picked":"Singing Bowl","floor":44.0},{"not_picked":["Prostrate+1","Poisoned Stab"],"picked":"Reprogram+1","floor":45.0},{"not_picked":["Discovery+1","Catalyst+1","Flame Barrier+1"],"picked":"Singing Bowl","floor":46.0},{"not_picked":["Stack+1","Bane"],"picked":"Caltrops+1","floor":47.0},{"not_picked":["Headbutt","Dark Embrace+1"],"picked":"Ball Lightning","floor":48.0}],"player_experience":278163,"relics_obtained":[{"floor":6.0,"key":"Akabeko"},{"floor":9.0,"key":"Toy Ornithopter"},{"floor":11.0,"key":"Ornamental Fan"},{"floor":17.0,"key":"Lizard Tail"},{"floor":17.0,"key":"White Beast Statue"},{"floor":17.0,"key":"MealTicket"},{"floor":23.0,"key":"Strawberry"},{"floor":26.0,"key":"Calipers"},{"floor":27.0,"key":"WingedGreaves"},{"floor":29.0,"key":"Ninja Scroll"},{"floor":40.0,"key":"Singing Bowl"},{"floor":43.0,"key":"Centennial Puzzle"}],"event_choices":[{"cards_removed":["Strike_G"],"damage_healed":0.0,"max_hp_gain":0.0,"max_hp_loss":0.0,"gold_gain":0.0,"event_name":"Bonfire Elementals","player_choice":"Offered Basic","floor":2.0,"gold_loss":0.0,"damage_taken":0.0},{"damage_healed":0.0,"max_hp_gain":0.0,"max_hp_loss":0.0,"gold_gain":0.0,"event_name":"FaceTrader","player_choice":"Trade","floor":8.0,"gold_loss":0.0,"damage_taken":0.0,"relics_obtained":["FaceOfCleric"]},{"damage_healed":0.0,"max_hp_gain":0.0,"max_hp_loss":0.0,"gold_gain":0.0,"event_name":"The Library","player_choice":"Read","floor":20.0,"gold_loss":0.0,"damage_taken":0.0,"cards_obtained":["Accuracy"]},{"cards_removed":["Strike_G"],"damage_healed":0.0,"max_hp_gain":0.0,"max_hp_loss":0.0,"gold_gain":0.0,"event_name":"Beggar","player_choice":"Gave Gold","floor":21.0,"gold_loss":75.0,"damage_taken":0.0},{"damage_healed":0.0,"max_hp_gain":0.0,"max_hp_loss":39.0,"gold_gain":0.0,"event_name":"Ghosts","player_choice":"Became a Ghost","floor":22.0,"gold_loss":0.0,"damage_taken":0.0,"cards_obtained":["Ghostly","Ghostly","Ghostly","Ghostly","Ghostly"]},{"damage_healed":0.0,"max_hp_gain":0.0,"max_hp_loss":0.0,"gold_gain":0.0,"event_name":"Designer","player_choice":"Upgrade","floor":38.0,"gold_loss":40.0,"damage_taken":0.0,"cards_upgraded":["Envenom"]}],"is_beta":false,"boss_relics":[{"not_picked":["Ring of the Serpent","Runic Dome"],"picked":"Calling Bell"},{"not_picked":["Philosopher\u0027s Stone","SlaversCollar"],"picked":"WristBlade"}],"items_purged_floors":[41],"is_endless":false,"potions_floor_spawned":[1,3,12,16,18,19,23,25,27,29,30,31,33,35,36,39,40,44,45,46,47,48],"killed_by":"Awakened One","ascension_level":2}}