{"host":"d76q0rb9a0s9bgr5","time":1613389195,"event":{"mods":["BaseMod","Downfall","Hubris","Minty Spire (QoL Compilation)","StSLib"],"gold_per_floor":[99,99,99,99,99,199,199,217,317,82,108,108,108,93,93,188,188,205,216,216,272,285,285,308,408,408,408,408],"floor_reached":26,"language":"ENG","playtime":2002,"items_purged":["sneckomod:Defend"],"score":225,"play_id":"dd288583-0048-4db2-8978-d9e811f2c174","local_time":"20210215123955","is_ascension_mode":false,"campfire_choices":[{"data":"sneckomod:MorePower","floor":15,"key":"SMITH"}],"circlet_count":0,"master_deck":["sneckomod:Strike","sneckomod:Defend+1","sneckomod:Defend+1","sneckomod:TailWhip","sneckomod:SnekBite+1","sneckomod:Unknown","sneckomod:Unknown+1","sneckomod:CheapStock+1","sneckomod:QuickBite+1","sneckomod:UnknownUncommonSkill","sneckomod:UnknownBlock","sneckomod:UnknownUncommonPower","sneckomod:MorePower+1","sneckomod:Mudshield","sneckomod:UnknownRareSkill+1","sneckomod:UnknownClassGUARDIAN","sneckomod:UnknownClassGUARDIAN","sneckomod:UnknownClassGUARDIAN","sneckomod:UnknownClassGUARDIAN","sneckomod:UnknownUncommonPower+1","sneckomod:UnknownRarePower+1","sneckomod:QuickBite","Guardian:ArmoredProtocol","sneckomod:UnknownRarePower+1","Guardian:ArmoredProtocol"],"relics":["sneckomod:SneckoSoul","downfall:HeartsMalice","Unceasing Top","Sling","War Paint","sneckomod:SneckoBoss","downfall:KnowingSkull","Smiling Mask"],"acts_visited":["Exordium","TheCity"],"potions_floor_usage":[22,22,22,26,26],"damage_taken":[{"damage":0,"enemies":"2 Louse","floor":1,"turns":1},{"damage":0,"enemies":"Jaw Worm","floor":2,"turns":1},{"damage":0,"enemies":"Small Slimes","floor":3,"turns":1},{"damage":52,"enemies":"downfall:Heads","floor":6,"turns":6},{"damage":6,"enemies":"Exordium Wildlife","floor":8,"turns":3},{"damage":0,"enemies":"downfall:FleeingMerchant","floor":10,"turns":4},{"damage":19,"enemies":"3 Sentries","floor":11,"turns":6},{"damage":7,"enemies":"downfall:FleeingMerchant","floor":14,"turns":4},{"damage":26,"enemies":"IC_STATUS_ARCHETYPE","floor":16,"turns":10},{"damage":4,"enemies":"Spheric Guardian","floor":18,"turns":5},{"damage":0,"enemies":"Chosen","floor":19,"turns":5},{"damage":13,"enemies":"Centurion and Healer","floor":21,"turns":8},{"damage":45,"enemies":"Cultist and Chosen","floor":22,"turns":9},{"damage":27,"enemies":"Slavers","floor":26,"turns":1}],"seed_played":"898527802114259130","potions_obtained":[{"floor":6,"key":"Weak Potion"},{"floor":11,"key":"sneckomod:MuddlingPotion"},{"floor":16,"key":"champ:CounterPotion"},{"floor":22,"key":"PowerPotion"}],"is_trial":false,"path_per_floor":["M","M","M","?","?","?","T","M","?","$","E","?","?","$","R","B",null,"M","M","?","M","M","R","T","?","E"],"character_chosen":"THE_SNECKO","items_purchased":["Sling"],"campfire_rested":0,"item_purchase_floors":[10],"current_hp_per_floor":[90,90,90,90,90,38,38,32,32,32,13,43,43,36,36,10,90,86,86,79,66,21,21,21,21,0,0,0],"gold":408,"neow_bonus":"THREE_ENEMY_KILL","is_daily":false,"chose_seed":false,"campfire_upgraded":1,"win_rate":0.0,"timestamp":1613389195,"path_taken":["M","M","M","?","?","?","T","?","?","$","E","?","?","?","R","BOSS","M","M","?","?","?","R","T","?","E"],"items_purchased_type":["Relic"],"build_version":"2020-12-22","purchased_purges":1,"victory":false,"max_hp_per_floor":[90,90,90,90,90,90,90,90,90,90,90,90,90,90,90,90,90,90,90,90,90,90,90,90,90,90,90,90],"card_choices":[{"not_picked":["sneckomod:Unknown1Cost","sneckomod:Nope"],"picked":"sneckomod:CheapStock","floor":1},{"not_picked":["sneckomod:SoulCleanse","sneckomod:SoulDraw"],"picked":"sneckomod:QuickBite","floor":2},{"not_picked":["sneckomod:RainOfDice","sneckomod:SoulRoll","sneckomod:DiceBlock"],"picked":"SKIP","floor":3},{"not_picked":["sneckomod:ImprovisedAttack","sneckomod:IronFang"],"picked":"sneckomod:UnknownBlock","floor":8},{"not_picked":["sneckomod:Unknown1Cost","sneckomod:UnknownUncommonSkill"],"picked":"sneckomod:UnknownUncommonPower","floor":10},{"not_picked":["sneckomod:SoulRoll","sneckomod:UnknownUncommonAttack","sneckomod:WideSting"],"picked":"SKIP","floor":11},{"not_picked":["sneckomod:MasterEye","sneckomod:SlitherStrike"],"picked":"sneckomod:MorePower","floor":14},{"not_picked":["sneckomod:SerpentMind","sneckomod:Restock"],"picked":"sneckomod:Mudshield","floor":16},{"not_picked":["sneckomod:UnknownBlock+1","sneckomod:UnknownRareAttack+1"],"picked":"sneckomod:UnknownRareSkill+1","floor":16},{"not_picked":["sneckomod:Unknown3Cost+1","sneckomod:UnknownCommonSkill+1"],"picked":"sneckomod:UnknownUncommonPower+1","floor":18},{"not_picked":["sneckomod:Unknown1Cost","sneckomod:SoulDraw","sneckomod:Unknown2Cost"],"picked":"SKIP","floor":18},{"not_picked":["sneckomod:UnknownUncommonSkill+1","sneckomod:UnknownCommonSkill+1"],"picked":"sneckomod:UnknownRarePower+1","floor":19},{"not_picked":["sneckomod:UnknownCommonSkill","sneckomod:UnknownClassGUARDIAN"],"picked":"sneckomod:QuickBite","floor":19},{"not_picked":["Guardian:BodySlam","Guardian:FierceBash"],"picked":"Guardian:ArmoredProtocol","floor":21},{"not_picked":["sneckomod:Unknown1Cost+1","sneckomod:UnknownBlock+1"],"picked":"sneckomod:UnknownRarePower+1","floor":21},{"not_picked":["sneckomod:Unknown1Cost+1","sneckomod:ImprovisedAttack","sneckomod:SoulDraw+1"],"picked":"SKIP","floor":21},{"not_picked":["sneckomod:IronFang","sneckomod:RainOfDice","sneckomod:UnknownDraw+1"],"picked":"SKIP","floor":22}],"player_experience":140643,"relics_obtained":[{"floor":7,"key":"Unceasing Top"},{"floor":11,"key":"War Paint"},{"floor":24,"key":"Smiling Mask"}],"event_choices":[{"damage_healed":30,"gold_gain":0,"player_choice":"Banana","damage_taken":0,"max_hp_gain":0,"max_hp_loss":0,"event_name":"Big Fish","floor":12,"gold_loss":0}],"is_beta":false,"boss_relics":[{"not_picked":["hubris:ScarierMask","hubris:RunicObelisk"],"picked":"sneckomod:SneckoBoss"}],"items_purged_floors":[10],"is_endless":false,"potions_floor_spawned":[6,11,16,21,22],"killed_by":"Slavers","ascension_level":0}}