{"host":"xobdcpbm4ckypiai","time":1613404932,"event":{"mods":["BaseMod","Downfall","Minty Spire (QoL Compilation)","StSLib"],"gold_per_floor":[99,115,115,115,215,244,244,258,290,305,315,335,346,346,361,460,460,360,372,472,472,489,499,499,512,412,445,445,445,471,471,488,584,584,584,634,634,646,662,662,662,680,730,551,451,451,479,503,528,570,582,619,38,38,38,38],"floor_reached":57,"language":"ZHS","playtime":4213,"items_purged":["downfall:Bewildered","sneckomod:Defend"],"score":1509,"play_id":"fe668495-7df4-456b-8aab-becde17dd88c","local_time":"20210216000212","is_ascension_mode":false,"campfire_choices":[{"data":"sneckomod:TailWhip","floor":1.0,"key":"SMITH"},{"floor":18,"key":"RECALL"},{"data":"sneckomod:SerpentMind","floor":26,"key":"SMITH"},{"data":"sneckomod:UnknownRarePower","floor":29,"key":"SMITH"},{"data":"sneckomod:Restock","floor":35,"key":"SMITH"},{"data":"sneckomod:MasterEye","floor":40,"key":"SMITH"},{"data":"sneckomod:Unknown3Cost","floor":45,"key":"SMITH"},{"floor":54,"key":"REST"}],"circlet_count":0,"master_deck":["sneckomod:Defend","sneckomod:Defend","sneckomod:TailWhip+1","sneckomod:SnekBite+1","sneckomod:Unknown","sneckomod:Unknown","sneckomod:UnknownClassGUARDIAN","downfall:Haunted","downfall:Haunted","Parasite","Doubt","sneckomod:UnknownRareAttack+1","Doubt","sneckomod:QuickBite+1","sneckomod:SerpentIdol","sneckomod:UnknownExhaust","sneckomod:Mudshield+1","sneckomod:MasterEye+1","sneckomod:UnknownDraw","sneckomod:Unknown1Cost","Regret","sneckomod:SerpentMind+1","sneckomod:UnknownRarePower+1","sneckomod:DefensiveFlair+1","sneckomod:UnknownClassGUARDIAN+1","sneckomod:UnknownCommonSkill+1","sneckomod:UnknownClassPURPLE+1","sneckomod:MorePower","sneckomod:UnknownBoss+1","sneckomod:CheapStock+1","sneckomod:UnknownClassGUARDIAN+1","sneckomod:SnakeSap+1","sneckomod:UnknownDraw+1","sneckomod:Restock+1","sneckomod:SlitherStrike+1","sneckomod:UnknownVulnerable+1","sneckomod:UnknownBoss+1","sneckomod:UnknownExhaust+1","sneckomod:Unknown3Cost+1","expansioncontent:YouAreMine","expansioncontent:AwakenDeath","expansioncontent:Chronoboost","sneckomod:UnknownUncommonPower+1","sneckomod:UnknownDraw+1","sneckomod:UnendingSupply","expansioncontent:QuickStudy"],"relics":["sneckomod:SneckoSoul","downfall:ShatteredFragment","Du-Vu Doll","Oddly Smooth Stone","Meat on the Bone","Blue Candle","Pen Nib","Sozu","downfall:HeartBlessingGreen","TungstenRod","sneckomod:ConfusingCodex","Blood Vial","Shuriken","downfall:HeartBlessingRed","Singing Bowl","sneckomod:BabySnecko","Centennial Puzzle","Empty Cage","Turnip","Ginger","Happy Flower","Gremlin Horn","downfall:HeartBlessingBlue","MawBank","sneckomod:LoadedDie","Chemical X","Whetstone"],"acts_visited":["Exordium","TheCity","TheBeyond","TheEnding"],"potions_floor_usage":[56],"damage_taken":[{"damage":0.0,"enemies":"Small Slimes","floor":2.0,"turns":3.0},{"damage":10,"enemies":"Gremlin Nob","floor":6,"turns":3},{"damage":0,"enemies":"Jaw Worm","floor":8,"turns":1},{"damage":17,"enemies":"Lagavulin","floor":9,"turns":4},{"damage":0,"enemies":"2 Louse","floor":10,"turns":2},{"damage":9,"enemies":"2 Fungi Beasts","floor":11,"turns":2},{"damage":1,"enemies":"Blue Slaver","floor":12,"turns":2},{"damage":2,"enemies":"Gremlin Gang","floor":13,"turns":3},{"damage":0,"enemies":"3 Louse","floor":15,"turns":3},{"damage":20,"enemies":"WA_ARCHETYPE_RETAIN","floor":16,"turns":5},{"damage":10,"enemies":"Chosen","floor":19,"turns":3},{"damage":40,"enemies":"DF_ARCHETYPE_STREAMLINE","floor":20,"turns":6},{"damage":16,"enemies":"3 Byrds","floor":22,"turns":4},{"damage":5,"enemies":"3 Cultists","floor":23,"turns":2},{"damage":5,"enemies":"Cultist and Chosen","floor":25,"turns":4},{"damage":6,"enemies":"Gremlin Leader","floor":27,"turns":4},{"damage":14,"enemies":"Book of Stabbing","floor":30,"turns":3},{"damage":0,"enemies":"Snecko","floor":32,"turns":3},{"damage":14,"enemies":"IC_MUSHROOM_ARCHETYPE","floor":33,"turns":3},{"damage":16,"enemies":"2 Orb Walkers","floor":36,"turns":3},{"damage":12,"enemies":"3 Darklings","floor":38,"turns":3},{"damage":1,"enemies":"Orb Walker","floor":39,"turns":3},{"damage":4,"enemies":"Spire Growth","floor":42,"turns":2},{"damage":28,"enemies":"Spire Growth","floor":43,"turns":4},{"damage":0,"enemies":"downfall:FleeingMerchant","floor":44,"turns":3},{"damage":5,"enemies":"Reptomancer","floor":47,"turns":2},{"damage":0,"enemies":"Jaw Worm Horde","floor":48,"turns":3},{"damage":0,"enemies":"3 Darklings","floor":49,"turns":3},{"damage":19,"enemies":"SI_POISON_ARCHETYPE","floor":50,"turns":5},{"damage":25,"enemies":"downfall:CharBossMerchant","floor":52,"turns":4},{"damage":12,"enemies":"downfall:NeowBoss","floor":55,"turns":10},{"damage":44,"enemies":"downfall:NeowBossFinal","floor":56,"turns":6}],"seed_played":"-7602859053687109778","potions_obtained":[{"floor":2.0,"key":"SteroidPotion"},{"floor":10,"key":"champ:CounterPotion"},{"floor":11,"key":"ColorlessPotion"},{"floor":13,"key":"FairyPotion"}],"is_trial":false,"path_per_floor":["R","M","?","?","?","E","T","M","E","M","M","M","M","?","M","B",null,"R","M","?","?","M","M","T","M","R","E","?","R","E","?","M","B",null,"R","?","?","M","M","R","T","M","?","$","R","?","E","M","M","B",null,"E","$","R","B","B",null],"character_chosen":"THE_SNECKO","items_purchased":["Happy Flower","Gremlin Horn","Chemical X","Whetstone","sneckomod:UnendingSupply","expansioncontent:QuickStudy"],"campfire_rested":1,"item_purchase_floors":[44,44,53,53,53,53],"current_hp_per_floor":[99,99,78,78,83,73,73,73,69,72,63,62,60,60,60,52,107,107,97,67,67,65,62,62,59,59,55,55,55,55,34,48,48,112,112,98,91,81,84,84,84,84,72,74,84,75,74,78,82,77,136,113,113,138,126,115],"gold":38,"neow_bonus":"TEN_PERCENT_HP_BONUS","is_daily":false,"chose_seed":false,"campfire_upgraded":6,"win_rate":0.0,"timestamp":1613404932,"path_taken":["R","M","?","?","?","E","T","M","E","M","M","M","M","?","M","BOSS","R","M","?","?","M","M","T","M","R","E","?","R","E","?","M","BOSS","R","?","?","M","?","R","T","M","?","$","R","?","E","M","M","BOSS","E","$","R","BOSS","BOSS"],"items_purchased_type":["Relic","Relic","Relic","Relic","Card","Card"],"build_version":"2020-12-22","purchased_purges":2,"victory":true,"max_hp_per_floor":[99,99,99,99,104,104,104,104,104,107,107,107,107,107,107,107,107,107,107,107,107,107,107,107,107,107,107,107,107,107,112,112,112,112,112,114,114,114,116,116,116,118,120,120,130,130,132,134,136,136,136,138,138,138,138,138],"card_choices":[{"not_picked":["sneckomod:UnknownBlock","sneckomod:UnknownCommonSkill"],"picked":"sneckomod:UnknownClassGUARDIAN","floor":2.0},{"not_picked":["sneckomod:SoulRoll","sneckomod:UnknownCommonSkill"],"picked":"sneckomod:QuickBite","floor":6},{"not_picked":["sneckomod:SnakeSap","sneckomod:WideSting"],"picked":"sneckomod:SerpentIdol","floor":8},{"not_picked":["sneckomod:DiceBlock","sneckomod:UnknownCommonAttack"],"picked":"sneckomod:UnknownExhaust","floor":9},{"not_picked":["sneckomod:UnknownClassPURPLE","sneckomod:UnknownStrike"],"picked":"sneckomod:Mudshield","floor":10},{"not_picked":["sneckomod:Unknown0Cost","sneckomod:SoulRoll"],"picked":"sneckomod:MasterEye","floor":11},{"not_picked":["sneckomod:UnknownClassGUARDIAN","sneckomod:Nope"],"picked":"sneckomod:UnknownDraw","floor":12},{"not_picked":["sneckomod:QuickBite","sneckomod:QuickMove"],"picked":"sneckomod:Unknown1Cost","floor":13},{"not_picked":["sneckomod:IronFang","sneckomod:CheapStock"],"picked":"sneckomod:SerpentMind","floor":15},{"not_picked":["sneckomod:UnknownRareSkill","sneckomod:SoulExchange"],"picked":"sneckomod:UnknownRarePower","floor":16},{"not_picked":["sneckomod:WideSting","sneckomod:ImprovisedAttack"],"picked":"sneckomod:DefensiveFlair+1","floor":19},{"not_picked":["sneckomod:QuickBite","sneckomod:UnknownClassPURPLE"],"picked":"sneckomod:UnknownClassGUARDIAN+1","floor":20},{"not_picked":["sneckomod:UnknownCommonAttack","sneckomod:DiceBlock"],"picked":"sneckomod:UnknownCommonSkill+1","floor":22},{"not_picked":["sneckomod:UnknownCommonAttack","sneckomod:SoulRoll"],"picked":"sneckomod:UnknownClassPURPLE+1","floor":23},{"not_picked":["sneckomod:SlitherStrike","sneckomod:Nope+1"],"picked":"sneckomod:MorePower","floor":25},{"not_picked":["sneckomod:UnknownClassRED+1","sneckomod:Unknown3Cost+1"],"picked":"sneckomod:UnknownBoss+1","floor":27},{"not_picked":["sneckomod:DefensiveFlair","sneckomod:DiceCrush+1"],"picked":"sneckomod:CheapStock+1","floor":27},{"not_picked":["sneckomod:UnknownClassPURPLE+1","sneckomod:UnknownClassRED+1"],"picked":"sneckomod:UnknownClassGUARDIAN+1","floor":30},{"not_picked":["sneckomod:SoulRoll+1","sneckomod:Unknown2Cost"],"picked":"sneckomod:SnakeSap+1","floor":30},{"not_picked":["sneckomod:UnknownClassPURPLE","sneckomod:SnakeSap"],"picked":"sneckomod:UnknownDraw+1","floor":32},{"not_picked":["sneckomod:Cheat","sneckomod:Mudshield"],"picked":"sneckomod:Restock","floor":33},{"not_picked":["sneckomod:UnknownDraw","sneckomod:RainOfDice","sneckomod:Unknown1Cost"],"picked":"Singing Bowl","floor":36},{"not_picked":["sneckomod:DiceCrush+1","sneckomod:UnknownClassPURPLE"],"picked":"sneckomod:SlitherStrike+1","floor":38},{"not_picked":["sneckomod:UnknownStrike+1","sneckomod:UnknownCommonSkill+1","sneckomod:UnknownClassRED+1"],"picked":"Singing Bowl","floor":39},{"not_picked":["sneckomod:UnknownExhaust","sneckomod:Unknown1Cost+1"],"picked":"sneckomod:UnknownVulnerable+1","floor":39},{"not_picked":["sneckomod:UnknownStrike+1","sneckomod:UnknownExhaust+1"],"picked":"sneckomod:UnknownBoss+1","floor":42},{"not_picked":["sneckomod:UnknownDraw","sneckomod:DiceCrush+1","sneckomod:UnknownClassGUARDIAN"],"picked":"Singing Bowl","floor":42},{"not_picked":["sneckomod:Unknown2Cost+1","sneckomod:UnknownWeak+1"],"picked":"sneckomod:UnknownExhaust+1","floor":43},{"not_picked":["sneckomod:IronFang+1","sneckomod:UnknownDraw","sneckomod:SnekBeam+1"],"picked":"Singing Bowl","floor":43},{"not_picked":["sneckomod:UnknownDraw","sneckomod:Unknown1Cost+1"],"picked":"sneckomod:Unknown3Cost","floor":44},{"not_picked":["expansioncontent:Hexaburn","expansioncontent:InvincibleStrength"],"picked":"expansioncontent:YouAreMine","floor":46},{"not_picked":["expansioncontent:Hexaburn","expansioncontent:YouAreMine"],"picked":"expansioncontent:AwakenDeath","floor":46},{"not_picked":["expansioncontent:AwakenDeath","expansioncontent:YouAreMine"],"picked":"expansioncontent:Chronoboost","floor":46},{"not_picked":["sneckomod:QuickMove+1","sneckomod:UnknownRareAttack","sneckomod:UnknownClassGUARDIAN+1"],"picked":"Singing Bowl","floor":47},{"not_picked":["sneckomod:UnknownCommonSkill","sneckomod:ImprovisedAttack","sneckomod:QuickMove+1"],"picked":"Singing Bowl","floor":48},{"not_picked":["sneckomod:Unknown2Cost+1","sneckomod:DiceCrush","sneckomod:DiceBlock+1"],"picked":"Singing Bowl","floor":49},{"not_picked":["sneckomod:UnknownClassRED+1","sneckomod:UnknownBoss+1"],"picked":"sneckomod:UnknownUncommonPower+1","floor":49},{"not_picked":["sneckomod:UnknownClassPURPLE+1","sneckomod:UnknownClassRED+1"],"picked":"sneckomod:UnknownDraw+1","floor":52},{"not_picked":["sneckomod:Cheat","sneckomod:DiceBlock+1","sneckomod:UnknownUncommonAttack+1"],"picked":"Singing Bowl","floor":52}],"player_experience":132224,"relics_obtained":[{"floor":6,"key":"Oddly Smooth Stone"},{"floor":7,"key":"Meat on the Bone"},{"floor":9,"key":"Blue Candle"},{"floor":20,"key":"TungstenRod"},{"floor":20,"key":"sneckomod:ConfusingCodex"},{"floor":24,"key":"Shuriken"},{"floor":27,"key":"Singing Bowl"},{"floor":30,"key":"Centennial Puzzle"},{"floor":36,"key":"Turnip"},{"floor":43,"key":"Ginger"},{"floor":47,"key":"MawBank"},{"floor":52,"key":"sneckomod:LoadedDie"}],"event_choices":[{"cards_removed":["sneckomod:Strike"],"damage_healed":0.0,"max_hp_gain":0.0,"max_hp_loss":0.0,"gold_gain":0.0,"event_name":"The Cleric","player_choice":"Card Removal","floor":4.0,"gold_loss":0.0,"damage_taken":0.0},{"damage_healed":0,"gold_gain":0,"player_choice":"Box","damage_taken":0,"relics_obtained":["Pen Nib"],"max_hp_gain":0,"max_hp_loss":0,"event_name":"Big Fish","floor":14,"gold_loss":0,"cards_obtained":["Regret"]},{"damage_healed":0,"gold_gain":0,"player_choice":"Stole Relic","damage_taken":0,"relics_obtained":["Blood Vial"],"max_hp_gain":0,"max_hp_loss":0,"event_name":"Addict","floor":21,"gold_loss":0,"cards_obtained":["Pride"]},{"damage_healed":0,"gold_gain":0,"player_choice":"Fight","damage_taken":0,"max_hp_gain":0,"max_hp_loss":0,"event_name":"Mysterious Sphere","floor":36,"gold_loss":0}],"is_beta":false,"boss_relics":[{"not_picked":["Philosopher\u0027s Stone","SacredBark"],"picked":"Sozu"},{"not_picked":["bronze:MakeshiftBattery","Velvet Choker"],"picked":"Empty Cage"}],"items_purged_floors":[44,53],"is_endless":false,"potions_floor_spawned":[2,10,11,13,20,25,30,32,42,43,47,48,49],"ascension_level":0}}