{"host":"eglukmwb6rueyn6u","time":1613394874,"event":{"mods":["BaseMod","Colored Map","Minty Spire (QoL Compilation)"],"gold_per_floor":[367,367,542,164,180,213,213,246,246,246,257,257,13,31,31,31,31],"floor_reached":16,"language":"ENG","playtime":1372,"items_purged":["Shame"],"score":119,"play_id":"05010517-fdfe-4aee-aa65-2f36f21356af","local_time":"20210215151434","is_ascension_mode":true,"campfire_choices":[{"data":"Armaments","floor":7,"key":"SMITH"},{"floor":10,"key":"REST"},{"data":"Bash","floor":15,"key":"SMITH"}],"circlet_count":0,"master_deck":["Strike_R+1","Strike_R","Strike_R","Strike_R","Strike_R","Defend_R","Defend_R","Defend_R+1","Defend_R","Bash+1","Doubt","Armaments+1","Rage","Bloodletting"],"relics":["Burning Blood","Vajra","Red Skull","Gremlin Horn","Bottled Lightning","Magic Flower","Boot","Toxic Egg 2"],"acts_visited":["Exordium"],"potions_floor_usage":[],"damage_taken":[{"damage":6,"enemies":"Cultist","floor":1,"turns":3},{"damage":2,"enemies":"2 Louse","floor":5,"turns":3},{"damage":36,"enemies":"Lagavulin","floor":6,"turns":8},{"damage":26,"enemies":"3 Sentries","floor":8,"turns":9},{"damage":0,"enemies":"Jaw Worm","floor":11,"turns":5},{"damage":5,"enemies":"Exordium Thugs","floor":14,"turns":6},{"damage":43,"enemies":"Slime Boss","floor":16,"turns":7}],"seed_played":"-4730094641845966600","potions_obtained":[{"floor":5,"key":"Block Potion"},{"floor":6,"key":"AttackPotion"},{"floor":11,"key":"SpeedPotion"}],"is_trial":false,"path_per_floor":["M","?","?","$","M","E","R","E","T","R","M","?","$","M","R","B"],"character_chosen":"IRONCLAD","items_purchased":["Vajra","Red Skull","Toxic Egg 2"],"campfire_rested":1,"item_purchase_floors":[4,4,13],"current_hp_per_floor":[80,64,64,64,68,38,38,18,18,42,51,39,39,43,43,0,0],"gold":31,"neow_bonus":"TWO_FIFTY_GOLD","is_daily":false,"chose_seed":false,"campfire_upgraded":2,"win_rate":0.0,"timestamp":1613394874,"path_taken":["M","?","?","$","M","E","R","E","T","R","M","?","$","M","R","BOSS"],"items_purchased_type":["Relic","Relic","Relic"],"build_version":"2020-12-22","purchased_purges":1,"victory":false,"max_hp_per_floor":[80,80,80,80,80,80,80,80,80,80,80,80,80,80,80,80,80],"card_choices":[{"not_picked":["Evolve","Combust","Cleave"],"picked":"SKIP","floor":1},{"not_picked":["Headbutt","Heavy Blade"],"picked":"Armaments","floor":5},{"not_picked":["Pummel","Sword Boomerang"],"picked":"Rage","floor":6},{"not_picked":["Carnage","Second Wind","Body Slam"],"picked":"SKIP","floor":8},{"not_picked":["Hemokinesis","Infernal Blade"],"picked":"Bloodletting","floor":11},{"not_picked":["Brutality","Sword Boomerang","Heavy Blade"],"picked":"SKIP","floor":14}],"player_experience":49884,"relics_obtained":[{"floor":6,"key":"Gremlin Horn"},{"floor":8,"key":"Bottled Lightning"},{"floor":9,"key":"Magic Flower"}],"event_choices":[{"damage_healed":0,"gold_gain":0,"player_choice":"Entered Light","damage_taken":16,"max_hp_gain":0,"max_hp_loss":0,"event_name":"Shining Light","floor":2,"gold_loss":0,"cards_upgraded":["Strike_R","Defend_R"]},{"damage_healed":0,"gold_gain":175,"player_choice":"AGREE","damage_taken":0,"max_hp_gain":0,"max_hp_loss":0,"event_name":"Liars Game","floor":3,"gold_loss":0,"cards_obtained":["Doubt"]},{"damage_healed":0,"gold_gain":0,"player_choice":"Success","damage_taken":12,"relics_obtained":["Boot"],"max_hp_gain":0,"max_hp_loss":0,"event_name":"Scrap Ooze","floor":12,"gold_loss":0}],"is_beta":false,"boss_relics":[],"items_purged_floors":[4],"is_endless":false,"potions_floor_spawned":[5,6,11,14],"killed_by":"Slime Boss","ascension_level":2}}