{"host":"n605f8gctjc87d7h","time":1613427969,"event":{"mods":["Aspiration","Bard","BaseMod","Better Match","Better Note","Better Skull","Better Third Choice","Conspire","Downfall","Halation","Hermit","Infinite Spire","Minty Spire (QoL Compilation)","Reliquary","Replay The Spire","Retaliation","Shade Mod","Spicy Shops","StSLib","The IronCluck","The Jungle","The Runesmith"],"gold_per_floor":[109,122,122,151,165,165,185,216,216,216,43,69,84,96,96,172,172,185,100,150,150,150,150,150,168,237,249,264,283,283,302,302,302,302],"floor_reached":33,"language":"ENG","playtime":1883,"items_purged":[],"score":517,"play_id":"ee2754ed-6bb0-4b8a-b2eb-d95fbc5c6bb8","local_time":"20210215142609","is_ascension_mode":true,"campfire_choices":[{"floor":6,"key":"REST"},{"floor":10,"key":"REST"},{"floor":15,"key":"REST"},{"data":"Redo","floor":23,"key":"SMITH"},{"floor":30,"key":"REST"},{"floor":32,"key":"REST"}],"circlet_count":0,"master_deck":["AscendersBane","Strike_B","Strike_B","Defend_B","Defend_B","Defend_B","Zap+1","Dualcast","FTL","Streamline","Sweeping Beam","Redo+1","Streamline+1","Beam Cell","Echo Form","Seek+1","Multi-Cast+1","Redo+1","Crystallizer","Hologram","downfall:Bewildered","Conserve Battery","Skim","Cold Snap+1"],"relics":["Cracked Core","aspiration:DSix","Bag of Marbles","reliquary:QuartzCube","halation:PromiseList","TungstenRod","Astrolabe","Mango","Tiny House","Centennial Puzzle","halation:YellowSoulGem","sneckomod:BabySnecko","aspiration:TomeofQuesting"],"acts_visited":["Exordium","TheCity"],"potions_floor_usage":[4,8,12,18,25,28,31,33],"damage_taken":[{"damage":1,"enemies":"conspire:RoseBush","floor":1,"turns":4},{"damage":10,"enemies":"Small Slimes","floor":2,"turns":3},{"damage":16,"enemies":"conspire:MimicChest","floor":4,"turns":4},{"damage":0,"enemies":"Cultist","floor":5,"turns":2},{"damage":11,"enemies":"2 Fungi Beasts","floor":7,"turns":3},{"damage":15,"enemies":"3 Sentries","floor":8,"turns":6},{"damage":11,"enemies":"Gremlin Nob","floor":12,"turns":3},{"damage":2,"enemies":"Exordium Wildlife","floor":13,"turns":4},{"damage":2,"enemies":"Blue Slaver","floor":14,"turns":2},{"damage":45,"enemies":"The Guardian","floor":16,"turns":11},{"damage":0,"enemies":"3 Byrds","floor":18,"turns":4},{"damage":6,"enemies":"Chosen","floor":25,"turns":3},{"damage":22,"enemies":"conspire:HollyBat","floor":27,"turns":5},{"damage":16,"enemies":"Cultist and Chosen","floor":28,"turns":4},{"damage":18,"enemies":"Sentry and Sphere","floor":29,"turns":5},{"damage":14,"enemies":"Snecko","floor":31,"turns":4},{"damage":76,"enemies":"Collector","floor":33,"turns":6}],"seed_played":"5652710177112231024","potions_obtained":[{"floor":1,"key":"CultistPotion"},{"floor":2,"key":"LiquidMemories"},{"floor":4,"key":"Energy Potion"},{"floor":12,"key":"Adrenaline Potion"},{"floor":16,"key":"DDmod:CleansePotion"},{"floor":20,"key":"Adrenaline Potion"},{"floor":25,"key":"FocusPotion"},{"floor":27,"key":"Explosive Potion"},{"floor":29,"key":"champ:CounterPotion"}],"is_trial":false,"path_per_floor":["M","M","?","?","M","R","M","E","T","R","$","E","M","M","R","B",null,"M","?","AVR","?","?","R","?","M","T","M","M","M","R","M","R","B"],"character_chosen":"DEFECT","items_purchased":["halation:PromiseList"],"campfire_rested":5,"item_purchase_floors":[11],"current_hp_per_floor":[63,53,53,37,37,58,47,32,32,53,53,42,40,38,59,14,57,57,71,76,76,76,76,76,70,70,48,32,14,41,27,54,0,0],"gold":302,"neow_bonus":"DSIX","is_daily":false,"chose_seed":false,"campfire_upgraded":1,"win_rate":0.0,"timestamp":1613427969,"path_taken":["M","M","?","?","M","R","M","E","T","R","$","E","?","M","R","BOSS","M","?","AVR","?","?","R","?","?","T","M","M","M","R","M","R","BOSS"],"items_purchased_type":["Relic"],"build_version":"2020-12-22","purchased_purges":0,"victory":false,"max_hp_per_floor":[71,71,71,71,71,71,71,71,71,71,71,71,71,71,71,71,71,71,85,90,90,90,90,90,90,90,90,90,90,90,90,90,90,90],"card_choices":[{"not_picked":["Gash","Go for the Eyes"],"picked":"FTL","floor":1},{"not_picked":["Go for the Eyes","BasicCrystalCard"],"picked":"Streamline","floor":2},{"not_picked":["Reboot","Compile Driver"],"picked":"Sweeping Beam","floor":4},{"not_picked":["Coolheaded","Go for the Eyes","Streamline"],"picked":"SKIP","floor":5},{"not_picked":["Hyperbeam","Stack","Coolheaded"],"picked":"SKIP","floor":7},{"not_picked":["Sweeping Beam","Melter","ReplaySort"],"picked":"SKIP","floor":8},{"not_picked":["ReplaySort","ReplayTheSpireMod:Omega Cannon"],"picked":"Redo","floor":12},{"not_picked":["Fusion","Turbo"],"picked":"Streamline","floor":13},{"not_picked":["Cold Snap","Sweeping Beam"],"picked":"Beam Cell","floor":14},{"not_picked":["Multi-Cast","Creative AI"],"picked":"Echo Form","floor":16},{"not_picked":["Redo","ReplaySort"],"picked":"Crystallizer","floor":18},{"not_picked":["Cold Snap","Fusion"],"picked":"Hologram","floor":20},{"not_picked":["Sweeping Beam","Go for the Eyes"],"picked":"Conserve Battery","floor":25},{"not_picked":["Conserve Battery","Hologram"],"picked":"Skim","floor":27},{"not_picked":["Panic Button","Rainbow"],"picked":"Cold Snap+1","floor":28},{"not_picked":["Streamline","Sweeping Beam","Hologram"],"picked":"SKIP","floor":29},{"not_picked":["Barrage","Streamline","Beam Cell"],"picked":"SKIP","floor":31}],"player_experience":877665,"relics_obtained":[{"floor":4,"key":"Bag of Marbles"},{"floor":8,"key":"reliquary:QuartzCube"},{"floor":12,"key":"TungstenRod"},{"floor":26,"key":"aspiration:TomeofQuesting"}],"event_choices":[{"damage_healed":0,"gold_gain":0,"player_choice":"Obtained Relic","damage_taken":0,"relics_obtained":["Mango"],"max_hp_gain":0,"max_hp_loss":0,"event_name":"Addict","floor":19,"gold_loss":85},{"damage_healed":0,"gold_gain":0,"player_choice":"Ignored","damage_taken":0,"max_hp_gain":0,"max_hp_loss":0,"event_name":"Ghosts","floor":22,"gold_loss":0}],"is_beta":false,"boss_relics":[{"not_picked":["Pandora\u0027s Box","Replay:Bronze Core"],"picked":"Astrolabe"}],"items_purged_floors":[],"is_endless":false,"potions_floor_spawned":[1,2,4,12,16,25,27,29],"killed_by":"Collector","ascension_level":18}}