{"host":"rantoq7h0pygex6x","time":1613367768,"event":{"mods":["AchievementEnabler","BaseMod","BetterRewards","Minty Spire (QoL Compilation)"],"gold_per_floor":[115,115,115,174,188,217,367,377,377,377,377],"floor_reached":10,"language":"ENG","playtime":235,"items_purged":["Strike_R"],"score":132,"play_id":"714b83fa-dc06-4b3f-a6d1-3754836fafd2","local_time":"20210215134248","is_ascension_mode":true,"campfire_choices":[],"circlet_count":0,"master_deck":["AscendersBane","Strike_R","Strike_R","Strike_R","Strike_R","Defend_R","Defend_R","Defend_R+1","Defend_R","Bash","Anger+1","Shrug It Off+1","Metallicize+1","Cleave+1","Juggernaut","Doubt","Cleave+1"],"relics":["Burning Blood","Molten Egg 2","Singing Bowl","War Paint","Eternal Feather"],"acts_visited":["Exordium"],"potions_floor_usage":[],"damage_taken":[{"damage":6,"enemies":"Cultist","floor":1,"turns":3},{"damage":0,"enemies":"2 Louse","floor":5,"turns":2},{"damage":24,"enemies":"3 Sentries","floor":6,"turns":8},{"damage":8,"enemies":"Jaw Worm","floor":8,"turns":4},{"damage":23,"enemies":"Gremlin Nob","floor":10,"turns":3}],"seed_played":"8474707947439158578","potions_obtained":[{"floor":5,"key":"Energy Potion"}],"is_trial":false,"path_per_floor":["M","?","?","?","M","E","?","M","T","E"],"character_chosen":"IRONCLAD","items_purchased":["Molten Egg 2","Anger+1","Shrug It Off","Metallicize"],"campfire_rested":0,"item_purchase_floors":[0,0,0,0],"current_hp_per_floor":[46,35,35,35,43,25,25,23,23,0,0],"gold":377,"neow_bonus":"","is_daily":false,"chose_seed":false,"campfire_upgraded":0,"win_rate":0.0,"timestamp":1613367768,"path_taken":["M","?","?","?","M","E","?","M","T","E"],"items_purchased_type":["Relic","Card","Card","Card"],"build_version":"2020-12-22","purchased_purges":1,"victory":false,"max_hp_per_floor":[75,75,75,75,77,77,77,77,77,77,77],"card_choices":[{"not_picked":["Dropkick+1","Searing Blow+1"],"picked":"Cleave+1","floor":1},{"not_picked":["True Grit","Feel No Pain","Rampage+1"],"picked":"Singing Bowl","floor":5},{"not_picked":["Wild Strike+1","Anger+1"],"picked":"Juggernaut","floor":6},{"not_picked":["Wild Strike+1","True Grit"],"picked":"Cleave+1","floor":8}],"player_experience":998554,"relics_obtained":[{"floor":6,"key":"War Paint"},{"floor":9,"key":"Eternal Feather"}],"event_choices":[{"damage_healed":0,"gold_gain":0,"player_choice":"Success","damage_taken":11,"relics_obtained":["Singing Bowl"],"max_hp_gain":0,"max_hp_loss":0,"event_name":"Scrap Ooze","floor":2,"gold_loss":0},{"damage_healed":0,"gold_gain":0,"player_choice":"Grow","damage_taken":0,"max_hp_gain":0,"max_hp_loss":0,"event_name":"Living Wall","floor":3,"gold_loss":0,"cards_upgraded":["Metallicize"]},{"damage_healed":0,"gold_gain":59,"player_choice":"Gained Gold","damage_taken":0,"max_hp_gain":0,"max_hp_loss":0,"event_name":"Golden Wing","floor":4,"gold_loss":0},{"damage_healed":0,"gold_gain":150,"player_choice":"AGREE","damage_taken":0,"max_hp_gain":0,"max_hp_loss":0,"event_name":"Liars Game","floor":7,"gold_loss":0,"cards_obtained":["Doubt"]}],"is_beta":false,"boss_relics":[],"items_purged_floors":[0],"is_endless":false,"potions_floor_spawned":[5],"killed_by":"Gremlin Nob","ascension_level":20}}