{"host":"phniwng9zo19jwdb","time":1613402816,"event":{"mods":["AchievementEnabler","BaseMod","Colored Powertips","Dark Map","Faster Ascension Climbing","GifTheSpireLib","Minty Spire (QoL Compilation)","Permanent Neow","Rare Cards Sparkle","Relic Filter Mod","StSLib","Weighted Paths"],"gold_per_floor":[109,127,127,146,146,181,181,204,204,220,260,278,294,294,294],"floor_reached":14,"language":"ENG","playtime":529,"items_purged":[],"score":208,"play_id":"33534481-f252-4076-9ac4-9669cd00c23c","local_time":"20210215162656","is_ascension_mode":true,"campfire_choices":[{"data":"Neutralize","floor":7,"key":"SMITH"}],"circlet_count":0,"master_deck":["AscendersBane","Strike_G","Strike_G","Defend_G","Defend_G","Defend_G","Defend_G","Defend_G","Survivor","Neutralize+1","Envenom+1","Tactician+1","Infinite Blades+1","Endless Agony","Blade Dance","Blade Dance","Underhanded Strike","Escape Plan","Dagger Throw","Die Die Die","PiercingWail","Acrobatics"],"relics":["Astrolabe","Golden Idol","Bag of Marbles","Pear"],"acts_visited":["Exordium"],"potions_floor_usage":[6,6,11,12],"damage_taken":[{"damage":2,"enemies":"Jaw Worm","floor":1,"turns":5},{"damage":1,"enemies":"Small Slimes","floor":2,"turns":4},{"damage":1,"enemies":"Cultist","floor":4,"turns":4},{"damage":10,"enemies":"3 Sentries","floor":6,"turns":8},{"damage":12,"enemies":"Large Slime","floor":8,"turns":4},{"damage":2,"enemies":"Looter","floor":10,"turns":4},{"damage":6,"enemies":"Gremlin Nob","floor":11,"turns":3},{"damage":4,"enemies":"3 Louse","floor":12,"turns":3},{"damage":18,"enemies":"Exordium Thugs","floor":13,"turns":4},{"damage":0,"enemies":"3 Sentries","floor":14,"turns":2}],"seed_played":"3683059644337455983","potions_obtained":[{"floor":1,"key":"Energy Potion"},{"floor":2,"key":"Swift Potion"},{"floor":6,"key":"DistilledChaos"},{"floor":11,"key":"LiquidMemories"},{"floor":13,"key":"Weak Potion"}],"is_trial":false,"path_per_floor":["M","M","?","M","?","E","R","M","T","M","E","M","M","E"],"character_chosen":"THE_SILENT","items_purchased":[],"campfire_rested":0,"item_purchase_floors":[],"current_hp_per_floor":[57,56,56,55,60,50,50,38,38,36,40,36,18,18,18],"gold":294,"neow_bonus":"BOSS_RELIC","is_daily":false,"chose_seed":false,"campfire_upgraded":1,"win_rate":0.0,"timestamp":1613402816,"path_taken":["M","M","?","M","?","E","R","M","T","?","E","M","M","E"],"items_purchased_type":[],"build_version":"2020-12-22","purchased_purges":0,"victory":false,"max_hp_per_floor":[66,66,60,60,60,60,60,60,60,60,70,70,70,70,70],"card_choices":[{"not_picked":["Setup","Finisher"],"picked":"Endless Agony","floor":1},{"not_picked":["Quick Slash","Crippling Poison"],"picked":"Blade Dance","floor":2},{"not_picked":["Flechettes","Poisoned Stab"],"picked":"Blade Dance","floor":4},{"not_picked":["Deadly Poison","Crippling Poison"],"picked":"Underhanded Strike","floor":6},{"not_picked":["Bouncing Flask","Leg Sweep"],"picked":"Escape Plan","floor":8},{"not_picked":["Leg Sweep","Quick Slash"],"picked":"Dagger Throw","floor":10},{"not_picked":["Heel Hook","Eviscerate"],"picked":"Die Die Die","floor":11},{"not_picked":["Deflect","Outmaneuver"],"picked":"PiercingWail","floor":12},{"not_picked":["Riddle With Holes","Choke"],"picked":"Acrobatics","floor":13}],"player_experience":136386,"relics_obtained":[{"floor":6,"key":"Bag of Marbles"},{"floor":11,"key":"Pear"}],"event_choices":[{"damage_healed":0,"gold_gain":0,"player_choice":"Lose Max HP","damage_taken":0,"relics_obtained":["Golden Idol"],"max_hp_gain":0,"max_hp_loss":6,"event_name":"Golden Idol","floor":3,"gold_loss":0},{"damage_healed":5,"gold_gain":0,"player_choice":"Full Heal","damage_taken":0,"max_hp_gain":0,"max_hp_loss":0,"event_name":"Wheel of Change","floor":5,"gold_loss":0}],"is_beta":false,"boss_relics":[],"items_purged_floors":[],"is_endless":false,"potions_floor_spawned":[1,2,6,11,13],"killed_by":"3 Sentries","ascension_level":20}}