{"host":"za1qviwhp34x909e","time":1613385815,"event":{"mods":["Act Like it!","BaseMod","Colored Map","Colored Powertips","Downfall","Highlight Path","Hubris","Koishi","Marisa????????","Minty Spire (QoL Compilation)","Quick Restart","Reimu??????","Replay The Spire","StSLib","The Servant 0.9.4"],"gold_per_floor":[109,109,109,125,1,26,43,63,111,111,140,160,179,205,205,304,304,318,318,342,8,25,51,51,104,104,136,136,136,150,14,14,118,118,118,28,45,45,63,88,88,88,112,112,86,105,105,124,124,124,124],"floor_reached":50,"language":"ENG","playtime":5075,"items_purged":["Regret","Overencumbered","downfall:Icky"],"score":580,"play_id":"e514fc35-0b72-4c8a-89d2-d8b2b63bf1b2","local_time":"20210215044335","is_ascension_mode":false,"campfire_choices":[{"data":"Koishi:EmbryosDream","floor":15,"key":"SMITH"},{"data":"Koishi:EmbersOfLove","floor":24,"key":"SMITH"},{"data":"Koishi:ConditionedTeleport","floor":29,"key":"SMITH"},{"data":"Koishi:BloodcurdlingScream","floor":32,"key":"SMITH"},{"data":"Koishi:ReleaseOfTheId","floor":41,"key":"SMITH"},{"data":"Koishi:RorschachInDanmaku","floor":49,"key":"SMITH"}],"circlet_count":0,"master_deck":["Koishi:BasicDefend","Koishi:BasicDefend","Koishi:BasicDefend","Koishi:Provoke","Koishi:HauntingSlash+1","Koishi:SpiritedAway","Koishi:Prune","Koishi:SubconsciousSweep","Koishi:EmbryosDream+1","Koishi:PredatoryInstincts","Koishi:PhantomStrike","Koishi:StingingMind","Koishi:SprinkleStarAndHeart","Koishi:ReleaseOfTheId+1","Koishi:RoseHell","Koishi:MentalBreakdown","Koishi:Ego","Koishi:GeneticsOfTheUnconscious","Koishi:EmbersOfLove+1","Koishi:FreudianInstinct","Koishi:ConditionedTeleport+1","Koishi:ParalyzingFear","Slimebound:CheckThePlaybook","Koishi:BloodcurdlingScream+1","Bandage Up","Koishi:ImGoingToCallYouNow+1","Koishi:UnconsciousUprising+1","Koishi:MindNumbingTerror+1","Koishi:DNAsFlaw","Koishi:RorschachInDanmaku+1","Koishi:Vanish+1","Koishi:SubterraneanRose+1"],"relics":["Koishi:ImaginaryFriend","NeowsBlessing","hubris:BottledRain","Strawberry","Orichalcum","Mastiff:ReiMu","Pet Ghost","Snecko Eye","ReplayTheSpireMod:Lightbulb","ReplayTheSpireMod:CursedCoin","Lizard Tail","Smiling Mask","Koishi:BloodstainedWhiteRose","Ancient Tea Set","Empty Cage","TungstenRod","Blue Doll"],"acts_visited":["Exordium","TheCity","TheBeyond"],"potions_floor_usage":[11,11,12,27,27,40,40,48,48],"damage_taken":[{"damage":0,"enemies":"Jaw Worm","floor":1,"turns":1},{"damage":0,"enemies":"Small Slimes","floor":4,"turns":1},{"damage":0,"enemies":"Gremlin Nob","floor":6,"turns":1},{"damage":0,"enemies":"2 Louse","floor":7,"turns":2},{"damage":7,"enemies":"Exordium Wildlife","floor":8,"turns":6},{"damage":3,"enemies":"3 Sentries","floor":11,"turns":4},{"damage":8,"enemies":"Large Slime","floor":12,"turns":5},{"damage":8,"enemies":"3 Louse","floor":13,"turns":4},{"damage":2,"enemies":"Replay:BlueRogue","floor":14,"turns":7},{"damage":8,"enemies":"Hexaghost","floor":16,"turns":10},{"damage":0,"enemies":"3 Byrds","floor":18,"turns":3},{"damage":0,"enemies":"Chosen","floor":22,"turns":4},{"damage":12,"enemies":"Gremlin Leader","floor":23,"turns":6},{"damage":15,"enemies":"Book of Stabbing","floor":27,"turns":6},{"damage":0,"enemies":"Centurion and Healer","floor":30,"turns":3},{"damage":12,"enemies":"Automaton","floor":33,"turns":7},{"damage":0,"enemies":"3 Darklings","floor":35,"turns":1},{"damage":3,"enemies":"3 Shapes","floor":37,"turns":3},{"damage":6,"enemies":"Sphere and 2 Shapes","floor":38,"turns":2},{"damage":13,"enemies":"3 Darklings","floor":39,"turns":4},{"damage":63,"enemies":"R_Hoarder","floor":40,"turns":12},{"damage":23,"enemies":"Spire Growth","floor":46,"turns":6},{"damage":6,"enemies":"Maw","floor":48,"turns":7},{"damage":183,"enemies":"hubris:GrandSnecko","floor":50,"turns":16}],"seed_played":"-6419175056277431872","potions_obtained":[{"floor":1,"key":"Explosive Potion"},{"floor":4,"key":"bronze:BurnAndBuffPotion"},{"floor":7,"key":"EssenceOfSteel"},{"floor":13,"key":"sneckomod:MuddlingPotion"},{"floor":14,"key":"Milkshake"},{"floor":16,"key":"Energy Potion"},{"floor":22,"key":"Dexterity Potion"},{"floor":33,"key":"Regen Potion"},{"floor":37,"key":"Block Potion"},{"floor":46,"key":"Fire Potion"},{"floor":48,"key":"SteroidPotion"}],"is_trial":false,"path_per_floor":["M","?","?","M","$","E","M","M","T","?","E","M","M","E","R","B",null,"M","?","T","$","M","E","R","?","T","E","?","R","M","$","R","B",null,"M","?","M","M","M","E","R","?","T","?","$","M","?","M","R","B"],"character_chosen":"KOISHI","items_purchased":["Koishi:SubconsciousSweep","Koishi:Ego","ReplayTheSpireMod:CursedCoin","Lizard Tail","Bandage Up","Koishi:RorschachInDanmaku"],"campfire_rested":0,"item_purchase_floors":[5,21,21,21,31,45],"current_hp_per_floor":[60,60,60,60,60,67,67,66,66,59,57,50,50,54,54,54,67,67,67,67,67,67,59,59,59,59,52,52,52,64,64,64,67,67,67,67,67,61,67,30,30,59,59,59,59,50,50,56,56,0,0],"gold":124,"neow_bonus":"THREE_ENEMY_KILL","is_daily":false,"chose_seed":false,"campfire_upgraded":6,"win_rate":0.0,"timestamp":1613385815,"path_taken":["M","?","?","M","?","E","M","?","T","?","E","M","M","E","R","BOSS","M","?","?","$","M","E","R","?","T","E","?","R","M","?","R","BOSS","M","?","M","M","?","E","R","?","T","?","$","M","?","M","R","BOSS"],"items_purchased_type":["Card","Card","Relic","Relic","Card","Card"],"build_version":"2020-12-22","purchased_purges":3,"victory":false,"max_hp_per_floor":[60,60,60,60,60,67,67,67,67,67,67,67,67,67,67,67,67,67,67,67,67,67,67,67,67,67,67,67,67,67,67,67,67,67,67,67,67,67,67,67,67,59,59,59,59,59,59,59,59,59,59],"card_choices":[{"not_picked":["Koishi:FourthEye","Koishi:RacingHeart"],"picked":"Koishi:SpiritedAway","floor":1},{"not_picked":["Koishi:UnconsciousUrges","Koishi:Possession"],"picked":"Koishi:Prune","floor":4},{"not_picked":["Koishi:RacingHeart","Koishi:SubterraneanRose"],"picked":"Koishi:EmbryosDream","floor":6},{"not_picked":["Koishi:StingingMind","Koishi:DNAsFlaw"],"picked":"Koishi:PredatoryInstincts","floor":7},{"not_picked":["Koishi:GeneticsOfTheUnconscious","Koishi:Prune"],"picked":"Koishi:PhantomStrike","floor":8},{"not_picked":["Koishi:PredatoryInstincts","Koishi:VengefulSpirit"],"picked":"Koishi:StingingMind","floor":11},{"not_picked":["Koishi:HeartAttack","Koishi:SubconsciousSweep"],"picked":"Koishi:SprinkleStarAndHeart","floor":12},{"not_picked":["Koishi:LastRemote","Koishi:CatchAndRose"],"picked":"Koishi:ReleaseOfTheId","floor":13},{"not_picked":["Koishi:StingingMind","Koishi:JumpScare"],"picked":"Koishi:RoseHell","floor":14},{"not_picked":["Koishi:MindStellarRelief","Koishi:RollingInRichesHeart"],"picked":"Koishi:MentalBreakdown","floor":16},{"not_picked":["Koishi:VengefulSpirit","Koishi:MindNumbingTerror","Koishi:PhantomStrike"],"picked":"SKIP","floor":18},{"not_picked":["Koishi:Prune+1","Koishi:RacingHeart"],"picked":"Koishi:GeneticsOfTheUnconscious","floor":22},{"not_picked":["Koishi:Whimsy","Koishi:SpiritedAway"],"picked":"Koishi:EmbersOfLove","floor":23},{"not_picked":["Koishi:DreadfulBlow+1","Koishi:HeartfeltFancy"],"picked":"Koishi:FreudianInstinct","floor":25},{"not_picked":["Koishi:UnconsciousUprising","Koishi:Prune"],"picked":"Koishi:ConditionedTeleport","floor":25},{"not_picked":["Koishi:Prune","Koishi:HeartfeltFancy+1"],"picked":"Koishi:ParalyzingFear","floor":27},{"not_picked":["Koishi:FleetingPhantom","Koishi:GeneticsOfTheUnconscious"],"picked":"Koishi:BloodcurdlingScream","floor":30},{"not_picked":["Koishi:TerrifyingSpectre","Koishi:RuptureMind"],"picked":"Koishi:ImGoingToCallYouNow","floor":33},{"not_picked":["Koishi:Possession+1","Koishi:Prune+1"],"picked":"Koishi:UnconsciousUprising+1","floor":37},{"not_picked":["Koishi:PhilosophyOfTheDespised+1","Koishi:DreadfulBlow"],"picked":"Koishi:MindNumbingTerror+1","floor":39},{"not_picked":["Koishi:FleetingPhantom+1","Koishi:PredatoryInstincts"],"picked":"Koishi:DNAsFlaw","floor":40},{"not_picked":["Koishi:SpiritedAway","Koishi:ApparitionsStalkTheNight"],"picked":"Koishi:Vanish+1","floor":46},{"not_picked":["Koishi:UnconsciousUprising","Koishi:HeartAttack"],"picked":"Koishi:SubterraneanRose+1","floor":48}],"player_experience":727100,"relics_obtained":[{"floor":6,"key":"Strawberry"},{"floor":9,"key":"Orichalcum"},{"floor":11,"key":"Mastiff:ReiMu"},{"floor":14,"key":"Pet Ghost"},{"floor":20,"key":"ReplayTheSpireMod:Lightbulb"},{"floor":23,"key":"Smiling Mask"},{"floor":25,"key":"Koishi:BloodstainedWhiteRose"},{"floor":27,"key":"Ancient Tea Set"},{"floor":40,"key":"TungstenRod"},{"floor":43,"key":"Blue Doll"}],"event_choices":[{"damage_healed":0,"gold_gain":0,"player_choice":"Box","damage_taken":0,"relics_obtained":["hubris:BottledRain"],"max_hp_gain":0,"max_hp_loss":0,"event_name":"Big Fish","floor":2,"gold_loss":0,"cards_obtained":["Regret"]},{"cards_removed":["Koishi:BasicStrike"],"damage_healed":0,"gold_gain":0,"player_choice":"Card Removal","damage_taken":7,"max_hp_gain":0,"max_hp_loss":0,"event_name":"Golden Wing","floor":10,"gold_loss":0},{"damage_healed":0,"gold_gain":0,"player_choice":"Ignored","damage_taken":0,"max_hp_gain":0,"max_hp_loss":0,"event_name":"Vampires","floor":19,"gold_loss":0},{"cards_removed":["Koishi:BasicStrike"],"damage_healed":0,"gold_gain":0,"player_choice":"Upgrade and Remove","damage_taken":0,"max_hp_gain":0,"max_hp_loss":0,"event_name":"Designer","floor":36,"gold_loss":90,"cards_upgraded":["Koishi:HauntingSlash"]},{"damage_healed":59,"gold_gain":0,"player_choice":"Heal","damage_taken":0,"max_hp_gain":0,"max_hp_loss":8,"event_name":"The Moai Head","floor":42,"gold_loss":0},{"cards_removed":["Koishi:BasicDefend"],"damage_healed":0,"gold_gain":0,"player_choice":"Removed Skill","damage_taken":0,"max_hp_gain":0,"max_hp_loss":0,"event_name":"Falling","floor":44,"gold_loss":0},{"damage_healed":0,"gold_gain":0,"player_choice":"Upgraded","damage_taken":0,"max_hp_gain":0,"max_hp_loss":0,"event_name":"Upgrade Shrine","floor":47,"gold_loss":0,"cards_upgraded":["Koishi:ImGoingToCallYouNow"]}],"is_beta":false,"boss_relics":[{"not_picked":["Coffee Dripper","hubris:Stopwatch"],"picked":"Snecko Eye"},{"not_picked":["Runic Dome","Busted Crown"],"picked":"Empty Cage"}],"items_purged_floors":[5,21,31],"is_endless":false,"potions_floor_spawned":[1,4,7,13,14,16,22,23,33,37,39,46,48],"killed_by":"hubris:GrandSnecko","ascension_level":0}}