{"host":"iq8y45rd2spacc1d","time":1613397946,"event":{"mods":["Aspiration","BaseMod","DeckTracker","GifTheSpireLib","Halation","Hermit","Hubris","Infinite Spire","Minty Spire (QoL Compilation)","Replay The Spire","StSLib","The Bug Knight","The Cursed","The Disciple"],"gold_per_floor":[118,118,118,128,141,141,170,170,195,120,155,155,188,207,207,304,304,316,316,333,346,189,217,217,246,246,276,120,170,170,184,184,288,288,304,304,321,337,337,370,370,403,426,444,455,483,498,548,548,548],"floor_reached":51,"language":"ENG","playtime":4986,"items_purged":["Replay:Hysterical Blindness","Pain"],"score":804,"play_id":"b6ea901c-0f7b-4240-8a26-96093dbcd66b","local_time":"20210215150546","is_ascension_mode":true,"campfire_choices":[{"data":"Zap","floor":6,"key":"SMITH"},{"data":"Replay:Dark Deal","floor":8,"key":"SMITH"},{"floor":15,"key":"REST"},{"data":"Static Discharge","floor":24,"key":"SMITH"},{"data":"Seek","floor":30,"key":"SMITH"},{"data":"Biased Cognition","floor":32,"key":"SMITH"},{"data":"infinitespire:Starlight","floor":41,"key":"SMITH"},{"floor":49,"key":"REST"}],"circlet_count":0,"master_deck":["Strike_B","Strike_B","Strike_B","Strike_B","Defend_B","Defend_B","Defend_B","Defend_B","Zap+1","Dualcast","Replay:Dark Deal+1","Conserve Battery","Rebound","Static Discharge+1","Biased Cognition+1","Multi-Cast","Reboot","Ball Lightning","Seek+1","ReplayTheSpireMod:Calculation Training+1","hubris:Ukulele+1","Compile Driver","Double Energy+1","Core Surge","Rebound","Rip and Tear","Reboot","CurseOfTheBell","Ball Lightning+1","infinitespire:Starlight+1","hubris:Ukulele+1","Beam Cell+1","Looming Evil","BootSequence+1","Biased Cognition","Melter+1","ReplayTheSpireMod:Omega Cannon","Beam Cell","Ball Lightning","Hologram+1"],"relics":["Cracked Core","aspiration:BabyByrd","ReplayTheSpireMod:Lightbulb","Replay:Baseball","Strawberry","WarpedTongs","Garlic","Sozu","infinitespire:Beetle Shell","HandDrill","infinitespire:Broken Mirror","Bag of Marbles","Symbiotic Virus","PreservedInsect","HollowMod:JonisBlessing","Smiling Mask","Calling Bell","Regal Pillow","halation:Gekota","Bird Faced Urn","Ring of Misfortune","Ring of Chaos","Ornamental Fan","Boot","Ancient Tea Set","Toy Ornithopter","hubris:CuriousFeather"],"acts_visited":["Exordium","TheCity","TheBeyond"],"potions_floor_usage":[7,16,50,50],"damage_taken":[{"damage":2,"enemies":"Jaw Worm","floor":1,"turns":3},{"damage":9,"enemies":"2 Louse","floor":4,"turns":3},{"damage":6,"enemies":"Cultist","floor":5,"turns":4},{"damage":16,"enemies":"Lagavulin","floor":7,"turns":4},{"damage":3,"enemies":"Gremlin Nob","floor":11,"turns":3},{"damage":15,"enemies":"Lagavulin","floor":13,"turns":5},{"damage":3,"enemies":"Looter","floor":14,"turns":2},{"damage":37,"enemies":"The Guardian","floor":16,"turns":8},{"damage":5,"enemies":"Shell Parasite","floor":18,"turns":3},{"damage":0,"enemies":"Spheric Guardian","floor":20,"turns":3},{"damage":6,"enemies":"Chosen and Byrds","floor":21,"turns":2},{"damage":15,"enemies":"Book of Stabbing","floor":23,"turns":3},{"damage":6,"enemies":"Replay:Snechameleon","floor":25,"turns":2},{"damage":1,"enemies":"Book of Stabbing","floor":27,"turns":3},{"damage":0,"enemies":"3 Cultists","floor":31,"turns":3},{"damage":5,"enemies":"Collector","floor":33,"turns":5},{"damage":0,"enemies":"Orb Walker","floor":35,"turns":1},{"damage":0,"enemies":"3 Shapes","floor":37,"turns":2},{"damage":4,"enemies":"3 Darklings","floor":38,"turns":2},{"damage":7,"enemies":"Reptomancer","floor":40,"turns":3},{"damage":0,"enemies":"R_Hoarder","floor":42,"turns":3},{"damage":7,"enemies":"Maw","floor":44,"turns":6},{"damage":0,"enemies":"Transient","floor":45,"turns":5},{"damage":0,"enemies":"Giant Head","floor":46,"turns":6},{"damage":0,"enemies":"Jaw Worm Horde","floor":47,"turns":2},{"damage":0,"enemies":"Mind Bloom Boss Battle","floor":48,"turns":4},{"damage":0,"enemies":"Replay:Hell Engine","floor":50,"turns":7}],"seed_played":"-2300871926792729966","potions_obtained":[{"floor":4,"key":"DistilledChaos"},{"floor":7,"key":"Block Potion"},{"floor":13,"key":"SpeedPotion"},{"floor":16,"key":"SkillPotion"}],"is_trial":false,"path_per_floor":["M","?","?","M","M","R","E","R","T","$","E","?","E","M","R","B",null,"M","AVR","M","M","$","E","R","E","T","E","$","T","R","M","R","B",null,"M","?","M","M","?","E","R","E","T","M","M","E","M","?","R","B",null],"character_chosen":"DEFECT","items_purchased":["HandDrill","HollowMod:JonisBlessing"],"campfire_rested":2,"item_purchase_floors":[22,28],"current_hp_per_floor":[73,73,73,64,68,68,52,52,52,52,56,56,41,38,62,35,82,77,77,77,71,71,56,56,50,50,59,59,59,59,59,59,54,82,82,63,63,59,59,52,52,52,52,45,45,45,45,45,82,82],"gold":548,"neow_bonus":"RANDOM_COLORLESS_2","is_daily":false,"chose_seed":false,"campfire_upgraded":6,"win_rate":0.0,"timestamp":1613397946,"path_taken":["M","?","?","M","M","R","E","R","T","$","E","?","E","M","R","BOSS","M","AVR","M","M","?","E","R","E","T","E","$","?","R","M","R","BOSS","M","?","M","M","?","E","R","E","T","M","M","E","M","?","R","BOSS"],"items_purchased_type":["Relic","Relic"],"build_version":"2020-12-22","purchased_purges":2,"victory":true,"max_hp_per_floor":[75,75,75,75,75,75,75,75,75,75,82,82,82,82,82,82,82,82,82,82,82,82,82,82,82,82,82,82,82,82,82,82,82,82,82,82,82,82,82,82,82,82,82,82,82,82,82,82,82,82],"card_choices":[{"not_picked":["Transmutation","ReplayTheSpireMod:Necrogeddon"],"picked":"Replay:Dark Deal","floor":0},{"not_picked":["Go for the Eyes","ReplaySort"],"picked":"Conserve Battery","floor":1},{"not_picked":["Coolheaded","Heatsinks"],"picked":"Rebound","floor":4},{"not_picked":["FIFO Queue","Steam"],"picked":"Static Discharge","floor":5},{"not_picked":["Reprogram","ReplayTheSpireMod:System Scan"],"picked":"Biased Cognition","floor":7},{"not_picked":["Rebound","Streamline"],"picked":"Multi-Cast","floor":11},{"not_picked":["Stack","Sunder"],"picked":"Reboot","floor":13},{"not_picked":["Barrage","Cold Snap"],"picked":"Ball Lightning","floor":14},{"not_picked":["hubris:DoWhile","Reboot"],"picked":"Seek","floor":16},{"not_picked":["Stack+1","Panic Button"],"picked":"ReplayTheSpireMod:Calculation Training+1","floor":18},{"not_picked":["Go for the Eyes","Coolheaded"],"picked":"hubris:Ukulele+1","floor":20},{"not_picked":["Stack","Redo"],"picked":"Compile Driver","floor":21},{"not_picked":["ReplaySort","Go for the Eyes"],"picked":"Double Energy+1","floor":23},{"not_picked":["Beam Cell","Stack+1"],"picked":"Core Surge","floor":25},{"not_picked":["Darkness","Go for the Eyes+1"],"picked":"Rebound","floor":27},{"not_picked":["Steam+1","Sweeping Beam"],"picked":"Rip and Tear","floor":31},{"not_picked":["Fission","hubris:DoWhile"],"picked":"Reboot","floor":33},{"not_picked":["Redo+1","Panic Button+1"],"picked":"Ball Lightning+1","floor":35},{"not_picked":["infinitespire:FutureSight","hubris:InfiniteBlow"],"picked":"infinitespire:Starlight","floor":36},{"not_picked":["BasicCrystalCard","Cold Snap+1"],"picked":"hubris:Ukulele+1","floor":37},{"not_picked":["Turbo","Leap"],"picked":"Beam Cell+1","floor":38},{"not_picked":["Barrage","Coolheaded"],"picked":"BootSequence+1","floor":40},{"not_picked":["hubris:SpecializedCircuitry","Conserve Battery"],"picked":"Biased Cognition","floor":42},{"not_picked":["ReplayTheSpireMod:Calculation Training+1","Steam"],"picked":"Melter+1","floor":44},{"not_picked":["Conserve Battery+1","Steam+1"],"picked":"ReplayTheSpireMod:Omega Cannon","floor":45},{"not_picked":["hubris:PowerSurge","Hologram"],"picked":"Beam Cell","floor":46},{"not_picked":["Gash+1","Compile Driver+1"],"picked":"Ball Lightning","floor":47},{"not_picked":["Redo","Coolheaded+1"],"picked":"Hologram+1","floor":48}],"player_experience":341381,"relics_obtained":[{"floor":7,"key":"ReplayTheSpireMod:Lightbulb"},{"floor":9,"key":"Replay:Baseball"},{"floor":11,"key":"Strawberry"},{"floor":13,"key":"Garlic"},{"floor":23,"key":"infinitespire:Broken Mirror"},{"floor":25,"key":"Bag of Marbles"},{"floor":26,"key":"Symbiotic Virus"},{"floor":27,"key":"PreservedInsect"},{"floor":29,"key":"Smiling Mask"},{"floor":34,"key":"Regal Pillow"},{"floor":34,"key":"halation:Gekota"},{"floor":34,"key":"Bird Faced Urn"},{"floor":39,"key":"Ring of Misfortune"},{"floor":39,"key":"Ring of Chaos"},{"floor":40,"key":"Ornamental Fan"},{"floor":42,"key":"Boot"},{"floor":43,"key":"Ancient Tea Set"},{"floor":46,"key":"Toy Ornithopter"},{"floor":48,"key":"hubris:CuriousFeather"}],"event_choices":[{"damage_healed":0,"gold_gain":0,"player_choice":"Rummage","damage_taken":0,"relics_obtained":["WarpedTongs"],"max_hp_gain":0,"max_hp_loss":0,"event_name":"Accursed Blacksmith","floor":12,"gold_loss":0,"cards_obtained":["Pain"]},{"damage_healed":0,"gold_gain":0,"player_choice":"Fight","damage_taken":0,"max_hp_gain":0,"max_hp_loss":0,"event_name":"MindBloom","floor":48,"gold_loss":0}],"is_beta":false,"boss_relics":[{"not_picked":["aspiration:SilentSkillbook","Replay:Drink Me"],"picked":"Sozu"},{"not_picked":["FrozenCore","halation:ForbiddenBikini"],"picked":"Calling Bell"}],"items_purged_floors":[10,19],"is_endless":false,"potions_floor_spawned":[4,7,13,16,20,25,27,33,35,40,44,45,48],"ascension_level":2}}