{"host":"wuernuywc9gl215o","time":1613433263,"event":{"mods":["2.2 Compatiblity","AchievementEnabler","BaseMod","Bestiary","Block Reminder","Displayed Cursed Tome","Highlight Path","Key Reminder","Minty Spire (QoL Compilation)","Permanent Neow","Potion Indicator Mod","Quick Restart","Rare Cards Sparkle","Relic Stats","ojb\u0027s Info Mod"],"gold_per_floor":[111,124,136,136,150,150,185,185,185,195,206,236,254,270,270,366,366,382,400,325,340,340,372,372,406,453,468,478,478,490,193,193,296,296,310,358,408,72,89,123,123,150,150,150,150],"floor_reached":44,"language":"ENG","playtime":3547,"items_purged":["Strike_B"],"score":866,"play_id":"15ecc5a6-088a-495a-bebb-637a85b20ee4","local_time":"20210215235423","is_ascension_mode":true,"campfire_choices":[{"data":"Defragment","floor":6.0,"key":"SMITH"},{"data":"Beam Cell","floor":8.0,"key":"SMITH"},{"floor":15.0,"key":"REST"},{"floor":24.0,"key":"REST"},{"floor":29,"key":"REST"},{"data":"Capacitor","floor":32,"key":"SMITH"}],"circlet_count":0,"master_deck":["Strike_B","Defend_B","Defend_B","Defend_B","Defend_B","Zap","Dualcast","Beam Cell+1","Defragment+1","Go for the Eyes","Reboot","Ball Lightning","Sunder","Loop","Stack","Streamline","Cold Snap","Capacitor+1","Electrodynamics","BootSequence","Rebound","Reinforced Body+1","Stack","Conserve Battery","Loop","Amplify","Defragment+1","Hologram","Lockon","Loop+1","Static Discharge"],"relics":["Velvet Choker","Happy Flower","Bottled Flame","StoneCalendar","Runic Pyramid","Mummified Hand","Ginger","Bag of Preparation","Potion Belt","Inserter","Pocketwatch","Turnip","Pantograph","Juzu Bracelet","Orichalcum","keyreminder:keyreminder"],"acts_visited":["Exordium","TheCity","TheBeyond"],"potions_floor_usage":[28,28,33,36,40,44],"damage_taken":[{"damage":0.0,"enemies":"Cultist","floor":1.0,"turns":4.0},{"damage":2.0,"enemies":"Jaw Worm","floor":2.0,"turns":3.0},{"damage":3.0,"enemies":"2 Louse","floor":3.0,"turns":2.0},{"damage":0.0,"enemies":"Exordium Wildlife","floor":5.0,"turns":3.0},{"damage":20.0,"enemies":"3 Sentries","floor":7.0,"turns":6.0},{"damage":0.0,"enemies":"Looter","floor":10.0,"turns":2.0},{"damage":1.0,"enemies":"3 Louse","floor":11.0,"turns":2.0},{"damage":0.0,"enemies":"Gremlin Nob","floor":12.0,"turns":3.0},{"damage":17.0,"enemies":"Exordium Thugs","floor":13.0,"turns":4.0},{"damage":0.0,"enemies":"Lots of Slimes","floor":14.0,"turns":3.0},{"damage":19.0,"enemies":"Slime Boss","floor":16.0,"turns":6.0},{"damage":6.0,"enemies":"3 Byrds","floor":18.0,"turns":3.0},{"damage":12.0,"enemies":"Spheric Guardian","floor":19.0,"turns":5.0},{"damage":9.0,"enemies":"Chosen and Byrds","floor":21.0,"turns":6.0},{"damage":35.0,"enemies":"Book of Stabbing","floor":23.0,"turns":7.0},{"damage":10.0,"enemies":"Slavers","floor":25.0,"turns":3.0},{"damage":0.0,"enemies":"Snecko","floor":27.0,"turns":4.0},{"damage":3,"enemies":"Snake Plant","floor":28,"turns":3},{"damage":0,"enemies":"3 Cultists","floor":30,"turns":4},{"damage":15,"enemies":"Champ","floor":33,"turns":9},{"damage":3,"enemies":"3 Shapes","floor":35,"turns":4},{"damage":44,"enemies":"2 Orb Walkers","floor":36,"turns":5},{"damage":0,"enemies":"Mind Bloom Boss Battle","floor":37,"turns":6},{"damage":1,"enemies":"Orb Walker","floor":39,"turns":2},{"damage":0,"enemies":"Reptomancer","floor":40,"turns":5},{"damage":0,"enemies":"Nemesis","floor":42,"turns":7},{"damage":18,"enemies":"Transient","floor":44,"turns":5}],"seed_played":"-4669537263654665378","potions_obtained":[{"floor":1.0,"key":"LiquidMemories"},{"floor":3.0,"key":"PotionOfCapacity"},{"floor":5.0,"key":"Explosive Potion"},{"floor":10.0,"key":"Swift Potion"},{"floor":12.0,"key":"FocusPotion"},{"floor":13.0,"key":"EntropicBrew"},{"floor":16.0,"key":"Fire Potion"},{"floor":21.0,"key":"Weak Potion"},{"floor":23.0,"key":"FocusPotion"},{"floor":27.0,"key":"SpeedPotion"},{"floor":28,"key":"Weak Potion"},{"floor":33,"key":"BlessingOfTheForge"},{"floor":35,"key":"EssenceOfSteel"},{"floor":37,"key":"PowerPotion"}],"is_trial":false,"path_per_floor":["M","M","M","?","M","R","E","R","T","M","M","E","M","M","R","B",null,"M","M","?","M","?","E","R","E","T","M","M","R","M","$","R","B",null,"M","?","?","$","M","E","$","E","T","M"],"character_chosen":"DEFECT","items_purchased":["Potion Belt","DistilledChaos","Pantograph","Lockon"],"campfire_rested":3,"item_purchase_floors":[31,31,38,38],"current_hp_per_floor":[68,66,63,63,63,63,43,43,43,43,42,42,25,25,47,28,63,57,45,45,36,36,1,23,13,13,13,10,32,32,32,32,17,61,58,14,14,14,13,13,13,13,13,0,0],"gold":150,"neow_bonus":"BOSS_RELIC","is_daily":false,"chose_seed":false,"campfire_upgraded":3,"win_rate":0.0,"timestamp":1613433263,"path_taken":["M","M","M","?","M","R","E","R","T","M","M","E","M","M","R","BOSS","M","M","?","M","?","E","R","E","T","?","M","R","M","?","R","BOSS","M","?","?","$","M","E","$","E","T","M"],"items_purchased_type":["Relic","Potion","Relic","Card"],"build_version":"2020-12-22","purchased_purges":1,"victory":false,"max_hp_per_floor":[75,75,75,75,75,75,75,75,75,75,75,75,75,75,75,75,75,75,75,75,75,75,75,75,75,75,75,75,75,75,75,75,75,75,75,75,75,75,75,75,75,75,75,75,75],"relic_stats":{"Inserter":[17],"Happy Flower":[32],"counters":[27,114],"StoneCalendar":[105],"Bag of Preparation":[22],"Juzu Bracelet":0,"Ginger":[5],"Orichalcum":[12],"Mummified Hand":[73],"Pantograph":0,"Turnip":[0],"obtain_stats":[{"Potion Belt":31,"Inserter":34,"Happy Flower":7,"Velvet Choker":0,"StoneCalendar":12,"Bag of Preparation":26,"Juzu Bracelet":40,"Ginger":25,"Orichalcum":42,"keyreminder:keyreminder":42,"Bottled Flame":9,"Mummified Hand":23,"Pantograph":38,"Turnip":37,"Cracked Core":0,"Runic Pyramid":17,"Pocketwatch":36},{"Potion Belt":19,"Inserter":20,"Happy Flower":5,"Velvet Choker":0,"StoneCalendar":8,"Bag of Preparation":16,"Juzu Bracelet":25,"Ginger":16,"Orichalcum":26,"keyreminder:keyreminder":26,"Bottled Flame":5,"Mummified Hand":15,"Pantograph":23,"Turnip":23,"Cracked Core":0,"Runic Pyramid":11,"Pocketwatch":22},{"Potion Belt":71,"Inserter":80,"Happy Flower":18,"Velvet Choker":0,"StoneCalendar":25,"Bag of Preparation":60,"Juzu Bracelet":102,"Ginger":60,"Orichalcum":109,"keyreminder:keyreminder":109,"Bottled Flame":18,"Mummified Hand":57,"Pantograph":95,"Turnip":95,"Cracked Core":0,"Runic Pyramid":37,"Pocketwatch":89}],"Pocketwatch":[1]},"card_choices":[{"not_picked":["Lockon","Barrage"],"picked":"Beam Cell","floor":1.0},{"not_picked":["Double Energy","Streamline"],"picked":"Defragment","floor":2.0},{"not_picked":["Rip and Tear","Recycle"],"picked":"Go for the Eyes","floor":3.0},{"not_picked":["Gash","Aggregate"],"picked":"Ball Lightning","floor":5.0},{"not_picked":["Rip and Tear","Aggregate"],"picked":"Sunder","floor":7.0},{"not_picked":["Skim","Fusion"],"picked":"Loop","floor":10.0},{"not_picked":["Force Field","Sweeping Beam"],"picked":"Stack","floor":11.0},{"not_picked":["Barrage","Reboot"],"picked":"Streamline","floor":12.0},{"not_picked":["Steam","Chill"],"picked":"Cold Snap","floor":13.0},{"not_picked":["Skim","Stack"],"picked":"Capacitor","floor":14.0},{"not_picked":["Fission","Seek"],"picked":"Electrodynamics","floor":16.0},{"not_picked":["Coolheaded","Steam"],"picked":"BootSequence","floor":18.0},{"not_picked":["Compile Driver","Sweeping Beam"],"picked":"Rebound","floor":19.0},{"not_picked":["Undo","Stack"],"picked":"Reinforced Body+1","floor":21.0},{"not_picked":["Reinforced Body","FTL+1"],"picked":"Stack","floor":23.0},{"not_picked":["Coolheaded","Genetic Algorithm"],"picked":"Conserve Battery","floor":25.0},{"not_picked":["Streamline","Leap"],"picked":"Loop","floor":27.0},{"not_picked":["Turbo","Rebound","Ball Lightning"],"picked":"SKIP","floor":28},{"not_picked":["Leap","Streamline","Aggregate"],"picked":"SKIP","floor":30},{"not_picked":["Hyperbeam","Reboot"],"picked":"Amplify","floor":33},{"not_picked":["Barrage","Cold Snap+1"],"picked":"Defragment+1","floor":35},{"not_picked":["Double Energy","Undo+1"],"picked":"Hologram","floor":37},{"not_picked":["Coolheaded","Fission"],"picked":"Loop+1","floor":39},{"not_picked":["Doom and Gloom","Leap"],"picked":"Static Discharge","floor":40},{"not_picked":["Turbo","Stack+1","Sunder"],"picked":"SKIP","floor":42}],"player_experience":980823,"relics_obtained":[{"floor":7.0,"key":"Happy Flower"},{"floor":9.0,"key":"Bottled Flame"},{"floor":12.0,"key":"StoneCalendar"},{"floor":23.0,"key":"Mummified Hand"},{"floor":25.0,"key":"Ginger"},{"floor":26.0,"key":"Bag of Preparation"},{"floor":36,"key":"Pocketwatch"},{"floor":37,"key":"Turnip"},{"floor":40,"key":"Juzu Bracelet"},{"floor":42,"key":"Orichalcum"}],"event_choices":[{"damage_healed":0.0,"max_hp_gain":0.0,"max_hp_loss":0.0,"gold_gain":0.0,"cards_transformed":["Strike_B"],"event_name":"Transmorgrifier","player_choice":"Transformed","floor":4.0,"gold_loss":0.0,"damage_taken":0.0,"cards_obtained":["Reboot"]},{"cards_removed":["Strike_B"],"damage_healed":0.0,"max_hp_gain":0.0,"max_hp_loss":0.0,"gold_gain":0.0,"event_name":"Beggar","player_choice":"Gave Gold","floor":20.0,"gold_loss":75.0,"damage_taken":0.0},{"damage_healed":0.0,"max_hp_gain":0.0,"max_hp_loss":0.0,"gold_gain":0.0,"event_name":"Vampires","player_choice":"Ignored","floor":22.0,"gold_loss":0.0,"damage_taken":0.0},{"damage_healed":0,"gold_gain":0,"player_choice":"Fight","damage_taken":0,"max_hp_gain":0,"max_hp_loss":0,"event_name":"Mysterious Sphere","floor":36,"gold_loss":0},{"damage_healed":0,"gold_gain":0,"player_choice":"Fight","damage_taken":0,"max_hp_gain":0,"max_hp_loss":0,"event_name":"MindBloom","floor":37,"gold_loss":0}],"is_beta":false,"boss_relics":[{"not_picked":["Philosopher\u0027s Stone","SacredBark"],"picked":"Runic Pyramid"},{"not_picked":["Runic Dome","Coffee Dripper"],"picked":"Inserter"}],"items_purged_floors":[31],"is_endless":false,"potions_floor_spawned":[1,3,5,10,12,13,16,21,23,27,28,33,35,37],"killed_by":"Transient","ascension_level":9}}