{"host":"hpn0uxah5qjr7pa6","time":1613350376,"event":{"mods":["2.2 Compatiblity","Act Like it!","Aspiration","BaseMod","Better Third Choice","BetterRewards","Challenge The Spire","Colored Powertips","Conspire","DeckTracker","Downfall","Energized Spire","Hallownest","Hermit","Highlight Path","Hubris","Infinite Spire","Minty Spire (QoL Compilation)","Permanent Neow","Quick Restart","Rare Cards Sparkle","Replay The Spire","Spicy Shops","StSLib","The Bug Knight","The Jungle"],"gold_per_floor":[115,129,139,19,33,33,57,75,75,91,91,110,110,129,146,250,250,250,260,271,285,285,298,298,318,318,10,39,39,55,66,77,77,77,77],"floor_reached":33,"language":"ENG","playtime":1318,"items_purged":[],"score":390,"play_id":"13929279-2634-4783-a682-46651bf87141","local_time":"20210214165256","is_ascension_mode":true,"campfire_choices":[{"floor":9,"key":"REST"},{"floor":11,"key":"REST"},{"floor":13,"key":"REST"},{"floor":29,"key":"REST"}],"circlet_count":0,"master_deck":["bronze:Strike","bronze:Strike","bronze:Strike","bronze:Strike","bronze:Defend","bronze:Defend","bronze:Defend","bronze:Defend","bronze:Replicate","bronze:Goto","bronze:Branch","bronze:OilSpill","bronze:ChosenStrike","bronze:InfiniteLoop+1","bronze:BronzeOrb","bronze:Flail","bronze:Branch"],"relics":["bronze:BronzeCore","Simple Rune","energizedSpire:CursedPentagram","infinitespire:Eraser","bronze:CableSpool","Blood Vial","aspiration:Lifesprig","Potion Belt"],"acts_visited":["Exordium","TheCity"],"potions_floor_usage":[10,12,16,16,16,20,23,28,33],"damage_taken":[{"damage":1.0,"enemies":"Small Slimes","floor":1.0,"turns":4.0},{"damage":0.0,"enemies":"Cultist","floor":2.0,"turns":3.0},{"damage":0.0,"enemies":"2 Louse","floor":3.0,"turns":3.0},{"damage":0.0,"enemies":"downfall:FleeingMerchant","floor":4.0,"turns":4.0},{"damage":17,"enemies":"Exordium Wildlife","floor":5,"turns":4},{"damage":13,"enemies":"Large Slime","floor":8,"turns":3},{"damage":0,"enemies":"Lots of Slimes","floor":10,"turns":4},{"damage":10,"enemies":"Blue Slaver","floor":12,"turns":3},{"damage":15,"enemies":"conspire:2 RoseBushes","floor":14,"turns":3},{"damage":8,"enemies":"Exordium Thugs","floor":15,"turns":3},{"damage":13,"enemies":"IC_STATUS_ARCHETYPE","floor":16,"turns":7},{"damage":0,"enemies":"3 Byrds","floor":19,"turns":4},{"damage":9,"enemies":"Shell Parasite","floor":20,"turns":3},{"damage":20,"enemies":"Snecko","floor":21,"turns":4},{"damage":27,"enemies":"conspire:HollyBat","floor":23,"turns":6},{"damage":12,"enemies":"Snake Plant","floor":25,"turns":3},{"damage":2,"enemies":"downfall:FleeingMerchant","floor":27,"turns":4},{"damage":12,"enemies":"HollowMod:Nosk","floor":28,"turns":3},{"damage":0,"enemies":"Sentry and Sphere","floor":30,"turns":2},{"damage":0,"enemies":"Chosen and Byrds","floor":31,"turns":5},{"damage":9,"enemies":"Snake Plant","floor":32,"turns":3},{"damage":31,"enemies":"DF_ARCHETYPE_CLAW","floor":33,"turns":8}],"seed_played":"5621462058114553918","potions_obtained":[{"floor":2.0,"key":"Strength Potion"},{"floor":8,"key":"SkillPotion"},{"floor":10,"key":"Languid Potion"},{"floor":12,"key":"Milkshake"},{"floor":14,"key":"SpeedPotion"},{"floor":19,"key":"champ:CounterPotion"},{"floor":20,"key":"bronze:BurnAndBuffPotion"},{"floor":21,"key":"PowerPotion"},{"floor":25,"key":"PowerPotion"},{"floor":32,"key":"ColorlessPotion"}],"is_trial":false,"path_per_floor":["M","M","M","$","M","?","T","M","R","M","R","M","R","M","M","B",null,"R","M","M","M","AVR","M","T","M","?","$","E","R","M","M","M","B"],"character_chosen":"THE_AUTOMATON","items_purchased":["bronze:ChosenStrike","Blood Vial","aspiration:Lifesprig"],"campfire_rested":4,"item_purchase_floors":[4,27,27],"current_hp_per_floor":[58,58,58,58,41,41,41,28,53,53,78,68,84,69,61,48,75,84,84,75,55,55,28,28,16,16,14,4,29,31,33,26,0,0,0],"gold":77,"neow_bonus":"TWENTY_PERCENT_HP_BONUS","is_daily":false,"chose_seed":false,"campfire_upgraded":0,"win_rate":0.0,"timestamp":1613350376,"path_taken":["M","M","M","$","M","?","T","M","R","M","R","M","R","?","M","BOSS","R","M","M","M","AVR","M","T","M","?","$","E","R","M","M","M","BOSS"],"items_purchased_type":["Card","Relic","Relic"],"build_version":"2020-12-22","purchased_purges":0,"victory":false,"max_hp_per_floor":[84,84,84,84,84,84,84,84,84,84,84,84,84,84,84,84,84,84,84,84,84,84,84,84,84,84,84,84,84,84,84,84,84,84,84],"card_choices":[{"not_picked":["bronze:Separator","bronze:FineTuning"],"picked":"bronze:Branch","floor":1.0},{"not_picked":["bronze:WhirlingStrike","bronze:Allocate","bronze:WildBeam"],"picked":"SKIP","floor":2.0},{"not_picked":["bronze:Turbo","bronze:Overheat","bronze:Shield"],"picked":"SKIP","floor":3.0},{"not_picked":["bronze:ShipIt","bronze:Branch"],"picked":"bronze:OilSpill","floor":4},{"not_picked":["bronze:Terminator","bronze:Overheat","bronze:DelayedGuard"],"picked":"SKIP","floor":5},{"not_picked":["bronze:BugBarrage","bronze:WildBeam","bronze:BuggyMess"],"picked":"SKIP","floor":8},{"not_picked":["bronze:Iterate","bronze:WildBeam"],"picked":"bronze:InfiniteLoop","floor":10},{"not_picked":["bronze:Constructor","bronze:DelayedGuard","bronze:Refactor"],"picked":"SKIP","floor":12},{"not_picked":["bronze:BuggyMess","bronze:ShipIt"],"picked":"bronze:BronzeOrb","floor":14},{"not_picked":["bronze:FineTuning","bronze:Return","bronze:Invalidate"],"picked":"SKIP","floor":15},{"not_picked":["bronze:Shield+1","bronze:Deprecate"],"picked":"bronze:Flail","floor":19},{"not_picked":["bronze:Frontload+1","bronze:CloningBeam","bronze:Invalidate"],"picked":"SKIP","floor":20},{"not_picked":["bronze:FineTuning","bronze:FindAndReplace","bronze:Separator"],"picked":"SKIP","floor":21},{"not_picked":["bronze:FineTuning","bronze:FindAndReplace","bronze:Separator"],"picked":"SKIP","floor":21},{"not_picked":["bronze:WhirlingStrike","bronze:Terminator+1","bronze:Safeguard"],"picked":"SKIP","floor":23},{"not_picked":["bronze:DelayedGuard","bronze:ForLoop","bronze:Overload"],"picked":"SKIP","floor":25},{"not_picked":["bronze:CloningBeam","bronze:BugBarrage","bronze:BronzeArmor"],"picked":"SKIP","floor":27},{"not_picked":["bronze:Constructor+1","bronze:BugBarrage","bronze:Fortify"],"picked":"SKIP","floor":28},{"not_picked":["bronze:CloningBeam","bronze:Frontload+1"],"picked":"bronze:Branch","floor":30},{"not_picked":["bronze:Invalidate","bronze:BitShift+1","bronze:GetLatest"],"picked":"SKIP","floor":31},{"not_picked":["bronze:RecursiveStrike","bronze:Constructor","bronze:CutThrough+1"],"picked":"SKIP","floor":32}],"player_experience":246548,"relics_obtained":[{"floor":7,"key":"Simple Rune"},{"floor":24,"key":"bronze:CableSpool"},{"floor":28,"key":"Potion Belt"}],"event_choices":[],"is_beta":false,"boss_relics":[{"not_picked":["aspiration:SecretTechniqueScroll","hubris:ScarierMask"],"picked":"energizedSpire:CursedPentagram"}],"items_purged_floors":[],"is_endless":false,"potions_floor_spawned":[2,8,10,12,14,19,20,21,25,32],"killed_by":"DF_ARCHETYPE_CLAW","ascension_level":9}}