{"host":"etc34k4ck9qyv0fa","time":1613412268,"event":{"mods":["AchievementEnabler","BaseMod","Colored Map","Colored Powertips","Marisa????????","Minty Spire (QoL Compilation)","Reimu??????","Replay The Spire","StSLib","The Animator","The Servant 0.9.4"],"gold_per_floor":[128,159,185,213,235,247,259,259],"floor_reached":7,"language":"ENG","playtime":321,"items_purged":[],"score":88,"play_id":"0c50b558-6c5b-4506-bbe2-38d143ef093d","local_time":"20210215190428","is_ascension_mode":true,"campfire_choices":[{"floor":6,"key":"REST"}],"circlet_count":0,"master_deck":["AscendersBane","Strike_MRS","Strike_MRS","Strike_MRS","Strike_MRS","Defend_MRS","Defend_MRS","Defend_MRS","Defend_MRS","MasterSpark","UpSweep","MagicAbsorber","GrandCross","GalacticHalo","CasketOfStar","MagicAbsorber"],"relics":["MiniHakkero","MawBank"],"acts_visited":["Exordium"],"potions_floor_usage":[5],"damage_taken":[{"damage":1,"enemies":"Cultist","floor":1,"turns":3},{"damage":6,"enemies":"Jaw Worm","floor":2,"turns":3},{"damage":0,"enemies":"Small Slimes","floor":3,"turns":3},{"damage":32,"enemies":"Exordium Wildlife","floor":4,"turns":7},{"damage":5,"enemies":"Lots of Slimes","floor":5,"turns":6},{"damage":56,"enemies":"Gremlin Nob","floor":7,"turns":4}],"seed_played":"-7200620133626710798","potions_obtained":[{"floor":1,"key":"Elixir"},{"floor":4,"key":"SkillPotion"}],"is_trial":false,"path_per_floor":["M","M","M","M","M","R","E"],"character_chosen":"MARISA","items_purchased":[],"campfire_rested":1,"item_purchase_floors":[],"current_hp_per_floor":[62,56,56,24,19,40,0,0],"gold":259,"neow_bonus":"RANDOM_COMMON_RELIC","is_daily":false,"chose_seed":false,"campfire_upgraded":0,"win_rate":0.0,"timestamp":1613412268,"path_taken":["M","M","?","M","M","R","E"],"items_purchased_type":[],"build_version":"2020-12-22","purchased_purges":0,"victory":false,"max_hp_per_floor":[70,70,70,70,70,70,70,70],"card_choices":[{"not_picked":["PowerUp","MysteriousBeam"],"picked":"MagicAbsorber","floor":1},{"not_picked":["DoubleSpark","IllusionStar"],"picked":"GrandCross","floor":2},{"not_picked":["6A","PowerUp"],"picked":"GalacticHalo","floor":3},{"not_picked":["AsteroidBelt","PropBag"],"picked":"CasketOfStar","floor":4},{"not_picked":["Acceleration","WitchLeyline"],"picked":"MagicAbsorber","floor":5}],"player_experience":494826,"relics_obtained":[],"event_choices":[],"is_beta":false,"boss_relics":[],"items_purged_floors":[],"is_endless":false,"potions_floor_spawned":[1,4],"killed_by":"Gremlin Nob","ascension_level":19}}