{"host":"w4ub8crw9ou4a5am","time":1613350546,"event":{"mods":["2.2 Compatiblity","BaseMod","Challenge The Spire","Colored Powertips","Hermit","Hubris","Jorbs\u0027s Wanderer Trilogy","KinomotoSakuraMod(????)","Koishi","Marisa????????","Minty Spire (QoL Compilation)","Quick Restart","Rare Cards Sparkle","Remilia??????","StSLib","The Administrix","The Animator","The Bug Knight","The Cursed","The Disciple","The Hierophant","The Jungle","The Marked","The Necromancer","The Senshi","The Servant 0.9.4","WarShipGirlsR/????R mod"],"gold_per_floor":[144,189,189,189,189,189,279,324,324,414,459,459,504,549,549,849,849,894,88,288,288,165,165,180,180,230,320,280,325,240,240,240,540,540,585,630,675,675,675,675,675],"floor_reached":40,"language":"ENG","playtime":6319,"items_purged":[],"score":614,"play_id":"b761d6e9-756a-478d-95c7-f247e8e0cf09","local_time":"20210214195546","daily_mods":["Draft","Hoarder","Midas"],"is_ascension_mode":false,"campfire_choices":[{"floor":6,"key":"REST"},{"floor":12,"key":"REST"},{"floor":15,"key":"REST"},{"floor":23,"key":"REST"},{"floor":25,"key":"REST"},{"floor":32,"key":"REST"}],"circlet_count":0,"master_deck":["SurpressingFire","SurpressingFire","SurpressingFire","Potential+1","Potential","Potential","ReturningBlade","ReturningBlade","ReturningBlade","Luminosity","Luminosity","Luminosity","Rearm","Rearm","Rearm","MoonPhase","MoonPhase","MoonPhase","Rewind","Rewind","Rewind","Moonlight","Moonlight","Moonlight","FastForward","FastForward","FastForward","Spin","Spin","Spin","MoonPhase","MoonPhase","MoonPhase","RealityMarble+1","RealityMarble","RealityMarble","BestPractice","BestPractice","BestPractice","TimeWarp","TimeWarp","TimeWarp","ShatteredReality","ShatteredReality","ShatteredReality","Moondial","Moondial","Moondial","SpecialFormula","SpecialFormula","SpecialFormula+1","Advance","Advance","Advance","Ricochet","Ricochet","Ricochet","Read","Read","Read","Rearm","Rearm","Rearm","Alleviate","Alleviate","Alleviate","Collapse","Collapse","Collapse","Dilation","Dilation","Dilation","Unruled","Unruled","Unruled","Bandage Up","Bandage Up","Bandage Up","Apotheosis","Apotheosis","Apotheosis+1","SpecialFormula","SpecialFormula","SpecialFormula","SilverBlades","SilverBlades","SilverBlades","Discovery","Discovery","Discovery","Shuttle","Shuttle","Shuttle","Desolation","Desolation","Desolation","DoubleEdge+1","DoubleEdge+1","DoubleEdge+1","Sunlight","Sunlight","Sunlight","Spin+1","Spin+1","Spin+1","Foresight","Foresight","Foresight","Moonlight+1","Moonlight+1","Moonlight+1"],"relics":["Uniform","hubris:Towel","Bag of Marbles","Toy Ornithopter","Gremlin Horn","Bottled Lightning","hubris:TerracottaHorce","hubris:Metronome","DollysMirror","Juzu Bracelet","MutagenicStrength","hubris:SlimyHat","Blood Vial","InkBottle","hubris:Icosahedron","hubris:VirtuousBlindfold"],"acts_visited":["Exordium","TheCity","TheBeyond"],"potions_floor_usage":[18,24,24,27,35,35,37,40],"damage_taken":[{"damage":11,"enemies":"Jaw Worm","floor":1,"turns":4},{"damage":15,"enemies":"Cultist","floor":2,"turns":4},{"damage":5,"enemies":"HollowMod:MossKnight","floor":7,"turns":8},{"damage":0,"enemies":"2 Louse","floor":8,"turns":2},{"damage":31,"enemies":"Lagavulin","floor":10,"turns":7},{"damage":0,"enemies":"Lots of Slimes","floor":11,"turns":1},{"damage":17,"enemies":"Looter","floor":13,"turns":4},{"damage":0,"enemies":"Large Slime","floor":14,"turns":6},{"damage":27,"enemies":"Slime Boss","floor":16,"turns":7},{"damage":14,"enemies":"Shell Parasite","floor":18,"turns":6},{"damage":54,"enemies":"2 Thieves","floor":24,"turns":4},{"damage":63,"enemies":"Slavers","floor":27,"turns":6},{"damage":29,"enemies":"Centurion and Healer","floor":29,"turns":7},{"damage":48,"enemies":"Champ","floor":33,"turns":12},{"damage":13,"enemies":"3 Darklings","floor":35,"turns":3},{"damage":17,"enemies":"Orb Walker","floor":36,"turns":4},{"damage":63,"enemies":"Writhing Mass","floor":37,"turns":4},{"damage":84,"enemies":"Reptomancer","floor":40,"turns":2}],"seed_played":"-463004689936713651","potions_obtained":[{"floor":1,"key":"GamblersBrew"},{"floor":7,"key":"CultistPotion"},{"floor":8,"key":"Energy Potion"},{"floor":18,"key":"CultistPotion"},{"floor":29,"key":"Explosive Potion"},{"floor":33,"key":"DistilledChaos"},{"floor":36,"key":"Energy Potion"},{"floor":37,"key":"Swift Potion"}],"is_trial":false,"path_per_floor":["M","M","?","?","?","R","E","M","T","E","M","R","M","M","R","B",null,"M","$","?","?","$","R","M","R","T","E","?","M","?","?","R","B",null,"M","M","M","?","?","E"],"character_chosen":"THE_SERVANT","items_purchased":["Bandage Up","Apotheosis","hubris:Metronome","DollysMirror","Juzu Bracelet","SilverBlades","Discovery"],"campfire_rested":6,"item_purchase_floors":[19,19,19,19,19,22,22],"current_hp_per_floor":[54,39,39,32,32,51,65,65,65,47,52,65,58,65,65,48,61,59,59,59,59,59,65,38,57,57,38,38,61,61,61,65,52,62,64,58,25,28,28,0,0],"gold":675,"neow_bonus":"","is_daily":true,"chose_seed":false,"campfire_upgraded":0,"win_rate":0.0,"timestamp":1613350546,"path_taken":["M","M","?","?","?","R","E","M","T","E","M","R","M","M","R","BOSS","M","$","?","?","$","R","M","R","T","E","?","M","?","?","R","BOSS","M","M","M","?","?","E"],"items_purchased_type":["Card","Card","Relic","Relic","Relic","Card","Card"],"build_version":"2020-12-22","purchased_purges":0,"victory":false,"max_hp_per_floor":[65,65,65,65,65,65,65,65,65,65,65,65,65,65,65,65,65,65,65,65,65,65,65,65,65,65,65,65,65,65,65,65,65,65,65,65,65,68,68,68,68],"card_choices":[{"not_picked":["Rearm","BottledTime"],"picked":"SurpressingFire","floor":0},{"not_picked":["MoonPhase","Revamp"],"picked":"Potential","floor":0},{"not_picked":["DoubleEdge","Ricochet"],"picked":"ReturningBlade","floor":0},{"not_picked":["Contraction","BottledTime"],"picked":"Luminosity","floor":0},{"not_picked":["Hightail","Foresight"],"picked":"Rearm","floor":0},{"not_picked":["Luminosity","Defy"],"picked":"MoonPhase","floor":0},{"not_picked":["Starlight","ShatteredReality"],"picked":"Rewind","floor":0},{"not_picked":["Alleviate","Defy"],"picked":"Moonlight","floor":0},{"not_picked":["Rewind","ShatteredReality"],"picked":"FastForward","floor":0},{"not_picked":["Read","TimeWarp"],"picked":"Spin","floor":0},{"not_picked":["Rewind","Starlight"],"picked":"MoonPhase","floor":0},{"not_picked":["ShatteredReality","BottledTime"],"picked":"RealityMarble","floor":0},{"not_picked":["Rewind","Unruled"],"picked":"BestPractice","floor":0},{"not_picked":["BottledTime","Alleviate"],"picked":"TimeWarp","floor":0},{"not_picked":["Replace","Contraction"],"picked":"ShatteredReality","floor":0},{"not_picked":["Defy","Alleviate"],"picked":"Moondial","floor":1},{"not_picked":["FastForward","Rewind"],"picked":"SpecialFormula","floor":2},{"not_picked":["Foresight","Deadline"],"picked":"Advance","floor":7},{"not_picked":["Spin","FastForward"],"picked":"Ricochet","floor":8},{"not_picked":["FastForward","TimeWarp"],"picked":"Read","floor":10},{"not_picked":["DoubleEdge","Moondial"],"picked":"Rearm","floor":11},{"not_picked":["Ricochet","Defy"],"picked":"Alleviate","floor":13},{"not_picked":["Starlight","Foresight"],"picked":"Collapse","floor":14},{"not_picked":["Sunlight","SoulSculpture"],"picked":"Dilation","floor":16},{"not_picked":["ShatteredReality","Read"],"picked":"Unruled","floor":18},{"not_picked":["Manipulate","Starlight"],"picked":"Shuttle","floor":24},{"not_picked":["Alleviate","FastForward+1"],"picked":"Desolation","floor":27},{"not_picked":["Manipulate","TimeWarp+1"],"picked":"DoubleEdge+1","floor":29},{"not_picked":["MurderousAura","Deny"],"picked":"Sunlight","floor":33},{"not_picked":["Deadline+1","GearUp"],"picked":"Spin+1","floor":35},{"not_picked":["Replace","Starlight"],"picked":"Foresight","floor":36},{"not_picked":["Moondial+1","FastForward"],"picked":"Moonlight+1","floor":37}],"player_experience":1720912,"relics_obtained":[{"floor":7,"key":"Toy Ornithopter"},{"floor":9,"key":"Gremlin Horn"},{"floor":10,"key":"Bottled Lightning"},{"floor":26,"key":"hubris:SlimyHat"},{"floor":27,"key":"Blood Vial"}],"event_choices":[{"damage_healed":0,"gold_gain":0,"player_choice":"Success","damage_taken":7,"relics_obtained":["Bag of Marbles"],"max_hp_gain":0,"max_hp_loss":0,"event_name":"Scrap Ooze","floor":4,"gold_loss":0},{"damage_healed":0,"gold_gain":0,"player_choice":"Grow","damage_taken":0,"max_hp_gain":0,"max_hp_loss":0,"event_name":"Living Wall","floor":5,"gold_loss":0,"cards_upgraded":["RealityMarble"]},{"damage_healed":0,"gold_gain":200,"player_choice":"Gold","damage_taken":0,"max_hp_gain":0,"max_hp_loss":0,"event_name":"Wheel of Change","floor":20,"gold_loss":0},{"damage_healed":0,"gold_gain":0,"player_choice":"Inject Mutagens","damage_taken":0,"relics_obtained":["MutagenicStrength"],"max_hp_gain":0,"max_hp_loss":0,"event_name":"Drug Dealer","floor":21,"gold_loss":0},{"damage_healed":0,"gold_gain":0,"player_choice":"Upgraded Two","damage_taken":0,"max_hp_gain":0,"max_hp_loss":0,"event_name":"Designer","floor":28,"gold_loss":40,"cards_upgraded":["Apotheosis","Potential"]},{"damage_healed":0,"gold_gain":0,"player_choice":"Obtained Relic","damage_taken":0,"relics_obtained":["InkBottle"],"max_hp_gain":0,"max_hp_loss":0,"event_name":"Addict","floor":30,"gold_loss":85},{"damage_healed":0,"gold_gain":0,"player_choice":"Upgraded","damage_taken":0,"max_hp_gain":0,"max_hp_loss":0,"event_name":"Upgrade Shrine","floor":39,"gold_loss":0,"cards_upgraded":["SpecialFormula"]}],"is_beta":false,"boss_relics":[{"not_picked":["Ectoplasm","hubris:CrackedHourglass"],"picked":"hubris:TerracottaHorce"},{"not_picked":["hubris:RunicObelisk","SacredBark"],"picked":"hubris:VirtuousBlindfold"}],"items_purged_floors":[],"is_endless":false,"potions_floor_spawned":[1,7,8,13,18,29,33,36,37],"killed_by":"Reptomancer","ascension_level":0}}