{"host":"u8f6oqzdc7r6igag","time":1613424489,"event":{"mods":["BaseMod","Minty Spire (QoL Compilation)","Relic Stats"],"gold_per_floor":[109,121,137,154,172,172,206,206,206,237,257,257,284,459,459,556,556,569,579,579,592,592,592,620,620,674,689,708,740,757,757,757,859,859,874,886,932,401,401,428,478,509,509,541,560,560,587,607,607,607,607,607,12,39,39],"floor_reached":56,"language":"ENG","playtime":2748,"items_purged":["Doubt"],"score":1858,"play_id":"647f41da-bd4b-44e4-9dfc-86367c8b442e","local_time":"20210215152809","is_ascension_mode":true,"campfire_choices":[{"data":"True Grit","floor":6.0,"key":"SMITH"},{"data":"Inflame","floor":8.0,"key":"SMITH"},{"data":"Offering","floor":12.0,"key":"SMITH"},{"data":"Juggernaut","floor":15.0,"key":"SMITH"},{"floor":23.0,"key":"REST"},{"floor":25.0,"key":"REST"},{"floor":32.0,"key":"REST"},{"floor":46.0,"key":"RECALL"},{"floor":49.0,"key":"REST"},{"floor":52.0,"key":"REST"}],"circlet_count":0,"master_deck":["Strike_R+1","Strike_R+1","Strike_R+1","Strike_R+1","Strike_R+1","Defend_R+1","Defend_R+1","Defend_R+1","Defend_R+1","Bash+1","Inflame+1","Shrug It Off+1","Twin Strike+1","True Grit+1","Battle Trance","Offering+1","Iron Wave","Juggernaut+1","Feed+1","Whirlwind+1","Second Wind+1","Reaper","Hemokinesis+1","Whirlwind+1","Juggernaut","Necronomicurse","Reaper","True Grit+1","Seeing Red+1","Blind","Immolate","Immolate","Armaments+1","Poisoned Stab+1"],"relics":["Burning Blood","Bag of Marbles","Centennial Puzzle","Bottled Tornado","Question Card","Darkstone Periapt","Fusion Hammer","Mango","War Paint","Bird Faced Urn","Necronomicon","Sozu","Magic Flower","Calipers","Red Skull","Whetstone","Pocketwatch","Unceasing Top","Bronze Scales","Bottled Lightning","Gambling Chip","Oddly Smooth Stone","PrismaticShard","Lizard Tail"],"acts_visited":["Exordium","TheCity","TheBeyond","TheEnding"],"potions_floor_usage":[55,55],"damage_taken":[{"damage":6.0,"enemies":"2 Louse","floor":1.0,"turns":3.0},{"damage":0.0,"enemies":"Small Slimes","floor":2.0,"turns":3.0},{"damage":1.0,"enemies":"Cultist","floor":3.0,"turns":5.0},{"damage":3.0,"enemies":"3 Louse","floor":4.0,"turns":3.0},{"damage":1.0,"enemies":"Blue Slaver","floor":5.0,"turns":4.0},{"damage":14.0,"enemies":"3 Sentries","floor":7.0,"turns":11.0},{"damage":6.0,"enemies":"Gremlin Nob","floor":10.0,"turns":2.0},{"damage":7.0,"enemies":"2 Fungi Beasts","floor":11.0,"turns":3.0},{"damage":19.0,"enemies":"3 Sentries","floor":13.0,"turns":8.0},{"damage":43.0,"enemies":"Hexaghost","floor":16.0,"turns":10.0},{"damage":10.0,"enemies":"Spheric Guardian","floor":18.0,"turns":4.0},{"damage":6.0,"enemies":"Chosen","floor":19.0,"turns":3.0},{"damage":6.0,"enemies":"Centurion and Healer","floor":21.0,"turns":4.0},{"damage":57.0,"enemies":"Book of Stabbing","floor":24.0,"turns":7.0},{"damage":17.0,"enemies":"Snake Plant","floor":27.0,"turns":4.0},{"damage":39.0,"enemies":"Shelled Parasite and Fungi","floor":28.0,"turns":5.0},{"damage":12.0,"enemies":"Gremlin Leader","floor":29.0,"turns":5.0},{"damage":18.0,"enemies":"3 Cultists","floor":30.0,"turns":3.0},{"damage":62.0,"enemies":"Champ","floor":33.0,"turns":7.0},{"damage":32.0,"enemies":"3 Shapes","floor":35.0,"turns":1.0},{"damage":0.0,"enemies":"3 Darklings","floor":36.0,"turns":2.0},{"damage":28.0,"enemies":"2 Orb Walkers","floor":37.0,"turns":3.0},{"damage":55.0,"enemies":"Giant Head","floor":40.0,"turns":6.0},{"damage":6.0,"enemies":"Mind Bloom Boss Battle","floor":41.0,"turns":4.0},{"damage":6.0,"enemies":"Nemesis","floor":42.0,"turns":3.0},{"damage":19.0,"enemies":"Giant Head","floor":44.0,"turns":4.0},{"damage":22.0,"enemies":"Jaw Worm Horde","floor":45.0,"turns":3.0},{"damage":14.0,"enemies":"Nemesis","floor":47.0,"turns":3.0},{"damage":12.0,"enemies":"Sphere and 2 Shapes","floor":48.0,"turns":3.0},{"damage":83.0,"enemies":"Time Eater","floor":50.0,"turns":5.0},{"damage":82.0,"enemies":"Shield and Spear","floor":54.0,"turns":5.0},{"damage":146,"enemies":"The Heart","floor":55,"turns":8}],"seed_played":"-5515898166085766971","potions_obtained":[{"floor":1.0,"key":"SpeedPotion"},{"floor":4.0,"key":"DistilledChaos"},{"floor":10.0,"key":"DuplicationPotion"},{"floor":13.0,"key":"Ancient Potion"},{"floor":19.0,"key":"Regen Potion"},{"floor":21.0,"key":"ElixirPotion"},{"floor":24.0,"key":"SteroidPotion"},{"floor":28.0,"key":"DuplicationPotion"},{"floor":29.0,"key":"LiquidMemories"},{"floor":30.0,"key":"Weak Potion"}],"is_trial":false,"path_per_floor":["M","M","M","M","M","R","E","R","T","E","M","R","E","?","R","B",null,"M","M","?","M","?","R","E","R","T","M","M","E","M","?","R","B",null,"M","M","?","$","?","E","?","E","T","E","M","R","E","M","R","B",null,"R","$","E","B",null],"character_chosen":"IRONCLAD","items_purchased":["Calipers","Red Skull","Gambling Chip","Oddly Smooth Stone","PrismaticShard"],"campfire_rested":5,"item_purchase_floors":[38,38,53,53,53],"current_hp_per_floor":[72,78,80,80,80,80,72,72,72,72,71,71,58,64,64,27,71,70,73,73,73,73,92,60,91,91,84,58,82,95,85,116,82,108,84,116,96,96,96,80,108,120,120,124,128,128,132,130,132,64,118,136,136,94,94],"gold":39,"neow_bonus":"RANDOM_COMMON_RELIC","is_daily":false,"chose_seed":false,"campfire_upgraded":4,"win_rate":0.0,"timestamp":1613424489,"path_taken":["M","M","M","M","M","R","E","R","T","E","M","R","E","?","R","BOSS","M","M","?","M","?","R","E","R","T","?","M","E","M","?","R","BOSS","M","M","?","$","?","E","?","E","T","E","M","R","E","M","R","BOSS","R","$","E","BOSS"],"items_purchased_type":["Relic","Relic","Relic","Relic","Relic"],"build_version":"2020-12-22","purchased_purges":1,"victory":true,"max_hp_per_floor":[80,80,80,80,80,80,80,80,80,80,80,80,80,86,86,86,86,89,92,92,92,92,92,106,106,106,110,110,110,110,116,116,116,116,116,116,116,116,116,120,120,124,124,124,128,128,132,132,132,136,136,136,136,140,140],"relic_stats":{"Darkstone Periapt":12,"counters":[32,144],"Magic Flower":[113],"Whetstone":["Bash","Twin Strike"],"War Paint":["Second Wind","Shrug It Off"],"Question Card":24,"Burning Blood":178,"Sozu":5,"Centennial Puzzle":[75],"Lizard Tail":105,"Bird Faced Urn":[37],"Bronze Scales":[155],"Gambling Chip":[4],"Necronomicon":[39],"obtain_stats":[{"Darkstone Periapt":13,"Calipers":38,"Magic Flower":37,"Oddly Smooth Stone":53,"Mango":24,"Whetstone":40,"Bottled Tornado":9,"War Paint":26,"Question Card":10,"PrismaticShard":53,"Burning Blood":0,"Sozu":34,"Centennial Puzzle":7,"Lizard Tail":54,"Bird Faced Urn":29,"Bronze Scales":44,"Gambling Chip":53,"Fusion Hammer":17,"Bag of Marbles":0,"Necronomicon":31,"Bottled Lightning":47,"Red Skull":38,"Unceasing Top":42,"Pocketwatch":41},{"Darkstone Periapt":9,"Calipers":22,"Magic Flower":22,"Oddly Smooth Stone":30,"Mango":14,"Whetstone":23,"Bottled Tornado":6,"War Paint":14,"Question Card":7,"PrismaticShard":30,"Burning Blood":0,"Sozu":19,"Centennial Puzzle":6,"Lizard Tail":31,"Bird Faced Urn":17,"Bronze Scales":26,"Gambling Chip":30,"Fusion Hammer":10,"Bag of Marbles":0,"Necronomicon":18,"Bottled Lightning":28,"Red Skull":22,"Unceasing Top":25,"Pocketwatch":24},{"Darkstone Periapt":42,"Calipers":100,"Magic Flower":100,"Oddly Smooth Stone":131,"Mango":70,"Whetstone":106,"Bottled Tornado":29,"War Paint":70,"Question Card":31,"PrismaticShard":131,"Burning Blood":0,"Sozu":94,"Centennial Puzzle":29,"Lizard Tail":136,"Bird Faced Urn":84,"Bronze Scales":117,"Gambling Chip":131,"Fusion Hammer":52,"Bag of Marbles":0,"Necronomicon":87,"Bottled Lightning":123,"Red Skull":100,"Unceasing Top":113,"Pocketwatch":110}],"Unceasing Top":[2],"Pocketwatch":[21]},"card_choices":[{"not_picked":["Cleave","Shrug It Off"],"picked":"Inflame","floor":1.0},{"not_picked":["Body Slam","Flex"],"picked":"Shrug It Off","floor":2.0},{"not_picked":["Ghostly Armor","Perfected Strike"],"picked":"Twin Strike","floor":3.0},{"not_picked":["Sword Boomerang","Clash"],"picked":"True Grit","floor":4.0},{"not_picked":["Warcry","Anger"],"picked":"Battle Trance","floor":5.0},{"not_picked":["Disarm","Hemokinesis"],"picked":"Offering","floor":7.0},{"not_picked":["Dark Embrace","Intimidate","Seeing Red"],"picked":"SKIP","floor":10.0},{"not_picked":["Shrug It Off","Twin Strike","Havoc"],"picked":"Iron Wave","floor":11.0},{"not_picked":["Wild Strike","Pommel Strike","Clothesline"],"picked":"Juggernaut","floor":13.0},{"not_picked":["Limit Break","Brutality","Double Tap"],"picked":"Feed","floor":16.0},{"not_picked":["Dual Wield","Inflame+1","Infernal Blade"],"picked":"Whirlwind+1","floor":18.0},{"not_picked":["Heavy Blade","True Grit","Cleave"],"picked":"Second Wind","floor":19.0},{"not_picked":["Cleave","Ghostly Armor+1","Clash","Armaments"],"picked":"SKIP","floor":21.0},{"not_picked":["Perfected Strike","Ghostly Armor","Uppercut"],"picked":"Reaper","floor":24.0},{"not_picked":["Sentinel","Thunderclap","Blood for Blood"],"picked":"Hemokinesis+1","floor":27.0},{"not_picked":["Headbutt","Anger","Heavy Blade","Combust+1"],"picked":"SKIP","floor":28.0},{"not_picked":["Heavy Blade","Sword Boomerang","Body Slam"],"picked":"Whirlwind+1","floor":29.0},{"not_picked":["Fire Breathing","Headbutt","Disarm"],"picked":"Juggernaut","floor":30.0},{"not_picked":["Corruption","Impervious","Double Tap"],"picked":"Reaper","floor":33.0},{"not_picked":["Warcry+1","Iron Wave","Twin Strike+1"],"picked":"True Grit+1","floor":35.0},{"not_picked":["Wild Strike","Pommel Strike","Dropkick"],"picked":"Seeing Red+1","floor":36.0},{"not_picked":["PanicButton","The Bomb","Swift Strike"],"picked":"Blind","floor":39.0},{"not_picked":["Clothesline+1","Hemokinesis","Reckless Charge"],"picked":"Immolate","floor":40.0},{"not_picked":["Havoc","Feel No Pain+1","Cleave+1","Metallicize+1"],"picked":"SKIP","floor":42.0},{"not_picked":["Combust","Thunderclap+1","Immolate","Barricade"],"picked":"SKIP","floor":44.0},{"not_picked":["Dark Embrace+1","Pommel Strike","Intimidate+1","Rupture+1"],"picked":"SKIP","floor":45.0},{"not_picked":["Whirlwind+1","Armaments","Heavy Blade+1"],"picked":"Immolate","floor":47.0},{"not_picked":["Body Slam+1","Havoc+1","Perfected Strike"],"picked":"Armaments+1","floor":48.0},{"not_picked":["Pommel Strike+1","Armaments","Fire Breathing"],"picked":"Poisoned Stab+1","floor":54.0}],"player_experience":207478,"relics_obtained":[{"floor":7.0,"key":"Centennial Puzzle"},{"floor":9.0,"key":"Bottled Tornado"},{"floor":10.0,"key":"Question Card"},{"floor":13.0,"key":"Darkstone Periapt"},{"floor":24.0,"key":"Mango"},{"floor":26.0,"key":"War Paint"},{"floor":29.0,"key":"Bird Faced Urn"},{"floor":31.0,"key":"Necronomicon"},{"floor":37.0,"key":"Magic Flower"},{"floor":40.0,"key":"Whetstone"},{"floor":41.0,"key":"Pocketwatch"},{"floor":42.0,"key":"Unceasing Top"},{"floor":44.0,"key":"Bronze Scales"},{"floor":47.0,"key":"Bottled Lightning"},{"floor":54.0,"key":"Lizard Tail"}],"event_choices":[{"damage_healed":0.0,"max_hp_gain":0.0,"max_hp_loss":0.0,"gold_gain":175.0,"event_name":"Liars Game","player_choice":"AGREE","floor":14.0,"gold_loss":0.0,"damage_taken":0.0,"cards_obtained":["Doubt"]},{"damage_healed":0.0,"max_hp_gain":0.0,"max_hp_loss":0.0,"gold_gain":0.0,"event_name":"Back to Basics","player_choice":"Simplicity","floor":20.0,"gold_loss":0.0,"damage_taken":0.0,"cards_upgraded":["Strike_R","Strike_R","Strike_R","Strike_R","Strike_R","Defend_R","Defend_R","Defend_R","Defend_R"]},{"damage_healed":0.0,"max_hp_gain":0.0,"max_hp_loss":0.0,"gold_gain":0.0,"event_name":"Upgrade Shrine","player_choice":"Upgraded","floor":22.0,"gold_loss":0.0,"damage_taken":0.0,"cards_upgraded":["Feed"]},{"damage_healed":0.0,"max_hp_gain":0.0,"max_hp_loss":0.0,"gold_gain":0.0,"event_name":"Cursed Tome","player_choice":"Obtained Book","floor":31.0,"gold_loss":0.0,"damage_taken":16.0},{"damage_healed":0.0,"max_hp_gain":0.0,"max_hp_loss":0.0,"gold_gain":0.0,"event_name":"Mysterious Sphere","player_choice":"Fight","floor":37.0,"gold_loss":0.0,"damage_taken":0.0},{"damage_healed":0.0,"max_hp_gain":0.0,"max_hp_loss":0.0,"gold_gain":0.0,"event_name":"SensoryStone","player_choice":"Memory 1","floor":39.0,"gold_loss":0.0,"damage_taken":0.0},{"damage_healed":0.0,"max_hp_gain":0.0,"max_hp_loss":0.0,"gold_gain":0.0,"event_name":"MindBloom","player_choice":"Fight","floor":41.0,"gold_loss":0.0,"damage_taken":0.0}],"is_beta":false,"boss_relics":[{"not_picked":["Velvet Choker","Ectoplasm"],"picked":"Fusion Hammer"},{"not_picked":["Cursed Key","Calling Bell"],"picked":"Sozu"}],"items_purged_floors":[38],"is_endless":false,"potions_floor_spawned":[1,4,10,13,19,21,24,28,29,30,35,40,42,47,48],"ascension_level":8}}