{"host":"swavyr4ofmkhu42f","time":1613367402,"event":{"mods":["BaseMod","Colored Map","Minty Spire (QoL Compilation)","StSLib"],"gold_per_floor":[117,128,147,25,25,55,55,75,147,178,198,216,231,242,242,340,340,351,276,201,201,201,201,201,217,244,244,254,264,293,311,311,410,410,422,433,483,42,42,42,77,88,111,36,51,61,94,104,104,104],"floor_reached":51,"language":"ENG","playtime":2060,"items_purged":["Strike_G","Strike_G"],"score":1222,"play_id":"4f6a883d-b0dc-419f-921e-e40a30229d33","local_time":"20210215003642","is_ascension_mode":true,"campfire_choices":[{"data":"Storm of Steel","floor":7.0,"key":"SMITH"},{"floor":15.0,"key":"REST"},{"data":"Blade Dance","floor":23.0,"key":"SMITH"},{"data":"Cloak And Dagger","floor":27.0,"key":"SMITH"},{"data":"Finisher","floor":32,"key":"SMITH"},{"data":"Endless Agony","floor":40,"key":"SMITH"},{"data":"Backstab","floor":49,"key":"SMITH"}],"circlet_count":0,"master_deck":["Defend_G","Defend_G","Defend_G","Defend_G","Defend_G","Survivor","Neutralize","Blade Dance+1","Cloak And Dagger+1","Finisher+1","Storm of Steel+1","Slice","Backstab+1","Endless Agony+1","Endless Agony","After Image"],"relics":["Ring of the Snake","Dead Branch","Gremlin Horn","PreservedInsect","Busted Crown","MutagenicStrength","Nunchaku","Shuriken","Empty Cage","Unceasing Top","Pear","HornCleat","Ancient Tea Set","Mercury Hourglass"],"acts_visited":["Exordium","TheCity","TheBeyond"],"potions_floor_usage":[33,37,37,41,41,46,46],"damage_taken":[{"damage":11.0,"enemies":"Cultist","floor":1.0,"turns":4.0},{"damage":0.0,"enemies":"Small Slimes","floor":2.0,"turns":2.0},{"damage":8.0,"enemies":"2 Louse","floor":3.0,"turns":4.0},{"damage":37.0,"enemies":"Lagavulin","floor":6.0,"turns":8.0},{"damage":0.0,"enemies":"Large Slime","floor":8.0,"turns":4.0},{"damage":15.0,"enemies":"3 Sentries","floor":10.0,"turns":5.0},{"damage":0.0,"enemies":"Gremlin Gang","floor":11.0,"turns":1.0},{"damage":6.0,"enemies":"Exordium Wildlife","floor":12.0,"turns":3.0},{"damage":3.0,"enemies":"Blue Slaver","floor":13.0,"turns":3.0},{"damage":0.0,"enemies":"Gremlin Gang","floor":14.0,"turns":1.0},{"damage":2.0,"enemies":"The Guardian","floor":16.0,"turns":6.0},{"damage":0.0,"enemies":"3 Byrds","floor":18.0,"turns":2.0},{"damage":0.0,"enemies":"Spheric Guardian","floor":25.0,"turns":1.0},{"damage":0.0,"enemies":"Centurion and Healer","floor":28.0,"turns":1.0},{"damage":9.0,"enemies":"Snake Plant","floor":29.0,"turns":4.0},{"damage":0.0,"enemies":"Slavers","floor":30.0,"turns":3.0},{"damage":0.0,"enemies":"Snecko","floor":31.0,"turns":2.0},{"damage":0,"enemies":"Collector","floor":33,"turns":2},{"damage":0,"enemies":"3 Darklings","floor":35,"turns":1},{"damage":0,"enemies":"Orb Walker","floor":36,"turns":1},{"damage":0,"enemies":"Mind Bloom Boss Battle","floor":37,"turns":5},{"damage":6,"enemies":"Nemesis","floor":41,"turns":3},{"damage":0,"enemies":"Jaw Worm Horde","floor":42,"turns":1},{"damage":0,"enemies":"3 Darklings","floor":45,"turns":1},{"damage":0,"enemies":"Writhing Mass","floor":46,"turns":5},{"damage":0,"enemies":"Reptomancer","floor":47,"turns":1},{"damage":0,"enemies":"Spire Growth","floor":48,"turns":1},{"damage":0,"enemies":"Donu and Deca","floor":50,"turns":1}],"seed_played":"-290063558069474350","potions_obtained":[{"floor":1.0,"key":"Regen Potion"},{"floor":11.0,"key":"Block Potion"},{"floor":13.0,"key":"SteroidPotion"},{"floor":14.0,"key":"SteroidPotion"},{"floor":16.0,"key":"FearPotion"},{"floor":30.0,"key":"ColorlessPotion"},{"floor":33,"key":"PowerPotion"},{"floor":35,"key":"Weak Potion"},{"floor":41,"key":"Weak Potion"},{"floor":47,"key":"GhostInAJar"},{"floor":48,"key":"Block Potion"}],"is_trial":false,"path_per_floor":["M","M","M","$","$","E","R","M","T","E","M","M","M","M","R","B",null,"M","?","$","?","?","R","?","M","T","R","M","M","E","M","R","B",null,"M","M","?","$","?","R","E","M","T","$","M","M","E","M","R","B",null],"character_chosen":"THE_SILENT","items_purchased":["Cloak And Dagger","Finisher","Pear","PowerPotion","AttackPotion","CunningPotion"],"campfire_rested":1,"item_purchase_floors":[4,4,38,38,38,44],"current_hp_per_floor":[59,59,51,51,51,29,29,29,29,14,14,8,5,5,28,26,64,64,64,64,64,77,77,77,77,77,77,77,68,68,68,68,68,75,75,75,75,85,83,83,77,77,77,77,77,77,77,77,77,77],"gold":104,"neow_bonus":"TEN_PERCENT_HP_BONUS","is_daily":false,"chose_seed":false,"campfire_upgraded":6,"win_rate":0.0,"timestamp":1613367402,"path_taken":["M","M","M","?","$","E","R","M","T","E","M","M","M","?","R","BOSS","M","?","$","?","?","R","?","M","T","R","M","M","E","?","R","BOSS","M","M","?","$","?","R","E","M","T","?","M","?","E","M","R","BOSS"],"items_purchased_type":["Card","Card","Relic","Potion","Potion","Potion"],"build_version":"2020-12-22","purchased_purges":2,"victory":true,"max_hp_per_floor":[77,77,77,77,77,77,77,77,77,77,77,77,77,77,77,77,77,77,77,77,77,77,77,77,77,77,77,77,77,77,77,77,77,77,77,77,77,87,83,83,83,83,83,83,83,83,83,83,83,83],"card_choices":[{"not_picked":["Leg Sweep","Masterful Stab"],"picked":"Blade Dance","floor":1.0},{"not_picked":["Prepared","Flying Knee","Outmaneuver"],"picked":"SKIP","floor":2.0},{"not_picked":["Dash","Backflip","Deadly Poison"],"picked":"SKIP","floor":3.0},{"not_picked":["Noxious Fumes","PiercingWail"],"picked":"Storm of Steel","floor":6.0},{"not_picked":["Flying Knee","Underhanded Strike"],"picked":"Slice","floor":8.0},{"not_picked":["Cloak And Dagger","Poisoned Stab"],"picked":"Backstab","floor":10.0},{"not_picked":["Flying Knee","Dagger Spray"],"picked":"Endless Agony","floor":11.0},{"not_picked":["All Out Attack","Deflect","Dagger Spray"],"picked":"SKIP","floor":12.0},{"not_picked":["Outmaneuver","All Out Attack"],"picked":"Endless Agony","floor":13.0},{"not_picked":["Underhanded Strike","Flying Knee","Prepared"],"picked":"SKIP","floor":14.0},{"not_picked":["Die Die Die","Corpse Explosion"],"picked":"After Image","floor":16.0},{"not_picked":["Dodge and Roll"],"picked":"SKIP","floor":18.0},{"not_picked":["Bane+1"],"picked":"SKIP","floor":25.0},{"not_picked":["Sucker Punch+1"],"picked":"SKIP","floor":28.0},{"not_picked":["Deadly Poison"],"picked":"SKIP","floor":29.0},{"not_picked":["Acrobatics"],"picked":"SKIP","floor":30.0},{"not_picked":["Doppelganger"],"picked":"SKIP","floor":31.0},{"not_picked":["Slice"],"picked":"SKIP","floor":35},{"not_picked":["Reflex"],"picked":"SKIP","floor":36},{"not_picked":["Poisoned Stab+1"],"picked":"SKIP","floor":41},{"not_picked":["Poisoned Stab+1"],"picked":"SKIP","floor":42},{"not_picked":["Outmaneuver"],"picked":"SKIP","floor":45},{"not_picked":["Deadly Poison+1"],"picked":"SKIP","floor":46},{"not_picked":["Blade Dance"],"picked":"SKIP","floor":47},{"not_picked":["Deflect+1"],"picked":"SKIP","floor":48}],"player_experience":213235,"relics_obtained":[{"floor":6.0,"key":"Dead Branch"},{"floor":9.0,"key":"Gremlin Horn"},{"floor":10.0,"key":"PreservedInsect"},{"floor":26.0,"key":"Nunchaku"},{"floor":30.0,"key":"Shuriken"},{"floor":37,"key":"Unceasing Top"},{"floor":41,"key":"HornCleat"},{"floor":43,"key":"Ancient Tea Set"},{"floor":47,"key":"Mercury Hourglass"}],"event_choices":[{"cards_removed":["Strike_G"],"damage_healed":0.0,"max_hp_gain":0.0,"max_hp_loss":0.0,"gold_gain":0.0,"event_name":"Beggar","player_choice":"Gave Gold","floor":19.0,"gold_loss":75.0,"damage_taken":0.0},{"damage_healed":0.0,"max_hp_gain":0.0,"max_hp_loss":0.0,"gold_gain":0.0,"event_name":"Drug Dealer","player_choice":"Inject Mutagens","floor":21.0,"gold_loss":0.0,"damage_taken":0.0,"relics_obtained":["MutagenicStrength"]},{"damage_healed":25.0,"max_hp_gain":0.0,"max_hp_loss":0.0,"gold_gain":0.0,"event_name":"The Library","player_choice":"Heal","floor":22.0,"gold_loss":0.0,"damage_taken":0.0},{"damage_healed":0.0,"max_hp_gain":0.0,"max_hp_loss":0.0,"gold_gain":0.0,"event_name":"Transmorgrifier","player_choice":"Ignored","floor":24.0,"gold_loss":0.0,"damage_taken":0.0},{"damage_healed":0,"gold_gain":0,"player_choice":"Fight","damage_taken":0,"max_hp_gain":0,"max_hp_loss":0,"event_name":"MindBloom","floor":37,"gold_loss":0},{"damage_healed":0,"gold_gain":0,"player_choice":"Max HP","damage_taken":0,"max_hp_gain":0,"max_hp_loss":4,"event_name":"Winding Halls","floor":39,"gold_loss":0}],"is_beta":false,"boss_relics":[{"not_picked":["SacredBark","SlaversCollar"],"picked":"Busted Crown"},{"not_picked":["Philosopher\u0027s Stone","Snecko Eye"],"picked":"Empty Cage"}],"items_purged_floors":[20,38],"is_endless":false,"potions_floor_spawned":[1,11,13,14,16,30,33,35,41,47,48],"ascension_level":7}}