{"host":"q393yg6r5o2yq652","time":1613349809,"event":{"mods":["BaseMod","Colored Map","Minty Spire (QoL Compilation)","Permanent Neow","Relic Stats","everything is the same but u backflip on backflip"],"gold_per_floor":[114,132,12,32,32,65,77,65,90,101,116,146,146,146,146,250,295,306,206,131,131,154,154,185,211,258,280,8,8,8],"floor_reached":29,"language":"ENG","playtime":991,"items_purged":["Strike_R","Dark Embrace","Perfected Strike"],"score":334,"play_id":"0ab26b03-7edb-4088-823a-9ce54e7e3a64","local_time":"20210214194329","is_ascension_mode":true,"campfire_choices":[{"data":"Heavy Blade","floor":7.0,"key":"SMITH"},{"floor":13.0,"key":"REST"},{"data":"Flex","floor":15.0,"key":"SMITH"},{"data":"Flex","floor":23.0,"key":"SMITH"}],"circlet_count":0,"master_deck":["Bash+1","Inflame","Spot Weakness","Heavy Blade+1","Power Through","Flex+1","Flex+1","Limit Break","Dropkick","Ghostly Armor","Spot Weakness","Sword Boomerang+1","Sword Boomerang+1"],"relics":["Burning Blood","MawBank","Regal Pillow","Pocketwatch","CeramicFish","Pandora\u0027s Box","Pantograph","PreservedInsect","Whetstone"],"acts_visited":["Exordium","TheCity"],"potions_floor_usage":[29,29],"damage_taken":[{"damage":1.0,"enemies":"Cultist","floor":1.0,"turns":3.0},{"damage":7.0,"enemies":"2 Louse","floor":2.0,"turns":3.0},{"damage":12.0,"enemies":"Jaw Worm","floor":4.0,"turns":2.0},{"damage":16.0,"enemies":"Gremlin Nob","floor":6.0,"turns":3.0},{"damage":30.0,"enemies":"Lots of Slimes","floor":10.0,"turns":4.0},{"damage":16.0,"enemies":"Blue Slaver","floor":11.0,"turns":3.0},{"damage":15.0,"enemies":"3 Sentries","floor":12.0,"turns":5.0},{"damage":24.0,"enemies":"Hexaghost","floor":16.0,"turns":5.0},{"damage":12.0,"enemies":"2 Thieves","floor":18.0,"turns":4.0},{"damage":15.0,"enemies":"Spheric Guardian","floor":22.0,"turns":4.0},{"damage":49.0,"enemies":"Slavers","floor":24.0,"turns":5.0},{"damage":2.0,"enemies":"Chosen and Byrds","floor":25.0,"turns":3.0},{"damage":9.0,"enemies":"Centurion and Healer","floor":27.0,"turns":3.0},{"damage":15,"enemies":"Shelled Parasite and Fungi","floor":29,"turns":3}],"seed_played":"3049400321135159786","potions_obtained":[{"floor":1.0,"key":"Weak Potion"},{"floor":2.0,"key":"FearPotion"},{"floor":10.0,"key":"LiquidMemories"},{"floor":25.0,"key":"HeartOfIron"},{"floor":27.0,"key":"SneckoOil"}],"is_trial":false,"path_per_floor":["M","M","$","M","?","E","R","$","T","M","M","E","R","?","R","B",null,"M","$","?","?","M","R","E","M","T","M","$","M"],"character_chosen":"IRONCLAD","items_purchased":["Heavy Blade","Flex","Whetstone"],"campfire_rested":1,"item_purchase_floors":[3,8,28],"current_hp_per_floor":[72,71,71,65,65,55,55,55,55,31,21,12,48,30,30,12,72,66,66,66,66,57,57,14,18,18,15,15,0,0],"gold":8,"neow_bonus":"REMOVE_TWO","is_daily":false,"chose_seed":false,"campfire_upgraded":3,"win_rate":0.0,"timestamp":1613349809,"path_taken":["M","?","$","?","?","E","R","?","T","?","M","E","R","?","R","BOSS","M","$","?","?","M","R","E","M","T","M","$","M"],"items_purchased_type":["Card","Card","Relic"],"build_version":"2020-12-22","purchased_purges":3,"victory":false,"max_hp_per_floor":[72,72,72,72,72,72,72,72,72,72,72,72,72,72,72,72,72,72,72,72,72,72,72,72,72,72,72,72,72,72],"relic_stats":{"Regal Pillow":15,"counters":[14,50],"CeramicFish":81,"Pantograph":0,"Pandora\u0027s Box":["Perfected Strike","Dropkick","Flame Barrier","Dark Embrace","Ghostly Armor"],"PreservedInsect":0,"Whetstone":["Bash","Sword Boomerang"],"MawBank":24,"obtain_stats":[{"Regal Pillow":9,"CeramicFish":14,"Pantograph":24,"Pandora\u0027s Box":17,"PreservedInsect":26,"Whetstone":28,"MawBank":6,"Burning Blood":0,"Pocketwatch":12},{"Regal Pillow":4,"CeramicFish":7,"Pantograph":11,"Pandora\u0027s Box":8,"PreservedInsect":12,"Whetstone":13,"MawBank":4,"Burning Blood":0,"Pocketwatch":7},{"Regal Pillow":11,"CeramicFish":23,"Pantograph":41,"Pandora\u0027s Box":28,"PreservedInsect":44,"Whetstone":47,"MawBank":11,"Burning Blood":0,"Pocketwatch":23}],"Burning Blood":73,"Pocketwatch":[36]},"card_choices":[{"not_picked":["Dual Wield","Twin Strike"],"picked":"Inflame","floor":1.0},{"not_picked":["Body Slam","Inflame"],"picked":"Spot Weakness","floor":2.0},{"not_picked":["Cleave","Power Through","Ghostly Armor"],"picked":"SKIP","floor":4.0},{"not_picked":["Cleave","Ghostly Armor"],"picked":"Power Through","floor":4.0},{"not_picked":["Rupture","Shrug It Off","Armaments"],"picked":"SKIP","floor":6.0},{"not_picked":["Demon Form","Infernal Blade","Shockwave"],"picked":"SKIP","floor":10.0},{"not_picked":["Iron Wave","Pommel Strike","Warcry"],"picked":"SKIP","floor":11.0},{"not_picked":["Disarm","Twin Strike"],"picked":"Flex","floor":12.0},{"not_picked":["Corruption","Reaper"],"picked":"Limit Break","floor":16.0},{"not_picked":["Iron Wave+1","Intimidate+1","Headbutt"],"picked":"SKIP","floor":18.0},{"not_picked":["Clash","Shrug It Off"],"picked":"Spot Weakness","floor":22.0},{"not_picked":["Thunderclap","Disarm","Pommel Strike"],"picked":"SKIP","floor":24.0},{"not_picked":["Second Wind","Disarm"],"picked":"Sword Boomerang+1","floor":25.0},{"not_picked":["Rampage+1","Bloodletting"],"picked":"Sword Boomerang","floor":27.0}],"player_experience":325898,"relics_obtained":[{"floor":6.0,"key":"MawBank"},{"floor":9.0,"key":"Regal Pillow"},{"floor":12.0,"key":"Pocketwatch"},{"floor":24.0,"key":"Pantograph"},{"floor":26.0,"key":"PreservedInsect"}],"event_choices":[{"cards_removed":["Defend_R"],"damage_healed":0.0,"max_hp_gain":0.0,"max_hp_loss":0.0,"gold_gain":0.0,"event_name":"Living Wall","player_choice":"Forget","floor":5.0,"gold_loss":0.0,"damage_taken":0.0},{"damage_healed":0.0,"max_hp_gain":0.0,"max_hp_loss":0.0,"gold_gain":0.0,"event_name":"Scrap Ooze","player_choice":"Success","floor":14.0,"gold_loss":0.0,"damage_taken":18.0,"relics_obtained":["CeramicFish"]},{"cards_removed":["Flame Barrier"],"damage_healed":0.0,"max_hp_gain":0.0,"max_hp_loss":0.0,"gold_gain":0.0,"event_name":"Beggar","player_choice":"Gave Gold","floor":20.0,"gold_loss":75.0,"damage_taken":0.0},{"damage_healed":0.0,"max_hp_gain":0.0,"max_hp_loss":0.0,"gold_gain":0.0,"event_name":"Ghosts","player_choice":"Ignored","floor":21.0,"gold_loss":0.0,"damage_taken":0.0}],"is_beta":false,"boss_relics":[{"not_picked":["Snecko Eye","Tiny House"],"picked":"Pandora\u0027s Box"}],"items_purged_floors":[3,19,28],"is_endless":false,"potions_floor_spawned":[1,2,10,11,25,27],"killed_by":"Shelled Parasite and Fungi","ascension_level":4}}