{"host":"z42sc0n2dozsmk72","time":1613401996,"event":{"mods":["AchievementEnabler","BaseMod","Better Third Choice","Colored Map","Curses Come First","Highlight Path","Minty Spire (QoL Compilation)","Permanent Neow","Quick Restart","Relic Stats","Shop Mod","StSLib","egg","slay the spire mod where everything is the same but ironclad has a cowboy hat"],"gold_per_floor":[109,121,131,141,108,108,143,155,233,233,250,279,279,292,292,387,387,387,387,387,387,312,312,312,312,312,312,15,15,15,15,15,15,15,15,15,15,15,15,15,15,15,15,15,15,15,15,15,15,15,15,15,15,15,15],"floor_reached":56,"language":"ENG","playtime":5131,"items_purged":[],"score":1340,"play_id":"c7f3cdd2-7096-4a2f-b9d4-2498d0e91259","local_time":"20210216041316","is_ascension_mode":true,"campfire_choices":[{"data":"Wallop","floor":6.0,"key":"SMITH"},{"floor":13.0,"key":"REST"},{"data":"Conclude","floor":15.0,"key":"SMITH"},{"data":"TalkToTheHand","floor":23.0,"key":"SMITH"},{"data":"FlurryOfBlows","floor":25.0,"key":"SMITH"},{"data":"TalkToTheHand","floor":30.0,"key":"SMITH"},{"floor":32.0,"key":"DIG"},{"data":"Wish","floor":40,"key":"SMITH"},{"data":"ConjureBlade","floor":42,"key":"SMITH"},{"floor":49,"key":"RECALL"},{"floor":52,"key":"DIG"}],"circlet_count":0,"master_deck":["Defend_P","Defend_P","Eruption","Vigilance","Wallop+1","BowlingBash","Conclude+1","EmptyBody","Omniscience","TalkToTheHand+1","Bite","Bite","Bite","Bite","Bite","EmptyBody","DeceiveReality+1","FlurryOfBlows+1","TalkToTheHand+1","JustLucky","EmptyBody+1","ConjureBlade+1","MentalFortress+1","Halt+1","Wish+1","WaveOfTheHand+1","FearNoEvil","Consecrate+1","Consecrate+1","Collect+1","Crescendo+1"],"relics":["Empty Cage","betterThird:SlimedRelic","Sundial","Gremlin Horn","Shovel","StoneCalendar","Ectoplasm","Oddly Smooth Stone","Mercury Hourglass","Torii","Damaru","Runic Pyramid","The Courier","GoldenEye","Lizard Tail","Ornamental Fan","Orichalcum"],"acts_visited":["Exordium","TheCity","TheBeyond","TheEnding"],"potions_floor_usage":[39,48,54,55,55,55],"damage_taken":[{"damage":3.0,"enemies":"2 Louse","floor":1.0,"turns":2.0},{"damage":2.0,"enemies":"Jaw Worm","floor":2.0,"turns":3.0},{"damage":0.0,"enemies":"Cultist","floor":3.0,"turns":3.0},{"damage":8.0,"enemies":"Looter","floor":4.0,"turns":4.0},{"damage":16.0,"enemies":"Gremlin Nob","floor":7.0,"turns":4.0},{"damage":7.0,"enemies":"Large Slime","floor":8.0,"turns":7.0},{"damage":4.0,"enemies":"Blue Slaver","floor":11.0,"turns":4.0},{"damage":16.0,"enemies":"Lagavulin","floor":12.0,"turns":5.0},{"damage":0.0,"enemies":"Exordium Wildlife","floor":14.0,"turns":2.0},{"damage":0.0,"enemies":"Slime Boss","floor":16.0,"turns":6.0},{"damage":13.0,"enemies":"Chosen","floor":18.0,"turns":7.0},{"damage":22.0,"enemies":"Shell Parasite","floor":20.0,"turns":5.0},{"damage":41.0,"enemies":"Shelled Parasite and Fungi","floor":21.0,"turns":7.0},{"damage":1.0,"enemies":"Book of Stabbing","floor":24.0,"turns":7.0},{"damage":15.0,"enemies":"Snake Plant","floor":27.0,"turns":4.0},{"damage":2.0,"enemies":"Centurion and Healer","floor":29.0,"turns":7.0},{"damage":0.0,"enemies":"Snecko","floor":31.0,"turns":4.0},{"damage":19.0,"enemies":"Automaton","floor":33.0,"turns":12.0},{"damage":1.0,"enemies":"3 Shapes","floor":35.0,"turns":2.0},{"damage":0,"enemies":"3 Darklings","floor":36,"turns":5},{"damage":12,"enemies":"Sphere and 2 Shapes","floor":38,"turns":5},{"damage":1,"enemies":"Transient","floor":39,"turns":5},{"damage":21,"enemies":"Reptomancer","floor":41,"turns":6},{"damage":16,"enemies":"Jaw Worm Horde","floor":44,"turns":4},{"damage":1,"enemies":"Nemesis","floor":45,"turns":7},{"damage":10,"enemies":"Spire Growth","floor":47,"turns":7},{"damage":0,"enemies":"2 Orb Walkers","floor":48,"turns":5},{"damage":12,"enemies":"Donu and Deca","floor":50,"turns":10},{"damage":47,"enemies":"Shield and Spear","floor":54,"turns":8},{"damage":69,"enemies":"The Heart","floor":55,"turns":17}],"seed_played":"7248890117175025501","potions_obtained":[{"floor":1.0,"key":"FearPotion"},{"floor":7.0,"key":"Fire Potion"},{"floor":8.0,"key":"Dexterity Potion"},{"floor":18.0,"key":"LiquidBronze"},{"floor":20.0,"key":"Regen Potion"},{"floor":24.0,"key":"Explosive Potion"},{"floor":33.0,"key":"AttackPotion"},{"floor":36,"key":"FearPotion"},{"floor":47,"key":"AttackPotion"},{"floor":48,"key":"Explosive Potion"},{"floor":54,"key":"Fire Potion"}],"is_trial":false,"path_per_floor":["M","M","M","M","?","R","E","M","T","T","M","E","R","M","R","B",null,"M","?","M","M","?","R","E","R","T","M","$","M","R","M","R","B",null,"M","M","?","M","M","R","E","R","T","M","E","$","M","?","R","B",null,"R","$","E","B",null],"character_chosen":"WATCHER","items_purchased":["Torii"],"campfire_rested":1,"item_purchase_floors":[28],"current_hp_per_floor":[69,67,67,59,48,48,32,25,25,25,21,5,26,26,26,26,72,59,50,34,23,23,23,38,38,38,33,33,45,45,50,50,48,50,50,50,50,40,47,47,33,33,33,27,34,34,32,38,38,40,50,50,50,19,16],"gold":15,"neow_bonus":"BOSS_RELIC","is_daily":false,"chose_seed":false,"campfire_upgraded":7,"win_rate":0.0,"timestamp":1613401996,"path_taken":["M","M","M","M","?","R","E","M","T","?","M","E","R","M","R","BOSS","M","?","M","M","?","R","E","R","T","?","$","M","R","M","R","BOSS","M","M","?","M","M","R","E","R","T","M","E","?","M","?","R","BOSS","R","$","E","BOSS"],"items_purchased_type":["Relic"],"build_version":"2020-12-22","purchased_purges":0,"victory":true,"max_hp_per_floor":[72,72,72,72,72,72,72,72,72,72,72,72,72,72,72,72,72,72,50,50,50,50,50,50,50,50,50,50,50,50,50,50,50,50,50,50,50,50,50,50,50,50,50,50,50,50,50,50,50,50,50,50,50,50,50],"relic_stats":{"Gremlin Horn":[22,22],"Torii":42,"counters":[30,174],"StoneCalendar":[283],"Orichalcum":[6],"GoldenEye":[16],"Mercury Hourglass":[386],"Lizard Tail":25,"Shovel":2,"Sundial":[18],"Ornamental Fan":[64],"Ectoplasm":451,"obtain_stats":[{"Gremlin Horn":9,"Torii":28,"Oddly Smooth Stone":24,"Damaru":32,"StoneCalendar":12,"The Courier":41,"Orichalcum":54,"Empty Cage":0,"GoldenEye":45,"Mercury Hourglass":26,"Lizard Tail":48,"Shovel":10,"Sundial":7,"Ornamental Fan":52,"betterThird:SlimedRelic":5,"Ectoplasm":17,"PureWater":0,"Runic Pyramid":34},{"Gremlin Horn":6,"Torii":15,"Oddly Smooth Stone":14,"Damaru":17,"StoneCalendar":8,"The Courier":23,"Orichalcum":29,"Empty Cage":0,"GoldenEye":25,"Mercury Hourglass":14,"Lizard Tail":27,"Shovel":6,"Sundial":5,"Ornamental Fan":28,"betterThird:SlimedRelic":4,"Ectoplasm":10,"PureWater":0,"Runic Pyramid":18},{"Gremlin Horn":23,"Torii":70,"Oddly Smooth Stone":66,"Damaru":81,"StoneCalendar":32,"The Courier":116,"Orichalcum":157,"Empty Cage":0,"GoldenEye":127,"Mercury Hourglass":66,"Lizard Tail":139,"Shovel":23,"Sundial":16,"Ornamental Fan":149,"betterThird:SlimedRelic":12,"Ectoplasm":40,"PureWater":0,"Runic Pyramid":93}]},"card_choices":[{"not_picked":["Meditate","Consecrate"],"picked":"Wallop","floor":1.0},{"not_picked":["Prostrate","EmptyBody","CrushJoints"],"picked":"SKIP","floor":2.0},{"not_picked":["EmptyFist","Meditate"],"picked":"BowlingBash","floor":3.0},{"not_picked":["ClearTheMind","Establishment"],"picked":"Conclude","floor":4.0},{"not_picked":["SandsOfTime","JustLucky","Swivel"],"picked":"SKIP","floor":7.0},{"not_picked":["Consecrate","EmptyFist","SignatureMove"],"picked":"SKIP","floor":8.0},{"not_picked":["Swivel","WaveOfTheHand"],"picked":"EmptyBody","floor":11.0},{"not_picked":["SignatureMove","SashWhip","CrushJoints"],"picked":"SKIP","floor":12.0},{"not_picked":["PathToVictory","Crescendo","ReachHeaven"],"picked":"SKIP","floor":14.0},{"not_picked":["Ragnarok","Establishment"],"picked":"Omniscience","floor":16.0},{"not_picked":["FlyingSleeves","PathToVictory"],"picked":"TalkToTheHand","floor":18.0},{"not_picked":["Consecrate","Worship"],"picked":"EmptyBody","floor":20.0},{"not_picked":["FlurryOfBlows+1","BowlingBash+1"],"picked":"DeceiveReality+1","floor":21.0},{"not_picked":["CrushJoints","EmptyMind"],"picked":"FlurryOfBlows","floor":24.0},{"not_picked":["BowlingBash","JustLucky+1"],"picked":"TalkToTheHand","floor":27.0},{"not_picked":["WindmillStrike","Pray+1"],"picked":"JustLucky","floor":29.0},{"not_picked":["Fasting2","DeceiveReality"],"picked":"EmptyBody+1","floor":31.0},{"not_picked":["Omniscience","Scrawl"],"picked":"ConjureBlade","floor":33.0},{"not_picked":["SandsOfTime","Crescendo"],"picked":"MentalFortress+1","floor":35.0},{"not_picked":["ForeignInfluence","EmptyFist"],"picked":"Halt+1","floor":36},{"not_picked":["CrushJoints+1","BowlingBash+1"],"picked":"WaveOfTheHand+1","floor":38},{"not_picked":["BowlingBash+1","CrushJoints"],"picked":"FearNoEvil","floor":39},{"not_picked":["FollowUp","ClearTheMind+1"],"picked":"Consecrate+1","floor":41},{"not_picked":["LikeWater","LessonLearned"],"picked":"Consecrate+1","floor":44},{"not_picked":["WreathOfFlame+1","EmptyFist+1","CrushJoints"],"picked":"SKIP","floor":45},{"not_picked":["CrushJoints+1","Consecrate"],"picked":"Collect+1","floor":47},{"not_picked":["Indignation+1","Consecrate"],"picked":"Crescendo+1","floor":54}],"player_experience":957597,"relics_obtained":[{"floor":7.0,"key":"Sundial"},{"floor":9.0,"key":"Gremlin Horn"},{"floor":10.0,"key":"Shovel"},{"floor":12.0,"key":"StoneCalendar"},{"floor":24.0,"key":"Oddly Smooth Stone"},{"floor":26.0,"key":"Mercury Hourglass"},{"floor":32.0,"key":"Damaru"},{"floor":41,"key":"The Courier"},{"floor":45,"key":"GoldenEye"},{"floor":48,"key":"Lizard Tail"},{"floor":52,"key":"Ornamental Fan"},{"floor":54,"key":"Orichalcum"}],"event_choices":[{"damage_healed":0.0,"max_hp_gain":0.0,"max_hp_loss":0.0,"gold_gain":0.0,"event_name":"betterThird:BetterGoop","player_choice":"Slimed","floor":5.0,"gold_loss":33.0,"damage_taken":11.0},{"damage_healed":0.0,"max_hp_gain":0.0,"max_hp_loss":22.0,"gold_gain":0.0,"event_name":"Vampires","player_choice":"Became a vampire","floor":19.0,"gold_loss":0.0,"damage_taken":0.0,"cards_obtained":["Bite","Bite","Bite","Bite","Bite"]},{"cards_removed":["Defend_P"],"damage_healed":0.0,"max_hp_gain":0.0,"max_hp_loss":0.0,"gold_gain":0.0,"event_name":"Beggar","player_choice":"Gave Gold","floor":22.0,"gold_loss":75.0,"damage_taken":0.0},{"damage_healed":0,"gold_gain":0,"player_choice":"1 cards matched","damage_taken":0,"max_hp_gain":0,"max_hp_loss":0,"event_name":"Match and Keep!","floor":37,"gold_loss":0,"cards_obtained":["Wish"]},{"damage_healed":0,"gold_gain":0,"player_choice":"Fight","damage_taken":0,"max_hp_gain":0,"max_hp_loss":0,"event_name":"Mysterious Sphere","floor":48,"gold_loss":0}],"is_beta":false,"boss_relics":[{"not_picked":["Busted Crown","Pandora\u0027s Box"],"picked":"Ectoplasm"},{"not_picked":["Black Star","Sozu"],"picked":"Runic Pyramid"}],"items_purged_floors":[],"is_endless":false,"potions_floor_spawned":[1,7,8,18,20,24,33,36,38,47,48,54],"ascension_level":2}}