{"host":"Sylvester","time":1613370601,"event":{"mods":["AchievementEnabler","BaseMod","Filter the Spire","Lobotomy","Minty Spire (QoL Compilation)","Replay The Spire","StSLib"],"gold_per_floor":[115,115,190,155,175,175,200,200,200,223,260,272,284,296,337,349,462,474,501,526,637,649,675,719,755,767,779,838,850,290,290,327,327,461,461,484,484,89,115,143,191,191,231,277,334,334,404,46,78,78,78,98],"floor_reached":53,"language":"ENG","playtime":2216,"items_purged":["DisciplinaryCode"],"score":1632,"play_id":"ebba0ef7-f2a2-479c-90b2-083536f00f25","local_time":"20210214223001","is_ascension_mode":true,"campfire_choices":[{"floor":46,"key":"RECALL"},{"floor":51,"key":"REST"}],"circlet_count":0,"master_deck":["SpecialBullet","SpecialBullet","SpecialBullet","SpecialBullet","SpecialBullet","TrainingCode","SolemnVow","Harvest","ScreamingWedge","Justitia","Ghostly","Ghostly","Ghostly","Ghostly","Ghostly","Hornet","Hypocrisy","Mimicry","Pleasure+1","LifeForTheDareDevil+1","SpecialBullet","WelfareCode"],"relics":["Fusion Hammer","Bag of Marbles","Replay:Accelerometer","MawBank","Omamori","Boot","Calling Bell","ReplayTheSpireMod:TigerMarble","Blue Candle","Replay:Towering Pillar of Hats","Replay:Bandana","Art of War","Pet Ghost","HornCleat","Potion Belt","Philosopher\u0027s Stone","Anchor","Garlic","Replay:Ringing Soul","Thread and Needle","Strawberry","Question Card","Calipers","Vajra","Strange Spoon"],"acts_visited":["Exordium","TheCity","TheBeyond"],"potions_floor_usage":[24,53,53],"damage_taken":[{"damage":0,"enemies":"Small Slimes","floor":1,"turns":2},{"damage":6,"enemies":"2 Louse","floor":5,"turns":2},{"damage":0,"enemies":"3 Sentries","floor":7,"turns":7},{"damage":0,"enemies":"Lagavulin","floor":11,"turns":5},{"damage":0,"enemies":"Gremlin Nob","floor":15,"turns":2},{"damage":0,"enemies":"Slime Boss","floor":17,"turns":6},{"damage":3,"enemies":"Shell Parasite","floor":19,"turns":2},{"damage":11,"enemies":"Spheric Guardian","floor":20,"turns":3},{"damage":2,"enemies":"Centurion and Healer","floor":23,"turns":2},{"damage":3,"enemies":"Replay:Snechameleon","floor":24,"turns":6},{"damage":0,"enemies":"Snecko","floor":25,"turns":2},{"damage":0,"enemies":"Gremlin Leader","floor":28,"turns":2},{"damage":2,"enemies":"Book of Stabbing","floor":32,"turns":2},{"damage":0,"enemies":"Automaton","floor":34,"turns":6},{"damage":0,"enemies":"Orb Walker","floor":36,"turns":1},{"damage":0,"enemies":"3 Shapes","floor":39,"turns":1},{"damage":0,"enemies":"Writhing Mass","floor":40,"turns":2},{"damage":0,"enemies":"R_Hoarder","floor":41,"turns":3},{"damage":0,"enemies":"Reptomancer","floor":43,"turns":1},{"damage":0,"enemies":"Giant Head","floor":45,"turns":5},{"damage":0,"enemies":"Mind Bloom Boss Battle","floor":47,"turns":2},{"damage":0,"enemies":"3 Darklings","floor":49,"turns":2},{"damage":0,"enemies":"Time Eater","floor":52,"turns":2},{"damage":0,"enemies":"Malkuth","floor":53,"turns":3},{"damage":0,"enemies":"Netzach","floor":53,"turns":5}],"seed_played":"-254885785130991069","potions_obtained":[{"floor":5,"key":"FearPotion"},{"floor":11,"key":"Weak Potion"},{"floor":19,"key":"LifebloodPotion"},{"floor":28,"key":"Languid Potion"},{"floor":32,"key":"FearPotion"},{"floor":39,"key":"Adrenaline Potion"},{"floor":45,"key":"Adrenaline Potion"}],"is_trial":false,"path_per_floor":["M","?","?","?","M","R","E","R","T","T","E","?","R","$","E","R","B",null,"M","M","?","?","M","E","M","R","T","E","R","$","R","E","R","B",null,"M","?","$","M","M","E","R","E","T","E","R","?","$","M","R","R","B",null],"character_chosen":"Angela","items_purchased":["Pet Ghost","HornCleat","Hypocrisy","Anchor","Garlic","LifeForTheDareDevil+1","Vajra","Strange Spoon"],"campfire_rested":1,"item_purchase_floors":[30,30,30,38,38,48,48,48],"current_hp_per_floor":[63,63,52,69,63,63,63,63,63,63,63,63,63,63,63,63,63,68,65,54,54,35,33,30,30,30,30,30,30,30,30,28,28,28,33,33,33,33,33,33,33,33,33,40,40,40,43,46,49,52,54,54],"gold":212,"neow_bonus":"BOSS_RELIC","is_daily":false,"chose_seed":false,"campfire_upgraded":0,"win_rate":0.0,"timestamp":1613370601,"path_taken":["M","?","?","?","M","R","E","R","T","T","E","?","R","$","E","R","BOSS","M","M","?","?","M","E","M","R","T","E","R","$","R","E","R","BOSS","M","?","$","M","?","E","R","E","T","E","R","?","$","M","R","R","BOSS"],"items_purchased_type":["Relic","Relic","Card","Relic","Relic","Card","Relic","Relic"],"build_version":"2020-11-17","purchased_purges":1,"victory":true,"max_hp_per_floor":[70,70,70,70,70,70,70,70,70,70,70,70,70,70,70,70,70,70,70,70,70,35,35,35,35,35,35,35,35,35,35,35,35,35,35,35,35,35,35,35,35,35,35,42,42,42,45,48,51,54,54,54],"card_choices":[{"not_picked":["Tough"],"picked":"SolemnVow","floor":1},{"not_picked":["Horn"],"picked":"Harvest","floor":5},{"not_picked":["SoundOfStar","RapturousDream"],"picked":"SKIP","floor":7},{"not_picked":["Tough","Gaze"],"picked":"SKIP","floor":11},{"not_picked":["Lamp","CherryBlossom"],"picked":"SKIP","floor":15},{"not_picked":["Pinks"],"picked":"Justitia","floor":17},{"not_picked":["SolemnVow","Wingbeat+1"],"picked":"SKIP","floor":19},{"not_picked":["Heaven","Tough"],"picked":"SKIP","floor":20},{"not_picked":["CherryBlossom","Diffraction"],"picked":"SKIP","floor":23},{"not_picked":["TheSmile"],"picked":"Hornet","floor":24},{"not_picked":["Heaven","Diffraction"],"picked":"SKIP","floor":25},{"not_picked":["TodaysExpression","Penitence"],"picked":"SKIP","floor":28},{"not_picked":["CUTE","Soda"],"picked":"SKIP","floor":32},{"not_picked":["DaCapo"],"picked":"Mimicry","floor":34},{"not_picked":["Penitence+1","Hornet+1"],"picked":"SKIP","floor":36},{"not_picked":["Diffraction","Loneliness+1"],"picked":"SKIP","floor":39},{"not_picked":["Soda+1","TodaysExpression"],"picked":"SKIP","floor":40},{"not_picked":["Soda+1","TodaysExpression"],"picked":"SKIP","floor":40},{"not_picked":["CUTE+1","Hornet"],"picked":"SKIP","floor":41},{"not_picked":["Discord+1","Mimicry"],"picked":"SKIP","floor":43},{"not_picked":["CherryBlossom","Christmas"],"picked":"SKIP","floor":45},{"not_picked":["Christmas","CherryBlossom+1"],"picked":"Pleasure+1","floor":47},{"not_picked":["TheSmile","Soda","BlueScar"],"picked":"SKIP","floor":49}],"player_experience":261119,"relics_obtained":[{"floor":7,"key":"Bag of Marbles"},{"floor":9,"key":"Replay:Accelerometer"},{"floor":10,"key":"MawBank"},{"floor":11,"key":"Omamori"},{"floor":15,"key":"Boot"},{"floor":18,"key":"ReplayTheSpireMod:TigerMarble"},{"floor":18,"key":"Blue Candle"},{"floor":18,"key":"Replay:Towering Pillar of Hats"},{"floor":24,"key":"Replay:Bandana"},{"floor":28,"key":"Art of War"},{"floor":32,"key":"Potion Belt"},{"floor":41,"key":"Replay:Ringing Soul"},{"floor":43,"key":"Thread and Needle"},{"floor":44,"key":"Strawberry"},{"floor":45,"key":"Question Card"},{"floor":47,"key":"Calipers"}],"event_choices":[{"damage_healed":0,"gold_gain":0,"player_choice":"Ignored","damage_taken":0,"max_hp_gain":0,"max_hp_loss":0,"event_name":"Golden Wing","floor":2,"gold_loss":0},{"damage_healed":0,"gold_gain":75,"player_choice":"Gather Gold","damage_taken":11,"max_hp_gain":0,"max_hp_loss":0,"event_name":"World of Goop","floor":3,"gold_loss":0},{"damage_healed":17,"gold_gain":0,"player_choice":"Healed","damage_taken":0,"max_hp_gain":0,"max_hp_loss":0,"event_name":"The Cleric","floor":4,"gold_loss":35},{"damage_healed":0,"gold_gain":0,"cards_transformed":["CentralCode"],"player_choice":"Transformed","damage_taken":0,"max_hp_gain":0,"max_hp_loss":0,"event_name":"Transmorgrifier","floor":12,"gold_loss":0,"cards_obtained":["ScreamingWedge"]},{"damage_healed":0,"gold_gain":99,"player_choice":"Stole From Cult","damage_taken":0,"max_hp_gain":0,"max_hp_loss":0,"event_name":"Nest","floor":21,"gold_loss":0},{"damage_healed":0,"gold_gain":0,"player_choice":"Became a Ghost","damage_taken":0,"max_hp_gain":0,"max_hp_loss":35,"event_name":"Ghosts","floor":22,"gold_loss":0,"cards_obtained":["Ghostly","Ghostly","Ghostly","Ghostly","Ghostly"]},{"cards_removed":["InformationCode"],"damage_healed":0,"gold_gain":0,"player_choice":"Purged","damage_taken":0,"max_hp_gain":0,"max_hp_loss":0,"event_name":"Purifier","floor":37,"gold_loss":0},{"damage_healed":0,"gold_gain":0,"player_choice":"Fight","damage_taken":0,"max_hp_gain":0,"max_hp_loss":0,"event_name":"MindBloom","floor":47,"gold_loss":0}],"is_beta":true,"boss_relics":[{"not_picked":["Runic Dome","Sozu"],"picked":"Calling Bell"},{"not_picked":["SacredBark","Snecko Heart"],"picked":"Philosopher\u0027s Stone"}],"items_purged_floors":[30],"is_endless":false,"potions_floor_spawned":[5,11,19,23,28,32,39,45,49],"ascension_level":6}}