{"host":"6xsbn6ynqlzwllfm","time":1613397669,"event":{"mods":["2.2 Compatiblity","BaseMod","Bestiary","Colored Map","Colored Powertips","Curses Come First","Downfall","Highlight Path","Keyboard Shortcuts","Minty Spire (QoL Compilation)","Relic Stats","Slay the Relics Exporter","StSLib","SuperFastMode"],"gold_per_floor":[99,114,125,125,125,150,199,233,233,245,245,5,34,44,58,136,136,36,54,2,2,2,2],"floor_reached":21,"language":"ENG","playtime":985,"items_purged":["bronze:Strike"],"score":335,"play_id":"cd3b1fd5-6b43-4a08-8ed2-6b2162309c03","local_time":"20210215090109","is_ascension_mode":true,"campfire_choices":[{"data":"bronze:Replicate","floor":1,"key":"SMITH"},{"data":"bronze:ForLoop","floor":18,"key":"SMITH"}],"circlet_count":0,"master_deck":["AscendersBane","bronze:Strike+1","bronze:Strike","bronze:Defend","bronze:Defend","bronze:Defend","bronze:Defend+1","bronze:Replicate+1","bronze:Goto","bronze:Assembly+1","bronze:Shell","bronze:Repair","downfall:Malfunctioning","bronze:Branch","bronze:OilSpill","bronze:Optimize","bronze:ForLoop+1","bronze:ForLoop","bronze:FineTuning","bronze:ForLoop","bronze:FineTuning","bronze:Virus","bronze:DelayedGuard","bronze:Boost+1","bronze:Repulsor"],"relics":["bronze:BronzeCore","downfall:BrokenWingStatue","Dead Branch","Vajra","Sundial","Membership Card","Happy Flower","Busted Crown","downfall:HeartBlessingGreen"],"acts_visited":["Exordium","TheCity"],"potions_floor_usage":[6,13,13,15,16,16,16,16],"damage_taken":[{"damage":7,"enemies":"Small Slimes","floor":2,"turns":3},{"damage":12,"enemies":"Jaw Worm","floor":3,"turns":7},{"damage":25,"enemies":"3 Sentries","floor":6,"turns":9},{"damage":14,"enemies":"Gremlin Nob","floor":8,"turns":4},{"damage":3,"enemies":"2 Louse","floor":10,"turns":2},{"damage":2,"enemies":"downfall:FleeingMerchant","floor":12,"turns":4},{"damage":9,"enemies":"Lagavulin","floor":13,"turns":4},{"damage":0,"enemies":"Exordium Wildlife","floor":14,"turns":2},{"damage":5,"enemies":"Blue Slaver","floor":15,"turns":3},{"damage":28,"enemies":"SI_SHIV_ARCHETYPE","floor":16,"turns":4},{"damage":27,"enemies":"Spheric Guardian","floor":19,"turns":4},{"damage":4,"enemies":"downfall:FleeingMerchant","floor":20,"turns":4},{"damage":35,"enemies":"downfall:FleeingMerchant","floor":21,"turns":3}],"seed_played":"-7562547816414625444","potions_obtained":[{"floor":3,"key":"Fire Potion"},{"floor":10,"key":"BlessingOfTheForge"},{"floor":13,"key":"EntropicBrew"},{"floor":14,"key":"EntropicBrew"}],"is_trial":false,"path_per_floor":["R","M","M","?","?","E","T","E","?","M","?","$","E","M","M","B",null,"R","M","$","?"],"character_chosen":"THE_AUTOMATON","items_purchased":["Membership Card","Regen Potion","bronze:Repulsor"],"campfire_rested":0,"item_purchase_floors":[12,12,20],"current_hp_per_floor":[57,50,38,38,38,20,20,13,13,10,31,29,44,51,56,28,54,54,27,30,0,0,0],"gold":2,"neow_bonus":"ONE_RANDOM_RARE_CARD","is_daily":false,"chose_seed":false,"campfire_upgraded":2,"win_rate":0.0,"timestamp":1613397669,"path_taken":["R","M","M","?","?","E","T","E","?","M","?","$","E","M","M","BOSS","R","M","$","?"],"items_purchased_type":["Relic","Potion","Card"],"build_version":"2020-12-22","purchased_purges":1,"victory":false,"max_hp_per_floor":[63,63,63,63,63,63,63,63,63,63,63,63,63,63,63,63,63,63,63,63,63,63,63],"relic_stats":{"Busted Crown":8,"Happy Flower":[6],"counters":[13,53],"Sundial":[2],"Dead Branch":[121],"obtain_stats":[{"bronze:BronzeCore":0,"downfall:BrokenWingStatue":4,"Busted Crown":17,"Happy Flower":13,"Sundial":8,"Dead Branch":6,"Vajra":7,"downfall:HeartBlessingGreen":18,"Membership Card":12},{"bronze:BronzeCore":0,"downfall:BrokenWingStatue":2,"Busted Crown":10,"Happy Flower":7,"Sundial":4,"Dead Branch":3,"Vajra":3,"downfall:HeartBlessingGreen":10,"Membership Card":6},{"bronze:BronzeCore":0,"downfall:BrokenWingStatue":10,"Busted Crown":42,"Happy Flower":33,"Sundial":23,"Dead Branch":19,"Vajra":19,"downfall:HeartBlessingGreen":42,"Membership Card":29}]},"card_choices":[{"not_picked":["bronze:BugBarrage","bronze:ClassDefault"],"picked":"bronze:Shell","floor":2},{"not_picked":["bronze:Turbo","bronze:DarkDash"],"picked":"bronze:Repair","floor":3},{"not_picked":["bronze:Repair","bronze:Refactor"],"picked":"bronze:Branch","floor":6},{"not_picked":["bronze:Frontload","bronze:WildBeam"],"picked":"bronze:OilSpill","floor":8},{"not_picked":["bronze:DelayedSlice","bronze:Flail"],"picked":"bronze:ForLoop","floor":10},{"not_picked":["bronze:Shell","bronze:WhirlingStrike"],"picked":"bronze:ForLoop","floor":12},{"not_picked":["bronze:WildBeam","bronze:Assembly"],"picked":"bronze:FineTuning","floor":13},{"not_picked":["bronze:Constructor","bronze:Deprecate"],"picked":"bronze:ForLoop","floor":14},{"not_picked":["bronze:DelayedSlice","bronze:Frontload"],"picked":"bronze:FineTuning","floor":15},{"not_picked":["bronze:Mutator","bronze:ThunderWave"],"picked":"bronze:Virus","floor":16},{"not_picked":[],"picked":"bronze:DelayedGuard","floor":19},{"not_picked":[],"picked":"bronze:Boost+1","floor":20}],"player_experience":1799480,"relics_obtained":[{"floor":6,"key":"Dead Branch"},{"floor":7,"key":"Vajra"},{"floor":8,"key":"Sundial"},{"floor":13,"key":"Happy Flower"}],"event_choices":[{"damage_healed":0,"gold_gain":0,"cards_transformed":["bronze:Strike"],"player_choice":"Change","damage_taken":0,"max_hp_gain":0,"max_hp_loss":0,"event_name":"Living Wall","floor":9,"gold_loss":0,"cards_obtained":["bronze:Optimize"]},{"damage_healed":21,"gold_gain":0,"player_choice":"Banana","damage_taken":0,"max_hp_gain":0,"max_hp_loss":0,"event_name":"Big Fish","floor":11,"gold_loss":0}],"is_beta":false,"boss_relics":[{"not_picked":["Velvet Choker","Runic Pyramid"],"picked":"Busted Crown"}],"items_purged_floors":[12],"is_endless":false,"potions_floor_spawned":[3,10,13,14,15],"killed_by":"downfall:FleeingMerchant","ascension_level":14}}