{"host":"jngeqill3bw7azzz","time":1613412246,"event":{"mods":["BaseMod","Highlight Path","Minty Spire (QoL Compilation)","Permanent Neow","Relic Stats"],"gold_per_floor":[119,119,133,92,92,92,123,123,123,143,143,171,171,197,197,274,274,290,22,22,35,53,53,79,79,79],"floor_reached":25,"language":"ENG","playtime":1173,"items_purged":[],"score":549,"play_id":"b3440bb0-c846-46b8-8a28-128a13abab1c","local_time":"20210215130406","is_ascension_mode":true,"campfire_choices":[{"data":"Hemokinesis","floor":6,"key":"SMITH"},{"data":"Spot Weakness","floor":8,"key":"SMITH"},{"data":"Cleave","floor":11,"key":"SMITH"},{"data":"Disarm","floor":15,"key":"SMITH"},{"data":"Corruption","floor":23,"key":"SMITH"}],"circlet_count":0,"master_deck":["AscendersBane","Defend_R","Defend_R","Defend_R","Defend_R","Bash","Hemokinesis+1","Anger","Disarm+1","Spot Weakness+1","Cleave+1","Metallicize","Corruption+1","Battle Trance","Bite","Bite","Bite","Bite","Bite","Carnage","Armaments+1","Shrug It Off+1"],"relics":["Burning Blood","NeowsBlessing","Toy Ornithopter","Bottled Flame","Matryoshka","Centennial Puzzle","Pear","Philosopher\u0027s Stone","Toxic Egg 2","Bag of Marbles"],"acts_visited":["Exordium","TheCity"],"potions_floor_usage":[18,18,24],"damage_taken":[{"damage":0,"enemies":"2 Louse","floor":1,"turns":1},{"damage":0,"enemies":"Jaw Worm","floor":3,"turns":1},{"damage":0,"enemies":"Lagavulin","floor":7,"turns":2},{"damage":8,"enemies":"Small Slimes","floor":10,"turns":4},{"damage":12,"enemies":"3 Sentries","floor":12,"turns":4},{"damage":17,"enemies":"Lagavulin","floor":14,"turns":6},{"damage":14,"enemies":"The Guardian","floor":16,"turns":13},{"damage":21,"enemies":"3 Byrds","floor":18,"turns":4},{"damage":18,"enemies":"2 Thieves","floor":21,"turns":3},{"damage":25,"enemies":"Snake Plant","floor":22,"turns":4},{"damage":75,"enemies":"Gremlin Leader","floor":24,"turns":9},{"damage":26,"enemies":"Cultist and Chosen","floor":25,"turns":3}],"seed_played":"-4241047051285496179","potions_obtained":[{"floor":1,"key":"Explosive Potion"},{"floor":14,"key":"Fire Potion"},{"floor":22,"key":"ColorlessPotion"},{"floor":24,"key":"FearPotion"}],"is_trial":false,"path_per_floor":["M","?","M","$","?","R","E","R","T","M","R","E","?","E","R","B",null,"M","$","?","M","M","R","E","M"],"character_chosen":"IRONCLAD","items_purchased":["Disarm","Toxic Egg 2"],"campfire_rested":0,"item_purchase_floors":[4,19],"current_hp_per_floor":[74,79,80,80,45,45,51,51,51,49,49,43,36,35,35,27,74,69,69,62,56,47,47,14,0,0],"gold":79,"neow_bonus":"THREE_ENEMY_KILL","is_daily":false,"chose_seed":false,"campfire_upgraded":5,"win_rate":0.0,"timestamp":1613412246,"path_taken":["M","?","M","$","?","R","E","R","T","M","R","E","?","E","R","BOSS","M","$","?","M","M","R","E","M"],"items_purchased_type":["Card","Relic"],"build_version":"2020-12-22","purchased_purges":0,"victory":false,"max_hp_per_floor":[75,80,80,80,80,80,80,80,80,80,80,80,80,90,90,90,90,90,90,62,62,62,62,62,62,62],"relic_stats":{"Centennial Puzzle":[21],"counters":[12,54],"obtain_stats":[{"Bottled Flame":7,"Centennial Puzzle":12,"Matryoshka":9,"Pear":14,"NeowsBlessing":0,"Philosopher\u0027s Stone":17,"Bag of Marbles":24,"Toxic Egg 2":19,"Burning Blood":0,"Toy Ornithopter":5},{"Bottled Flame":3,"Centennial Puzzle":5,"Matryoshka":3,"Pear":6,"NeowsBlessing":0,"Philosopher\u0027s Stone":7,"Bag of Marbles":11,"Toxic Egg 2":8,"Burning Blood":0,"Toy Ornithopter":2},{"Bottled Flame":4,"Centennial Puzzle":12,"Matryoshka":4,"Pear":18,"NeowsBlessing":0,"Philosopher\u0027s Stone":31,"Bag of Marbles":51,"Toxic Egg 2":35,"Burning Blood":0,"Toy Ornithopter":2}],"Burning Blood":61,"Toy Ornithopter":15},"card_choices":[{"not_picked":["Evolve","Flex"],"picked":"Hemokinesis","floor":1},{"not_picked":["Combust","Shrug It Off"],"picked":"Anger","floor":3},{"not_picked":["Bloodletting","Disarm"],"picked":"Spot Weakness","floor":7},{"not_picked":["Anger","Heavy Blade"],"picked":"Cleave","floor":10},{"not_picked":["Anger","Havoc"],"picked":"Metallicize","floor":12},{"not_picked":["Rage","Warcry","Perfected Strike"],"picked":"SKIP","floor":14},{"not_picked":["Limit Break","Barricade"],"picked":"Corruption","floor":16},{"not_picked":["Evolve","Body Slam+1"],"picked":"Battle Trance","floor":18},{"not_picked":["Thunderclap","Sever Soul"],"picked":"Carnage","floor":21},{"not_picked":["Rampage","Twin Strike"],"picked":"Armaments+1","floor":22},{"not_picked":["Immolate","Clash"],"picked":"Shrug It Off+1","floor":24}],"player_experience":2645374,"relics_obtained":[{"floor":7,"key":"Bottled Flame"},{"floor":9,"key":"Matryoshka"},{"floor":12,"key":"Centennial Puzzle"},{"floor":14,"key":"Pear"},{"floor":24,"key":"Bag of Marbles"}],"event_choices":[{"damage_healed":0,"gold_gain":0,"player_choice":"Donut","damage_taken":0,"max_hp_gain":5,"max_hp_loss":0,"event_name":"Big Fish","floor":2,"gold_loss":0},{"damage_healed":0,"gold_gain":0,"player_choice":"Success","damage_taken":35,"relics_obtained":["Toy Ornithopter"],"max_hp_gain":0,"max_hp_loss":0,"event_name":"Scrap Ooze","floor":5,"gold_loss":0},{"cards_removed":["Strike_R"],"damage_healed":0,"gold_gain":0,"player_choice":"Card Removal","damage_taken":7,"max_hp_gain":0,"max_hp_loss":0,"event_name":"Golden Wing","floor":13,"gold_loss":0},{"damage_healed":0,"gold_gain":0,"player_choice":"Became a vampire","damage_taken":0,"max_hp_gain":0,"max_hp_loss":28,"event_name":"Vampires","floor":20,"gold_loss":0,"cards_obtained":["Bite","Bite","Bite","Bite","Bite"]}],"is_beta":false,"boss_relics":[{"not_picked":["Runic Cube","Black Star"],"picked":"Philosopher\u0027s Stone"}],"items_purged_floors":[],"is_endless":false,"potions_floor_spawned":[1,14,16,22,24],"killed_by":"Cultist and Chosen","ascension_level":20}}