{"host":"8ty8vzcv2y40vx6u","time":1613425122,"event":{"mods":["Act Like it!","Aspiration","BaseMod","BetterRewards","Conspire","Duelist Mod","Elementarium","GifTheSpireLib","Hallownest","Hubris","Infinite Spire","Minty Spire (QoL Compilation)","Potionbrewer","Replay The Spire","Shop Mod","StSLib","Stuff the Spire","The Animator","The Cursed","The Judge","The Mystic","The Runesmith","Wandering Minibosses"],"gold_per_floor":[143,136,66,66,80,103,28,28,28,40,62,62,62,81,81,143,143,157,98,98,163,163,163,166,166,240,258,269,64,94,94,94,177,177,192,203,203,217,218,224,224,224,247,270,270,270,3,3,3,0,0],"floor_reached":50,"language":"ENG","playtime":4402,"items_purged":["Injury","theDuelist:AngelTrumpeter","theDuelist:DarkworldThorns"],"score":1426,"play_id":"077a5c44-66df-4979-8492-56c26d9aeafa","local_time":"20210215223842","is_ascension_mode":true,"campfire_choices":[{"floor":8,"key":"REST"},{"floor":12,"key":"RECALL"},{"floor":15,"key":"REST"},{"floor":23,"key":"REST"},{"data":"theDuelist:ElephantStatueBlessing","floor":32,"key":"SMITH"},{"data":"Distraction","floor":42,"key":"SMITH"},{"data":"theDuelist:EarthEffigy","floor":46,"key":"SMITH"},{"floor":49,"key":"REST"}],"circlet_count":0,"master_deck":["AscendersBane","theDuelist:CactusBouncer","theDuelist:Inmato","theDuelist:Sparks","theDuelist:CatapultZone","theDuelist:EarthEffigy+1","theDuelist:NaturiaRock","theDuelist:MudGolem","theDuelist:Blockman","theDuelist:NaturiaCliff","theDuelist:RagingMadPlants+1","theDuelist:ElephantStatueBlessing+1","theDuelist:PlantFoodChain","ReplayTheSpireMod:Speed Training","Distraction+1","Bane","theDuelist:NaturiaCliff","hubris:Fate","theDuelist:GracefulCharity","theDuelist:BlockGolem","theDuelist:EvilswarmGolem","theDuelist:MasterMagmaBlacksmith","theDuelist:CastleGate","StuffTheSpire:BrainWave","theDuelist:CatapultZone+1"],"relics":["theDuelist:MillenniumPuzzle","Iron Hammer","Torii","Mummified Hand","MerchantsRug","Bird Faced Urn","Ice Cream","Frozen Egg 2","Odd Mushroom","aspiration:MobileForge","Quantum Egg","Replay:Bottled Snecko","potionbrewer:BhaskarasWheel","aspiration:HummingbirdHeart","HornCleat","Snake Skull","theDuelist:KaibaToken","conspire:SpecialSausage","StuffTheSpire:Expresso","hubris:Towel","Omamori","hubris:SlimyHat","hubris:CuriousFeather"],"acts_visited":["Exordium","Hallownest:CityofTears","TheBeyond"],"potions_floor_usage":[6,11,18,33,33,44,50],"damage_taken":[{"damage":0,"enemies":"2 Louse","floor":1,"turns":3},{"damage":0,"enemies":"conspire:RoseBush","floor":2,"turns":5},{"damage":0,"enemies":"Small Slimes","floor":5,"turns":3},{"damage":0,"enemies":"3 Sentries","floor":6,"turns":6},{"damage":12,"enemies":"Looter","floor":10,"turns":3},{"damage":1,"enemies":"Lagavulin","floor":11,"turns":6},{"damage":15,"enemies":"The Mushroom Lair","floor":14,"turns":4},{"damage":7,"enemies":"The Guardian","floor":16,"turns":12},{"damage":26,"enemies":"Hallownest:Guard_and_Sentry","floor":18,"turns":6},{"damage":11,"enemies":"Hallownest:2_Mistakes","floor":19,"turns":7},{"damage":15,"enemies":"Hallownest:Glutton_and_Coward","floor":21,"turns":6},{"damage":8,"enemies":"Hallownest:3_Mistakes","floor":24,"turns":7},{"damage":0,"enemies":"Hallownest:2_Husk_Sentries","floor":27,"turns":2},{"damage":0,"enemies":"Hallownest:eliteWatcherKnight","floor":28,"turns":10},{"damage":0,"enemies":"Hallownest:eliteSoulWarrior","floor":30,"turns":5},{"damage":3,"enemies":"Hallownest:BossGrimm","floor":33,"turns":8},{"damage":0,"enemies":"Orb Walker","floor":35,"turns":1},{"damage":0,"enemies":"3 Darklings","floor":36,"turns":4},{"damage":0,"enemies":"Jaw Worm Horde","floor":38,"turns":3},{"damage":12,"enemies":"Sphere and 2 Shapes","floor":39,"turns":5},{"damage":0,"enemies":"Giant Head","floor":40,"turns":6},{"damage":16,"enemies":"Reptomancer","floor":44,"turns":6},{"damage":76,"enemies":"hubris:GrandSnecko","floor":50,"turns":15}],"seed_played":"-4532359461861021717","potions_obtained":[{"floor":1,"key":"LifebloodPotion"},{"floor":2,"key":"Weak Potion"},{"floor":16,"key":"potionbrewer:NoxiousPotion"},{"floor":24,"key":"Strength Potion"},{"floor":27,"key":"theDuelist:SealedPackD"},{"floor":36,"key":"Swift Potion"},{"floor":44,"key":"AttackPotion"}],"is_trial":false,"path_per_floor":["M","M","?","?","M","E","$","R","T","M","E","R","?","?","R","B",null,"M","M","?","M","T","R","M","AVR","T","M","E","$","E","?","R","B",null,"M","M","?","M","M","E","?","R","T","E","T","R","$","?","R","B"],"character_chosen":"THE_DUELIST","items_purchased":["Iron Hammer","Mummified Hand","theDuelist:CatapultZone","MerchantsRug","theDuelist:EarthEffigy","Snake Skull","hubris:CuriousFeather"],"campfire_rested":4,"item_purchase_floors":[0,0,0,0,0,29,47],"current_hp_per_floor":[23,25,25,25,25,27,27,48,48,36,37,37,37,24,45,40,63,39,30,30,17,17,38,32,32,32,32,38,38,42,42,42,43,63,63,65,60,60,50,52,52,52,52,40,40,40,40,43,60,0,0],"gold":0,"neow_bonus":"","is_daily":false,"chose_seed":false,"campfire_upgraded":3,"win_rate":0.0,"timestamp":1613425122,"path_taken":["M","M","?","?","M","E","$","R","T","M","E","R","?","?","R","BOSS","M","M","?","M","?","R","M","AVR","T","M","E","$","E","?","R","BOSS","M","M","?","M","M","E","?","R","T","E","?","R","?","?","R","BOSS"],"items_purchased_type":["Relic","Relic","Card","Relic","Card","Relic","Relic"],"build_version":"2020-12-22","purchased_purges":3,"victory":false,"max_hp_per_floor":[70,70,70,70,70,70,70,70,70,70,70,70,70,70,70,70,70,70,70,70,70,70,70,70,70,70,70,70,70,70,70,70,70,70,70,70,60,60,60,60,60,60,60,60,60,60,60,60,60,60,60],"card_choices":[{"not_picked":["theDuelist:CactusBouncer","theDuelist:JerryBeansMan","theDuelist:GateBlocker","theDuelist:LostGuardian"],"picked":"theDuelist:NaturiaRock","floor":1},{"not_picked":["theDuelist:MeteorDestruction","theDuelist:SafeZone","theDuelist:LostGuardian","theDuelist:FishRain"],"picked":"theDuelist:MudGolem","floor":2},{"not_picked":["theDuelist:DeltaMagnet","theDuelist:KamionTimelord"],"picked":"theDuelist:Blockman","floor":5},{"not_picked":["theDuelist:Hinotama","theDuelist:LonefireBlossom","theDuelist:DarkworldThorns","theDuelist:TwilightRoseKnight"],"picked":"theDuelist:NaturiaCliff","floor":6},{"not_picked":["theDuelist:CatShark","theDuelist:PredaplantPterapenthes","theDuelist:PredaplantFlytrap","theDuelist:LonefireBlossom","theDuelist:LegendarySword"],"picked":"SKIP","floor":10},{"not_picked":["theDuelist:CoreBlaster","theDuelist:Hinotama","theDuelist:MagnumShield","theDuelist:OneForOne","theDuelist:ChaosSeed"],"picked":"SKIP","floor":11},{"not_picked":["theDuelist:Wildfire+1","theDuelist:InfernoFireBlast+1","theDuelist:Cloning","theDuelist:SpiralSpearStrike+1"],"picked":"theDuelist:RagingMadPlants+1","floor":14},{"not_picked":["theDuelist:PotForbidden","theDuelist:KamionTimelord","theDuelist:HeartUnderdog+1","theDuelist:Gigaplant"],"picked":"theDuelist:ElephantStatueBlessing","floor":16},{"not_picked":["theDuelist:ApprenticeIllusionMagician","theDuelist:SangaEarth","theDuelist:WitchBlackRose","theDuelist:RainbowKuriboh","theDuelist:RainbowOverdragon"],"picked":"SKIP","floor":18},{"not_picked":["theDuelist:IronhammerGiant","theDuelist:FeatherShot","theDuelist:AmuletAmbition","theDuelist:Gigaplant"],"picked":"theDuelist:PlantFoodChain","floor":19},{"not_picked":["theDuelist:DefenseDraw+1","theDuelist:LonefireBlossom","theDuelist:WhiteRoseDragon+1","theDuelist:FuryFire"],"picked":"theDuelist:NaturiaCliff","floor":21},{"not_picked":["theDuelist:MeteorDestruction","theDuelist:DarkFusion","theDuelist:WhiteRoseDragon","theDuelist:MagnumShield","theDuelist:LegendaryBlackBelt"],"picked":"SKIP","floor":24},{"not_picked":["theDuelist:MagnumShield","theDuelist:DarkFusion","theDuelist:OjamaKnight","theDuelist:Predapruning"],"picked":"theDuelist:GracefulCharity","floor":27},{"not_picked":["theDuelist:LostGuardian+1","theDuelist:EarthEffigy","theDuelist:GammaMagnet","theDuelist:CrystalRose"],"picked":"theDuelist:BlockGolem","floor":28},{"not_picked":["theDuelist:NaturiaCliff","theDuelist:CactusBouncer","theDuelist:ValkMagnet","theDuelist:CoreBlaster"],"picked":"theDuelist:EvilswarmGolem","floor":30},{"not_picked":["theDuelist:Blockman","theDuelist:MachineKingPrototype","theDuelist:PlantFoodChain","theDuelist:PredaplantChimerafflesia"],"picked":"theDuelist:MasterMagmaBlacksmith","floor":33},{"not_picked":["theDuelist:Hinotama","theDuelist:CatShark","theDuelist:BotanicalLion","theDuelist:JerryBeansMan+1","theDuelist:PredaplantSpinodionaea"],"picked":"SKIP","floor":35},{"not_picked":["theDuelist:WeepingIdol","theDuelist:NaturiaLandoise","theDuelist:GiantSoldierSteel+1","theDuelist:EvilswarmHeliotrope+1"],"picked":"theDuelist:CastleGate","floor":36},{"not_picked":["theDuelist:BotanicalLion","theDuelist:JerryBeansMan","theDuelist:GateBlocker","theDuelist:Firegrass","theDuelist:RockstoneWarrior"],"picked":"SKIP","floor":38},{"not_picked":["theDuelist:CatShark+1","theDuelist:PredaplantDrosophyllum","theDuelist:WormApocalypse","theDuelist:PredaplantPterapenthes+1","theDuelist:BotanicalLion+1"],"picked":"SKIP","floor":39},{"not_picked":["theDuelist:EarthquakeGiant+1","theDuelist:DarkMirrorForce","theDuelist:DestroyerGolem","theDuelist:RainbowBridge+1","theDuelist:CastleDarkIllusions+1"],"picked":"SKIP","floor":40},{"not_picked":["theDuelist:TyrantWing+1","theDuelist:SphereKuriboh+1","theDuelist:SplendidRose+1"],"picked":"theDuelist:CatapultZone+1","floor":44}],"player_experience":629778,"relics_obtained":[{"floor":6,"key":"Tiny Chest"},{"floor":11,"key":"Bottled Lightning"},{"floor":14,"key":"Odd Mushroom"},{"floor":22,"key":"Quantum Egg"},{"floor":26,"key":"aspiration:HummingbirdHeart"},{"floor":28,"key":"HornCleat"},{"floor":30,"key":"theDuelist:KaibaToken"},{"floor":40,"key":"StuffTheSpire:Expresso"},{"floor":43,"key":"Omamori"},{"floor":44,"key":"Pet Ghost"},{"floor":45,"key":"hubris:SlimyHat"}],"event_choices":[{"damage_healed":0,"gold_gain":0,"player_choice":"Left Gold","damage_taken":0,"max_hp_gain":0,"max_hp_loss":0,"event_name":"World of Goop","floor":3,"gold_loss":70},{"damage_healed":0,"gold_gain":0,"player_choice":"Leave","duelist":true,"damage_taken":0,"max_hp_gain":0,"max_hp_loss":0,"event_name":"Tomb of the Nameless","floor":13,"gold_loss":0},{"damage_healed":0,"gold_gain":0,"player_choice":"Fought Mushrooms","damage_taken":0,"max_hp_gain":0,"max_hp_loss":0,"event_name":"Mushrooms","floor":14,"gold_loss":0}],"is_beta":false,"boss_relics":[{"not_picked":["hubris:Stopwatch","ChewingGum"],"picked":"aspiration:MobileForge"},{"not_picked":["ReplayTheSpireMod:DimensionalGlitch","StuffTheSpire:RunicConfusion"],"picked":"conspire:SpecialSausage"}],"items_purged_floors":[7,25,29],"is_endless":false,"potions_floor_spawned":[1,2,16,24,27,28,30,36,44],"killed_by":"hubris:GrandSnecko","ascension_level":16}}