{"host":"oigynbtg272c19pw","time":1613386280,"event":{"mods":["BaseMod","Colored Map","Minty Spire (QoL Compilation)","Relic Stats","Slay the Relics Exporter","StSLib"],"gold_per_floor":[117,137,6,26,44,44,74,34,34,51,51,63,63,88,88,162,162,179,51,70,120,139,139,139],"floor_reached":23,"playtime":1263,"items_purged":["Strike_P","Defend_P"],"score":456,"play_id":"30de8cc7-29c4-492b-a09e-0390dd0a4a52","local_time":"20210215115120","is_ascension_mode":true,"campfire_choices":[{"data":"EmptyFist","floor":6,"key":"SMITH"},{"floor":13,"key":"REST"},{"data":"SandsOfTime","floor":15,"key":"SMITH"}],"circlet_count":0,"master_deck":["AscendersBane","Strike_P","Defend_P","Defend_P","Eruption+1","Vigilance","Panacea","CrushJoints","FearNoEvil+1","EmptyFist+1","Meditate+1","EmptyBody","SandsOfTime+1","CutThroughFate","Evaluate","Establishment","ClearTheMind+1","WreathOfFlame+1","Omniscience+1","DeceiveReality","Protect","Tantrum+1","Consecrate+1"],"relics":["PureWater","Whetstone","Letter Opener","CaptainsWheel","Astrolabe"],"acts_visited":["Exordium","TheCity"],"potions_floor_usage":[4,7,10,14,20,22,23],"damage_taken":[{"damage":0,"enemies":"Cultist","floor":1,"turns":4},{"damage":10,"enemies":"2 Louse","floor":2,"turns":3},{"damage":3,"enemies":"Small Slimes","floor":4,"turns":4},{"damage":14,"enemies":"3 Louse","floor":5,"turns":4},{"damage":17,"enemies":"3 Sentries","floor":7,"turns":8},{"damage":0,"enemies":"Blue Slaver","floor":10,"turns":1},{"damage":9,"enemies":"Lots of Slimes","floor":12,"turns":4},{"damage":0,"enemies":"Lagavulin","floor":14,"turns":4},{"damage":15,"enemies":"Slime Boss","floor":16,"turns":8},{"damage":8,"enemies":"Shell Parasite","floor":18,"turns":3},{"damage":0,"enemies":"Spheric Guardian","floor":20,"turns":6},{"damage":10,"enemies":"Shelled Parasite and Fungi","floor":22,"turns":6},{"damage":48,"enemies":"Book of Stabbing","floor":23,"turns":5}],"seed_played":"7284642240932009254","potions_obtained":[{"floor":1,"key":"GamblersBrew"},{"floor":5,"key":"BlessingOfTheForge"},{"floor":8,"key":"Ambrosia"},{"floor":8,"key":"AttackPotion"},{"floor":12,"key":"Energy Potion"},{"floor":16,"key":"Energy Potion"},{"floor":22,"key":"Strength Potion"}],"is_trial":false,"path_per_floor":["M","M","$","M","M","R","E","?","T","M","?","M","R","E","R","B",null,"M","$","M","?","M","E"],"character_chosen":"WATCHER","items_purchased":["EmptyFist","Protect"],"campfire_rested":1,"item_purchase_floors":[3,19],"current_hp_per_floor":[61,51,51,48,34,34,17,17,17,17,17,8,28,28,28,13,54,46,46,46,46,36,0,0],"gold":139,"neow_bonus":"RANDOM_COLORLESS","is_daily":false,"chose_seed":false,"campfire_upgraded":2,"win_rate":0.0,"timestamp":1613386280,"path_taken":["M","M","$","?","M","R","E","?","T","?","?","M","R","E","R","BOSS","M","$","?","?","M","E"],"items_purchased_type":["Card","Card"],"build_version":"2020-12-13","purchased_purges":2,"victory":false,"max_hp_per_floor":[68,68,68,68,68,68,68,68,68,68,68,68,68,68,68,68,68,68,68,68,68,68,68,68],"relic_stats":{"counters":[13,60],"Astrolabe":["ClearTheMind","WreathOfFlame","Omniscience"],"Whetstone":["Eruption","FearNoEvil"],"Letter Opener":[56],"obtain_stats":[{"CaptainsWheel":14,"Astrolabe":17,"Whetstone":7,"Letter Opener":9,"PureWater":0},{"CaptainsWheel":8,"Astrolabe":9,"Whetstone":5,"Letter Opener":5,"PureWater":0},{"CaptainsWheel":32,"Astrolabe":40,"Whetstone":23,"Letter Opener":23,"PureWater":0}]},"card_choices":[{"not_picked":["Finesse","PanicButton"],"picked":"Panacea","floor":0},{"not_picked":["Crescendo","Halt"],"picked":"CrushJoints","floor":1},{"not_picked":["WheelKick","CarveReality"],"picked":"FearNoEvil","floor":2},{"not_picked":["CutThroughFate","FollowUp"],"picked":"Meditate","floor":4},{"not_picked":["JustLucky","Pray","Protect"],"picked":"SKIP","floor":5},{"not_picked":["LikeWater","ReachHeaven"],"picked":"EmptyBody","floor":7},{"not_picked":["EmptyBody","WheelKick"],"picked":"SandsOfTime","floor":10},{"not_picked":["Meditate","PathToVictory"],"picked":"CutThroughFate","floor":12},{"not_picked":["Alpha","Study"],"picked":"Evaluate","floor":14},{"not_picked":["Omniscience","Brilliance"],"picked":"Establishment","floor":16},{"not_picked":["Collect","Prostrate"],"picked":"DeceiveReality","floor":18},{"not_picked":["ThirdEye","Prostrate"],"picked":"Tantrum+1","floor":20},{"not_picked":["SignatureMove","CutThroughFate"],"picked":"Consecrate+1","floor":22}],"player_experience":1610516,"relics_obtained":[{"floor":7,"key":"Whetstone"},{"floor":9,"key":"Letter Opener"},{"floor":14,"key":"CaptainsWheel"}],"event_choices":[{"damage_healed":0,"gold_gain":0,"player_choice":"Bought 3 Potions","damage_taken":0,"max_hp_gain":0,"max_hp_loss":0,"event_name":"The Woman in Blue","floor":8,"gold_loss":0},{"damage_healed":0,"gold_gain":0,"player_choice":"Forge","damage_taken":0,"max_hp_gain":0,"max_hp_loss":0,"event_name":"Accursed Blacksmith","floor":11,"gold_loss":0,"cards_upgraded":["Meditate"]},{"damage_healed":0,"gold_gain":50,"player_choice":"Stole From Cult","damage_taken":0,"max_hp_gain":0,"max_hp_loss":0,"event_name":"Nest","floor":21,"gold_loss":0}],"is_beta":false,"boss_relics":[{"not_picked":["Calling Bell","Busted Crown"],"picked":"Astrolabe"}],"items_purged_floors":[3,19],"is_endless":false,"potions_floor_spawned":[1,5,12,16,18,22],"killed_by":"Book of Stabbing","ascension_level":20}}