{"host":"c83fcgyuu74iknko","time":1613380550,"event":{"mods":["BaseMod","BetterRewards","Colored Map","Colored Powertips","Minty Spire (QoL Compilation)","Quick Restart","StSLib","The Animator","The Senshi"],"gold_per_floor":[144,144,188,141,156,188,200,119,119,119,139,153,181,228,228,228,228],"floor_reached":16,"language":"ENG","playtime":761,"items_purged":[],"score":114,"play_id":"806dea9b-49b8-4b40-9ffe-d4c56916159b","local_time":"20210215011550","is_ascension_mode":false,"campfire_choices":[{"data":"Wireheading","floor":10,"key":"SMITH"},{"floor":15,"key":"REST"}],"circlet_count":0,"master_deck":["Strike_P","Strike_P","Defend_P","Defend_P","Defend_P","Eruption","Vigilance","ReachHeaven+1","PathToVictory+1","Wish+1","Evaluate","PathToVictory","Wireheading+1","FollowUp","Wallop","SignatureMove","Tantrum","Alpha","Perseverance"],"relics":["Astrolabe","NlothsMask","Toy Ornithopter","Thread and Needle"],"acts_visited":["Exordium"],"potions_floor_usage":[6,7],"damage_taken":[{"damage":6,"enemies":"Jaw Worm","floor":1,"turns":3},{"damage":0,"enemies":"Cultist","floor":3,"turns":4},{"damage":1,"enemies":"2 Louse","floor":5,"turns":2},{"damage":14,"enemies":"Gremlin Nob","floor":6,"turns":3},{"damage":0,"enemies":"2 Fungi Beasts","floor":7,"turns":2},{"damage":2,"enemies":"Looter","floor":11,"turns":3},{"damage":8,"enemies":"Lots of Slimes","floor":12,"turns":4},{"damage":32,"enemies":"3 Sentries","floor":13,"turns":7},{"damage":14,"enemies":"Large Slime","floor":14,"turns":6},{"damage":45,"enemies":"Hexaghost","floor":16,"turns":4}],"seed_played":"-4866571361747256034","potions_obtained":[{"floor":3,"key":"Fire Potion"},{"floor":6,"key":"AttackPotion"},{"floor":7,"key":"CultistPotion"},{"floor":12,"key":"FairyPotion"},{"floor":14,"key":"LiquidMemories"}],"is_trial":false,"path_per_floor":["M","?","M","$","M","E","M","$","T","R","M","M","E","M","R","B"],"character_chosen":"WATCHER","items_purchased":["PathToVictory","Wallop"],"campfire_rested":1,"item_purchase_floors":[4,8],"current_hp_per_floor":[66,66,66,66,65,51,56,56,56,56,54,46,14,21,42,0,0],"gold":228,"neow_bonus":"BOSS_RELIC","is_daily":false,"chose_seed":false,"campfire_upgraded":1,"win_rate":0.0,"timestamp":1613380550,"path_taken":["M","?","?","$","M","E","M","?","T","R","M","M","E","M","R","BOSS"],"items_purchased_type":["Card","Card"],"build_version":"2020-12-22","purchased_purges":0,"victory":false,"max_hp_per_floor":[72,72,72,72,72,72,72,72,72,72,72,72,72,72,72,72,72],"card_choices":[{"not_picked":["FlyingSleeves","WheelKick"],"picked":"Evaluate","floor":1},{"not_picked":["BowlingBash","EmptyMind","EmptyFist"],"picked":"SKIP","floor":3},{"not_picked":["LessonLearned","JustLucky","Nirvana"],"picked":"SKIP","floor":5},{"not_picked":["Protect","FollowUp"],"picked":"Wireheading","floor":6},{"not_picked":["BowlingBash","ThirdEye"],"picked":"FollowUp","floor":7},{"not_picked":["Protect","EmptyBody"],"picked":"SignatureMove","floor":11},{"not_picked":["EmptyFist","EmptyMind"],"picked":"Tantrum","floor":12},{"not_picked":["Fasting2","Evaluate"],"picked":"Alpha","floor":13},{"not_picked":["EmptyFist","Crescendo"],"picked":"Perseverance","floor":14}],"player_experience":231256,"relics_obtained":[{"floor":6,"key":"Toy Ornithopter"},{"floor":13,"key":"Thread and Needle"}],"event_choices":[{"damage_healed":0,"gold_gain":0,"player_choice":"Trade","damage_taken":0,"relics_obtained":["NlothsMask"],"max_hp_gain":0,"max_hp_loss":0,"event_name":"FaceTrader","floor":2,"gold_loss":0}],"is_beta":false,"boss_relics":[],"items_purged_floors":[],"is_endless":false,"potions_floor_spawned":[3,6,7,12,14],"killed_by":"Hexaghost","ascension_level":0}}