{"host":"kg61lsvem4dxoat8","time":1613380461,"event":{"mods":["AchievementEnabler","BaseMod","Better Altar","Better Match","Better Sensory Stone","Better Skull","Block Reminder","Highlight Path","Minty Spire (QoL Compilation)","Quick Restart","Rare Cards Sparkle","Relic Sorter","Relic Stats","StSLib","Synergy Search","slay the spire mod where everything is the same but ironclad has a cowboy hat"],"gold_per_floor":[219,300,30,30,48,48,63,63,63,63,63,81,98,123,123,224,224,149,149,149,149,149,149,149,149,149,149,149,64,64,64,64],"floor_reached":31,"language":"ENG","playtime":1258,"items_purged":["Strike_R"],"score":461,"play_id":"e075da59-31a3-4afa-a9d5-43956eaeff6c","local_time":"20210215171421","is_ascension_mode":true,"campfire_choices":[{"data":"True Grit","floor":6,"key":"SMITH"},{"data":"Spot Weakness","floor":8,"key":"SMITH"},{"data":"Shrug It Off","floor":11,"key":"SMITH"},{"data":"Disarm","floor":15,"key":"SMITH"},{"data":"Limit Break","floor":23,"key":"SMITH"},{"floor":25,"key":"REST"}],"circlet_count":0,"master_deck":["AscendersBane","Strike_R","Strike_R","Strike_R","Defend_R","Defend_R","Defend_R","Defend_R","Bash","Metallicize+1","Shrug It Off+1","True Grit+1","Spot Weakness+1","Disarm+1","Demon Form","Sword Boomerang+1","Limit Break+1","Infernal Blade+1","Fire Breathing+1"],"relics":["Burning Blood","Sundial","Medical Kit","HornCleat","Blood Vial","Ectoplasm","Nilry\u0027s Codex","Bag of Preparation","Singing Bowl","Eternal Feather"],"acts_visited":["Exordium","TheCity"],"potions_floor_usage":[14,28,28,28],"damage_taken":[{"damage":1,"enemies":"Cultist","floor":1,"turns":3},{"damage":7,"enemies":"Small Slimes","floor":5,"turns":4},{"damage":4,"enemies":"2 Louse","floor":7,"turns":3},{"damage":11,"enemies":"Looter","floor":12,"turns":3},{"damage":9,"enemies":"Red Slaver","floor":13,"turns":3},{"damage":9,"enemies":"Gremlin Nob","floor":14,"turns":5},{"damage":0,"enemies":"Hexaghost","floor":16,"turns":13},{"damage":17,"enemies":"2 Thieves","floor":18,"turns":4},{"damage":4,"enemies":"Spheric Guardian","floor":20,"turns":6},{"damage":19,"enemies":"Cultist and Chosen","floor":22,"turns":7},{"damage":20,"enemies":"Centurion and Healer","floor":24,"turns":5},{"damage":7,"enemies":"Snake Plant","floor":27,"turns":3},{"damage":17,"enemies":"Book of Stabbing","floor":28,"turns":6},{"damage":12,"enemies":"Cultist and Chosen","floor":30,"turns":6},{"damage":55,"enemies":"Slavers","floor":31,"turns":3}],"seed_played":"175696355711337290","potions_obtained":[{"floor":5,"key":"AttackPotion"},{"floor":12,"key":"Ancient Potion"},{"floor":16,"key":"FearPotion"},{"floor":20,"key":"Energy Potion"},{"floor":27,"key":"Dexterity Potion"}],"is_trial":false,"path_per_floor":["M","T","$","?","M","R","M","R","T","?","R","M","M","E","R","B",null,"M","?","M","?","M","R","M","R","T","M","E","?","M","E"],"character_chosen":"IRONCLAD","items_purchased":["Shrug It Off","Medical Kit"],"campfire_rested":1,"item_purchase_floors":[3,3],"current_hp_per_floor":[77,77,77,77,76,76,78,78,78,78,78,73,70,67,67,75,79,69,53,57,57,46,46,34,58,58,59,50,50,48,0,0],"gold":64,"neow_bonus":"HUNDRED_GOLD","is_daily":false,"chose_seed":false,"campfire_upgraded":5,"win_rate":0.0,"timestamp":1613380461,"path_taken":["M","?","$","?","M","R","?","R","T","?","R","M","M","E","R","BOSS","M","?","M","?","?","R","M","R","T","M","E","?","M","E"],"items_purchased_type":["Card","Relic"],"build_version":"2020-12-22","purchased_purges":1,"victory":false,"max_hp_per_floor":[80,80,80,80,80,80,80,80,80,80,80,80,80,80,80,80,80,80,80,80,80,80,80,80,80,80,80,80,80,82,82,82],"relic_stats":{"Blood Vial":17,"Singing Bowl":2,"counters":[15,74],"Sundial":[12],"Eternal Feather":0,"Ectoplasm":172,"Bag of Preparation":[8],"Medical Kit":[19],"obtain_stats":[{"Blood Vial":14,"HornCleat":9,"Singing Bowl":28,"Sundial":2,"Nilry\u0027s Codex":19,"Eternal Feather":29,"Ectoplasm":17,"Bag of Preparation":26,"Medical Kit":3,"Burning Blood":0},{"Blood Vial":6,"HornCleat":3,"Singing Bowl":13,"Sundial":1,"Nilry\u0027s Codex":8,"Eternal Feather":13,"Ectoplasm":7,"Bag of Preparation":11,"Medical Kit":1,"Burning Blood":0},{"Blood Vial":21,"HornCleat":10,"Singing Bowl":65,"Sundial":3,"Nilry\u0027s Codex":38,"Eternal Feather":65,"Ectoplasm":34,"Bag of Preparation":56,"Medical Kit":3,"Burning Blood":0}],"Burning Blood":84},"card_choices":[{"not_picked":["Havoc","Perfected Strike"],"picked":"Metallicize","floor":1},{"not_picked":["Armaments","Reckless Charge"],"picked":"True Grit","floor":5},{"not_picked":["Intimidate","Pummel"],"picked":"Spot Weakness","floor":7},{"not_picked":["Sentinel","Shrug It Off","Body Slam"],"picked":"SKIP","floor":12},{"not_picked":["Clothesline","Clash"],"picked":"Disarm","floor":13},{"not_picked":["Intimidate","Warcry","Combust"],"picked":"SKIP","floor":14},{"not_picked":["Juggernaut","Impervious"],"picked":"Demon Form","floor":16},{"not_picked":["Clash","Iron Wave+1","Armaments+1"],"picked":"SKIP","floor":18},{"not_picked":["Intimidate+1","Dropkick+1"],"picked":"Sword Boomerang+1","floor":20},{"not_picked":["Perfected Strike+1","Clothesline"],"picked":"Limit Break","floor":22},{"not_picked":["Havoc","Warcry","Pommel Strike+1"],"picked":"SKIP","floor":24},{"not_picked":["Iron Wave","Clothesline+1"],"picked":"Infernal Blade+1","floor":27},{"not_picked":["Carnage+1","Reckless Charge"],"picked":"Fire Breathing+1","floor":28},{"not_picked":["Shrug It Off+1","Havoc+1","Clothesline"],"picked":"Singing Bowl","floor":30}],"player_experience":1542946,"relics_obtained":[{"floor":2,"key":"Sundial"},{"floor":9,"key":"HornCleat"},{"floor":14,"key":"Blood Vial"},{"floor":19,"key":"Nilry\u0027s Codex"},{"floor":26,"key":"Bag of Preparation"},{"floor":28,"key":"Singing Bowl"}],"event_choices":[{"damage_healed":0,"gold_gain":0,"player_choice":"Upgraded","damage_taken":0,"max_hp_gain":0,"max_hp_loss":0,"event_name":"Upgrade Shrine","floor":4,"gold_loss":0,"cards_upgraded":["Metallicize"]},{"damage_healed":0,"gold_gain":0,"player_choice":"Ignored","damage_taken":0,"max_hp_gain":0,"max_hp_loss":0,"event_name":"Liars Game","floor":10,"gold_loss":0},{"damage_healed":0,"gold_gain":0,"player_choice":"Obtained Book","damage_taken":16,"max_hp_gain":0,"max_hp_loss":0,"event_name":"Cursed Tome","floor":19,"gold_loss":0},{"cards_removed":["Strike_R"],"damage_healed":0,"gold_gain":0,"player_choice":"Purged","damage_taken":0,"max_hp_gain":0,"max_hp_loss":0,"event_name":"Purifier","floor":21,"gold_loss":0},{"damage_healed":0,"gold_gain":0,"player_choice":"Obtained Relic","damage_taken":0,"relics_obtained":["Eternal Feather"],"max_hp_gain":0,"max_hp_loss":0,"event_name":"Addict","floor":29,"gold_loss":85}],"is_beta":false,"boss_relics":[{"not_picked":["Calling Bell","Astrolabe"],"picked":"Ectoplasm"}],"items_purged_floors":[3],"is_endless":false,"potions_floor_spawned":[5,12,16,20,22,24,27],"killed_by":"Slavers","ascension_level":10}}