{"host":"d5i1qeb9dejicw1z","time":1613431633,"event":{"mods":["AchievementEnabler","BaseMod","Better Note","BetterRewards","Evolution","Gold Saver","Minty Spire (QoL Compilation)","Permanent Neow","Relic Filter Mod","Reliquary","StSLib"],"gold_per_floor":[583,596,613,372,372,372,404,404,430,449,292,292,292,303,303,303,303],"floor_reached":16,"language":"ENG","playtime":609,"items_purged":["Strike_G","Defend_G"],"score":200,"play_id":"b4ea552e-3671-4c8e-962c-d1b86a9d81cb","local_time":"20210215152713","is_ascension_mode":true,"campfire_choices":[{"data":"Neutralize","floor":6,"key":"SMITH"},{"floor":8,"key":"REST"},{"floor":15,"key":"REST"}],"circlet_count":0,"master_deck":["AscendersBane","Strike_G","Strike_G","Strike_G","Strike_G","Defend_G","Defend_G","Defend_G","Defend_G","Survivor","Neutralize+1","After Image","Backflip","Escape Plan","Deflect","Accuracy","Finisher","Blade Dance","Cloak And Dagger","Backflip"],"relics":["Ring of the Snake","EVO:Axolotl","reliquary:RoseTintedGlasses","PreservedInsect","reliquary:RadioactivePellet"],"acts_visited":["Exordium"],"potions_floor_usage":[7,16],"damage_taken":[{"damage":0,"enemies":"2 Louse","floor":1,"turns":3},{"damage":2,"enemies":"Small Slimes","floor":2,"turns":7},{"damage":0,"enemies":"Jaw Worm","floor":3,"turns":7},{"damage":58,"enemies":"Gremlin Nob","floor":7,"turns":8},{"damage":0,"enemies":"Red Slaver","floor":10,"turns":5},{"damage":0,"enemies":"Looter","floor":14,"turns":3},{"damage":37,"enemies":"Slime Boss","floor":16,"turns":10}],"seed_played":"4854695270817719776","potions_obtained":[{"floor":2,"key":"Fire Potion"},{"floor":3,"key":"BlessingOfTheForge"},{"floor":14,"key":"BlessingOfTheForge"}],"is_trial":false,"path_per_floor":["M","M","M","$","?","R","E","R","T","M","$","?","?","M","R","B"],"character_chosen":"THE_SILENT","items_purchased":["Accuracy","Finisher","Cloak And Dagger"],"campfire_rested":2,"item_purchase_floors":[4,4,11],"current_hp_per_floor":[59,57,57,57,62,62,4,25,25,25,25,14,14,14,35,0,0],"gold":303,"neow_bonus":"ONE_RANDOM_RARE_CARD","is_daily":false,"chose_seed":false,"campfire_upgraded":1,"win_rate":0.0,"timestamp":1613431633,"path_taken":["M","M","M","$","?","R","E","R","T","M","$","?","?","M","R","BOSS"],"items_purchased_type":["Card","Card","Card"],"build_version":"2020-12-22","purchased_purges":2,"victory":false,"max_hp_per_floor":[66,66,66,66,71,71,71,71,71,71,71,71,71,71,71,71,71],"card_choices":[{"not_picked":["Prepared","Endless Agony"],"picked":"Backflip","floor":1},{"not_picked":["Quick Slash","Outmaneuver"],"picked":"Escape Plan","floor":2},{"not_picked":["Leg Sweep","Acrobatics"],"picked":"Deflect","floor":3},{"not_picked":["Envenom","Underhanded Strike"],"picked":"Blade Dance","floor":7},{"not_picked":["Masterful Stab","Predator","Setup"],"picked":"SKIP","floor":10},{"not_picked":["Underhanded Strike","Backstab"],"picked":"Backflip","floor":14}],"player_experience":1270249,"relics_obtained":[{"floor":7,"key":"reliquary:RoseTintedGlasses"},{"floor":9,"key":"PreservedInsect"}],"event_choices":[{"damage_healed":0,"gold_gain":0,"player_choice":"Donut","damage_taken":0,"max_hp_gain":5,"max_hp_loss":0,"event_name":"Big Fish","floor":5,"gold_loss":0},{"damage_healed":0,"gold_gain":0,"player_choice":"Success","damage_taken":11,"relics_obtained":["reliquary:RadioactivePellet"],"max_hp_gain":0,"max_hp_loss":0,"event_name":"Scrap Ooze","floor":12,"gold_loss":0},{"damage_healed":0,"gold_gain":0,"player_choice":"Ignored","damage_taken":0,"max_hp_gain":0,"max_hp_loss":0,"event_name":"Shining Light","floor":13,"gold_loss":0}],"is_beta":false,"boss_relics":[],"items_purged_floors":[4,11],"is_endless":false,"potions_floor_spawned":[2,3,14],"killed_by":"Slime Boss","ascension_level":20}}