{"host":"y080dcqw8fj32q7d","time":1613421602,"event":{"mods":["AchievementEnabler","BaseMod","Colored Map","Colored Powertips","DeckTracker","Minty Spire (QoL Compilation)","Relic Sorter"],"gold_per_floor":[20,39,39,53,53,78,97,125,125,6,21,32,61,74,74,74,74],"floor_reached":16,"language":"ENG","playtime":990,"items_purged":[],"score":143,"play_id":"ce1aa2ee-1a17-43f3-8574-581d724ada95","local_time":"20210215234002","is_ascension_mode":true,"campfire_choices":[{"floor":15,"key":"REST"}],"circlet_count":0,"master_deck":["Strike_R","Strike_R","Strike_R","Defend_R","Defend_R","Defend_R","Bash","Iron Wave","Dual Wield","Infernal Blade","Pommel Strike","Twin Strike","Double Tap","Cleave","Headbutt","Feed","Shrug It Off"],"relics":["Burning Blood","Gambling Chip","Bag of Marbles","Self Forming Clay","Incense Burner"],"acts_visited":["Exordium"],"potions_floor_usage":[6,8,8,14],"damage_taken":[{"damage":15,"enemies":"2 Louse","floor":1,"turns":3},{"damage":3,"enemies":"Small Slimes","floor":2,"turns":2},{"damage":1,"enemies":"Cultist","floor":4,"turns":3},{"damage":8,"enemies":"Gremlin Nob","floor":6,"turns":3},{"damage":14,"enemies":"Blue Slaver","floor":7,"turns":7},{"damage":48,"enemies":"Lagavulin","floor":8,"turns":7},{"damage":2,"enemies":"Exordium Wildlife","floor":11,"turns":3},{"damage":0,"enemies":"Lots of Slimes","floor":12,"turns":1},{"damage":27,"enemies":"Gremlin Nob","floor":13,"turns":4},{"damage":6,"enemies":"Large Slime","floor":14,"turns":4},{"damage":58,"enemies":"Slime Boss","floor":16,"turns":7}],"seed_played":"-5359523398727924918","potions_obtained":[{"floor":4,"key":"DistilledChaos"},{"floor":6,"key":"Regen Potion"},{"floor":7,"key":"DistilledChaos"},{"floor":11,"key":"Dexterity Potion"}],"is_trial":false,"path_per_floor":["M","M","?","M","?","E","M","E","T","$","M","M","E","M","R","B"],"character_chosen":"IRONCLAD","items_purchased":["Double Tap","Cleave"],"campfire_rested":1,"item_purchase_floors":[10,10],"current_hp_per_floor":[71,74,74,79,72,70,62,34,34,34,38,44,23,26,50,0,0],"gold":74,"neow_bonus":"TRANSFORM_TWO_CARDS","is_daily":false,"chose_seed":false,"campfire_upgraded":0,"win_rate":0.0,"timestamp":1613421602,"path_taken":["M","M","?","M","?","E","M","E","T","$","M","M","E","M","R","BOSS"],"items_purchased_type":["Card","Card"],"build_version":"2020-12-22","purchased_purges":0,"victory":false,"max_hp_per_floor":[80,80,80,80,80,80,80,80,80,80,80,80,80,83,83,83,83],"card_choices":[{"not_picked":["Perfected Strike","Uppercut"],"picked":"Infernal Blade","floor":1},{"not_picked":["Battle Trance","Flex"],"picked":"Pommel Strike","floor":2},{"not_picked":["Hemokinesis","Perfected Strike","Reckless Charge"],"picked":"SKIP","floor":4},{"not_picked":["Barricade","Combust","Armaments"],"picked":"SKIP","floor":6},{"not_picked":["Flame Barrier","Havoc"],"picked":"Twin Strike","floor":7},{"not_picked":["Havoc","Heavy Blade","Reckless Charge"],"picked":"SKIP","floor":8},{"not_picked":["Thunderclap","Dark Embrace","Clash"],"picked":"SKIP","floor":11},{"not_picked":["Twin Strike","Thunderclap"],"picked":"Headbutt","floor":12},{"not_picked":["Clash","Rage"],"picked":"Feed","floor":13},{"not_picked":["Headbutt","Fire Breathing"],"picked":"Shrug It Off","floor":14}],"player_experience":317699,"relics_obtained":[{"floor":6,"key":"Gambling Chip"},{"floor":8,"key":"Bag of Marbles"},{"floor":9,"key":"Self Forming Clay"},{"floor":13,"key":"Incense Burner"}],"event_choices":[{"damage_healed":0,"gold_gain":0,"player_choice":"Leave","damage_taken":0,"max_hp_gain":0,"max_hp_loss":0,"event_name":"The Cleric","floor":3,"gold_loss":0},{"cards_removed":["Strike_R"],"damage_healed":0,"gold_gain":0,"player_choice":"Card Removal","damage_taken":7,"max_hp_gain":0,"max_hp_loss":0,"event_name":"Golden Wing","floor":5,"gold_loss":0}],"is_beta":false,"boss_relics":[],"items_purged_floors":[],"is_endless":false,"potions_floor_spawned":[4,6,7,11],"killed_by":"Slime Boss","ascension_level":3}}