{"host":"f5gffvlv6a66yqkd","time":1613372445,"event":{"mods":["2.2 Compatiblity","BaseMod","Colored Map","Custom Start","DeckTracker","Keyboard Shortcuts","Minty Spire (QoL Compilation)","Permanent Neow","Quick Restart","Relic Stats","StSLib","SuperFastMode"],"gold_per_floor":[116,86,97,27,27,53,53,3,56,56,84,84,104,122,122,122,122],"floor_reached":16,"language":"KOR","playtime":332,"items_purged":[],"score":151,"play_id":"f6a7fc4e-7547-44ae-8e15-76a0bd45c565","local_time":"20210215160045","is_ascension_mode":true,"campfire_choices":[{"data":"Eruption","floor":7.0,"key":"SMITH"},{"data":"TalkToTheHand","floor":10.0,"key":"SMITH"},{"data":"Prostrate","floor":12,"key":"SMITH"},{"data":"EmptyMind","floor":15,"key":"SMITH"}],"circlet_count":0,"master_deck":["Strike_P","Strike_P","Strike_P","Defend_P","Defend_P","Defend_P","Defend_P","Eruption+1","Vigilance","Prostrate+1","EmptyMind+1","Consecrate","TalkToTheHand+1","FlurryOfBlows","FearNoEvil"],"relics":["PureWater","Shovel","StrikeDummy"],"acts_visited":["Exordium"],"potions_floor_usage":[11,16],"damage_taken":[{"damage":2.0,"enemies":"Jaw Worm","floor":1.0,"turns":6.0},{"damage":3.0,"enemies":"Cultist","floor":3.0,"turns":4.0},{"damage":28.0,"enemies":"3 Sentries","floor":6.0,"turns":10.0},{"damage":15,"enemies":"Gremlin Nob","floor":11,"turns":4},{"damage":0,"enemies":"Small Slimes","floor":13,"turns":2},{"damage":0,"enemies":"Blue Slaver","floor":14,"turns":1},{"damage":17,"enemies":"Hexaghost","floor":16,"turns":9}],"seed_played":"2998829774165510570","potions_obtained":[{"floor":1.0,"key":"EssenceOfSteel"},{"floor":2.0,"key":"StancePotion"},{"floor":2.0,"key":"DuplicationPotion"},{"floor":11,"key":"Block Potion"},{"floor":13,"key":"FearPotion"}],"is_trial":false,"path_per_floor":["M","?","M","$","?","E","R","?","T","R","E","R","M","M","R","B"],"character_chosen":"WATCHER","items_purchased":["TalkToTheHand"],"campfire_rested":0,"item_purchase_floors":[4],"current_hp_per_floor":[63,63,60,60,60,32,32,32,32,32,17,17,17,17,17,0,0],"gold":122,"neow_bonus":"THREE_CARDS","is_daily":false,"chose_seed":false,"campfire_upgraded":4,"win_rate":0.0,"timestamp":1613372445,"path_taken":["M","?","M","?","?","E","R","?","T","R","E","R","?","M","R","BOSS"],"items_purchased_type":["Card"],"build_version":"2020-12-22","purchased_purges":0,"victory":false,"max_hp_per_floor":[72,72,72,72,72,72,72,72,72,72,72,72,72,72,72,72,72],"relic_stats":{"Shovel":0,"counters":[7,36],"obtain_stats":[{"Shovel":6,"PureWater":0,"StrikeDummy":11},{"Shovel":3,"PureWater":0,"StrikeDummy":4},{"Shovel":20,"PureWater":0,"StrikeDummy":24}]},"card_choices":[{"not_picked":["Consecrate","CrushJoints"],"picked":"Prostrate","floor":0.0},{"not_picked":["ThirdEye","Indignation"],"picked":"EmptyMind","floor":1.0},{"not_picked":["Collect","Crescendo"],"picked":"Consecrate","floor":3.0},{"not_picked":["Weave","Swivel"],"picked":"FlurryOfBlows","floor":6.0},{"not_picked":["Consecrate","Perseverance","Indignation"],"picked":"SKIP","floor":11},{"not_picked":["Consecrate","Perseverance","Indignation"],"picked":"SKIP","floor":11},{"not_picked":["Crescendo","Meditate"],"picked":"FearNoEvil","floor":13},{"not_picked":["Perseverance","FlurryOfBlows","CrushJoints"],"picked":"SKIP","floor":14}],"player_experience":1472752,"relics_obtained":[{"floor":6.0,"key":"Shovel"},{"floor":11,"key":"StrikeDummy"}],"event_choices":[{"damage_healed":0.0,"max_hp_gain":0.0,"max_hp_loss":0.0,"gold_gain":0.0,"event_name":"The Woman in Blue","player_choice":"Bought 2 Potions","floor":2.0,"gold_loss":0.0,"damage_taken":0.0},{"damage_healed":0.0,"max_hp_gain":0.0,"max_hp_loss":0.0,"gold_gain":0.0,"event_name":"Liars Game","player_choice":"Ignored","floor":5.0,"gold_loss":0.0,"damage_taken":0.0},{"cards_removed":["Strike_P"],"damage_healed":0.0,"max_hp_gain":0.0,"max_hp_loss":0.0,"gold_gain":0.0,"event_name":"The Cleric","player_choice":"Card Removal","floor":8.0,"gold_loss":50.0,"damage_taken":0.0}],"is_beta":false,"boss_relics":[],"items_purged_floors":[],"is_endless":false,"potions_floor_spawned":[1,11,13],"killed_by":"Hexaghost","ascension_level":8}}