{"host":"kpyf5rnb72uwap8k","time":1613420220,"event":{"mods":["AchievementEnabler","BaseMod","Colored Map","Colored Powertips","DeckTracker","Minty Spire (QoL Compilation)","Permanent Neow","Quick Restart","StSLib","SuperFastMode"],"gold_per_floor":[110,285,9,27,43,73,73,99,99,99,134,134,134,161,161,256,256,270,37,64,64,64,64],"floor_reached":22,"language":"KOR","playtime":602,"items_purged":["Doubt","Strike_G"],"score":270,"play_id":"2f52c04a-f21e-4c5b-8ee5-e893010133a6","local_time":"20210216051700","is_ascension_mode":true,"campfire_choices":[{"data":"Dagger Spray","floor":7,"key":"SMITH"},{"data":"Riddle With Holes","floor":10,"key":"SMITH"},{"floor":13,"key":"REST"},{"data":"Neutralize","floor":15,"key":"SMITH"}],"circlet_count":0,"master_deck":["Strike_G","Strike_G","Strike_G","Defend_G","Defend_G","Defend_G","Defend_G","Defend_G","Survivor","Neutralize+1","Dagger Spray","Dagger Spray+1","Slice","Slice","Riddle With Holes+1","Dagger Throw+1","Neutralize+1","Phantasmal Killer","CurseOfTheBell","Panacea","Footwork+1"],"relics":["Ring of the Snake","Sling","Pantograph","Nunchaku","Paper Crane","Molten Egg 2","Question Card","Calling Bell","CeramicFish","Blue Candle","The Specimen"],"acts_visited":["Exordium","TheCity"],"potions_floor_usage":[8,16,22,22],"damage_taken":[{"damage":4,"enemies":"2 Louse","floor":1,"turns":4},{"damage":3,"enemies":"Small Slimes","floor":4,"turns":3},{"damage":0,"enemies":"Cultist","floor":5,"turns":3},{"damage":2,"enemies":"3 Sentries","floor":6,"turns":4},{"damage":10,"enemies":"Lagavulin","floor":8,"turns":5},{"damage":7,"enemies":"3 Sentries","floor":11,"turns":5},{"damage":0,"enemies":"Gremlin Nob","floor":14,"turns":2},{"damage":35,"enemies":"Hexaghost","floor":16,"turns":13},{"damage":19,"enemies":"Chosen","floor":18,"turns":5},{"damage":37,"enemies":"2 Thieves","floor":20,"turns":4},{"damage":16,"enemies":"Snecko","floor":22,"turns":8}],"seed_played":"-7190182195470168238","potions_obtained":[{"floor":1,"key":"SpeedPotion"},{"floor":4,"key":"GamblersBrew"},{"floor":11,"key":"EssenceOfSteel"}],"is_trial":false,"path_per_floor":["M","?","$","M","M","E","R","E","T","R","E","?","R","E","R","B",null,"M","$","M","?","M"],"character_chosen":"THE_SILENT","items_purchased":["Dagger Spray","Sling","Swift Potion","Panacea"],"campfire_rested":1,"item_purchase_floors":[3,3,19,19],"current_hp_per_floor":[66,66,66,63,63,61,61,51,51,51,44,44,65,65,65,35,70,51,51,14,14,0,0],"gold":64,"neow_bonus":"REMOVE_CARD","is_daily":false,"chose_seed":false,"campfire_upgraded":3,"win_rate":0.0,"timestamp":1613420220,"path_taken":["M","?","$","M","M","E","R","E","T","R","E","?","R","E","R","BOSS","M","$","M","?","M"],"items_purchased_type":["Card","Relic","Potion","Card"],"build_version":"2020-12-22","purchased_purges":2,"victory":false,"max_hp_per_floor":[70,70,70,70,70,70,70,70,70,70,70,70,70,70,70,70,70,70,70,70,70,70,70],"card_choices":[{"not_picked":["Infinite Blades","Cloak And Dagger"],"picked":"Dagger Spray","floor":1},{"not_picked":["Sucker Punch","Masterful Stab"],"picked":"Slice","floor":4},{"not_picked":["PiercingWail","Acrobatics","Accuracy"],"picked":"SKIP","floor":5},{"not_picked":["Distraction","Poisoned Stab"],"picked":"Slice","floor":6},{"not_picked":["Tactician","Poisoned Stab"],"picked":"Riddle With Holes","floor":8},{"not_picked":["Sucker Punch+1","Heel Hook+1"],"picked":"Dagger Throw+1","floor":11},{"not_picked":["Finisher+1","Dodge and Roll","Outmaneuver"],"picked":"SKIP","floor":14},{"not_picked":["Corpse Explosion","Tools of the Trade","After Image"],"picked":"Phantasmal Killer","floor":16},{"not_picked":["Sucker Punch+1","Finisher+1","Concentrate+1","Reflex"],"picked":"SKIP","floor":18},{"not_picked":["Blade Dance+1","Underhanded Strike+1","Well Laid Plans"],"picked":"Footwork+1","floor":20}],"player_experience":278220,"relics_obtained":[{"floor":6,"key":"Pantograph"},{"floor":8,"key":"Nunchaku"},{"floor":9,"key":"Paper Crane"},{"floor":11,"key":"Molten Egg 2"},{"floor":14,"key":"Question Card"},{"floor":17,"key":"CeramicFish"},{"floor":17,"key":"Blue Candle"},{"floor":17,"key":"The Specimen"}],"event_choices":[{"damage_healed":0,"gold_gain":175,"player_choice":"AGREE","damage_taken":0,"max_hp_gain":0,"max_hp_loss":0,"event_name":"Liars Game","floor":2,"gold_loss":0,"cards_obtained":["Doubt"]},{"damage_healed":0,"gold_gain":0,"player_choice":"1 cards matched","damage_taken":0,"max_hp_gain":0,"max_hp_loss":0,"event_name":"Match and Keep!","floor":12,"gold_loss":0,"cards_obtained":["Neutralize"]},{"damage_healed":0,"gold_gain":0,"player_choice":"0 cards matched","damage_taken":0,"max_hp_gain":0,"max_hp_loss":0,"event_name":"Match and Keep!","floor":21,"gold_loss":0,"cards_obtained":[]}],"is_beta":false,"boss_relics":[{"not_picked":["Runic Dome","Fusion Hammer"],"picked":"Calling Bell"}],"items_purged_floors":[3,19],"is_endless":false,"potions_floor_spawned":[1,4,11],"killed_by":"Snecko","ascension_level":3}}