{"host":"5wwct7e0z3l0f094","time":1613368740,"event":{"mods":["AchievementEnabler","BaseMod","Downfall","Highlight Path","Minty Spire (QoL Compilation)","StSLib","SuperFastMode"],"gold_per_floor":[99,112,126,111,211,52,52,81,81,99,99,129,29,42,56,154,154,154,177,188,188,288,88,88,123,123,123,139,171,200,29,40,40,40,40],"floor_reached":33,"language":"ENG","playtime":4400,"items_purged":[],"score":310,"play_id":"7d833da1-f053-44f3-896b-78e0b796d43f","local_time":"20210215005900","is_ascension_mode":false,"campfire_choices":[{"data":"champ:Taunt","floor":1.0,"key":"SMITH"},{"floor":11.0,"key":"REST"},{"floor":13.0,"key":"REST"},{"floor":18.0,"key":"RECALL"},{"data":"champ:RisingSlash","floor":23.0,"key":"SMITH"},{"floor":27.0,"key":"REST"}],"circlet_count":0,"master_deck":["champ:Strike","champ:Strike","champ:Strike","champ:Strike","champ:Defend","champ:Defend","champ:Defend","champ:Defend","champ:Execute","champ:Taunt+1","champ:PreciseThrust","champ:DefensiveShout","champ:HeartStrike","champ:RisingSlash+1","champ:Encircle","champ:CalledShot","champ:GutPunch","champ:GutPunch","champ:TripleStrike","CurseOfTheBell","champ:Duel+1","champ:CheapShot","champ:StanceDance"],"relics":["champ:ChampionCrown","CloakClasp","Ancient Tea Set","Turnip","Smiling Mask","Odd Mushroom","downfall:HeartBlessingBlue","Calling Bell","CeramicFish","Kunai","Du-Vu Doll","champ:FightingForDummies","downfall:HeartBlessingRed","downfall:HeartBlessingGreen","Nunchaku","PreservedInsect","FossilizedHelix","Bag of Marbles"],"acts_visited":["Exordium","TheCity"],"potions_floor_usage":[33,33,33],"damage_taken":[{"damage":10.0,"enemies":"Cultist","floor":2.0,"turns":4.0},{"damage":10.0,"enemies":"2 Louse","floor":3.0,"turns":3.0},{"damage":0.0,"enemies":"downfall:FleeingMerchant","floor":4.0,"turns":4.0},{"damage":69.0,"enemies":"downfall:FleeingMerchant","floor":5.0,"turns":9.0},{"damage":4.0,"enemies":"downfall:FleeingMerchant","floor":6.0,"turns":4.0},{"damage":51.0,"enemies":"3 Sentries","floor":8.0,"turns":9.0},{"damage":10.0,"enemies":"Small Slimes","floor":10.0,"turns":2.0},{"damage":28.0,"enemies":"The Mushroom Lair","floor":12.0,"turns":4.0},{"damage":5.0,"enemies":"Exordium Wildlife","floor":14.0,"turns":2.0},{"damage":1.0,"enemies":"Blue Slaver","floor":15.0,"turns":2.0},{"damage":84.0,"enemies":"WA_ARCHETYPE_RETAIN","floor":16.0,"turns":7.0},{"damage":15.0,"enemies":"Shell Parasite","floor":19.0,"turns":2.0},{"damage":38.0,"enemies":"Spheric Guardian","floor":20.0,"turns":4.0},{"damage":39.0,"enemies":"Slavers","floor":25.0,"turns":4.0},{"damage":20.0,"enemies":"Centurion and Healer","floor":28.0,"turns":5.0},{"damage":16.0,"enemies":"Book of Stabbing","floor":29.0,"turns":4.0},{"damage":10.0,"enemies":"3 Cultists","floor":30.0,"turns":5.0},{"damage":5.0,"enemies":"downfall:FleeingMerchant","floor":31.0,"turns":4.0},{"damage":10.0,"enemies":"Snecko","floor":32.0,"turns":3.0},{"damage":107,"enemies":"DF_ARCHETYPE_CLAW","floor":33,"turns":7}],"seed_played":"2886440729704936876","potions_obtained":[{"floor":3.0,"key":"ColorlessPotion"},{"floor":12.0,"key":"Fire Potion"},{"floor":14.0,"key":"Block Potion"},{"floor":16.0,"key":"Strength Potion"},{"floor":19.0,"key":"Ancient Potion"},{"floor":28.0,"key":"bronze:BurnAndBuffPotion"},{"floor":32.0,"key":"Block Potion"}],"is_trial":false,"path_per_floor":["R","M","M","$","?","$","T","E","?","M","R","?","R","M","M","B",null,"R","M","M","?","?","R","T","E","?","R","M","E","M","$","M","B"],"character_chosen":"THE_CHAMP","items_purchased":["Ancient Tea Set","Bag of Marbles"],"campfire_rested":3,"item_purchase_floors":[6,31],"current_hp_per_floor":[99,99,99,99,65,61,61,40,28,28,57,39,81,81,80,41,109,109,109,96,96,96,96,96,72,50,84,84,83,93,93,98,0,0,0],"gold":40,"neow_bonus":"TEN_PERCENT_HP_BONUS","is_daily":false,"chose_seed":false,"campfire_upgraded":2,"win_rate":0.0,"timestamp":1613368740,"path_taken":["R","M","?","$","?","$","T","E","?","M","R","?","R","?","M","BOSS","R","M","M","?","?","R","T","E","?","R","M","E","M","$","M","BOSS"],"items_purchased_type":["Relic","Relic"],"build_version":"2020-12-22","purchased_purges":0,"victory":false,"max_hp_per_floor":[99,99,99,99,99,99,99,99,99,99,99,99,109,109,109,109,109,109,109,109,109,109,109,109,109,114,114,114,114,114,114,114,114,114,114],"card_choices":[{"not_picked":["champ:BringItOn","champ:PreemptiveStrike"],"picked":"champ:PreciseThrust","floor":2.0},{"not_picked":["champ:RapidStrikes","champ:Endure"],"picked":"champ:DefensiveShout","floor":3.0},{"not_picked":["champ:TornadoPunch","champ:Circumvent","champ:DefensiveShout"],"picked":"SKIP","floor":4.0},{"not_picked":["champ:SkillfulDodge","champ:DefensiveShout"],"picked":"champ:HeartStrike","floor":5.0},{"not_picked":["champ:Circumvent","champ:BerserkersShout"],"picked":"champ:RisingSlash","floor":6.0},{"not_picked":["champ:Parry","champ:DeathBlow"],"picked":"champ:Encircle","floor":8.0},{"not_picked":["champ:Parry","champ:Lariat"],"picked":"champ:CalledShot","floor":10.0},{"not_picked":["champ:TornadoPunch","champ:BerserkersShout"],"picked":"champ:GutPunch","floor":12.0},{"not_picked":["champ:BringItOn","champ:ShieldWall","champ:GladiatorStyle"],"picked":"SKIP","floor":14.0},{"not_picked":["champ:HeartStrike","champ:CrownThrow"],"picked":"champ:GutPunch","floor":15.0},{"not_picked":["champ:IgnorePain","champ:MurderStrike"],"picked":"champ:TripleStrike","floor":16.0},{"not_picked":["champ:Circumvent","champ:SetATrap"],"picked":"champ:Duel+1","floor":19.0},{"not_picked":["champ:EnGarde","champ:BerserkersShout","champ:DeathBlow"],"picked":"SKIP","floor":20.0},{"not_picked":["champ:GladiatorStyle","champ:Backstep"],"picked":"champ:CheapShot","floor":25.0},{"not_picked":["champ:SetATrap","champ:Haymaker","champ:PreciseThrust+1"],"picked":"SKIP","floor":28.0},{"not_picked":["champ:GladiatorStyle+1","champ:EnGarde","champ:Lariat+1"],"picked":"SKIP","floor":29.0},{"not_picked":["champ:DancingMaster","champ:SkillfulDodge"],"picked":"champ:StanceDance","floor":30.0},{"not_picked":["champ:Lariat+1","champ:CrookedStrike","champ:Improvising"],"picked":"SKIP","floor":31.0},{"not_picked":["champ:DefensiveShout","champ:Parry","champ:Endure"],"picked":"SKIP","floor":32.0}],"player_experience":317991,"relics_obtained":[{"floor":5.0,"key":"CloakClasp"},{"floor":8.0,"key":"Turnip"},{"floor":12.0,"key":"Odd Mushroom"},{"floor":17.0,"key":"CeramicFish"},{"floor":17.0,"key":"Kunai"},{"floor":17.0,"key":"Du-Vu Doll"},{"floor":24.0,"key":"Nunchaku"},{"floor":25.0,"key":"PreservedInsect"},{"floor":29.0,"key":"FossilizedHelix"}],"event_choices":[{"damage_healed":0.0,"max_hp_gain":0.0,"max_hp_loss":0.0,"gold_gain":0.0,"event_name":"Scrap Ooze","player_choice":"Success","floor":9.0,"gold_loss":0.0,"damage_taken":12.0,"relics_obtained":["Smiling Mask"]},{"damage_healed":0.0,"max_hp_gain":0.0,"max_hp_loss":0.0,"gold_gain":0.0,"event_name":"Mushrooms","player_choice":"Fought Mushrooms","floor":12.0,"gold_loss":0.0,"damage_taken":0.0}],"is_beta":false,"boss_relics":[{"not_picked":["Pandora\u0027s Box","Velvet Choker"],"picked":"Calling Bell"}],"items_purged_floors":[],"is_endless":false,"potions_floor_spawned":[3,12,14,16,19,28,32],"killed_by":"DF_ARCHETYPE_CLAW","ascension_level":0}}