{"host":"3twtdwjpiqhvvn5s","time":1613352348,"event":{"mods":["AchievementEnabler","Act Like it!","Aspiration","BaseMod","BetterRewards","Colored Map","Colored Powertips","Downfall","Duelist Mod","Friendly Minions","GifTheSpireLib","Hermit","Hubris","Infinite Spire","Jorbs\u0027s Wanderer Trilogy","Koishi","KomeijiMod","Marisa????????","Minty Spire (QoL Compilation)","Quick Restart","Rare Cards Sparkle","Replay The Spire","Shop Mod","StSLib","Td1madao Mod","The Administrix","The Animator","The Bug Knight","The Caster","The Cursed","The Disciple","The Hierophant","The Necromancer","The Poker Player","The Runesmith","The Servant 0.9.4"],"gold_per_floor":[110,121,136,147,3,38,38,65,135,135,135],"floor_reached":10,"language":"ENG","playtime":1568,"items_purged":["KidneyShot"],"score":78,"play_id":"ffbaf29d-bb83-462b-a2a6-6f96ec287613","local_time":"20210214192548","daily_mods":["Vintage","Elite Swarm"],"is_ascension_mode":false,"campfire_choices":[{"floor":7,"key":"REST"}],"circlet_count":0,"master_deck":["Strike_S","Strike_S","Strike_S","Strike_S","Defend_S","Defend_S","Defend_S","Defend_S","Exchange","BestPractice","Embodiment","Duplication"],"relics":["Uniform","WingedGreaves","Pantograph","Replay:Arrowhead","aspiration:SeaSaltIceCream","ReplayTheSpireMod:Ring of Addiction","Potion Belt","hubris:EmptyBottle","Letter Opener","Boot","infinitespire:Broken Mirror"],"acts_visited":["Exordium"],"potions_floor_usage":[3,6,6,6,6,8,8,8,8,8,8],"damage_taken":[{"damage":1,"enemies":"Cultist","floor":1,"turns":4},{"damage":10,"enemies":"Jaw Worm","floor":2,"turns":6},{"damage":3,"enemies":"2 Louse","floor":3,"turns":4},{"damage":6,"enemies":"Blue Slaver","floor":4,"turns":5},{"damage":16,"enemies":"Gremlin Nob","floor":6,"turns":4},{"damage":27,"enemies":"3 Sentries","floor":8,"turns":8},{"damage":34,"enemies":"Gremlin Nob","floor":10,"turns":3}],"seed_played":"-3804482467101351399","potions_obtained":[{"floor":2,"key":"bronze:BurnAndBuffPotion"},{"floor":4,"key":"PowerPotion"},{"floor":4,"key":"Fire Potion"},{"floor":4,"key":"Swift Potion"},{"floor":4,"key":"Reflective Coating"},{"floor":6,"key":"hexamod:SoulburnPotion"}],"is_trial":true,"path_per_floor":["M","M","M","M","$","E","R","E","T","E"],"character_chosen":"THE_SERVANT","items_purchased":["BestPractice"],"campfire_rested":1,"item_purchase_floors":[5],"current_hp_per_floor":[64,54,51,45,45,29,48,21,21,0,0],"gold":135,"neow_bonus":"","is_daily":false,"chose_seed":false,"campfire_upgraded":0,"win_rate":0.0,"timestamp":1613352348,"path_taken":["M","M","M","M","$","E","R","E","T","E"],"items_purchased_type":["Card"],"build_version":"2020-12-22","purchased_purges":1,"victory":false,"max_hp_per_floor":[65,65,65,65,65,65,65,65,65,65,65],"card_choices":[{"not_picked":["Dilation","Sunlight"],"picked":"Embodiment","floor":6},{"not_picked":["caster:SunGoddessAmaterasu","caster:Ifrit"],"picked":"Duplication","floor":8}],"player_experience":2975042,"relics_obtained":[{"floor":1,"key":"WingedGreaves"},{"floor":2,"key":"Pantograph"},{"floor":3,"key":"Replay:Arrowhead"},{"floor":4,"key":"aspiration:SeaSaltIceCream"},{"floor":4,"key":"Potion Belt"},{"floor":4,"key":"hubris:EmptyBottle"},{"floor":6,"key":"Letter Opener"},{"floor":8,"key":"Boot"},{"floor":9,"key":"infinitespire:Broken Mirror"}],"event_choices":[],"is_beta":false,"boss_relics":[],"items_purged_floors":[5],"is_endless":false,"potions_floor_spawned":[2,4,6],"killed_by":"Gremlin Nob","ascension_level":0}}