{"host":"pf5oese4ka0eje7d","time":1613413265,"event":{"mods":["AchievementEnabler","Aspiration","BaseMod","Colored Map","JesterMod","Minty Spire (QoL Compilation)","StSLib","SuperFastMode"],"gold_per_floor":[119,119,119,130,15,41,41,67,120,120,120,120,120,132,132,234,234,247,267,267,267,18,52,151,28,28,40,40,40,63,73,73,178,178,194,206,6,21,36,65,65,96,96,108,108,143,143,193,193,193],"floor_reached":51,"language":"FRA","playtime":1110,"items_purged":["Strike_G","Strike_G","Strike_G"],"score":1138,"play_id":"c8d635ee-6516-4ae3-b140-35705bdf72fc","local_time":"20210215192105","is_ascension_mode":true,"campfire_choices":[{"data":"Neutralize","floor":7,"key":"SMITH"},{"floor":11,"key":"REST"},{"data":"Cloak And Dagger","floor":13,"key":"SMITH"},{"floor":15,"key":"REST"},{"floor":29,"key":"DIG"},{"floor":32,"key":"REST"},{"floor":41,"key":"REST"},{"floor":45,"key":"REST"},{"data":"Accuracy","floor":49,"key":"SMITH"}],"circlet_count":0,"master_deck":["Strike_G","Defend_G","Defend_G","Defend_G","Defend_G+1","Defend_G","Survivor","Neutralize+1","Blade Dance+1","Cloak And Dagger+1","Finisher","Terror+1","Sucker Punch","Dagger Spray","CurseOfTheBell","Blade Dance","Accuracy","Blade Dance","Accuracy","Blade Dance","Adrenaline","Accuracy+1","Blade Dance+1","Choke","Infinite Blades+1","Normality","Blade Dance+1","Panache"],"relics":["Ring of the Snake","NeowsBlessing","Dream Catcher","Mummified Hand","Blue Candle","Centennial Puzzle","Calling Bell","Bag of Marbles","Sundial","Unceasing Top","MutagenicStrength","MealTicket","War Paint","Shovel","Lizard Tail","Bronze Scales","Cursed Key","Orichalcum","Happy Flower","Kunai","Incense Burner","Ice Cream"],"acts_visited":["Exordium","TheCity","TheBeyond"],"potions_floor_usage":[40,50,50,50],"damage_taken":[{"damage":0,"enemies":"2 Louse","floor":1,"turns":1},{"damage":0,"enemies":"Small Slimes","floor":4,"turns":1},{"damage":0,"enemies":"Gremlin Nob","floor":6,"turns":1},{"damage":31,"enemies":"Lagavulin","floor":8,"turns":8},{"damage":0,"enemies":"Cultist","floor":14,"turns":2},{"damage":10,"enemies":"Slime Boss","floor":16,"turns":6},{"damage":8,"enemies":"Chosen","floor":18,"turns":3},{"damage":14,"enemies":"2 Thieves","floor":19,"turns":3},{"damage":7,"enemies":"Slavers","floor":23,"turns":3},{"damage":10,"enemies":"Snake Plant","floor":27,"turns":2},{"damage":0,"enemies":"Cultist and Chosen","floor":31,"turns":2},{"damage":29,"enemies":"Collector","floor":33,"turns":6},{"damage":0,"enemies":"3 Darklings","floor":35,"turns":1},{"damage":0,"enemies":"Orb Walker","floor":36,"turns":1},{"damage":0,"enemies":"Sphere and 2 Shapes","floor":38,"turns":2},{"damage":0,"enemies":"Spire Growth","floor":39,"turns":2},{"damage":32,"enemies":"Nemesis","floor":40,"turns":3},{"damage":15,"enemies":"Reptomancer","floor":42,"turns":3},{"damage":8,"enemies":"4 Shapes","floor":44,"turns":1},{"damage":0,"enemies":"Giant Head","floor":46,"turns":3},{"damage":0,"enemies":"2 Orb Walkers","floor":48,"turns":1},{"damage":51,"enemies":"Awakened One","floor":50,"turns":6}],"seed_played":"4837637772779057773","potions_obtained":[{"floor":14,"key":"SpeedPotion"},{"floor":18,"key":"Dexterity Potion"},{"floor":19,"key":"Explosive Potion"},{"floor":35,"key":"AttackPotion"},{"floor":42,"key":"GhostInAJar"},{"floor":44,"key":"CunningPotion"}],"is_trial":false,"path_per_floor":["M","?","?","M","$","E","R","E","T","?","R","?","R","M","R","B",null,"M","M","?","?","$","E","?","$","T","M","?","R","T","M","R","B",null,"M","M","$","M","M","E","R","E","T","M","R","E","?","?","R","B",null],"character_chosen":"THE_SILENT","items_purchased":["Finisher","MealTicket","Accuracy","Blade Dance","Accuracy"],"campfire_rested":5,"item_purchase_floors":[5,22,25,25,37],"current_hp_per_floor":[63,68,65,65,65,65,65,34,34,34,56,49,49,49,71,61,72,64,50,50,50,50,43,43,58,58,48,48,48,48,48,70,41,67,67,67,75,75,75,43,65,50,50,42,64,64,64,64,64,13],"gold":193,"neow_bonus":"THREE_ENEMY_KILL","is_daily":false,"chose_seed":false,"campfire_upgraded":3,"win_rate":0.0,"timestamp":1613413265,"path_taken":["M","?","?","M","$","E","R","E","T","?","R","?","R","M","R","BOSS","M","M","?","?","$","E","?","$","T","M","?","R","?","?","R","BOSS","M","M","$","M","?","E","R","E","T","M","R","E","?","?","R","BOSS"],"items_purchased_type":["Card","Relic","Card","Card","Card"],"build_version":"2020-12-22","purchased_purges":3,"victory":true,"max_hp_per_floor":[70,75,75,75,75,75,75,75,75,75,75,75,75,75,75,75,75,75,75,75,75,75,75,75,75,75,75,75,75,75,75,75,75,75,75,75,75,75,75,75,75,75,75,75,75,75,75,75,75,75],"card_choices":[{"not_picked":["Sucker Punch","Quick Slash"],"picked":"Blade Dance","floor":1},{"not_picked":["Deflect","Noxious Fumes"],"picked":"Cloak And Dagger","floor":4},{"not_picked":["Bane","Night Terror"],"picked":"Terror","floor":6},{"not_picked":["Catalyst","Underhanded Strike","All Out Attack"],"picked":"SKIP","floor":8},{"not_picked":["Acrobatics","Flying Knee"],"picked":"Sucker Punch","floor":11},{"not_picked":["Reflex","Well Laid Plans"],"picked":"Dagger Spray","floor":14},{"not_picked":["Catalyst","Quick Slash","Deflect"],"picked":"SKIP","floor":18},{"not_picked":["Reflex","Dagger Spray"],"picked":"Blade Dance","floor":19},{"not_picked":["Dagger Throw","Eviscerate","Dodge and Roll"],"picked":"SKIP","floor":23},{"not_picked":["Predator+1","Setup+1","Quick Slash"],"picked":"SKIP","floor":27},{"not_picked":["Prepared","Heel Hook+1"],"picked":"Accuracy","floor":31},{"not_picked":["Dagger Spray","Dodge and Roll"],"picked":"Blade Dance","floor":32},{"not_picked":["Phantasmal Killer","Wraith Form v2"],"picked":"Adrenaline","floor":33},{"not_picked":["Quick Slash+1","Leg Sweep","Noxious Fumes"],"picked":"SKIP","floor":35},{"not_picked":["Deadly Poison+1","Outmaneuver","Well Laid Plans"],"picked":"SKIP","floor":36},{"not_picked":["Noxious Fumes","Deflect","Reflex"],"picked":"SKIP","floor":38},{"not_picked":["Underhanded Strike+1","Reflex+1","Crippling Poison"],"picked":"SKIP","floor":39},{"not_picked":["Cloak And Dagger","Storm of Steel"],"picked":"Blade Dance+1","floor":40},{"not_picked":["Crippling Poison+1","Poisoned Stab+1"],"picked":"Choke","floor":41},{"not_picked":["Backstab","Dodge and Roll"],"picked":"Infinite Blades+1","floor":42},{"not_picked":["Heel Hook+1","Underhanded Strike","Well Laid Plans+1"],"picked":"SKIP","floor":44},{"not_picked":["Cloak And Dagger+1","Bane+1"],"picked":"Blade Dance+1","floor":45},{"not_picked":["Dagger Throw+1","Doppelganger","Slice"],"picked":"SKIP","floor":46},{"not_picked":["PanicButton","Dark Shackles"],"picked":"Panache","floor":47}],"player_experience":320266,"relics_obtained":[{"floor":6,"key":"Mummified Hand"},{"floor":8,"key":"Blue Candle"},{"floor":9,"key":"Centennial Puzzle"},{"floor":17,"key":"Bag of Marbles"},{"floor":17,"key":"Sundial"},{"floor":17,"key":"Unceasing Top"},{"floor":23,"key":"War Paint"},{"floor":29,"key":"Lizard Tail"},{"floor":30,"key":"Bronze Scales"},{"floor":40,"key":"Orichalcum"},{"floor":42,"key":"Happy Flower"},{"floor":43,"key":"Kunai"},{"floor":46,"key":"Incense Burner"},{"floor":48,"key":"Ice Cream"}],"event_choices":[{"damage_healed":0,"gold_gain":0,"player_choice":"Donut","damage_taken":0,"max_hp_gain":5,"max_hp_loss":0,"event_name":"Big Fish","floor":2,"gold_loss":0},{"damage_healed":0,"gold_gain":0,"player_choice":"Success","damage_taken":3,"relics_obtained":["Dream Catcher"],"max_hp_gain":0,"max_hp_loss":0,"event_name":"Scrap Ooze","floor":3,"gold_loss":0},{"damage_healed":0,"gold_gain":0,"player_choice":"Grow","damage_taken":0,"max_hp_gain":0,"max_hp_loss":0,"event_name":"Living Wall","floor":10,"gold_loss":0,"cards_upgraded":["Terror"]},{"cards_removed":["Strike_G"],"damage_healed":0,"gold_gain":0,"player_choice":"Card Removal","damage_taken":7,"max_hp_gain":0,"max_hp_loss":0,"event_name":"Golden Wing","floor":12,"gold_loss":0},{"damage_healed":0,"gold_gain":0,"player_choice":"Inject Mutagens","damage_taken":0,"relics_obtained":["MutagenicStrength"],"max_hp_gain":0,"max_hp_loss":0,"event_name":"Drug Dealer","floor":21,"gold_loss":0},{"damage_healed":0,"gold_gain":99,"player_choice":"Stole From Cult","damage_taken":0,"max_hp_gain":0,"max_hp_loss":0,"event_name":"Nest","floor":24,"gold_loss":0},{"damage_healed":0,"gold_gain":0,"player_choice":"Opened","damage_taken":0,"relics_obtained":["Shovel"],"max_hp_gain":0,"max_hp_loss":0,"event_name":"The Mausoleum","floor":28,"gold_loss":0},{"damage_healed":0,"gold_gain":0,"player_choice":"Memory 1","damage_taken":0,"max_hp_gain":0,"max_hp_loss":0,"event_name":"SensoryStone","floor":47,"gold_loss":0},{"damage_healed":0,"gold_gain":0,"player_choice":"Fight","damage_taken":0,"max_hp_gain":0,"max_hp_loss":0,"event_name":"Mysterious Sphere","floor":48,"gold_loss":0}],"is_beta":false,"boss_relics":[{"not_picked":["Pandora\u0027s Box","aspiration:PoetsPen_weak"],"picked":"Calling Bell"},{"not_picked":["aspiration:DefectSkillbook","Velvet Choker"],"picked":"Cursed Key"}],"items_purged_floors":[5,22,37],"is_endless":false,"potions_floor_spawned":[14,18,19,35,38,42,44],"ascension_level":8}}