{"host":"vrsxkkch9ccrec7k","time":1613362541,"event":{"mods":["Act Like it!","BaseMod","Bestiary","Better Altar","Better Match","Better Note","Better Sensory Stone","Better Skull","Better Third Choice","Better Vampires","Downfall","Minty Spire (QoL Compilation)","Permanent Neow","Relic Stats","Spicy Shops","StSLib"],"gold_per_floor":[99,115,126,126,140,153,180,180,200,234,264,280,280,314,324,324,324,324],"floor_reached":16,"language":"ENG","playtime":882,"items_purged":[],"score":177,"play_id":"9ceee85f-a8ad-4257-9b22-a17517cbc266","local_time":"20210214231541","is_ascension_mode":true,"campfire_choices":[{"data":"Guardian:TwinSlam","floor":1,"key":"SMITH"},{"data":"Guardian:RefractedBeam+1","floor":8,"key":"SMITH"},{"floor":13,"key":"REST"}],"circlet_count":0,"master_deck":["AscendersBane","Guardian:Strike_Guardian","Guardian:Strike_Guardian","Guardian:Strike_Guardian","Guardian:Strike_Guardian","Guardian:Defend_Guardian","Guardian:Defend_Guardian","Guardian:Defend_Guardian","Guardian:Defend_Guardian","Guardian:CurlUp","Guardian:TwinSlam+1","Guardian:TimeCapacitor","Guardian:RefractedBeam+2","Guardian:BronzeArmor","Guardian:Gem_White","Guardian:StasisField","Guardian:Gem_Purple","Guardian:TemporalShield"],"relics":["Guardian:ModeShifter","Slimebound:StickyStick","Orichalcum","hexamod:CandleOfCauterizing"],"acts_visited":["Exordium"],"potions_floor_usage":[10,14,16,16],"damage_taken":[{"damage":10,"enemies":"Cultist","floor":2,"turns":5},{"damage":4,"enemies":"Jaw Worm","floor":3,"turns":5},{"damage":0,"enemies":"Small Slimes","floor":5,"turns":2},{"damage":6,"enemies":"Blue Slaver","floor":6,"turns":4},{"damage":7,"enemies":"Exordium Thugs","floor":9,"turns":5},{"damage":11,"enemies":"3 Sentries","floor":10,"turns":7},{"damage":11,"enemies":"downfall:LooterAlt","floor":12,"turns":3},{"damage":4,"enemies":"Lagavulin","floor":14,"turns":8},{"damage":8,"enemies":"Red Slaver","floor":15,"turns":5},{"damage":37,"enemies":"WA_ARCHETYPE_RETAIN","floor":16,"turns":18}],"seed_played":"-2644479014577390821","potions_obtained":[{"floor":5,"key":"hexamod:SoulburnPotion"},{"floor":6,"key":"EssenceOfSteel"},{"floor":10,"key":"SteroidPotion"},{"floor":14,"key":"Guardian:AcceleratePotion"}],"is_trial":false,"path_per_floor":["R","M","M","?","M","M","T","R","M","E","?","M","R","E","M","B"],"character_chosen":"GUARDIAN","items_purchased":[],"campfire_rested":1,"item_purchase_floors":[],"current_hp_per_floor":[72,62,58,58,58,52,52,52,45,34,34,23,47,43,35,0,0,0],"gold":324,"neow_bonus":"RANDOM_COLORLESS","is_daily":false,"chose_seed":false,"campfire_upgraded":2,"win_rate":0.0,"timestamp":1613362541,"path_taken":["R","M","M","?","M","M","T","R","?","E","?","M","R","E","M","BOSS"],"items_purchased_type":[],"build_version":"2020-12-22","purchased_purges":0,"victory":false,"max_hp_per_floor":[80,80,80,80,80,80,80,80,80,80,80,80,80,80,80,80,80,80],"relic_stats":{"counters":[10,62],"Orichalcum":[24],"obtain_stats":[{"hexamod:CandleOfCauterizing":14,"Slimebound:StickyStick":7,"Guardian:ModeShifter":0,"Orichalcum":10},{"hexamod:CandleOfCauterizing":8,"Slimebound:StickyStick":4,"Guardian:ModeShifter":0,"Orichalcum":6},{"hexamod:CandleOfCauterizing":39,"Slimebound:StickyStick":16,"Guardian:ModeShifter":0,"Orichalcum":28}]},"card_choices":[{"not_picked":["Guardian:Incinerate","Guardian:Gem_Lightblue"],"picked":"Guardian:TimeCapacitor","floor":2},{"not_picked":["Guardian:Gem_Blue","Guardian:WalkerClaw"],"picked":"Guardian:RefractedBeam","floor":3},{"not_picked":["Guardian:Gem_Lightblue","Guardian:EvasiveProtocol"],"picked":"Guardian:Gem_Red","floor":5},{"not_picked":["Guardian:Gem_Lightblue","Guardian:Orbwalk"],"picked":"Guardian:Gem_Yellow","floor":6},{"not_picked":["Guardian:Gem_Cyan","Guardian:Suspension"],"picked":"Guardian:BronzeArmor","floor":9},{"not_picked":["Guardian:VentSteam","Guardian:TemporalStrike"],"picked":"Guardian:Gem_White","floor":10},{"not_picked":["Guardian:Gem_Purple","Guardian:RollAttack"],"picked":"Guardian:StasisField","floor":12},{"not_picked":["Guardian:BronzeOrb","Guardian:RefractedBeam"],"picked":"Guardian:Gem_Purple","floor":14},{"not_picked":["Guardian:Gem_Crimson","Guardian:CrystalBeam"],"picked":"Guardian:TemporalShield","floor":15}],"player_experience":1921651,"relics_obtained":[{"floor":7,"key":"Slimebound:StickyStick"},{"floor":10,"key":"Orichalcum"},{"floor":14,"key":"hexamod:CandleOfCauterizing"}],"event_choices":[],"is_beta":false,"boss_relics":[],"items_purged_floors":[],"is_endless":false,"potions_floor_spawned":[5,6,9,10,14],"killed_by":"WA_ARCHETYPE_RETAIN","ascension_level":11}}