{"host":"6xsbn6ynqlzwllfm","time":1613363927,"event":{"mods":["2.2 Compatiblity","BaseMod","Bestiary","Colored Map","Colored Powertips","Curses Come First","Downfall","Highlight Path","Keyboard Shortcuts","Minty Spire (QoL Compilation)","Relic Stats","Slay the Relics Exporter","StSLib","SuperFastMode"],"gold_per_floor":[99,114,125,125,142,142,214,231,251,261,261,261,261],"floor_reached":11,"language":"ENG","playtime":355,"items_purged":[],"score":107,"play_id":"e27986bd-00e7-46ab-984a-3a3addf0863c","local_time":"20210214233847","is_ascension_mode":true,"campfire_choices":[{"data":"bronze:Goto","floor":1,"key":"SMITH"},{"floor":6,"key":"RECALL"}],"circlet_count":0,"master_deck":["AscendersBane","bronze:Strike","bronze:Strike","bronze:Strike","bronze:Strike","bronze:Defend","bronze:Defend","bronze:Defend","bronze:Defend","bronze:Replicate","bronze:Goto+1","bronze:DelayedGuard","bronze:ChosenStrike","bronze:CloningBeam","bronze:Flail","bronze:BuggyMess"],"relics":["bronze:BronzeCore","bronze:BronzeIdol","Darkstone Periapt"],"acts_visited":["Exordium"],"potions_floor_usage":[9,10],"damage_taken":[{"damage":2,"enemies":"Jaw Worm","floor":2,"turns":4},{"damage":5,"enemies":"Cultist","floor":3,"turns":4},{"damage":0,"enemies":"Small Slimes","floor":5,"turns":3},{"damage":2,"enemies":"2 Fungi Beasts","floor":8,"turns":4},{"damage":14,"enemies":"Large Slime","floor":9,"turns":5},{"damage":13,"enemies":"Exordium Wildlife","floor":10,"turns":4},{"damage":30,"enemies":"Gremlin Nob","floor":11,"turns":4}],"seed_played":"-16164039393809366","potions_obtained":[{"floor":2,"key":"SkillPotion"},{"floor":3,"key":"Explosive Potion"},{"floor":4,"key":"bronze:BuildAFunctionPotion"}],"is_trial":false,"path_per_floor":["R","M","M","?","M","R","T","M","M","M","E"],"character_chosen":"THE_AUTOMATON","items_purchased":[],"campfire_rested":0,"item_purchase_floors":[],"current_hp_per_floor":[63,61,56,56,56,56,56,54,40,27,0,0,0],"gold":261,"neow_bonus":"RANDOM_COMMON_RELIC","is_daily":false,"chose_seed":false,"campfire_upgraded":1,"win_rate":0.0,"timestamp":1613363927,"path_taken":["R","M","M","?","M","R","T","?","M","M","E"],"items_purchased_type":[],"build_version":"2020-12-22","purchased_purges":0,"victory":false,"max_hp_per_floor":[70,70,70,70,70,70,70,70,70,70,70,70,70],"relic_stats":{"Darkstone Periapt":0,"counters":[7,28],"obtain_stats":[{"Darkstone Periapt":7,"bronze:BronzeCore":0,"bronze:BronzeIdol":0},{"Darkstone Periapt":3,"bronze:BronzeCore":0,"bronze:BronzeIdol":0},{"Darkstone Periapt":11,"bronze:BronzeCore":0,"bronze:BronzeIdol":0}]},"card_choices":[{"not_picked":["bronze:Repulsor","bronze:WhirlingStrike","bronze:GetLatest"],"picked":"SKIP","floor":2},{"not_picked":["bronze:Shield","bronze:Deprecate"],"picked":"bronze:DelayedGuard","floor":3},{"not_picked":["bronze:DelayedSlice","bronze:BugBarrage"],"picked":"bronze:ChosenStrike","floor":5},{"not_picked":["bronze:Turbo","bronze:Repair"],"picked":"bronze:CloningBeam","floor":8},{"not_picked":["bronze:BronzeArmor","bronze:CloningBeam"],"picked":"bronze:Flail","floor":9},{"not_picked":["bronze:Overload","bronze:Deprecate"],"picked":"bronze:BuggyMess","floor":10}],"player_experience":1788928,"relics_obtained":[{"floor":7,"key":"Darkstone Periapt"}],"event_choices":[{"damage_healed":0,"gold_gain":0,"player_choice":"Got Potions","damage_taken":0,"max_hp_gain":0,"max_hp_loss":0,"event_name":"Lab","floor":4,"gold_loss":0}],"is_beta":false,"boss_relics":[],"items_purged_floors":[],"is_endless":false,"potions_floor_spawned":[2,3,5],"killed_by":"Gremlin Nob","ascension_level":12}}