{"host":"pm6tps78s2qrawcb","time":1613392630,"event":{"mods":["BaseMod","BetterRewards","Colored Map","DeckTracker","Downfall","Hubris","Infinite Spire","Mimic Mod","Minty Spire (QoL Compilation)","Reliquary","Shop Mod","StSLib"],"gold_per_floor":[116,131,306,324,324,324,354,354,392,417,427,26,37,37,37,140,140,160,174,174,174,29,29,29,29,82,117,136,153,179,195,195,296,296,306,21,21,36,53,86,97,131,170,186,186,217,217,242,242,242,242],"floor_reached":50,"language":"ENG","playtime":3044,"items_purged":["Doubt"],"score":876,"play_id":"abcc4eb9-0468-4fce-8f2d-4c51da4c824a","local_time":"20210215123710","is_ascension_mode":true,"campfire_choices":[{"data":"Hemokinesis","floor":6,"key":"SMITH"},{"data":"Bash","floor":8,"key":"SMITH"},{"data":"Body Slam","floor":15,"key":"SMITH"},{"data":"infinitespire:UltimateForm","floor":23,"key":"SMITH"},{"data":"Sword Boomerang","floor":25,"key":"SMITH"},{"data":"Fiend Fire","floor":32,"key":"SMITH"},{"floor":47,"key":"REST"},{"floor":49,"key":"REST"}],"circlet_count":0,"master_deck":["Strike_R+1","Strike_R+1","Strike_R+1","Strike_R+1","Defend_R+1","Defend_R+1","Defend_R+1","Defend_R+1","Bash+1","Metallicize","Clash","Hemokinesis+1","Reaper","Body Slam+1","Metallicize","Sentinel+1","Fiend Fire+1","Cleave+1","Sword Boomerang+1","infinitespire:UltimateForm+1","Inflame","Spot Weakness+1","Havoc+1","Burning Pact+1","hubris:ReadiedAction+1","Bludgeon","True Grit+1","Whirlwind","Flame Barrier+1","infinitespire:Fortify+1","Entrench+1","Pommel Strike+1","Madness+1","Madness+1","Flex+1"],"relics":["Burning Blood","TheAbacus","Art of War","hubris:Icosahedron","hubris:64BitClover","reliquary:QuartzCube","reliquary:Aerogel","Toxic Egg 2","Strange Spoon","Bronze Scales","hubris:SlimyHat","hubris:Stopwatch","MerchantsRug","hubris:Teleporter","Turnip","infinitespire:Beetle Shell","hubris:CuriousFeather","Happy Flower","reliquary:SharkskinSheath"],"acts_visited":["Exordium","TheCity","TheBeyond"],"potions_floor_usage":[7,9,16,27,28,33,41,41,42,46,48],"damage_taken":[{"damage":0,"enemies":"2 Louse","floor":1,"turns":4},{"damage":1,"enemies":"Jaw Worm","floor":2,"turns":3},{"damage":3,"enemies":"Cultist","floor":4,"turns":3},{"damage":16,"enemies":"Gremlin Nob","floor":7,"turns":3},{"damage":29,"enemies":"Blue Slaver","floor":9,"turns":14},{"damage":4,"enemies":"Lagavulin","floor":10,"turns":5},{"damage":4,"enemies":"Blue Slaver","floor":11,"turns":2},{"damage":2,"enemies":"2 Fungi Beasts","floor":13,"turns":4},{"damage":21,"enemies":"Slime Boss","floor":16,"turns":12},{"damage":7,"enemies":"3 Byrds","floor":18,"turns":8},{"damage":9,"enemies":"Shell Parasite","floor":19,"turns":4},{"damage":35,"enemies":"Slavers","floor":27,"turns":7},{"damage":1,"enemies":"Snecko","floor":28,"turns":4},{"damage":0,"enemies":"Chosen and Byrds","floor":29,"turns":3},{"damage":10,"enemies":"Book of Stabbing","floor":30,"turns":4},{"damage":6,"enemies":"Centurion and Healer","floor":31,"turns":7},{"damage":21,"enemies":"hubris:MusketHawk","floor":33,"turns":6},{"damage":27,"enemies":"3 Shapes","floor":35,"turns":6},{"damage":24,"enemies":"3 Darklings","floor":38,"turns":6},{"damage":19,"enemies":"Transient","floor":39,"turns":5},{"damage":48,"enemies":"Reptomancer","floor":40,"turns":7},{"damage":5,"enemies":"Maw","floor":41,"turns":7},{"damage":70,"enemies":"Nightmare","floor":42,"turns":9},{"damage":21,"enemies":"4 Shapes","floor":43,"turns":13},{"damage":8,"enemies":"4 Shapes","floor":44,"turns":13},{"damage":5,"enemies":"Giant Head","floor":46,"turns":7},{"damage":29,"enemies":"Nemesis","floor":48,"turns":8},{"damage":55,"enemies":"Time Eater","floor":50,"turns":5}],"seed_played":"-6934571678542807933","potions_obtained":[{"floor":4,"key":"Fire Potion"},{"floor":7,"key":"SkillPotion"},{"floor":11,"key":"Guardian:BlockOnCardUsePotion"},{"floor":18,"key":"sneckomod:MuddlingPotion"},{"floor":19,"key":"hexamod:SoulburnPotion"},{"floor":28,"key":"infinitespire:BlackPotion"},{"floor":33,"key":"PowerPotion"},{"floor":39,"key":"sneckomod:MuddlingPotion"},{"floor":42,"key":"PowerPotion"},{"floor":44,"key":"Fire Potion"}],"is_trial":false,"path_per_floor":["M","M","?","M","?","R","E","R","MIM","E","M","$","M","?","R","B",null,"M","M","?","?","$","R","?","R","T","E","M","M","E","M","R","B",null,"M","$","?","M","M","E","M","NM","MIM","M","?","E","R","E","R","B"],"character_chosen":"IRONCLAD","items_purchased":["Metallicize","TheAbacus","Art of War","Metallicize","Toxic Egg 2","Strange Spoon","Whirlwind","MerchantsRug","Regen Potion"],"campfire_rested":2,"item_purchase_floors":[0,0,0,12,12,22,36,36,36],"current_hp_per_floor":[72,77,77,80,80,80,70,70,47,49,51,51,55,55,55,48,80,80,80,60,60,60,60,60,60,60,39,51,57,68,76,76,80,80,59,59,59,57,52,10,80,35,26,24,14,15,39,16,40,0,0],"gold":242,"neow_bonus":"","is_daily":false,"chose_seed":false,"campfire_upgraded":6,"win_rate":0.0,"timestamp":1613392630,"path_taken":["M","M","?","M","?","R","E","R","MIM","E","M","$","M","?","R","BOSS","M","?","?","?","$","R","?","R","T","E","M","?","E","M","R","BOSS","M","?","?","M","M","E","?","NM","MIM","M","?","E","R","E","R","BOSS"],"items_purchased_type":["Card","Relic","Relic","Card","Relic","Relic","Card","Relic","Potion"],"build_version":"2020-12-22","purchased_purges":1,"victory":false,"max_hp_per_floor":[80,80,80,80,80,80,80,80,80,80,80,80,80,80,80,80,80,80,80,80,80,80,80,80,80,80,80,80,80,80,80,80,80,80,80,80,80,80,80,80,80,80,80,80,80,80,80,80,80,80,80],"card_choices":[{"not_picked":["Infernal Blade","Second Wind"],"picked":"Clash","floor":1},{"not_picked":["hubris:ReadiedAction","Combust","Heavy Blade"],"picked":"SKIP","floor":2},{"not_picked":["hubris:SharpeningStone","hubris:CleavingFinish"],"picked":"Hemokinesis","floor":4},{"not_picked":["Clothesline","True Grit","Flex"],"picked":"SKIP","floor":7},{"not_picked":["Rampage","Twin Strike"],"picked":"Reaper","floor":9},{"not_picked":["Dark Embrace","Pommel Strike"],"picked":"Body Slam","floor":10},{"not_picked":["Iron Wave","Dark Embrace","Thunderclap"],"picked":"SKIP","floor":11},{"not_picked":["Body Slam","Warcry+1"],"picked":"Sentinel+1","floor":13},{"not_picked":["Reaper","Demon Form"],"picked":"Fiend Fire","floor":16},{"not_picked":["Sever Soul","Clash"],"picked":"Cleave+1","floor":18},{"not_picked":["Second Wind+1","Twin Strike+1"],"picked":"Sword Boomerang","floor":19},{"not_picked":["infinitespire:Punishment","infinitespire:SealOfDarkness+"],"picked":"infinitespire:UltimateForm","floor":20},{"not_picked":["Evolve","Dropkick"],"picked":"Inflame","floor":27},{"not_picked":["Bloodletting+1","Pommel Strike+1"],"picked":"Spot Weakness+1","floor":28},{"not_picked":["Blood for Blood","Headbutt"],"picked":"Havoc+1","floor":29},{"not_picked":["Shrug It Off+1","Demon Form"],"picked":"Burning Pact+1","floor":30},{"not_picked":["Sword Boomerang","Combust"],"picked":"hubris:ReadiedAction+1","floor":31},{"not_picked":["Demon Form","Berserk"],"picked":"Bludgeon","floor":33},{"not_picked":["Infernal Blade+1","Wild Strike+1"],"picked":"True Grit+1","floor":35},{"not_picked":["Iron Wave","Armaments+1","Perfected Strike"],"picked":"SKIP","floor":38},{"not_picked":["Havoc+1","Warcry+1"],"picked":"Flame Barrier+1","floor":39},{"not_picked":["Bludgeon","Hemokinesis","Clothesline"],"picked":"SKIP","floor":40},{"not_picked":["Warcry+1","Sever Soul","Blood for Blood+1"],"picked":"SKIP","floor":41},{"not_picked":["infinitespire:SealOfDarkness+","infinitespire:Oblivion"],"picked":"infinitespire:Fortify","floor":42},{"not_picked":["Offering+1","Iron Wave+1"],"picked":"Entrench+1","floor":42},{"not_picked":["Headbutt","Twin Strike+1"],"picked":"Pommel Strike+1","floor":43},{"not_picked":["Rage+1","Bloodletting+1","Warcry+1"],"picked":"SKIP","floor":44},{"not_picked":["Whirlwind","Thunderclap","hubris:ReadiedAction+1"],"picked":"SKIP","floor":46},{"not_picked":["Pummel","Clash"],"picked":"Flex+1","floor":48}],"player_experience":296493,"relics_obtained":[{"floor":7,"key":"hubris:64BitClover"},{"floor":9,"key":"reliquary:QuartzCube"},{"floor":10,"key":"reliquary:Aerogel"},{"floor":27,"key":"Bronze Scales"},{"floor":29,"key":"hubris:SlimyHat"},{"floor":30,"key":"War Paint"},{"floor":40,"key":"hubris:Teleporter"},{"floor":42,"key":"Turnip"},{"floor":43,"key":"infinitespire:Beetle Shell"},{"floor":44,"key":"hubris:CuriousFeather"},{"floor":46,"key":"Happy Flower"},{"floor":48,"key":"reliquary:SharkskinSheath"}],"event_choices":[{"damage_healed":0,"gold_gain":175,"player_choice":"AGREE","damage_taken":0,"max_hp_gain":0,"max_hp_loss":0,"event_name":"Liars Game","floor":3,"gold_loss":0,"cards_obtained":["Doubt"]},{"cards_removed":["Strike_R"],"damage_healed":0,"gold_gain":0,"player_choice":"Purged","damage_taken":0,"max_hp_gain":0,"max_hp_loss":0,"event_name":"Purifier","floor":14,"gold_loss":0},{"damage_healed":0,"gold_gain":0,"player_choice":"Simplicity","damage_taken":0,"max_hp_gain":0,"max_hp_loss":0,"event_name":"Back to Basics","floor":21,"gold_loss":0,"cards_upgraded":["Strike_R","Strike_R","Strike_R","Strike_R","Defend_R","Defend_R","Defend_R","Defend_R"]},{"damage_healed":0,"gold_gain":0,"player_choice":"Ignored","damage_taken":0,"max_hp_gain":0,"max_hp_loss":0,"event_name":"Ghosts","floor":24,"gold_loss":0},{"damage_healed":0,"gold_gain":0,"player_choice":"Ignored","damage_taken":0,"max_hp_gain":0,"max_hp_loss":0,"event_name":"SecretPortal","floor":37,"gold_loss":0},{"damage_healed":0,"gold_gain":0,"player_choice":"Embrace Madness","damage_taken":10,"max_hp_gain":0,"max_hp_loss":0,"event_name":"Winding Halls","floor":45,"gold_loss":0,"cards_obtained":["Madness","Madness"]}],"is_beta":false,"boss_relics":[{"not_picked":["hubris:GrandSneckoEye","Runic Dome","Snecko Eye"]},{"not_picked":["hubris:CrackedHourglass","Velvet Choker"],"picked":"hubris:Stopwatch"}],"items_purged_floors":[12],"is_endless":false,"potions_floor_spawned":[4,7,11,18,19,28,33,39,42,44],"killed_by":"Time Eater","ascension_level":1}}