{"host":"phniwng9zo19jwdb","time":1613409203,"event":{"mods":["AchievementEnabler","BaseMod","Colored Powertips","Dark Map","Faster Ascension Climbing","GifTheSpireLib","Minty Spire (QoL Compilation)","Permanent Neow","Rare Cards Sparkle","Relic Filter Mod","StSLib","Weighted Paths"],"gold_per_floor":[16,16,16,34,52,52,83,83,83,103,132,132,160,172,172,172,172],"floor_reached":16,"language":"ENG","playtime":561,"items_purged":[],"score":240,"play_id":"be7638b0-29d9-4605-8f55-e411d7aa9b8f","local_time":"20210215181323","is_ascension_mode":true,"campfire_choices":[{"data":"Neutralize","floor":6.0,"key":"SMITH"},{"data":"Envenom","floor":8.0,"key":"SMITH"},{"floor":12,"key":"REST"},{"floor":15,"key":"REST"}],"circlet_count":0,"master_deck":["AscendersBane","Strike_G","Strike_G","Strike_G","Strike_G","Strike_G","Defend_G","Defend_G","Defend_G+1","Defend_G","Defend_G","Survivor","Neutralize+1","Corpse Explosion+1","Caltrops","Pain","Calculated Gamble","Deflect+1","Envenom+1","Dagger Throw","Adrenaline","Reflex"],"relics":["Ring of the Snake","WarpedTongs","Calipers","Bird Faced Urn","Bag of Marbles","War Paint"],"acts_visited":["Exordium"],"potions_floor_usage":[11,11,16],"damage_taken":[{"damage":1.0,"enemies":"Small Slimes","floor":1.0,"turns":6.0},{"damage":2.0,"enemies":"2 Louse","floor":4.0,"turns":2.0},{"damage":1.0,"enemies":"Cultist","floor":5.0,"turns":3.0},{"damage":14.0,"enemies":"3 Sentries","floor":7.0,"turns":4.0},{"damage":4.0,"enemies":"3 Louse","floor":10.0,"turns":4.0},{"damage":38,"enemies":"Gremlin Nob","floor":11,"turns":5},{"damage":28,"enemies":"Lagavulin","floor":13,"turns":7},{"damage":2,"enemies":"2 Fungi Beasts","floor":14,"turns":3},{"damage":34,"enemies":"Slime Boss","floor":16,"turns":7}],"seed_played":"-8130179102192235409","potions_obtained":[{"floor":1.0,"key":"Regen Potion"},{"floor":10.0,"key":"Block Potion"},{"floor":13,"key":"AttackPotion"}],"is_trial":false,"path_per_floor":["M","?","?","M","M","R","E","R","T","M","E","R","E","M","R","B"],"character_chosen":"THE_SILENT","items_purchased":[],"campfire_rested":2,"item_purchase_floors":[],"current_hp_per_floor":[58,58,58,56,55,55,41,41,41,39,20,39,15,15,34,4,4],"gold":172,"neow_bonus":"THREE_RARE_CARDS","is_daily":false,"chose_seed":false,"campfire_upgraded":2,"win_rate":0.0,"timestamp":1613409203,"path_taken":["M","?","?","M","?","R","E","R","T","M","E","R","E","M","R","BOSS"],"items_purchased_type":[],"build_version":"2020-12-22","purchased_purges":0,"victory":false,"max_hp_per_floor":[66,66,66,66,66,66,66,66,66,66,66,66,66,66,66,66,66],"card_choices":[{"not_picked":["Doppelganger","Malaise"],"picked":"Corpse Explosion","floor":0.0},{"not_picked":["Distraction","Dodge and Roll"],"picked":"Caltrops","floor":1.0},{"not_picked":["Dodge and Roll","Blade Dance"],"picked":"Calculated Gamble","floor":4.0},{"not_picked":["All Out Attack","Flying Knee"],"picked":"Deflect","floor":5.0},{"not_picked":["Crippling Poison","Bane"],"picked":"Envenom","floor":7.0},{"not_picked":["Quick Slash","Bane"],"picked":"Dagger Throw","floor":10.0},{"not_picked":["Setup","Bouncing Flask","Well Laid Plans"],"picked":"SKIP","floor":11},{"not_picked":["Outmaneuver","Masterful Stab"],"picked":"Adrenaline","floor":13},{"not_picked":["All Out Attack","Distraction"],"picked":"Reflex","floor":14}],"player_experience":137237,"relics_obtained":[{"floor":7.0,"key":"Calipers"},{"floor":9.0,"key":"Bird Faced Urn"},{"floor":11,"key":"Bag of Marbles"},{"floor":13,"key":"War Paint"}],"event_choices":[{"damage_healed":0.0,"max_hp_gain":0.0,"max_hp_loss":0.0,"gold_gain":0.0,"event_name":"Living Wall","player_choice":"Grow","floor":2.0,"gold_loss":0.0,"damage_taken":0.0,"cards_upgraded":["Corpse Explosion"]},{"damage_healed":0.0,"max_hp_gain":0.0,"max_hp_loss":0.0,"gold_gain":0.0,"event_name":"Accursed Blacksmith","player_choice":"Rummage","floor":3.0,"gold_loss":0.0,"damage_taken":0.0,"relics_obtained":["WarpedTongs"],"cards_obtained":["Pain"]}],"is_beta":false,"boss_relics":[],"items_purged_floors":[],"is_endless":false,"potions_floor_spawned":[1,10,13],"killed_by":"Slime Boss","ascension_level":20}}