{"host":"phy652c7lim9lcu2","time":1613387406,"event":{"mods":["BaseMod","Colored Powertips","Googly Eyes","Minty Spire (QoL Compilation)","Relic Stats","Spicy Shops","StSLib","everything is the same but u backflip on backflip"],"gold_per_floor":[114,129,149,163,177,177,209,209,232,232,23,52,52,72,72,169,169,169,169,169,169,169,169,169,169,169,169,169,169,169,169,169,169,169,169,51,51,51,51,51,51,51,51,51,51,51,51,51,51,51],"floor_reached":51,"language":"ENG","playtime":2202,"items_purged":["Strike_R","Strike_R"],"score":1194,"play_id":"c63af5a4-34b2-42ff-a43d-0fe0dfb78f10","local_time":"20210215211006","is_ascension_mode":true,"campfire_choices":[{"data":"Feed","floor":6.0,"key":"SMITH"},{"data":"Spot Weakness","floor":8.0,"key":"SMITH"},{"data":"Bash","floor":13.0,"key":"SMITH"},{"data":"Pummel","floor":15.0,"key":"SMITH"},{"data":"Feed","floor":24.0,"key":"SMITH"},{"floor":32,"key":"REST"},{"data":"Limit Break","floor":40,"key":"SMITH"},{"data":"Armaments","floor":42,"key":"SMITH"},{"floor":49,"key":"REST"}],"circlet_count":0,"master_deck":["AscendersBane","Strike_R","Strike_R","Defend_R","Defend_R","Defend_R","Defend_R","Bash+1","Feed+1","Cleave","Spot Weakness+1","Shrug It Off","Pummel+1","Inflame","Pummel","Twin Strike","Feed+1","Disarm+1","Inflame","Sword Boomerang","Cleave","Barricade","Armaments+1","Disarm","Heavy Blade","Exhume","Pommel Strike","Heavy Blade","Heavy Blade+1","Uppercut","Limit Break+1","Battle Trance","Shrug It Off+1","Limit Break"],"relics":["Burning Blood","The Courier","Red Skull","Vajra","Boot","Ectoplasm","Pen Nib","Pear","Ancient Tea Set","Centennial Puzzle","SlaversCollar","Lizard Tail","Magic Flower"],"acts_visited":["Exordium","TheCity","TheBeyond"],"potions_floor_usage":[33,46],"damage_taken":[{"damage":10.0,"enemies":"Small Slimes","floor":1.0,"turns":3.0},{"damage":13.0,"enemies":"Cultist","floor":2.0,"turns":6.0},{"damage":19.0,"enemies":"Jaw Worm","floor":3.0,"turns":5.0},{"damage":9.0,"enemies":"Red Slaver","floor":4.0,"turns":4.0},{"damage":12.0,"enemies":"Looter","floor":5.0,"turns":4.0},{"damage":10.0,"enemies":"3 Sentries","floor":7.0,"turns":7.0},{"damage":22.0,"enemies":"Lagavulin","floor":12.0,"turns":6.0},{"damage":0.0,"enemies":"Large Slime","floor":14.0,"turns":7.0},{"damage":48.0,"enemies":"Slime Boss","floor":16.0,"turns":7.0},{"damage":34.0,"enemies":"Chosen","floor":18.0,"turns":6.0},{"damage":13.0,"enemies":"Shell Parasite","floor":19.0,"turns":3.0},{"damage":15.0,"enemies":"Snake Plant","floor":20.0,"turns":3.0},{"damage":12.0,"enemies":"Chosen and Byrds","floor":21.0,"turns":4.0},{"damage":21.0,"enemies":"Shelled Parasite and Fungi","floor":22.0,"turns":3.0},{"damage":27.0,"enemies":"Slavers","floor":23.0,"turns":3.0},{"damage":14,"enemies":"Book of Stabbing","floor":25,"turns":2},{"damage":21,"enemies":"Slavers","floor":27,"turns":4},{"damage":10,"enemies":"Centurion and Healer","floor":28,"turns":4},{"damage":8,"enemies":"3 Cultists","floor":29,"turns":5},{"damage":9,"enemies":"Snake Plant","floor":30,"turns":4},{"damage":5,"enemies":"Snecko","floor":31,"turns":4},{"damage":48,"enemies":"Champ","floor":33,"turns":5},{"damage":28,"enemies":"3 Darklings","floor":35,"turns":5},{"damage":27,"enemies":"Orb Walker","floor":37,"turns":4},{"damage":37,"enemies":"Jaw Worm Horde","floor":38,"turns":5},{"damage":36,"enemies":"4 Shapes","floor":39,"turns":14},{"damage":29,"enemies":"Maw","floor":41,"turns":6},{"damage":0,"enemies":"Transient","floor":44,"turns":5},{"damage":29,"enemies":"3 Darklings","floor":45,"turns":4},{"damage":0,"enemies":"Jaw Worm Horde","floor":46,"turns":4},{"damage":6,"enemies":"Mind Bloom Boss Battle","floor":47,"turns":4},{"damage":92,"enemies":"Donu and Deca","floor":50,"turns":7}],"seed_played":"2988409182488735963","potions_obtained":[{"floor":1.0,"key":"Weak Potion"},{"floor":5.0,"key":"Fire Potion"},{"floor":7.0,"key":"Fruit Juice"},{"floor":16.0,"key":"Ancient Potion"},{"floor":21.0,"key":"LiquidMemories"},{"floor":23.0,"key":"Ancient Potion"},{"floor":27,"key":"ElixirPotion"},{"floor":28,"key":"LiquidMemories"},{"floor":30,"key":"Swift Potion"},{"floor":33,"key":"Strength Potion"},{"floor":46,"key":"Fire Potion"}],"is_trial":false,"path_per_floor":["M","M","M","M","M","R","E","R","T","?","$","E","R","M","R","B",null,"M","M","M","M","M","E","R","E","T","E","M","M","M","M","R","B",null,"M","$","M","M","M","R","M","R","T","M","M","M","?","T","R","B",null],"character_chosen":"IRONCLAD","items_purchased":["Vajra","Pummel","Heavy Blade"],"campfire_rested":2,"item_purchase_floors":[11,11,36],"current_hp_per_floor":[71,67,57,57,54,54,54,54,54,54,54,43,43,53,53,15,88,63,60,51,52,44,30,30,32,32,21,25,31,32,37,90,52,150,128,128,111,88,70,70,51,51,51,57,38,48,52,52,118,47],"gold":51,"neow_bonus":"ONE_RANDOM_RARE_CARD","is_daily":false,"chose_seed":false,"campfire_upgraded":7,"win_rate":0.0,"timestamp":1613387406,"path_taken":["M","M","M","M","M","R","E","R","T","?","$","E","R","?","R","BOSS","M","M","M","M","M","E","R","E","T","E","M","M","M","M","R","BOSS","M","$","?","M","M","R","M","R","T","M","M","M","?","?","R","BOSS"],"items_purchased_type":["Relic","Card","Card"],"build_version":"2020-12-22","purchased_purges":2,"victory":true,"max_hp_per_floor":[83,86,89,92,95,95,99,99,99,99,99,104,104,108,108,112,112,115,119,119,126,133,140,140,150,150,154,162,170,174,178,178,182,182,182,182,186,194,206,206,210,210,210,210,214,218,222,222,222,230],"relic_stats":{"Centennial Puzzle":[39],"Lizard Tail":0,"counters":[32,157],"Magic Flower":[7],"Ectoplasm":558,"Pen Nib":[12],"Boot":[16],"obtain_stats":[{"Pear":25,"Vajra":11,"Magic Flower":48,"The Courier":7,"Pen Nib":23,"Boot":12,"Ancient Tea Set":26,"Burning Blood":0,"SlaversCollar":34,"Centennial Puzzle":27,"Lizard Tail":47,"Ectoplasm":17,"Red Skull":9},{"Pear":16,"Vajra":6,"Magic Flower":31,"The Courier":6,"Pen Nib":15,"Boot":7,"Ancient Tea Set":16,"Burning Blood":0,"SlaversCollar":22,"Centennial Puzzle":17,"Lizard Tail":31,"Ectoplasm":9,"Red Skull":6},{"Pear":73,"Vajra":29,"Magic Flower":150,"The Courier":29,"Pen Nib":71,"Boot":35,"Ancient Tea Set":73,"Burning Blood":0,"SlaversCollar":99,"Centennial Puzzle":77,"Lizard Tail":150,"Ectoplasm":49,"Red Skull":29}],"Burning Blood":195},"card_choices":[{"not_picked":["Rage","Anger","True Grit"],"picked":"SKIP","floor":1.0},{"not_picked":["Thunderclap","Pommel Strike"],"picked":"Cleave","floor":2.0},{"not_picked":["Twin Strike","Rage"],"picked":"Spot Weakness","floor":3.0},{"not_picked":["Havoc","Body Slam"],"picked":"Shrug It Off","floor":4.0},{"not_picked":["Perfected Strike","Twin Strike"],"picked":"Pummel","floor":5.0},{"not_picked":["Cleave","Pommel Strike"],"picked":"Inflame","floor":7.0},{"not_picked":["Rupture","Iron Wave"],"picked":"Twin Strike","floor":12.0},{"not_picked":["Dropkick","Wild Strike","Shockwave"],"picked":"SKIP","floor":14.0},{"not_picked":["Limit Break","Corruption"],"picked":"Feed","floor":16.0},{"not_picked":["Metallicize","Reckless Charge","Body Slam"],"picked":"SKIP","floor":18.0},{"not_picked":["Cleave","Shockwave+1"],"picked":"Disarm+1","floor":19.0},{"not_picked":["Headbutt","Anger"],"picked":"Inflame","floor":20.0},{"not_picked":["Second Wind","Rage+1","Metallicize"],"picked":"SKIP","floor":21.0},{"not_picked":["Flex","Evolve+1"],"picked":"Sword Boomerang","floor":22.0},{"not_picked":["Combust","Anger","Rage"],"picked":"SKIP","floor":23.0},{"not_picked":["Feel No Pain","True Grit+1"],"picked":"Cleave","floor":25},{"not_picked":["Pommel Strike","Berserk"],"picked":"Barricade","floor":27},{"not_picked":["Rampage","Shrug It Off+1"],"picked":"Armaments","floor":28},{"not_picked":["Infernal Blade+1","Warcry","Anger+1"],"picked":"SKIP","floor":29},{"not_picked":["Iron Wave","Cleave"],"picked":"Disarm","floor":30},{"not_picked":["Inflame","Searing Blow+1"],"picked":"Heavy Blade","floor":31},{"not_picked":["Fiend Fire","Feed"],"picked":"Exhume","floor":33},{"not_picked":["Wild Strike","Searing Blow+1"],"picked":"Pommel Strike","floor":35},{"not_picked":["Iron Wave+1","Shockwave+1"],"picked":"Heavy Blade+1","floor":37},{"not_picked":["Heavy Blade","Rampage+1"],"picked":"Uppercut","floor":38},{"not_picked":["Wild Strike+1","Flex+1"],"picked":"Limit Break","floor":39},{"not_picked":["Reckless Charge+1","True Grit+1"],"picked":"Battle Trance","floor":41},{"not_picked":["Body Slam","Rampage+1","Cleave"],"picked":"SKIP","floor":44},{"not_picked":["Sever Soul+1","Cleave"],"picked":"Shrug It Off+1","floor":45},{"not_picked":["Thunderclap+1","Body Slam"],"picked":"Limit Break","floor":46}],"player_experience":333943,"relics_obtained":[{"floor":7.0,"key":"The Courier"},{"floor":9.0,"key":"Red Skull"},{"floor":12.0,"key":"Boot"},{"floor":23.0,"key":"Pen Nib"},{"floor":25,"key":"Pear"},{"floor":26,"key":"Ancient Tea Set"},{"floor":27,"key":"Centennial Puzzle"},{"floor":47,"key":"Lizard Tail"},{"floor":48,"key":"Magic Flower"}],"event_choices":[{"cards_removed":["Strike_R"],"damage_healed":0.0,"max_hp_gain":0.0,"max_hp_loss":0.0,"gold_gain":0.0,"event_name":"Bonfire Elementals","player_choice":"Offered Basic","floor":10.0,"gold_loss":0.0,"damage_taken":0.0},{"damage_healed":0,"gold_gain":0,"player_choice":"Fight","damage_taken":0,"max_hp_gain":0,"max_hp_loss":0,"event_name":"MindBloom","floor":47,"gold_loss":0}],"is_beta":false,"boss_relics":[{"not_picked":["SacredBark","Empty Cage"],"picked":"Ectoplasm"},{"not_picked":["Tiny House","Mark of Pain"],"picked":"SlaversCollar"}],"items_purged_floors":[11,36],"is_endless":false,"potions_floor_spawned":[1,5,7,16,21,23,27,28,30,33,41,44,46],"ascension_level":11}}