{"host":"3mdjmozz5rahgtdc","time":1613387814,"event":{"mods":["AchievementEnabler","BaseMod","Better Silent Start","Better-Laid Plans","Colored Map","Colored Powertips","Custom Start","DeckTracker","Emptier Cage","KOR Keyword Fix","Keyboard Shortcuts","Minty Spire (QoL Compilation)","Permanent Neow","Quick Restart","StSLib","SuperFastMode"],"gold_per_floor":[113,188,200,375,375,408,12,29,29,29,45,72,102,122,122,230,230,251,350,163,191,215,215,215,255,255,277,152,152,152,152],"floor_reached":30,"language":"KOR","playtime":637,"items_purged":["Doubt"],"score":385,"play_id":"6f3ba49a-8d73-4fde-987e-32d414ad158d","local_time":"20210215201654","is_ascension_mode":true,"campfire_choices":[{"data":"Inflame","floor":10.0,"key":"SMITH"},{"data":"Clothesline","floor":15.0,"key":"SMITH"},{"data":"Offering","floor":23.0,"key":"SMITH"}],"circlet_count":0,"master_deck":["Strike_R","Strike_R","Strike_R","Strike_R","Strike_R","Defend_R","Defend_R","Defend_R","Defend_R","Bash","Perfected Strike","Carnage","Inflame+1","Clothesline+1","Anger","Offering+1","Perfected Strike","Armaments","Pommel Strike+1","Sword Boomerang+1","Reckless Charge","Dual Wield","Shrug It Off","Flash of Steel"],"relics":["Burning Blood","NeowsBlessing","Mercury Hourglass","Shuriken","Cursed Key","Blood Vial","Potion Belt","Nloth\u0027s Gift"],"acts_visited":["Exordium","TheCity"],"potions_floor_usage":[],"damage_taken":[{"damage":0.0,"enemies":"Jaw Worm","floor":1.0,"turns":1.0},{"damage":0.0,"enemies":"2 Louse","floor":3.0,"turns":1.0},{"damage":0.0,"enemies":"Lagavulin","floor":6.0,"turns":1.0},{"damage":0.0,"enemies":"Cultist","floor":8.0,"turns":2.0},{"damage":6.0,"enemies":"2 Fungi Beasts","floor":11.0,"turns":3.0},{"damage":21.0,"enemies":"Exordium Thugs","floor":12.0,"turns":4.0},{"damage":10.0,"enemies":"Blue Slaver","floor":14.0,"turns":3.0},{"damage":32.0,"enemies":"The Guardian","floor":16.0,"turns":9.0},{"damage":10.0,"enemies":"Shell Parasite","floor":18.0,"turns":2.0},{"damage":8.0,"enemies":"3 Byrds","floor":21.0,"turns":3.0},{"damage":0.0,"enemies":"Snecko","floor":22.0,"turns":2.0},{"damage":28.0,"enemies":"Slavers","floor":25.0,"turns":3.0},{"damage":42,"enemies":"Shelled Parasite and Fungi","floor":27,"turns":3},{"damage":28,"enemies":"3 Cultists","floor":30,"turns":3}],"seed_played":"-7732234386691531249","potions_obtained":[{"floor":5.0,"key":"Regen Potion"},{"floor":5.0,"key":"SneckoOil"},{"floor":5.0,"key":"CultistPotion"},{"floor":8.0,"key":"Fruit Juice"},{"floor":11.0,"key":"CultistPotion"},{"floor":22.0,"key":"Explosive Potion"},{"floor":25.0,"key":"ElixirPotion"}],"is_trial":false,"path_per_floor":["M","?","M","?","?","E","$","M","T","R","M","M","?","M","R","B",null,"M","?","$","M","M","R","?","E","T","M","$","?","M"],"character_chosen":"IRONCLAD","items_purchased":["Shuriken","Inflame","Blood Vial","Armaments","Shrug It Off","Flash of Steel"],"campfire_rested":0,"item_purchase_floors":[7,7,20,20,28,28],"current_hp_per_floor":[78,67,73,73,73,79,79,85,85,85,85,70,70,66,66,40,74,70,70,70,70,78,78,78,58,58,24,24,24,0,0],"gold":152,"neow_bonus":"THREE_ENEMY_KILL","is_daily":false,"chose_seed":false,"campfire_upgraded":3,"win_rate":0.0,"timestamp":1613387814,"path_taken":["M","?","M","?","?","E","$","M","T","R","?","M","?","M","R","BOSS","M","?","$","M","M","R","?","E","T","M","$","?","M"],"items_purchased_type":["Relic","Card","Relic","Card","Card","Card"],"build_version":"2020-12-22","purchased_purges":1,"victory":false,"max_hp_per_floor":[80,80,80,80,80,80,80,85,85,85,85,85,85,85,85,85,85,85,85,85,85,85,85,85,85,85,85,85,85,85,85],"card_choices":[{"not_picked":["Wild Strike","Blood for Blood"],"picked":"Perfected Strike","floor":1.0},{"not_picked":["Disarm","Flex"],"picked":"Carnage","floor":3.0},{"not_picked":["Iron Wave","Flex","Body Slam"],"picked":"SKIP","floor":6.0},{"not_picked":["Thunderclap","Havoc"],"picked":"Clothesline","floor":8.0},{"not_picked":["Clash","Rage","Rampage"],"picked":"SKIP","floor":11.0},{"not_picked":["Fire Breathing","Burning Pact"],"picked":"Anger","floor":12.0},{"not_picked":["Body Slam","Brutality","Warcry"],"picked":"SKIP","floor":14.0},{"not_picked":["Fiend Fire","Bludgeon"],"picked":"Offering","floor":16.0},{"not_picked":["Bloodletting","Feel No Pain+1"],"picked":"Perfected Strike","floor":18.0},{"not_picked":["Clash","Dual Wield"],"picked":"Pommel Strike+1","floor":21.0},{"not_picked":["Blood for Blood","Battle Trance"],"picked":"Sword Boomerang+1","floor":22.0},{"not_picked":["Pommel Strike","Flex+1"],"picked":"Reckless Charge","floor":25.0},{"not_picked":["Intimidate","Sword Boomerang+1"],"picked":"Dual Wield","floor":27}],"player_experience":322527,"relics_obtained":[{"floor":6.0,"key":"Mercury Hourglass"},{"floor":9.0,"key":"CeramicFish"},{"floor":25.0,"key":"Potion Belt"}],"event_choices":[{"damage_healed":0.0,"max_hp_gain":0.0,"max_hp_loss":0.0,"gold_gain":75.0,"event_name":"World of Goop","player_choice":"Gather Gold","floor":2.0,"gold_loss":0.0,"damage_taken":11.0},{"damage_healed":0.0,"max_hp_gain":0.0,"max_hp_loss":0.0,"gold_gain":175.0,"event_name":"Liars Game","player_choice":"AGREE","floor":4.0,"gold_loss":0.0,"damage_taken":0.0,"cards_obtained":["Doubt"]},{"damage_healed":0.0,"max_hp_gain":0.0,"max_hp_loss":0.0,"gold_gain":0.0,"event_name":"Lab","player_choice":"Got Potions","floor":5.0,"gold_loss":0.0,"damage_taken":0.0},{"damage_healed":0.0,"max_hp_gain":0.0,"max_hp_loss":0.0,"gold_gain":30.0,"event_name":"Dead Adventurer","player_choice":"Searched \u00271\u0027 times","floor":13.0,"gold_loss":0.0,"damage_taken":0.0},{"damage_healed":0.0,"max_hp_gain":0.0,"max_hp_loss":0.0,"gold_gain":99.0,"event_name":"Nest","player_choice":"Stole From Cult","floor":19.0,"gold_loss":0.0,"damage_taken":0.0},{"damage_healed":0.0,"max_hp_gain":0.0,"max_hp_loss":0.0,"gold_gain":0.0,"event_name":"Vampires","player_choice":"Ignored","floor":24.0,"gold_loss":0.0,"damage_taken":0.0},{"damage_healed":0,"gold_gain":0,"player_choice":"Traded Relic","damage_taken":0,"relics_obtained":["Nloth\u0027s Gift"],"max_hp_gain":0,"max_hp_loss":0,"event_name":"N\u0027loth","floor":29,"relics_lost":["CeramicFish"],"gold_loss":0}],"is_beta":false,"boss_relics":[{"not_picked":["SlaversCollar","Velvet Choker"],"picked":"Cursed Key"}],"items_purged_floors":[7],"is_endless":false,"potions_floor_spawned":[6,8,11,14,18,22,25],"killed_by":"3 Cultists","ascension_level":8}}