{"host":"51dweoxrcspgw6ri","time":1613422102,"event":{"mods":["BaseMod","Colored Map","Colored Powertips","Minty Spire (QoL Compilation)","Rare Cards Sparkle","Relic Stats","StSLib","SuperFastMode"],"gold_per_floor":[115,125,141,141,161,186,186,205,205,205,240,240,240,251,251,328,328,340,340,358,358,372,372,372,372],"floor_reached":24,"language":"ENG","playtime":1021,"items_purged":[],"score":410,"play_id":"8d9fd960-22e3-4448-a216-620a2d615afc","local_time":"20210215214822","is_ascension_mode":true,"campfire_choices":[{"floor":7,"key":"REST"},{"data":"Electrodynamics","floor":10,"key":"SMITH"},{"data":"Double Energy","floor":12,"key":"SMITH"},{"data":"Creative AI","floor":15,"key":"SMITH"},{"data":"Buffer","floor":23,"key":"SMITH"}],"circlet_count":0,"master_deck":["AscendersBane","Strike_B","Defend_B","Defend_B","Defend_B","Defend_B","Zap","Dualcast","Electrodynamics+1","Steam","Double Energy+1","Creative AI+1","Buffer+1","CurseOfTheBell","Doom and Gloom","Redo"],"relics":["Cracked Core","Singing Bowl","Pear","Anchor","Calling Bell","Lizard Tail","Pen Nib","HornCleat"],"acts_visited":["Exordium","TheCity"],"potions_floor_usage":[6,11,16],"damage_taken":[{"damage":6,"enemies":"Jaw Worm","floor":1,"turns":4},{"damage":3,"enemies":"Small Slimes","floor":2,"turns":3},{"damage":0,"enemies":"Cultist","floor":3,"turns":3},{"damage":0,"enemies":"Large Slime","floor":5,"turns":4},{"damage":47,"enemies":"Lagavulin","floor":6,"turns":9},{"damage":0,"enemies":"2 Fungi Beasts","floor":8,"turns":2},{"damage":8,"enemies":"Gremlin Nob","floor":11,"turns":3},{"damage":0,"enemies":"3 Louse","floor":14,"turns":1},{"damage":33,"enemies":"Slime Boss","floor":16,"turns":7},{"damage":13,"enemies":"Chosen","floor":18,"turns":7},{"damage":41,"enemies":"Spheric Guardian","floor":20,"turns":6},{"damage":22,"enemies":"3 Cultists","floor":22,"turns":4},{"damage":70,"enemies":"Book of Stabbing","floor":24,"turns":6}],"seed_played":"-6629857585125193406","potions_obtained":[{"floor":5,"key":"AttackPotion"},{"floor":8,"key":"SkillPotion"},{"floor":11,"key":"ColorlessPotion"}],"is_trial":false,"path_per_floor":["M","M","M","?","M","E","R","M","T","R","E","R","?","M","R","B",null,"M","?","M","?","M","R","E"],"character_chosen":"DEFECT","items_purchased":[],"campfire_rested":1,"item_purchase_floors":[],"current_hp_per_floor":[58,55,55,55,55,10,31,33,43,43,37,37,37,39,39,6,68,57,57,18,12,48,48,0,0],"gold":372,"neow_bonus":"ONE_RANDOM_RARE_CARD","is_daily":false,"chose_seed":false,"campfire_upgraded":4,"win_rate":0.0,"timestamp":1613422102,"path_taken":["M","M","M","?","M","E","R","M","T","R","E","R","?","M","R","BOSS","M","?","M","?","?","R","E"],"items_purchased_type":[],"build_version":"2020-12-22","purchased_purges":0,"victory":false,"max_hp_per_floor":[71,71,71,71,71,73,73,75,85,85,87,87,87,89,89,89,89,91,91,93,93,95,95,95,95],"relic_stats":{"Lizard Tail":46,"Singing Bowl":14,"counters":[13,59],"Pen Nib":[0],"obtain_stats":[{"Calling Bell":17,"Anchor":11,"Lizard Tail":17,"Pear":9,"HornCleat":17,"Singing Bowl":6,"Pen Nib":17,"Cracked Core":0},{"Calling Bell":9,"Anchor":7,"Lizard Tail":9,"Pear":6,"HornCleat":9,"Singing Bowl":5,"Pen Nib":9,"Cracked Core":0},{"Calling Bell":36,"Anchor":28,"Lizard Tail":36,"Pear":25,"HornCleat":36,"Singing Bowl":23,"Pen Nib":36,"Cracked Core":0}]},"card_choices":[{"not_picked":["Conserve Battery","Aggregate"],"picked":"Steam","floor":1},{"not_picked":["Skim","Cold Snap"],"picked":"Double Energy","floor":2},{"not_picked":["Coolheaded","Steam","Turbo"],"picked":"SKIP","floor":3},{"not_picked":["Conserve Battery","Stack","Skim"],"picked":"SKIP","floor":5},{"not_picked":["Compile Driver","Beam Cell","Multi-Cast"],"picked":"Singing Bowl","floor":6},{"not_picked":["Steam","Streamline","Go for the Eyes"],"picked":"Singing Bowl","floor":8},{"not_picked":["Rainbow","Barrage","Compile Driver"],"picked":"Singing Bowl","floor":11},{"not_picked":["Rebound","Aggregate","Streamline"],"picked":"Singing Bowl","floor":14},{"not_picked":["All For One","Machine Learning"],"picked":"Buffer","floor":16},{"not_picked":["Leap","Steam+1","Compile Driver+1"],"picked":"Singing Bowl","floor":18},{"not_picked":["Stack","Sweeping Beam+1","Ball Lightning"],"picked":"Singing Bowl","floor":20},{"not_picked":["Compile Driver","Conserve Battery","Go for the Eyes"],"picked":"Singing Bowl","floor":22}],"player_experience":532839,"relics_obtained":[{"floor":6,"key":"Singing Bowl"},{"floor":9,"key":"Pear"},{"floor":11,"key":"Anchor"},{"floor":17,"key":"Lizard Tail"},{"floor":17,"key":"Pen Nib"},{"floor":17,"key":"HornCleat"}],"event_choices":[{"damage_healed":0,"gold_gain":0,"player_choice":"Ignored","damage_taken":0,"max_hp_gain":0,"max_hp_loss":0,"event_name":"Golden Wing","floor":4,"gold_loss":0},{"damage_healed":0,"gold_gain":0,"cards_transformed":["Strike_B"],"player_choice":"Change","damage_taken":0,"max_hp_gain":0,"max_hp_loss":0,"event_name":"Living Wall","floor":13,"gold_loss":0,"cards_obtained":["Creative AI"]},{"damage_healed":0,"gold_gain":0,"cards_transformed":["Strike_B","Strike_B"],"player_choice":"Became Test Subject","damage_taken":0,"max_hp_gain":0,"max_hp_loss":0,"event_name":"Drug Dealer","floor":19,"gold_loss":0,"cards_obtained":["Doom and Gloom","Redo"]},{"damage_healed":0,"gold_gain":0,"player_choice":"","damage_taken":6,"max_hp_gain":0,"max_hp_loss":0,"event_name":"Knowing Skull","floor":21,"potions_obtained":[],"gold_loss":0,"cards_obtained":[]}],"is_beta":false,"boss_relics":[{"not_picked":["Runic Pyramid","Ectoplasm"],"picked":"Calling Bell"}],"items_purged_floors":[],"is_endless":false,"potions_floor_spawned":[5,8,11],"killed_by":"Book of Stabbing","ascension_level":17}}