{"host":"lxu17chzujqn8whl","time":1613412072,"event":{"mods":["BaseMod","Minty Spire (QoL Compilation)","Relic Stats","StSLib"],"gold_per_floor":[109,121,121,140,154,154,167,180,228,256,312,331,342,342,342,342,342],"floor_reached":16,"language":"ENG","playtime":540,"items_purged":[],"score":106,"play_id":"86bd72e0-9717-4d9d-86fd-5bb92645dd20","local_time":"20210215100112","is_ascension_mode":false,"campfire_choices":[{"data":"Cloak And Dagger","floor":6.0,"key":"SMITH"},{"data":"Dash","floor":15.0,"key":"SMITH"}],"circlet_count":0,"master_deck":["Strike_G","Strike_G","Strike_G","Strike_G","Strike_G","Defend_G","Defend_G","Defend_G","Defend_G","Defend_G","Survivor","Neutralize","PiercingWail","Slice","Cloak And Dagger+1","Dash+1","Flying Knee","Glass Knife","Flying Knee","Blur","Injury"],"relics":["Ring of the Snake","Orichalcum","PreservedInsect","Pantograph","Golden Idol"],"acts_visited":["Exordium"],"potions_floor_usage":[],"damage_taken":[{"damage":0.0,"enemies":"2 Louse","floor":1.0,"turns":3.0},{"damage":0.0,"enemies":"Small Slimes","floor":2.0,"turns":7.0},{"damage":1.0,"enemies":"Jaw Worm","floor":4.0,"turns":4.0},{"damage":2.0,"enemies":"Large Slime","floor":5.0,"turns":9.0},{"damage":1.0,"enemies":"3 Louse","floor":7.0,"turns":4.0},{"damage":3.0,"enemies":"Exordium Wildlife","floor":8.0,"turns":4.0},{"damage":16.0,"enemies":"Lagavulin","floor":10.0,"turns":7.0},{"damage":0.0,"enemies":"Looter","floor":12.0,"turns":4.0},{"damage":0.0,"enemies":"3 Louse","floor":13.0,"turns":6.0},{"damage":80,"enemies":"Hexaghost","floor":16,"turns":16}],"seed_played":"-4027807139102406330","potions_obtained":[{"floor":7.0,"key":"Block Potion"},{"floor":8.0,"key":"Ancient Potion"},{"floor":10.0,"key":"Dexterity Potion"},{"floor":12.0,"key":"Regen Potion"},{"floor":13.0,"key":"Fire Potion"}],"is_trial":false,"path_per_floor":["M","M","?","M","M","R","M","M","T","E","?","M","M","?","R","B"],"character_chosen":"THE_SILENT","items_purchased":[],"campfire_rested":0,"item_purchase_floors":[],"current_hp_per_floor":[77,77,70,69,67,67,66,63,63,47,47,47,62,62,62,0,0],"gold":342,"neow_bonus":"TEN_PERCENT_HP_BONUS","is_daily":false,"chose_seed":false,"campfire_upgraded":2,"win_rate":0.0,"timestamp":1613412072,"path_taken":["M","M","?","M","M","R","M","M","T","E","?","M","M","?","R","BOSS"],"items_purchased_type":[],"build_version":"2020-12-22","purchased_purges":0,"victory":false,"max_hp_per_floor":[77,77,77,77,77,77,77,77,77,77,77,77,77,77,77,77,77],"relic_stats":{"counters":[10,64],"Golden Idol":0,"Pantograph":15,"PreservedInsect":28,"Orichalcum":[48],"obtain_stats":[{"Golden Idol":14,"Pantograph":10,"PreservedInsect":9,"Orichalcum":3,"Ring of the Snake":0},{"Golden Idol":9,"Pantograph":7,"PreservedInsect":6,"Orichalcum":2,"Ring of the Snake":0},{"Golden Idol":48,"Pantograph":38,"PreservedInsect":31,"Orichalcum":10,"Ring of the Snake":0}],"Ring of the Snake":[20]},"card_choices":[{"not_picked":["Dagger Throw","Bane"],"picked":"PiercingWail","floor":1.0},{"not_picked":["Expertise","Well Laid Plans"],"picked":"Slice","floor":2.0},{"not_picked":["Sucker Punch","Infinite Blades"],"picked":"Cloak And Dagger","floor":4.0},{"not_picked":["Blur","Sucker Punch"],"picked":"Dash","floor":5.0},{"not_picked":["Acrobatics","Caltrops","Dodge and Roll"],"picked":"SKIP","floor":7.0},{"not_picked":["PiercingWail","Noxious Fumes"],"picked":"Flying Knee","floor":8.0},{"not_picked":["Terror","Dodge and Roll"],"picked":"Glass Knife","floor":10.0},{"not_picked":["Bane","Quick Slash"],"picked":"Flying Knee","floor":12.0},{"not_picked":["Slice","PiercingWail"],"picked":"Blur","floor":13.0}],"player_experience":686417,"relics_obtained":[{"floor":9.0,"key":"PreservedInsect"},{"floor":10.0,"key":"Pantograph"}],"event_choices":[{"damage_healed":0.0,"max_hp_gain":0.0,"max_hp_loss":0.0,"gold_gain":0.0,"event_name":"Scrap Ooze","player_choice":"Success","floor":3.0,"gold_loss":0.0,"damage_taken":7.0,"relics_obtained":["Orichalcum"]},{"damage_healed":0.0,"max_hp_gain":0.0,"max_hp_loss":0.0,"gold_gain":56.0,"event_name":"Golden Wing","player_choice":"Gained Gold","floor":11.0,"gold_loss":0.0,"damage_taken":0.0},{"damage_healed":0.0,"max_hp_gain":0.0,"max_hp_loss":0.0,"gold_gain":0.0,"event_name":"Golden Idol","player_choice":"Take Wound","floor":14.0,"gold_loss":0.0,"damage_taken":0.0,"relics_obtained":["Golden Idol"],"cards_obtained":["Injury"]}],"is_beta":false,"boss_relics":[],"items_purged_floors":[],"is_endless":false,"potions_floor_spawned":[7,8,10,12,13],"killed_by":"Hexaghost","ascension_level":0}}