{"host":"dpbezu80jg8zk7un","time":1613383663,"event":{"mods":["BaseMod","Colored Map","Colored Powertips","Custom Start","DeckTracker","Minty Spire (QoL Compilation)","Quick Restart","StSLib","SuperFastMode"],"gold_per_floor":[110,124,199,215,225,225,375,140,166,166,193,248,248,275,275,275,275],"floor_reached":16,"language":"KOR","playtime":469,"items_purged":["Doubt"],"score":216,"play_id":"13477759-59e4-4bf6-99c1-0714bc175424","local_time":"20210215190743","is_ascension_mode":true,"campfire_choices":[{"data":"Carnage","floor":6.0,"key":"SMITH"},{"data":"Fiend Fire","floor":10.0,"key":"SMITH"},{"data":"Burning Pact","floor":13.0,"key":"SMITH"},{"data":"Dark Embrace","floor":15.0,"key":"SMITH"}],"circlet_count":0,"master_deck":["AscendersBane","Strike_R","Strike_R","Strike_R","Strike_R","Defend_R","Defend_R","Defend_R","Defend_R","Bash","Feed","Shockwave","Carnage+1","Seeing Red","Shrug It Off","Dropkick","Fiend Fire+1","Second Wind","Burning Pact+1","Feel No Pain","Dark Embrace+1"],"relics":["Burning Blood","Orrery","Strawberry","Calipers","Bottled Tornado"],"acts_visited":["Exordium"],"potions_floor_usage":[16],"damage_taken":[{"damage":4.0,"enemies":"Small Slimes","floor":1.0,"turns":4.0},{"damage":2.0,"enemies":"2 Louse","floor":2.0,"turns":3.0},{"damage":3.0,"enemies":"Cultist","floor":4.0,"turns":4.0},{"damage":7.0,"enemies":"3 Louse","floor":5.0,"turns":5.0},{"damage":25.0,"enemies":"3 Sentries","floor":11.0,"turns":6.0},{"damage":17.0,"enemies":"Gremlin Nob","floor":12.0,"turns":4.0},{"damage":14.0,"enemies":"Lagavulin","floor":14.0,"turns":6.0},{"damage":38,"enemies":"The Guardian","floor":16,"turns":9}],"seed_played":"-5554298097903928917","potions_obtained":[{"floor":1.0,"key":"GamblersBrew"},{"floor":2.0,"key":"SkillPotion"},{"floor":5.0,"key":"PowerPotion"},{"floor":12.0,"key":"AttackPotion"}],"is_trial":false,"path_per_floor":["M","M","?","M","M","R","?","$","T","R","E","?","R","E","R","B"],"character_chosen":"IRONCLAD","items_purchased":["Orrery"],"campfire_rested":0,"item_purchase_floors":[8],"current_hp_per_floor":[73,80,69,75,77,77,77,77,77,77,65,54,54,46,46,8,8],"gold":275,"neow_bonus":"TRANSFORM_CARD","is_daily":false,"chose_seed":false,"campfire_upgraded":4,"win_rate":0.0,"timestamp":1613383663,"path_taken":["M","M","?","M","M","R","?","$","T","R","E","?","R","E","R","BOSS"],"items_purchased_type":["Relic"],"build_version":"2020-12-22","purchased_purges":1,"victory":false,"max_hp_per_floor":[78,81,81,84,87,87,87,87,87,87,94,94,94,94,94,94,94],"card_choices":[{"not_picked":["Infernal Blade","Entrench"],"picked":"Shockwave","floor":1.0},{"not_picked":["Infernal Blade","Cleave","Twin Strike"],"picked":"SKIP","floor":2.0},{"not_picked":["Perfected Strike","Thunderclap"],"picked":"Carnage","floor":4.0},{"not_picked":["Sword Boomerang","Pummel"],"picked":"Seeing Red","floor":5.0},{"not_picked":["Cleave","Anger"],"picked":"Shrug It Off","floor":8.0},{"not_picked":["Shrug It Off","Iron Wave"],"picked":"Dropkick","floor":8.0},{"not_picked":["Anger","Armaments"],"picked":"Fiend Fire","floor":8.0},{"not_picked":["Sword Boomerang","Twin Strike"],"picked":"Second Wind","floor":8.0},{"not_picked":["Heavy Blade","Iron Wave"],"picked":"Burning Pact","floor":8.0},{"not_picked":["Fiend Fire","Metallicize"],"picked":"Feel No Pain","floor":11.0},{"not_picked":["Flame Barrier","Warcry"],"picked":"Dark Embrace","floor":14.0}],"player_experience":2973496,"relics_obtained":[{"floor":11.0,"key":"Strawberry"},{"floor":14.0,"key":"Bottled Tornado"}],"event_choices":[{"damage_healed":0.0,"max_hp_gain":0.0,"max_hp_loss":0.0,"gold_gain":75.0,"event_name":"World of Goop","player_choice":"Gather Gold","floor":3.0,"gold_loss":0.0,"damage_taken":11.0},{"damage_healed":0.0,"max_hp_gain":0.0,"max_hp_loss":0.0,"gold_gain":150.0,"event_name":"Liars Game","player_choice":"AGREE","floor":7.0,"gold_loss":0.0,"damage_taken":0.0,"cards_obtained":["Doubt"]},{"damage_healed":0.0,"max_hp_gain":0.0,"max_hp_loss":0.0,"gold_gain":30.0,"event_name":"Dead Adventurer","player_choice":"Searched \u00273\u0027 times","floor":12.0,"gold_loss":0.0,"damage_taken":0.0,"relics_obtained":["Calipers"]}],"is_beta":false,"boss_relics":[],"items_purged_floors":[8],"is_endless":false,"potions_floor_spawned":[1,2,5,12],"killed_by":"The Guardian","ascension_level":20}}