{"host":"vu2gjyr86ub8nk5d","time":1613372275,"event":{"mods":["AchievementEnabler","BaseMod","BetterRewards","Colored Map","Downfall","Ironclad Rager","Minty Spire (QoL Compilation)","Replay The Spire","StSLib"],"gold_per_floor":[99,118,218,228,253,53,72,72,72,35,35,62,62,237,22,32,137,137,137,148,160,160,180,195,229,254,269,269,10,38,51,51,11,24,129,129,29,45,58,78,128,128,182,193,193,225,225,258,258,14,28,28,28,56,2,2,2,2],"floor_reached":59,"language":"ENG","playtime":5790,"items_purged":[],"score":1637,"play_id":"0757d73f-c528-4cc5-9dcf-ad990d87123d","local_time":"20210215005755","daily_mods":["SealedDeck","Vintage","Heirloom","Time Dilation","Flight","DeadlyEvents","Binary"],"is_ascension_mode":false,"campfire_choices":[{"floor":1,"key":"RECALL"},{"data":"Guardian:FloatingOrbs","floor":6,"key":"SMITH"},{"data":"Guardian:SentryBeam","floor":9,"key":"SMITH"},{"data":"Pot Of Greed","floor":11,"key":"SMITH"},{"data":"Guardian:DonusPower","floor":13,"key":"SMITH"},{"data":"Pot Of Greed","floor":19,"key":"SMITH"},{"data":"Chrysalis","floor":28,"key":"SMITH"},{"data":"expansioncontent:StudyTheSpire","floor":32,"key":"SMITH"},{"data":"Guardian:FloatingOrbs","floor":37,"key":"SMITH"},{"data":"Guardian:TemporalStrike","floor":45,"key":"SMITH"},{"data":"Guardian:BronzeOrb","floor":47,"key":"SMITH"},{"data":"Guardian:PrimingBeam","floor":49,"key":"SMITH"},{"data":"Pot Of Greed","floor":56,"key":"SMITH"}],"circlet_count":0,"master_deck":["Guardian:PrimingBeam+1","Guardian:DonusPower+1","Guardian:SentryBeam+1","Guardian:BronzeOrb+1","Guardian:Planning+1","Guardian:PrismaticBeam","Guardian:CrystalBeam","Guardian:FloatingOrbs+1","Pot Of Greed+1","Guardian:TemporalStrike+1","Doubt","Pot Of Greed+1","Chrysalis+1","Guardian:TemporalShield+1","Guardian:FloatingOrbs+1","expansioncontent:StudyTheSpire+1","Guardian:Gem_Cyan","Guardian:RefractedBeam+1","Guardian:FloatingOrbs","Guardian:FloatingOrbs","Dark Shackles","Pot Of Greed+1","ReplayTheSpireMod:IOU","Guardian:Gem_Red","Guardian:Gem_Green","Guardian:TemporalStrike"],"relics":["Guardian:ModeShifter","Busted Crown","replay:Trail_Library","Durian","Grinning Jar","Ancient Tea Set","downfall:HeartBlessingRed","downfall:HeartBlessingBlue","InkBottle","Centennial Puzzle","Happy Flower","Calipers","Kunai","Painkiller Herb","Replay:Bottled Flurry","Darkstone Periapt","Blood Vial","ReplayTheSpireMod:TigerMarble","Anchor","Replay:Wax Seal","Bag of Marbles","bronze:BronzeIdol","Replay:Towering Pillar of Hats","War Paint","Runic Dome","downfall:HeartBlessingGreen","Mercury Hourglass","Regal Pillow","Pear","Counterbalance","Nunchaku","Mummified Hand","Akabeko","Blue Doll","Guardian:StasisUpgradeRelic","HornCleat","hexamod:BolsterEngine"],"acts_visited":["Exordium","TheCity","TheBeyond","TheEnding"],"potions_floor_usage":[48,52,58,58,58],"damage_taken":[{"damage":0,"enemies":"2 Louse","floor":2,"turns":2},{"damage":0,"enemies":"Cultist","floor":4,"turns":2},{"damage":0,"enemies":"Small Slimes","floor":7,"turns":1},{"damage":10,"enemies":"downfall:FleeingMerchant","floor":10,"turns":4},{"damage":9,"enemies":"Lagavulin","floor":12,"turns":3},{"damage":0,"enemies":"downfall:FleeingMerchant","floor":15,"turns":1},{"damage":0,"enemies":"Blue Slaver","floor":16,"turns":2},{"damage":0,"enemies":"WA_ARCHETYPE_RETAIN","floor":17,"turns":4},{"damage":0,"enemies":"Chosen","floor":20,"turns":1},{"damage":0,"enemies":"Shell Parasite","floor":21,"turns":2},{"damage":9,"enemies":"Snake Plant","floor":23,"turns":2},{"damage":0,"enemies":"Snecko","floor":24,"turns":3},{"damage":20,"enemies":"Slavers","floor":25,"turns":3},{"damage":0,"enemies":"Cultist and Chosen","floor":27,"turns":2},{"damage":11,"enemies":"Book of Stabbing","floor":30,"turns":4},{"damage":0,"enemies":"Snake Plant","floor":31,"turns":2},{"damage":0,"enemies":"Snecko","floor":34,"turns":2},{"damage":0,"enemies":"DF_ARCHETYPE_CLAW","floor":35,"turns":3},{"damage":0,"enemies":"3 Darklings","floor":38,"turns":2},{"damage":0,"enemies":"Orb Walker","floor":39,"turns":1},{"damage":0,"enemies":"Writhing Mass","floor":40,"turns":3},{"damage":0,"enemies":"Writhing Mass","floor":41,"turns":2},{"damage":0,"enemies":"Maw","floor":44,"turns":3},{"damage":0,"enemies":"R_Hoarder","floor":46,"turns":3},{"damage":0,"enemies":"Giant Head","floor":48,"turns":3},{"damage":3,"enemies":"4 Shapes","floor":51,"turns":2},{"damage":0,"enemies":"IC_BLOCK_ARCHETYPE","floor":52,"turns":3},{"damage":0,"enemies":"downfall:CharBossMerchant","floor":54,"turns":4},{"damage":0,"enemies":"downfall:NeowBoss","floor":57,"turns":5},{"damage":0,"enemies":"downfall:NeowBossFinal","floor":58,"turns":6}],"seed_played":"3466288582377670376","potions_obtained":[{"floor":2,"key":"Swift Potion"},{"floor":16,"key":"Block Potion"},{"floor":20,"key":"Milkshake"},{"floor":51,"key":"Ancient Potion"},{"floor":54,"key":"EssenceOfSteel"}],"is_trial":true,"path_per_floor":["R","M","?","M","T","R","M","T","R","$","R","E","R","?","$","M","B",null,"T","?","?","?","?","?","E","T","?","T","T","E","?","T","T","?","B",null,"T","?","?","?","?","T","T","?","T","E","T","E","T","T","?","B",null,"E","T","T","B","B",null],"character_chosen":"GUARDIAN","items_purchased":["Guardian:Gem_Cyan","Chrysalis","Guardian:TemporalShield","Calipers","Guardian:FloatingOrbs","expansioncontent:StudyTheSpire","Guardian:Gem_Red","Guardian:Gem_Cyan","Guardian:RefractedBeam+1","Guardian:FloatingOrbs","Guardian:StasisUpgradeRelic","Dark Shackles","Guardian:Gem_Red","Guardian:Gem_Green","Guardian:TemporalStrike"],"campfire_rested":0,"item_purchase_floors":[10,15,15,15,29,29,29,33,50,50,50,55,55,55,55],"current_hp_per_floor":[85,85,85,85,85,95,95,95,95,85,85,76,76,76,76,76,76,95,95,95,95,95,86,88,70,70,76,76,76,67,69,69,69,71,73,95,95,95,95,105,105,105,105,105,105,105,105,105,105,105,102,104,105,105,111,111,111,111],"gold":2,"neow_bonus":"","is_daily":false,"chose_seed":false,"campfire_upgraded":12,"win_rate":0.0,"timestamp":1613372275,"path_taken":["R","M","?","?","?","R","M","T","R","?","R","?","R","?","?","M","BOSS","T","?","?","?","?","?","E","T","?","T","T","E","?","T","T","?","BOSS","T","?","?","?","?","T","T","?","T","E","T","E","T","T","?","BOSS","E","T","T","BOSS","BOSS"],"items_purchased_type":["Card","Card","Card","Relic","Card","Card","Card","Card","Card","Card","Relic","Card","Card","Card","Card"],"build_version":"2020-12-22","purchased_purges":0,"victory":true,"max_hp_per_floor":[85,85,85,85,85,95,95,95,95,95,95,95,95,95,95,95,95,95,95,95,95,95,95,95,95,95,95,95,95,95,95,95,95,95,95,95,95,95,95,105,105,105,105,105,105,105,105,105,105,105,105,105,105,105,111,111,111,111],"card_choices":[],"player_experience":166317,"relics_obtained":[{"floor":2,"key":"Grinning Jar"},{"floor":4,"key":"Ancient Tea Set"},{"floor":7,"key":"InkBottle"},{"floor":8,"key":"Centennial Puzzle"},{"floor":12,"key":"Happy Flower"},{"floor":16,"key":"Kunai"},{"floor":20,"key":"Replay:Bottled Flurry"},{"floor":21,"key":"Darkstone Periapt"},{"floor":23,"key":"Blood Vial"},{"floor":24,"key":"ReplayTheSpireMod:TigerMarble"},{"floor":25,"key":"Anchor"},{"floor":26,"key":"Replay:Wax Seal"},{"floor":27,"key":"Bag of Marbles"},{"floor":30,"key":"bronze:BronzeIdol"},{"floor":31,"key":"Replay:Towering Pillar of Hats"},{"floor":34,"key":"War Paint"},{"floor":38,"key":"Mercury Hourglass"},{"floor":39,"key":"Regal Pillow"},{"floor":40,"key":"Pear"},{"floor":41,"key":"Counterbalance"},{"floor":43,"key":"Nunchaku"},{"floor":44,"key":"Mummified Hand"},{"floor":46,"key":"Akabeko"},{"floor":48,"key":"Blue Doll"},{"floor":51,"key":"HornCleat"},{"floor":54,"key":"hexamod:BolsterEngine"}],"event_choices":[{"damage_healed":0,"gold_gain":100,"player_choice":"Pray","damage_taken":0,"max_hp_gain":0,"max_hp_loss":0,"event_name":"Golden Shrine","floor":3,"gold_loss":0},{"damage_healed":0,"gold_gain":175,"player_choice":"AGREE","damage_taken":0,"max_hp_gain":0,"max_hp_loss":0,"event_name":"Liars Game","floor":14,"gold_loss":0,"cards_obtained":["Doubt"]}],"is_beta":false,"boss_relics":[{"not_picked":["Kintsugi","Runic Pyramid"],"picked":"Painkiller Herb"},{"not_picked":["Empty Cage","Astrolabe"],"picked":"Runic Dome"}],"items_purged_floors":[],"is_endless":false,"potions_floor_spawned":[2,16,20,25,30,34,35,38,40,41,51,54],"ascension_level":0}}