{"host":"urzvr6030gsf1sd7","time":1613356913,"event":{"mods":["AchievementEnabler","BaseMod","Block Reminder","Colored Powertips","Minty Spire (QoL Compilation)","Permanent Neow","StSLib"],"gold_per_floor":[211,228,8,8,26,26,54,73,73,38,66,66,82,93,93,190,190,205,205,17,17,32,32,50,50,50,50,50],"floor_reached":27,"language":"ENG","playtime":1565,"items_purged":[],"score":234,"play_id":"45378400-4143-46ca-a913-343a149ef15a","local_time":"20210214214153","is_ascension_mode":true,"campfire_choices":[{"data":"Eruption","floor":6,"key":"SMITH"},{"data":"Wallop","floor":12,"key":"SMITH"},{"data":"CrushJoints","floor":15,"key":"SMITH"},{"data":"Omniscience","floor":23,"key":"SMITH"}],"circlet_count":0,"master_deck":["Strike_P","Strike_P","Strike_P","Strike_P","Defend_P","Defend_P","Defend_P","Defend_P","Eruption+1","Vigilance","FearNoEvil","CrushJoints+1","Vengeance","LikeWater","EmptyBody+1","Wallop+1","InnerPeace","MentalFortress+1","Omniscience+1","Fasting2+1","Decay","BattleHymn+1","LikeWater+1","Fasting2+1","RitualDagger","LikeWater+1","FearNoEvil+1"],"relics":["PureWater","ClockworkSouvenir","Darkstone Periapt","Frozen Egg 2","Shuriken","The Courier","Philosopher\u0027s Stone","White Beast Statue"],"acts_visited":["Exordium","TheCity"],"potions_floor_usage":[11,16,22],"damage_taken":[{"damage":0,"enemies":"2 Louse","floor":1,"turns":2},{"damage":2,"enemies":"Jaw Worm","floor":2,"turns":4},{"damage":4,"enemies":"Cultist","floor":5,"turns":4},{"damage":39,"enemies":"Lagavulin","floor":7,"turns":8},{"damage":2,"enemies":"Blue Slaver","floor":8,"turns":3},{"damage":4,"enemies":"Gremlin Nob","floor":11,"turns":5},{"damage":0,"enemies":"2 Fungi Beasts","floor":13,"turns":2},{"damage":10,"enemies":"Lots of Slimes","floor":14,"turns":4},{"damage":3,"enemies":"Hexaghost","floor":16,"turns":8},{"damage":1,"enemies":"2 Thieves","floor":18,"turns":4},{"damage":0,"enemies":"Shell Parasite","floor":22,"turns":2},{"damage":22,"enemies":"Centurion and Healer","floor":24,"turns":3},{"damage":51,"enemies":"Slavers","floor":27,"turns":3}],"seed_played":"6455754654319145010","potions_obtained":[{"floor":8,"key":"Block Potion"},{"floor":14,"key":"ColorlessPotion"},{"floor":16,"key":"BottledMiracle"},{"floor":18,"key":"EssenceOfSteel"}],"is_trial":false,"path_per_floor":["M","M","$","?","M","R","E","M","T","?","E","R","M","M","R","B",null,"M","?","$","?","M","R","M","?","T","E"],"character_chosen":"WATCHER","items_purchased":["Vengeance","ClockworkSouvenir","BattleHymn+1","LikeWater+1","Fasting2+1"],"campfire_rested":0,"item_purchase_floors":[3,3,20,20,20],"current_hp_per_floor":[72,70,70,63,59,59,20,18,18,36,32,32,32,22,22,19,72,71,77,77,71,71,71,49,49,49,0,0],"gold":50,"neow_bonus":"HUNDRED_GOLD","is_daily":false,"chose_seed":false,"campfire_upgraded":4,"win_rate":0.0,"timestamp":1613356913,"path_taken":["M","M","$","?","M","R","E","M","T","?","E","R","M","M","R","BOSS","M","?","?","?","M","R","M","?","T","E"],"items_purchased_type":["Card","Relic","Card","Card","Card"],"build_version":"2020-12-22","purchased_purges":0,"victory":false,"max_hp_per_floor":[72,72,72,72,72,72,72,72,72,72,72,72,72,72,72,72,72,72,78,78,78,78,78,78,78,78,78,78],"card_choices":[{"not_picked":["EmptyFist","Swivel"],"picked":"FearNoEvil","floor":1},{"not_picked":["Prostrate","Evaluate"],"picked":"CrushJoints","floor":2},{"not_picked":["Crescendo","Evaluate"],"picked":"LikeWater","floor":5},{"not_picked":["CutThroughFate","Worship"],"picked":"EmptyBody","floor":7},{"not_picked":["CrushJoints","FearNoEvil"],"picked":"Wallop","floor":8},{"not_picked":["WindmillStrike","Judgement","EmptyBody"],"picked":"SKIP","floor":11},{"not_picked":["Conclude","CarveReality"],"picked":"InnerPeace","floor":13},{"not_picked":["Meditate","Protect"],"picked":"MentalFortress+1","floor":14},{"not_picked":["ConjureBlade","SpiritShield"],"picked":"Omniscience","floor":16},{"not_picked":["Crescendo","BowlingBash"],"picked":"Fasting2+1","floor":18},{"not_picked":["Study+1","WreathOfFlame"],"picked":"LikeWater+1","floor":22},{"not_picked":["Evaluate","JustLucky+1"],"picked":"FearNoEvil+1","floor":24}],"player_experience":255585,"relics_obtained":[{"floor":7,"key":"Frozen Egg 2"},{"floor":9,"key":"Shuriken"},{"floor":11,"key":"The Courier"},{"floor":26,"key":"White Beast Statue"}],"event_choices":[{"damage_healed":0,"gold_gain":0,"player_choice":"Success","damage_taken":7,"relics_obtained":["Darkstone Periapt"],"max_hp_gain":0,"max_hp_loss":0,"event_name":"Scrap Ooze","floor":4,"gold_loss":0},{"damage_healed":18,"gold_gain":0,"player_choice":"Healed","damage_taken":0,"max_hp_gain":0,"max_hp_loss":0,"event_name":"The Cleric","floor":10,"gold_loss":35},{"damage_healed":0,"gold_gain":0,"player_choice":"Cursed","damage_taken":0,"max_hp_gain":0,"max_hp_loss":0,"event_name":"Wheel of Change","floor":19,"gold_loss":0,"cards_obtained":["Decay"]},{"damage_healed":0,"gold_gain":0,"player_choice":"Joined the Cult","damage_taken":6,"max_hp_gain":0,"max_hp_loss":0,"event_name":"Nest","floor":21,"gold_loss":0,"cards_obtained":["RitualDagger"]},{"damage_healed":0,"gold_gain":0,"player_choice":"Upgraded","damage_taken":0,"max_hp_gain":0,"max_hp_loss":0,"event_name":"Upgrade Shrine","floor":25,"gold_loss":0,"cards_upgraded":["EmptyBody"]}],"is_beta":false,"boss_relics":[{"not_picked":["SlaversCollar","Empty Cage"],"picked":"Philosopher\u0027s Stone"}],"items_purged_floors":[],"is_endless":false,"potions_floor_spawned":[8,14,16,18],"killed_by":"Slavers","ascension_level":1}}