{"host":"94qggqh0xz0sp6ai","time":1613356334,"event":{"mods":["100% Spire Juice","Abigail Mod","Act Like it!","BaseMod","CapriCore","Downfall","Friendly Minions","Gensokyo","Hermit","Jorbs\u0027s Wanderer Trilogy","Koishi","Marisa（霧雨　魔理沙）","Minty Spire (QoL Compilation)","Permanent Neow","Reimu（博??梦）","StSLib","The Alterego","The Construct","The Cursed","The Hierophant","The Immortal","The Marked","The Mystic","The Senshi","The Servant 0.9.4","TheBandit","Waifu the Spire"],"gold_per_floor":[119,59,129,143,163,197,197,213,240,240,0,0,27,43,43,119,119,130,21,27,56,72,102,102,122,122,122,122,148,148,158,158,231,231,243,243,243,268,318,318,331,331,331,363,382,410,410,460,460,460],"floor_reached":51,"language":"ENG","playtime":2723,"items_purged":[],"score":1429,"play_id":"4c354e6a-054f-4873-8239-2a2f45707044","local_time":"20210214203214","is_ascension_mode":true,"campfire_choices":[{"data":"TheCursedMod:ReleasedStrength","floor":7,"key":"SMITH"},{"floor":10,"key":"DIG"},{"data":"TheCursedMod:CursedWand","floor":12,"key":"SMITH"},{"data":"TheCursedMod:RapidMovement","floor":15,"key":"SMITH"},{"data":"TheCursedMod:SpitefulPlan","floor":24,"key":"SMITH"},{"data":"TheCursedMod:ForbiddenAlchemy","floor":28,"key":"SMITH"},{"data":"TheCursedMod:SoulCrush","floor":30,"key":"SMITH"},{"data":"TheCursedMod:FleshFromBone","floor":32,"key":"SMITH"},{"data":"TheCursedMod:HellfireBreathing","floor":40,"key":"SMITH"},{"data":"Madness","floor":42,"key":"SMITH"},{"floor":47,"key":"DIG"},{"floor":49,"key":"DIG"}],"circlet_count":0,"master_deck":["AscendersBane","TheCursedMod:Strike_TheCursed","TheCursedMod:Defend_TheCursed","TheCursedMod:Defend_TheCursed","TheCursedMod:Defend_TheCursed","TheCursedMod:Defend_TheCursed","TheCursedMod:CursedWand+1","TheCursedMod:CleanUpWorkshop+1","TheCursedMod:Dregs","TheCursedMod:SoulReap","TheCursedMod:ReleasedStrength+1","TheCursedMod:SoulReap","TheCursedMod:CursedBlade","TheCursedMod:RavingStaff","TheCursedMod:RapidMovement+1","TheCursedMod:HellsGateOpen","TheCursedMod:RapidMovement+1","TheCursedMod:ManaCirculation","TheCursedMod:DarkBarrier+1","TheCursedMod:CursedAmulet+1","TheCursedMod:TroublousMinions+1","TheCursedMod:WearCloak","TheCursedMod:SpitefulPlan+1","TheCursedMod:SurpriseAttack","TheCursedMod:Obscuration","TheCursedMod:WearCloak","TheCursedMod:ForbiddenAlchemy+1","TheCursedMod:SoulCrush+1","TheCursedMod:FleshFromBone+1","TheCursedMod:AntiAging","Wraith","Madness+1","Madness","TheCursedMod:HellfireBreathing+1","TheCursedMod:TacticalStrike+1","TheCursedMod:ReleasedStrength","TheCursedMod:CursedBoomerang","TheCursedMod:SmokeScreen"],"relics":["TheCursedMod:BlackMagic101","PaintedHorse:ReiMu","Tea:ReiMu","Shovel","War Paint","Bottled Flame","Mastiff:ReiMu","Ancient Tea Set","Astrolabe","Red Mask","Bottled Tornado","construct:FoamFinger","Blood Vial","Philosopher\u0027s Stone","Dead Branch","Pen Nib","Du-Vu Doll","Boot","Bird Faced Urn","MealTicket","construct:RocketBooster","Centennial Puzzle"],"acts_visited":["Exordium","TheCity","TheBeyond"],"potions_floor_usage":[21,25,31,33,35,35,35,38,44,44,45,48,50,50],"damage_taken":[{"damage":7,"enemies":"Small Slimes","floor":1,"turns":4},{"damage":6,"enemies":"Jaw Worm","floor":4,"turns":4},{"damage":3,"enemies":"Cultist","floor":5,"turns":3},{"damage":27,"enemies":"Lagavulin","floor":6,"turns":5},{"damage":15,"enemies":"Red Slaver","floor":8,"turns":3},{"damage":13,"enemies":"Exordium Thugs","floor":14,"turns":4},{"damage":57,"enemies":"The Guardian","floor":16,"turns":11},{"damage":24,"enemies":"3 Byrds","floor":18,"turns":5},{"damage":0,"enemies":"2 Thieves","floor":20,"turns":4},{"damage":43,"enemies":"Masked Bandits","floor":21,"turns":7},{"damage":22,"enemies":"Sentry and Sphere","floor":22,"turns":6},{"damage":1,"enemies":"Book of Stabbing","floor":23,"turns":7},{"damage":1,"enemies":"Chosen and Byrds","floor":25,"turns":4},{"damage":19,"enemies":"Slavers","floor":29,"turns":7},{"damage":8,"enemies":"Shelled Parasite and Fungi","floor":31,"turns":5},{"damage":13,"enemies":"Collector","floor":33,"turns":11},{"damage":9,"enemies":"3 Shapes","floor":35,"turns":3},{"damage":23,"enemies":"Mind Bloom Boss Battle","floor":38,"turns":9},{"damage":2,"enemies":"Orb Walker","floor":41,"turns":3},{"damage":0,"enemies":"Giant Head","floor":44,"turns":5},{"damage":24,"enemies":"Maw","floor":45,"turns":5},{"damage":0,"enemies":"Nemesis","floor":46,"turns":4},{"damage":16,"enemies":"2 Orb Walkers","floor":48,"turns":3},{"damage":16,"enemies":"Awakened One","floor":50,"turns":8}],"seed_played":"-7587211929289152519","potions_obtained":[{"floor":1,"key":"Ancient Potion"},{"floor":4,"key":"FairyPotion"},{"floor":20,"key":"Weak Potion"},{"floor":21,"key":"AttackPotion"},{"floor":35,"key":"Fruit Juice"},{"floor":41,"key":"Strength Potion"},{"floor":46,"key":"AttackPotion"}],"is_trial":false,"path_per_floor":["M","?","T","M","M","E","R","M","T","R","$","R","T","M","R","B",null,"M","$","M","?","M","E","R","M","T","$","R","E","R","M","R","B",null,"M","?","?","?","T","R","M","R","T","E","M","E","R","?","R","B",null],"character_chosen":"THE_CURSED","items_purchased":["TheCursedMod:HellsGateOpen","Mastiff:ReiMu","TheCursedMod:SpitefulPlan","TheCursedMod:SurpriseAttack"],"campfire_rested":0,"item_purchase_floors":[11,11,19,19],"current_hp_per_floor":[62,62,62,61,71,71,71,61,61,61,61,71,71,71,71,40,63,47,47,71,36,19,44,44,53,53,53,53,50,50,62,62,70,71,74,74,60,62,62,62,75,75,75,82,70,82,82,84,84,70],"gold":460,"neow_bonus":"THREE_CARDS","is_daily":false,"chose_seed":false,"campfire_upgraded":9,"win_rate":0.0,"timestamp":1613356334,"path_taken":["M","?","?","?","M","E","R","M","T","R","?","R","?","M","R","BOSS","M","?","?","?","M","E","R","M","T","?","R","E","R","M","R","BOSS","M","?","?","?","?","R","M","R","T","E","M","E","R","?","R","BOSS"],"items_purchased_type":["Card","Relic","Card","Card"],"build_version":"2020-12-22","purchased_purges":0,"victory":true,"max_hp_per_floor":[71,71,71,71,71,71,71,71,71,71,71,71,71,71,71,71,71,71,71,71,71,71,71,71,71,71,71,71,71,71,71,71,71,71,78,78,78,80,80,80,80,80,80,82,82,82,82,84,84,84],"card_choices":[{"not_picked":["TheCursedMod:FuryStrike","TheCursedMod:CursedAmulet"],"picked":"TheCursedMod:SoulReap","floor":0},{"not_picked":["TheCursedMod:AshesToAshes","TheCursedMod:FuryStrike"],"picked":"TheCursedMod:ReleasedStrength","floor":1},{"not_picked":["TheCursedMod:Evocation","TheCursedMod:CursedBlade"],"picked":"TheCursedMod:SoulReap","floor":4},{"not_picked":["TheCursedMod:CircleOfCorruption","TheCursedMod:SmokeScreen"],"picked":"TheCursedMod:CursedBlade","floor":5},{"not_picked":["TheCursedMod:CursedShiv","TheCursedMod:Stretching"],"picked":"TheCursedMod:RavingStaff","floor":6},{"not_picked":["TheCursedMod:PrepareRite","TheCursedMod:CursedAmulet"],"picked":"TheCursedMod:RapidMovement","floor":8},{"not_picked":["TheCursedMod:Obscuration","TheCursedMod:RavingStaff"],"picked":"TheCursedMod:RapidMovement","floor":14},{"not_picked":["TheCursedMod:UltimatePain","TheCursedMod:ParallelWorld"],"picked":"TheCursedMod:ManaCirculation","floor":16},{"not_picked":["TheCursedMod:Torture","TheCursedMod:Obscuration+1"],"picked":"TheCursedMod:WearCloak","floor":18},{"not_picked":["TheCursedMod:SpitefulStrike","TheCursedMod:Stretching","TheCursedMod:CircleOfFlame"],"picked":"SKIP","floor":20},{"not_picked":["TheCursedMod:CursedBlade","TheCursedMod:VitalStrike"],"picked":"TheCursedMod:Obscuration","floor":21},{"not_picked":["TheCursedMod:RavingStaff","TheCursedMod:CursedArmor"],"picked":"TheCursedMod:WearCloak","floor":22},{"not_picked":["TheCursedMod:CircleOfFlame","TheCursedMod:Stigma","TheCursedMod:FuryStrike"],"picked":"SKIP","floor":23},{"not_picked":["TheCursedMod:SpitefulStrike","TheCursedMod:SoulCrush"],"picked":"TheCursedMod:ForbiddenAlchemy","floor":25},{"not_picked":["TheCursedMod:CursedAmulet","TheCursedMod:SpitefulPray"],"picked":"TheCursedMod:SoulCrush","floor":29},{"not_picked":["TheCursedMod:CursedShiv","TheCursedMod:CursedStaff+1"],"picked":"TheCursedMod:FleshFromBone","floor":31},{"not_picked":["TheCursedMod:ParallelWorld","TheCursedMod:ShockAndAwe"],"picked":"TheCursedMod:AntiAging","floor":33},{"not_picked":["TheCursedMod:CursedBlade","TheCursedMod:CursedMace","TheCursedMod:HellsGateOpen+1"],"picked":"SKIP","floor":35},{"not_picked":["TheCursedMod:Wield+1","TheCursedMod:SpitefulPray"],"picked":"TheCursedMod:HellfireBreathing","floor":38},{"not_picked":["TheCursedMod:VitalStrike","TheCursedMod:CursedShiv"],"picked":"TheCursedMod:TacticalStrike+1","floor":41},{"not_picked":["TheCursedMod:CursedBoomerang","TheCursedMod:HellsGateOpen"],"picked":"TheCursedMod:ReleasedStrength","floor":44},{"not_picked":["TheCursedMod:ManaBullet","TheCursedMod:AbyssShockwave"],"picked":"TheCursedMod:CursedBoomerang","floor":45},{"not_picked":["TheCursedMod:DoubleShield","TheCursedMod:ManaCirculation"],"picked":"TheCursedMod:SmokeScreen","floor":46}],"player_experience":1533026,"relics_obtained":[{"floor":3,"key":"Tea:ReiMu"},{"floor":6,"key":"Shovel"},{"floor":9,"key":"War Paint"},{"floor":10,"key":"Bottled Flame"},{"floor":13,"key":"Ancient Tea Set"},{"floor":21,"key":"Red Mask"},{"floor":23,"key":"Bottled Tornado"},{"floor":26,"key":"construct:FoamFinger"},{"floor":29,"key":"Blood Vial"},{"floor":38,"key":"Dead Branch"},{"floor":39,"key":"Pen Nib"},{"floor":43,"key":"Du-Vu Doll"},{"floor":44,"key":"Boot"},{"floor":46,"key":"Bird Faced Urn"},{"floor":47,"key":"MealTicket"},{"floor":48,"key":"construct:RocketBooster"},{"floor":49,"key":"Centennial Puzzle"}],"event_choices":[{"damage_healed":0,"gold_gain":0,"player_choice":"Donate","damage_taken":0,"relics_obtained":["PaintedHorse:ReiMu"],"max_hp_gain":0,"max_hp_loss":0,"event_name":"yidonshenshe","floor":2,"gold_loss":60},{"damage_healed":0,"gold_gain":0,"player_choice":"Fought Bandits","damage_taken":0,"max_hp_gain":0,"max_hp_loss":0,"event_name":"Masked Bandits","floor":21,"gold_loss":0},{"damage_healed":0,"gold_gain":0,"player_choice":"Ignored","damage_taken":0,"max_hp_gain":0,"max_hp_loss":0,"event_name":"OrinTheCat","floor":36,"gold_loss":0},{"damage_healed":0,"gold_gain":0,"player_choice":"Embrace Madness","damage_taken":14,"max_hp_gain":0,"max_hp_loss":0,"event_name":"Winding Halls","floor":37,"gold_loss":0,"cards_obtained":["Madness","Madness"]},{"damage_healed":0,"gold_gain":0,"player_choice":"Fight","damage_taken":0,"max_hp_gain":0,"max_hp_loss":0,"event_name":"MindBloom","floor":38,"gold_loss":0},{"damage_healed":0,"gold_gain":0,"player_choice":"Fight","damage_taken":0,"max_hp_gain":0,"max_hp_loss":0,"event_name":"Mysterious Sphere","floor":48,"gold_loss":0}],"is_beta":false,"boss_relics":[{"not_picked":["construct:ClawGrip","Pandora\u0027s Box"],"picked":"Astrolabe"},{"not_picked":["theSenshi:MoonKaleidoScopeRelic","Velvet Choker"],"picked":"Philosopher\u0027s Stone"}],"items_purged_floors":[],"is_endless":false,"potions_floor_spawned":[1,4,14,20,21,31,33,35,41,46],"ascension_level":16}}