{"host":"8is2j71l4wmybkoi","time":1613370952,"event":{"mods":["AchievementEnabler","BaseMod","Colored Map","DeckTracker","Minty Spire (QoL Compilation)","Rare Cards Sparkle","Relic Stats","StSLib","SuperFastMode"],"gold_per_floor":[114,114,124,143,159,189,189,214,214,63,81,98,173,184,184,258,258,271,271,289,269,27,27,54,68,68,81,93,111,141,152,152,223,223,241,166,176,190,47,381,381,413,484,511,528,544,559,572,572,572,572,572,9,36,36],"floor_reached":56,"language":"KOR","playtime":2532,"items_purged":["Infinite Blades+1","Setup"],"score":2401,"play_id":"bdd59a33-fe92-4c09-9ecb-431dd00cdc75","local_time":"20210215153552","is_ascension_mode":true,"campfire_choices":[{"data":"Bouncing Flask","floor":7.0,"key":"SMITH"},{"data":"Catalyst","floor":15.0,"key":"SMITH"},{"data":"Apotheosis","floor":23,"key":"SMITH"},{"floor":32,"key":"REST"},{"floor":41,"key":"RECALL"},{"floor":49,"key":"REST"},{"floor":52,"key":"REST"}],"circlet_count":0,"master_deck":["AscendersBane","Survivor","Neutralize","Quick Slash","Dash+1","Leg Sweep","Bouncing Flask+1","Wraith Form v2+1","Acrobatics","Catalyst+1","Backflip","Die Die Die","Bouncing Flask","Setup","Bouncing Flask","Malaise","Calculated Gamble","Dodge and Roll","After Image+1","Noxious Fumes+1","Catalyst+1","Crippling Poison","Apotheosis+1","Reflex","Acrobatics+1","Burst","Prepared","Wraith Form v2+1","PiercingWail+1","Well Laid Plans+1","Corpse Explosion","Outmaneuver+1","Tools of the Trade+1","Blur","Catalyst"],"relics":["Ring of the Snake","Frozen Egg 2","CaptainsWheel","FossilizedHelix","ClockworkSouvenir","Pandora\u0027s Box","Calipers","Darkstone Periapt","Fusion Hammer","Old Coin","Eternal Feather","Ninja Scroll","Akabeko","Chemical X","Pear","Ice Cream"],"acts_visited":["Exordium","TheCity","TheBeyond","TheEnding"],"potions_floor_usage":[27,42,46,54,54],"damage_taken":[{"damage":1.0,"enemies":"2 Louse","floor":1.0,"turns":2.0},{"damage":1.0,"enemies":"Cultist","floor":3.0,"turns":3.0},{"damage":1.0,"enemies":"Jaw Worm","floor":4.0,"turns":2.0},{"damage":0.0,"enemies":"3 Louse","floor":5.0,"turns":4.0},{"damage":20.0,"enemies":"Lagavulin","floor":6.0,"turns":6.0},{"damage":4.0,"enemies":"Gremlin Nob","floor":8.0,"turns":4.0},{"damage":13.0,"enemies":"Gremlin Gang","floor":11.0,"turns":4.0},{"damage":0.0,"enemies":"Exordium Wildlife","floor":12.0,"turns":2.0},{"damage":0.0,"enemies":"Red Slaver","floor":14.0,"turns":3.0},{"damage":0.0,"enemies":"The Guardian","floor":16.0,"turns":7.0},{"damage":0,"enemies":"Spheric Guardian","floor":18,"turns":3},{"damage":0,"enemies":"Shell Parasite","floor":20,"turns":3},{"damage":5,"enemies":"Book of Stabbing","floor":24,"turns":6},{"damage":0,"enemies":"Snake Plant","floor":25,"turns":4},{"damage":0,"enemies":"Sentry and Sphere","floor":27,"turns":9},{"damage":20,"enemies":"Centurion and Healer","floor":28,"turns":5},{"damage":0,"enemies":"3 Cultists","floor":29,"turns":6},{"damage":23,"enemies":"Slavers","floor":30,"turns":5},{"damage":0,"enemies":"Snake Plant","floor":31,"turns":2},{"damage":0,"enemies":"Champ","floor":33,"turns":5},{"damage":0,"enemies":"Orb Walker","floor":35,"turns":4},{"damage":7,"enemies":"3 Darklings","floor":37,"turns":5},{"damage":0,"enemies":"Writhing Mass","floor":38,"turns":3},{"damage":0,"enemies":"Nemesis","floor":40,"turns":5},{"damage":0,"enemies":"Giant Head","floor":42,"turns":5},{"damage":0,"enemies":"Nemesis","floor":44,"turns":5},{"damage":0,"enemies":"Maw","floor":45,"turns":4},{"damage":0,"enemies":"Sphere and 2 Shapes","floor":46,"turns":6},{"damage":0,"enemies":"3 Darklings","floor":47,"turns":4},{"damage":0,"enemies":"Spire Growth","floor":48,"turns":4},{"damage":10,"enemies":"Awakened One","floor":50,"turns":10},{"damage":27,"enemies":"Shield and Spear","floor":54,"turns":7},{"damage":9,"enemies":"The Heart","floor":55,"turns":6}],"seed_played":"2119514084282845147","potions_obtained":[{"floor":1.0,"key":"GamblersBrew"},{"floor":8.0,"key":"Strength Potion"},{"floor":11.0,"key":"SkillPotion"},{"floor":12.0,"key":"EntropicBrew"},{"floor":18,"key":"Swift Potion"},{"floor":21,"key":"Fire Potion"},{"floor":25,"key":"Fire Potion"},{"floor":28,"key":"Fire Potion"},{"floor":35,"key":"Weak Potion"},{"floor":44,"key":"Swift Potion"},{"floor":45,"key":"Block Potion"},{"floor":46,"key":"Block Potion"},{"floor":48,"key":"LiquidMemories"}],"is_trial":false,"path_per_floor":["M","?","M","M","M","E","R","E","T","$","M","M","?","M","R","B",null,"M","?","M","?","$","R","E","M","T","M","M","M","E","M","R","B",null,"M","?","M","M","$","E","R","E","T","E","M","M","M","M","R","B",null,"R","$","E","B",null],"character_chosen":"THE_SILENT","items_purchased":["ClockworkSouvenir","Apotheosis","Well Laid Plans+1","Corpse Explosion","Catalyst","Chemical X","Pear"],"campfire_rested":3,"item_purchase_floors":[10,22,39,39,53,53,53],"current_hp_per_floor":[58,58,57,56,56,36,36,32,32,32,19,19,8,8,8,8,52,52,52,52,52,52,52,47,47,47,47,27,27,4,4,23,23,55,55,55,48,48,48,48,48,48,48,48,48,48,48,48,66,56,64,66,76,49,40],"gold":36,"neow_bonus":"THREE_CARDS","is_daily":false,"chose_seed":false,"campfire_upgraded":3,"win_rate":0.0,"timestamp":1613370952,"path_taken":["M","?","M","M","M","E","R","E","T","$","?","M","?","M","R","BOSS","M","?","?","?","$","R","E","M","T","M","?","M","E","M","R","BOSS","M","?","M","M","$","E","R","E","T","E","M","M","M","?","R","BOSS","R","$","E","BOSS"],"items_purchased_type":["Relic","Card","Card","Card","Card","Relic","Relic"],"build_version":"2020-12-22","purchased_purges":2,"victory":true,"max_hp_per_floor":[66,66,66,66,66,66,66,66,66,66,66,66,66,66,66,66,66,66,66,66,66,66,66,66,66,66,66,66,66,66,66,66,66,66,66,66,66,66,66,66,66,66,66,66,66,66,66,66,66,66,66,66,76,76,76],"relic_stats":{"Darkstone Periapt":0,"counters":[33,153],"Pandora\u0027s Box":["Bouncing Flask","Setup","Bouncing Flask","Malaise","Calculated Gamble","Setup","Infinite Blades","Dodge and Roll","After Image","Noxious Fumes"],"Eternal Feather":20,"Chemical X":[3],"obtain_stats":[{"Darkstone Periapt":30,"Ice Cream":54,"Calipers":24,"Pear":53,"Eternal Feather":42,"Frozen Egg 2":6,"Akabeko":44,"ClockworkSouvenir":10,"Old Coin":40,"CaptainsWheel":8,"Ninja Scroll":43,"Pandora\u0027s Box":17,"Fusion Hammer":34,"Chemical X":53,"FossilizedHelix":9,"Ring of the Snake":0},{"Darkstone Periapt":18,"Ice Cream":32,"Calipers":13,"Pear":31,"Eternal Feather":25,"Frozen Egg 2":5,"Akabeko":26,"ClockworkSouvenir":6,"Old Coin":24,"CaptainsWheel":6,"Ninja Scroll":25,"Pandora\u0027s Box":10,"Fusion Hammer":20,"Chemical X":31,"FossilizedHelix":6,"Ring of the Snake":0},{"Darkstone Periapt":78,"Ice Cream":147,"Calipers":49,"Pear":140,"Eternal Feather":107,"Frozen Egg 2":17,"Akabeko":112,"ClockworkSouvenir":21,"Old Coin":102,"CaptainsWheel":21,"Ninja Scroll":107,"Pandora\u0027s Box":37,"Fusion Hammer":85,"Chemical X":140,"FossilizedHelix":21,"Ring of the Snake":0}],"Ring of the Snake":[66]},"card_choices":[{"not_picked":["Catalyst","Outmaneuver"],"picked":"Quick Slash","floor":0.0},{"not_picked":["Deflect","Bane"],"picked":"Dash","floor":1.0},{"not_picked":["Outmaneuver","Setup"],"picked":"Flechettes","floor":3.0},{"not_picked":["Infinite Blades","Dodge and Roll"],"picked":"Leg Sweep","floor":4.0},{"not_picked":["Underhanded Strike","Deadly Poison"],"picked":"Bouncing Flask","floor":5.0},{"not_picked":["Eviscerate","PiercingWail"],"picked":"Wraith Form v2+1","floor":6.0},{"not_picked":["Accuracy+1","Deflect"],"picked":"Acrobatics","floor":8.0},{"not_picked":["Sucker Punch","Prepared"],"picked":"Catalyst","floor":11.0},{"not_picked":["Cloak And Dagger","Sucker Punch"],"picked":"Backflip","floor":12.0},{"not_picked":["Distraction","All Out Attack","Cloak And Dagger"],"picked":"SKIP","floor":14.0},{"not_picked":["Glass Knife","A Thousand Cuts+1"],"picked":"Die Die Die","floor":16.0},{"not_picked":["Dagger Throw+1","Quick Slash","Poisoned Stab"],"picked":"SKIP","floor":18},{"not_picked":["Underhanded Strike","Catalyst"],"picked":"Crippling Poison","floor":20},{"not_picked":["Leg Sweep","Prepared"],"picked":"Reflex","floor":24},{"not_picked":["Deadly Poison","Quick Slash","Deflect"],"picked":"SKIP","floor":25},{"not_picked":["Dagger Spray+1","Quick Slash"],"picked":"Acrobatics+1","floor":27},{"not_picked":["Choke","Flechettes"],"picked":"Burst","floor":28},{"not_picked":["Bane","Deflect"],"picked":"Prepared","floor":29},{"not_picked":["Dodge and Roll","Setup","Acrobatics"],"picked":"SKIP","floor":30},{"not_picked":["Blade Dance+1","Infinite Blades+1","Phantasmal Killer"],"picked":"SKIP","floor":31},{"not_picked":["Bullet Time","Tools of the Trade+1"],"picked":"Wraith Form v2+1","floor":33},{"not_picked":["Endless Agony","Flying Knee+1"],"picked":"PiercingWail+1","floor":35},{"not_picked":["Dodge and Roll+1","Underhanded Strike","Acrobatics"],"picked":"SKIP","floor":37},{"not_picked":["Dagger Spray","Flying Knee+1","Bane"],"picked":"SKIP","floor":38},{"not_picked":["Prepared","Deflect","Bane+1"],"picked":"SKIP","floor":40},{"not_picked":["Phantasmal Killer","Underhanded Strike","All Out Attack"],"picked":"SKIP","floor":42},{"not_picked":["Prepared+1","Bane+1"],"picked":"Outmaneuver+1","floor":44},{"not_picked":["Bane+1","Underhanded Strike","Eviscerate"],"picked":"SKIP","floor":45},{"not_picked":["Flechettes","Deflect"],"picked":"Tools of the Trade+1","floor":46},{"not_picked":["Endless Agony","Expertise"],"picked":"Blur","floor":47},{"not_picked":["Acrobatics","Noxious Fumes+1","Quick Slash"],"picked":"SKIP","floor":48},{"not_picked":["Blade Dance","PiercingWail","Eviscerate+1"],"picked":"SKIP","floor":54}],"player_experience":1219229,"relics_obtained":[{"floor":6.0,"key":"Frozen Egg 2"},{"floor":8.0,"key":"CaptainsWheel"},{"floor":9.0,"key":"FossilizedHelix"},{"floor":24,"key":"Calipers"},{"floor":30,"key":"Darkstone Periapt"},{"floor":40,"key":"Old Coin"},{"floor":42,"key":"Eternal Feather"},{"floor":43,"key":"Ninja Scroll"},{"floor":44,"key":"Akabeko"},{"floor":54,"key":"Ice Cream"}],"event_choices":[{"damage_healed":0.0,"max_hp_gain":0.0,"max_hp_loss":0.0,"gold_gain":0.0,"event_name":"Accursed Blacksmith","player_choice":"Forge","floor":2.0,"gold_loss":0.0,"damage_taken":0.0,"cards_upgraded":["Dash"]},{"damage_healed":0.0,"max_hp_gain":0.0,"max_hp_loss":0.0,"gold_gain":75.0,"event_name":"World of Goop","player_choice":"Gather Gold","floor":13.0,"gold_loss":0.0,"damage_taken":11.0},{"damage_healed":0,"gold_gain":0,"player_choice":"Copied","damage_taken":0,"max_hp_gain":0,"max_hp_loss":0,"event_name":"Duplicator","floor":19,"gold_loss":0,"cards_obtained":["Catalyst"]},{"damage_healed":0,"gold_gain":0,"player_choice":"Bought 1 Potion","damage_taken":0,"max_hp_gain":0,"max_hp_loss":0,"event_name":"The Woman in Blue","floor":21,"gold_loss":0},{"cards_removed":["Flechettes"],"damage_healed":0,"gold_gain":0,"player_choice":"Single Remove","damage_taken":0,"max_hp_gain":0,"max_hp_loss":0,"event_name":"Designer","floor":36,"gold_loss":75}],"is_beta":false,"boss_relics":[{"not_picked":["WristBlade","HoveringKite"],"picked":"Pandora\u0027s Box"},{"not_picked":["Runic Dome","Runic Pyramid"],"picked":"Fusion Hammer"}],"items_purged_floors":[22,53],"is_endless":false,"potions_floor_spawned":[1,8,11,12,18,24,25,28,35,44,45,46,48],"ascension_level":15}}