{"host":"9jkzatiwan7o33sr","time":1613422422,"event":{"mods":["AchievementEnabler","Act Like it!","Aspiration","BaseMod","Colored Map","Colored Powertips","Conspire","Downfall","GifTheSpireLib","Hallownest","Hermit","Hubris","Infinite Spire","Jorbs\u0027s Wanderer Trilogy","Mad Scientist","Mimic Mod","Minty Spire (QoL Compilation)","Permanent Neow","Shade Mod","StSLib","Stuff the Spire","Td1madao Mod","The Bladedancer","The Bug Knight","The Cursed","The Forsaken","The Hierophant","The Jungle","The Mystic","The Necromancer","The Poker Player","The Servant 0.9.4","The Witch","[IsaacMod]????"],"gold_per_floor":[114,128,128,147,79,105,105,120,120,120,137,137,153,153,153,252,252,240,260,18,18,18,18,18,18,55,55,55,86,86,99,99,197,197,214,51,64,9,26,26,26,45,75,93,93,113,113,37,37,37,37],"floor_reached":50,"language":"ENG","playtime":3240,"items_purged":["Injury"],"score":648,"play_id":"0e58b32e-3c66-4d0d-8b53-1acd60d67cc0","local_time":"20210215215342","is_ascension_mode":true,"campfire_choices":[{"data":"Demon Form","floor":7,"key":"SMITH"},{"data":"Flex","floor":12,"key":"SMITH"},{"floor":15,"key":"REST"},{"data":"Pommel Strike","floor":23,"key":"SMITH"},{"floor":25,"key":"REST"},{"floor":30,"key":"REST"},{"data":"Bash","floor":32,"key":"SMITH"},{"floor":40,"key":"REST"},{"floor":45,"key":"REST"},{"floor":49,"key":"REST"}],"circlet_count":0,"master_deck":["Strike_R","Strike_R","Strike_R","Strike_R","Strike_R","Defend_R","Defend_R","Defend_R","Defend_R","Bash+1","EpicFetus","Demon Form+1","Anger","Cleave","Swift Strike","Flex+1","Clothesline","Pommel Strike+1","Flex","Clash","Offering+1","hubris:ReadiedAction+1","Disarm+1","Blind+1","Warcry+1","StuffTheSpire:Rapture","Thunderclap+1","Shockwave+1","conspire:HitWhereItHurts","Armaments+1","Infernal Blade+1","Intimidate+1","Whirlwind","Shrug It Off+1","Clash+1","Heavy Blade","Pommel Strike+1","Ghostly Armor+1","hubris:ReadiedAction+1"],"relics":["Burning Blood","HushsDoor","SteamSale","StuffTheSpire:Nightcore","hubris:BottledRain","Toxic Egg 2","SacredBark","StuffTheSpire:ForceGauntlet","infinitespire:Eraser","Sling","DeathBook","aspiration:FutureDiary","UnicornStump","conspire:InfiniteJournal","hubris:Towel","DeadEye"],"acts_visited":["Exordium","TheCity","TheBeyond"],"potions_floor_usage":[16,29,31,31,33,50,50,50],"damage_taken":[{"damage":7,"enemies":"2 Louse","floor":1,"turns":4},{"damage":10,"enemies":"Small Slimes","floor":2,"turns":4},{"damage":9,"enemies":"Jaw Worm","floor":4,"turns":4},{"damage":27,"enemies":"HollowMod:MossKnight","floor":6,"turns":6},{"damage":8,"enemies":"Gremlin Gang","floor":8,"turns":5},{"damage":7,"enemies":"3 Louse","floor":11,"turns":3},{"damage":11,"enemies":"Large Slime","floor":13,"turns":5},{"damage":50,"enemies":"The Guardian","floor":16,"turns":7},{"damage":28,"enemies":"2 Thieves","floor":18,"turns":4},{"damage":11,"enemies":"conspire:FuzzyDice","floor":19,"turns":7},{"damage":24,"enemies":"Chosen and Byrds","floor":26,"turns":10},{"damage":20,"enemies":"HollowMod:Nosk","floor":29,"turns":5},{"damage":7,"enemies":"Chosen and Byrds","floor":31,"turns":4},{"damage":48,"enemies":"hubris:MusketHawk","floor":33,"turns":8},{"damage":11,"enemies":"Orb Walker","floor":35,"turns":2},{"damage":20,"enemies":"3 Shapes","floor":37,"turns":4},{"damage":18,"enemies":"Jaw Worm Horde","floor":39,"turns":3},{"damage":28,"enemies":"Writhing Mass","floor":42,"turns":4},{"damage":35,"enemies":"Transient","floor":43,"turns":13},{"damage":6,"enemies":"Transient","floor":44,"turns":5},{"damage":4,"enemies":"Jaw Worm Horde","floor":46,"turns":2},{"damage":89,"enemies":"Time Eater","floor":50,"turns":8}],"seed_played":"8787058499491906270","potions_obtained":[{"floor":1,"key":"SneckoOil"},{"floor":2,"key":"SpeedPotion"},{"floor":8,"key":"SkillPotion"},{"floor":16,"key":"SpeedPotion"},{"floor":29,"key":"Ancient Potion"},{"floor":31,"key":"Fruit Juice"},{"floor":37,"key":"infinitespire:BlackPotion"},{"floor":39,"key":"Explosive Potion"},{"floor":42,"key":"hexamod:SoulburnPotion"}],"is_trial":false,"path_per_floor":["M","M","?","M","$","E","R","M","T","?","M","R","M","?","R","B",null,"M","M","$","?","$","R","?","R","MIM","AVR","?","E","R","M","R","B",null,"M","$","M","$","M","R","?","M","MIM","M","R","M","?","?","R","B"],"character_chosen":"IRONCLAD","items_purchased":["Swift Strike","Flex","StuffTheSpire:ForceGauntlet","Blind+1","Warcry+1","UnicornStump","Infernal Blade+1","Whirlwind","Shrug It Off+1"],"campfire_rested":6,"item_purchase_floors":[5,5,20,20,20,36,36,38,38],"current_hp_per_floor":[79,75,75,72,72,51,51,49,49,49,48,48,43,43,69,25,72,50,45,45,45,45,45,30,56,38,38,38,24,50,59,59,17,78,73,73,59,59,47,76,76,54,25,25,54,56,56,56,85,0,0],"gold":37,"neow_bonus":"TEN_PERCENT_HP_BONUS","is_daily":false,"chose_seed":false,"campfire_upgraded":4,"win_rate":0.0,"timestamp":1613422422,"path_taken":["M","M","?","M","$","E","R","M","T","?","M","R","?","?","R","BOSS","M","M","?","?","$","R","?","R","MIM","AVR","?","E","R","?","R","BOSS","M","$","?","$","?","R","?","M","MIM","M","R","M","?","?","R","BOSS"],"items_purchased_type":["Card","Card","Relic","Card","Card","Relic","Card","Card","Card"],"build_version":"2020-12-22","purchased_purges":1,"victory":false,"max_hp_per_floor":[88,88,88,88,88,88,88,88,88,88,88,88,88,88,88,88,88,88,88,88,88,88,88,88,88,88,88,88,88,88,98,98,98,98,98,98,98,98,98,98,98,98,98,98,98,98,98,98,98,98,98],"card_choices":[{"not_picked":[],"picked":"EpicFetus","floor":0},{"not_picked":["Havoc","Twin Strike"],"picked":"Demon Form","floor":1},{"not_picked":["Warcry","Feel No Pain"],"picked":"Anger","floor":2},{"not_picked":["StuffTheSpire:Incineration","Anger"],"picked":"Cleave","floor":4},{"not_picked":["StuffTheSpire:Incineration","Reckless Charge"],"picked":"Clothesline","floor":6},{"not_picked":["Clash","Body Slam"],"picked":"Pommel Strike","floor":8},{"not_picked":["Clothesline","hubris:ReadiedAction"],"picked":"Flex","floor":11},{"not_picked":["Seeing Red","StuffTheSpire:RockThrow"],"picked":"Clash","floor":13},{"not_picked":["Fiend Fire","Demon Form"],"picked":"Offering+1","floor":16},{"not_picked":["Headbutt","StuffTheSpire:RockThrow"],"picked":"hubris:ReadiedAction+1","floor":18},{"not_picked":["Wild Strike","infinitespire:OneForAll"],"picked":"Disarm+1","floor":19},{"not_picked":["Havoc+1","Rampage"],"picked":"Thunderclap+1","floor":26},{"not_picked":["StuffTheSpire:RockThrow","Wild Strike","Headbutt"],"picked":"SKIP","floor":29},{"not_picked":["Wild Strike","Dark Embrace"],"picked":"Shockwave+1","floor":31},{"not_picked":["Barricade","Double Tap+1"],"picked":"conspire:HitWhereItHurts","floor":33},{"not_picked":["Body Slam","Power Through+1"],"picked":"Armaments+1","floor":35},{"not_picked":["Clash","Body Slam"],"picked":"Intimidate+1","floor":37},{"not_picked":["Sever Soul+1","Fire Breathing"],"picked":"Clash+1","floor":39},{"not_picked":["Havoc+1","Thunderclap"],"picked":"Heavy Blade","floor":42},{"not_picked":["Wild Strike","Carnage+1"],"picked":"Pommel Strike+1","floor":43},{"not_picked":["StuffTheSpire:RockThrow+1","Perfected Strike+1"],"picked":"Ghostly Armor+1","floor":44},{"not_picked":["Anger","Juggernaut"],"picked":"hubris:ReadiedAction+1","floor":46}],"player_experience":646435,"relics_obtained":[{"floor":6,"key":"StuffTheSpire:Nightcore"},{"floor":9,"key":"hubris:BottledRain"},{"floor":26,"key":"infinitespire:Eraser"},{"floor":29,"key":"DeathBook"},{"floor":43,"key":"conspire:InfiniteJournal"}],"event_choices":[{"damage_healed":0,"gold_gain":0,"player_choice":"Leave","damage_taken":0,"max_hp_gain":0,"max_hp_loss":0,"event_name":"conspire:Investor","floor":21,"gold_loss":0},{"damage_healed":0,"gold_gain":0,"player_choice":"Paid Gold","damage_taken":0,"relics_obtained":["DeadEye"],"max_hp_gain":0,"max_hp_loss":0,"event_name":"WeMeetAgain","floor":48,"gold_loss":76}],"is_beta":false,"boss_relics":[{"not_picked":["Empty Cage","StuffTheSpire:RunicHypercube"],"picked":"SacredBark"},{"not_picked":[]},{"not_picked":["StuffTheSpire:RunicConfusion","conspire:SlowCooker"],"picked":"aspiration:FutureDiary"},{"not_picked":[]}],"items_purged_floors":[20],"is_endless":false,"potions_floor_spawned":[1,2,8,16,29,31,37,39,42],"killed_by":"Time Eater","ascension_level":6}}