{"host":"zsnmfqgcm92hlreo","time":1613351933,"event":{"mods":["AchievementEnabler","BaseMod","Bestiary","Block Reminder","Colored Map","Colored Powertips","Filter the Spire","Minty Spire (QoL Compilation)","Permanent Neow","Quick Restart","Relic Stats","StSLib","Weighted Paths"],"gold_per_floor":[110,110,120,120,130,130,162,162,162,174,186,198,275,342,354,443,455,479,506,568,590,602,644,656,331,331,331,364,379,406,321,321,321,321],"floor_reached":33,"language":"ENG","playtime":1149,"items_purged":["Decay"],"score":648,"play_id":"a331631f-4f07-4302-ad0b-ecca7abee4e7","local_time":"20210214191853","is_ascension_mode":true,"campfire_choices":[{"data":"Skewer","floor":6.0,"key":"SMITH"},{"data":"Catalyst","floor":8.0,"key":"SMITH"},{"data":"Venomology","floor":10.0,"key":"SMITH"},{"data":"Adrenaline","floor":12.0,"key":"SMITH"},{"data":"Cloak And Dagger","floor":15.0,"key":"SMITH"},{"data":"Adrenaline","floor":24.0,"key":"SMITH"},{"data":"Noxious Fumes","floor":27.0,"key":"SMITH"},{"floor":32,"key":"REST"}],"circlet_count":0,"master_deck":["AscendersBane","Survivor","Neutralize","Night Terror","Accuracy","Venomology+1","Adrenaline+1","Skewer+1","Eviscerate","Predator","Corpse Explosion","Deflect","Blur","Catalyst+1","Calculated Gamble","Blur","Bouncing Flask","Cloak And Dagger+1","Envenom","Blade Dance","Blade Dance","Adrenaline+1","Noxious Fumes+1","Acrobatics","Predator","Leg Sweep"],"relics":["Pandora\u0027s Box","Eternal Feather","Thread and Needle","MawBank","Unceasing Top","Philosopher\u0027s Stone","Lantern","Bronze Scales","Strawberry","Bottled Tornado","Nunchaku","Toxic Egg 2"],"acts_visited":["Exordium","TheCity"],"potions_floor_usage":[28,30,30,30,33],"damage_taken":[{"damage":8.0,"enemies":"Jaw Worm","floor":1.0,"turns":3.0},{"damage":0.0,"enemies":"2 Louse","floor":3.0,"turns":3.0},{"damage":7.0,"enemies":"Small Slimes","floor":5.0,"turns":4.0},{"damage":23.0,"enemies":"Lagavulin","floor":7.0,"turns":6.0},{"damage":6.0,"enemies":"3 Sentries","floor":13.0,"turns":2.0},{"damage":1.0,"enemies":"Hexaghost","floor":16.0,"turns":8.0},{"damage":0.0,"enemies":"Spheric Guardian","floor":18.0,"turns":1.0},{"damage":15.0,"enemies":"2 Thieves","floor":19.0,"turns":2.0},{"damage":3.0,"enemies":"3 Cultists","floor":21.0,"turns":3.0},{"damage":19.0,"enemies":"Book of Stabbing","floor":23.0,"turns":3.0},{"damage":8,"enemies":"Gremlin Leader","floor":28,"turns":2},{"damage":7,"enemies":"Snecko","floor":29,"turns":3},{"damage":32,"enemies":"Slavers","floor":30,"turns":3},{"damage":48,"enemies":"Automaton","floor":33,"turns":6}],"seed_played":"3109011585194480550","potions_obtained":[{"floor":13.0,"key":"PowerPotion"},{"floor":16.0,"key":"Poison Potion"},{"floor":19.0,"key":"PowerPotion"},{"floor":28,"key":"SteroidPotion"},{"floor":29,"key":"EntropicBrew"}],"is_trial":false,"path_per_floor":["M","?","M","?","M","R","E","R","T","R","$","R","?","?","R","B",null,"M","M","?","M","?","E","R","$","T","R","E","M","E","?","R","B"],"character_chosen":"THE_SILENT","items_purchased":["Noxious Fumes","Bronze Scales","Acrobatics"],"campfire_rested":1,"item_purchase_floors":[25,25,25],"current_hp_per_floor":[51,46,46,46,39,48,25,34,34,43,43,52,46,46,55,54,63,63,48,48,45,45,26,38,38,45,57,49,42,10,10,46,0,0],"gold":321,"neow_bonus":"BOSS_RELIC","is_daily":false,"chose_seed":false,"campfire_upgraded":7,"win_rate":0.0,"timestamp":1613351933,"path_taken":["M","?","M","?","M","R","E","R","T","R","$","R","?","?","R","BOSS","M","M","?","M","?","E","R","$","T","R","E","M","E","?","R","BOSS"],"items_purchased_type":["Card","Relic","Card"],"build_version":"2020-12-22","purchased_purges":1,"victory":false,"max_hp_per_floor":[66,66,66,66,66,66,66,66,66,66,66,66,66,66,66,66,66,66,66,66,66,66,66,66,66,73,73,73,73,73,73,73,73,73],"relic_stats":{"Nunchaku":[1],"counters":[14,49],"Bronze Scales":[36],"Pandora\u0027s Box":["Night Terror","Accuracy","Venomology","Adrenaline","Skewer","Eviscerate","Predator","Corpse Explosion","Prepared","Deflect"],"Eternal Feather":84,"MawBank":192,"obtain_stats":[{"Lantern":23,"Eternal Feather":2,"Thread and Needle":7,"Bottled Tornado":28,"MawBank":9,"Nunchaku":30,"Bronze Scales":25,"Strawberry":26,"Pandora\u0027s Box":0,"Philosopher\u0027s Stone":17,"Toxic Egg 2":31,"Unceasing Top":13,"Ring of the Snake":0},{"Lantern":10,"Eternal Feather":1,"Thread and Needle":4,"Bottled Tornado":11,"MawBank":4,"Nunchaku":13,"Bronze Scales":10,"Strawberry":10,"Pandora\u0027s Box":0,"Philosopher\u0027s Stone":6,"Toxic Egg 2":13,"Unceasing Top":5,"Ring of the Snake":0},{"Lantern":35,"Eternal Feather":3,"Thread and Needle":16,"Bottled Tornado":37,"MawBank":16,"Nunchaku":43,"Bronze Scales":35,"Strawberry":35,"Pandora\u0027s Box":0,"Philosopher\u0027s Stone":26,"Toxic Egg 2":43,"Unceasing Top":18,"Ring of the Snake":0}],"Unceasing Top":[2]},"card_choices":[{"not_picked":["Dagger Throw","PiercingWail"],"picked":"Blur","floor":1.0},{"not_picked":["Slice","Sucker Punch"],"picked":"Catalyst","floor":3.0},{"not_picked":["Predator","All Out Attack"],"picked":"Blur","floor":5.0},{"not_picked":["Slice","Poisoned Stab"],"picked":"Bouncing Flask","floor":7.0},{"not_picked":["Sucker Punch","Quick Slash"],"picked":"Cloak And Dagger","floor":13.0},{"not_picked":["Tools of the Trade","Phantasmal Killer"],"picked":"Envenom","floor":16.0},{"not_picked":["Sucker Punch","Tactician"],"picked":"Blade Dance","floor":18.0},{"not_picked":["Distraction","Sucker Punch","Dagger Throw"],"picked":"SKIP","floor":19.0},{"not_picked":["Phantasmal Killer","Bane"],"picked":"Blade Dance","floor":21.0},{"not_picked":["Bane","Outmaneuver+1"],"picked":"Adrenaline","floor":23.0},{"not_picked":["Slice","Heel Hook+1"],"picked":"Predator","floor":28},{"not_picked":["Dagger Spray","Sucker Punch","Slice"],"picked":"SKIP","floor":29},{"not_picked":["Eviscerate","Backflip"],"picked":"Leg Sweep","floor":30}],"player_experience":1132464,"relics_obtained":[{"floor":7.0,"key":"Thread and Needle"},{"floor":9.0,"key":"MawBank"},{"floor":13.0,"key":"Unceasing Top"},{"floor":23.0,"key":"Lantern"},{"floor":26.0,"key":"Strawberry"},{"floor":28,"key":"Bottled Tornado"},{"floor":30,"key":"Nunchaku"}],"event_choices":[{"damage_healed":0.0,"max_hp_gain":0.0,"max_hp_loss":0.0,"gold_gain":0.0,"event_name":"Scrap Ooze","player_choice":"Success","floor":2.0,"gold_loss":0.0,"damage_taken":5.0,"relics_obtained":["Eternal Feather"]},{"damage_healed":0.0,"max_hp_gain":0.0,"max_hp_loss":0.0,"gold_gain":0.0,"cards_transformed":["Prepared"],"event_name":"Living Wall","player_choice":"Change","floor":4.0,"gold_loss":0.0,"damage_taken":0.0,"cards_obtained":["Calculated Gamble"]},{"damage_healed":0.0,"max_hp_gain":0.0,"max_hp_loss":0.0,"gold_gain":0.0,"event_name":"Dead Adventurer","player_choice":"Searched \u00271\u0027 times","floor":13.0,"gold_loss":0.0,"damage_taken":0.0},{"damage_healed":0.0,"max_hp_gain":0.0,"max_hp_loss":0.0,"gold_gain":55.0,"event_name":"Golden Wing","player_choice":"Gained Gold","floor":14.0,"gold_loss":0.0,"damage_taken":0.0},{"damage_healed":0.0,"max_hp_gain":0.0,"max_hp_loss":0.0,"gold_gain":50.0,"event_name":"Nest","player_choice":"Stole From Cult","floor":20.0,"gold_loss":0.0,"damage_taken":0.0},{"damage_healed":0.0,"max_hp_gain":0.0,"max_hp_loss":0.0,"gold_gain":0.0,"event_name":"Forgotten Altar","player_choice":"Smashed Altar","floor":22.0,"gold_loss":0.0,"damage_taken":0.0,"cards_obtained":["Decay"]},{"damage_healed":0,"gold_gain":0,"player_choice":"Obtained Relic","damage_taken":0,"relics_obtained":["Toxic Egg 2"],"max_hp_gain":0,"max_hp_loss":0,"event_name":"Addict","floor":31,"gold_loss":85}],"is_beta":false,"boss_relics":[{"not_picked":["Black Star","Sozu"],"picked":"Philosopher\u0027s Stone"}],"items_purged_floors":[25],"is_endless":false,"potions_floor_spawned":[13,16,19,28,29],"killed_by":"Automaton","ascension_level":20}}