{"host":"pft5kheyb7v7gger","time":1613399688,"event":{"mods":["Act Like it!","BaseMod","Downfall","Energized Spire","LagranYue(拉格朗・月)","Lobotomy","LobotomyExtend","Minty Spire (QoL Compilation)","Replay The Spire","StSLib","【遗物卡牌】REMEMod"],"gold_per_floor":[99,119,119,119,138,169,247,247,247,261,40,71,11,31,48,150,150,50,62,62,62,72,164,238,273,113,142,42,56,66,98,112,207,207,107,124,124,143,45,145,194,205,205,225,146,146,161,28,48,48,48,48,74,23,23,23,23],"floor_reached":58,"language":"ZHS","playtime":24131,"items_purged":["downfall:Malfunctioning"],"score":1302,"play_id":"3546755a-511b-449a-8a01-a281a0c865bf","local_time":"20210215223448","is_ascension_mode":false,"campfire_choices":[{"data":"sneckomod:SerpentIdol","floor":1.0,"key":"SMITH"},{"data":"Guardian:Orbwalk","floor":8.0,"key":"SMITH"},{"floor":18.0,"key":"RECALL"},{"floor":28.0,"key":"REST"},{"data":"expansioncontent:DashGenerateEvil","floor":43.0,"key":"SMITH"},{"floor":55.0,"key":"REST"}],"circlet_count":0,"master_deck":["Guardian:Strike_Guardian+1","Guardian:Strike_Guardian","Guardian:Strike_Guardian","Guardian:Defend_Guardian+1","Guardian:Defend_Guardian","Guardian:Defend_Guardian","Guardian:Defend_Guardian","Guardian:CurlUp+1","Guardian:TwinSlam+1","sneckomod:SerpentIdol+1","Guardian:EvasiveProtocol","Guardian:SentryBeam","Guardian:Orbwalk+1","Guardian:ShieldSpikes","expansioncontent:DashGenerateEvil+1","Guardian:Reroute","Guardian:PiercingHide","Guardian:CrystalBeam","Guardian:TemporalStrike","Guardian:StasisStrike","Guardian:TimeSifter","Guardian:ShieldCharger","ReplayTheSpireMod:Splinters","Guardian:TemporalStrike+1","Guardian:RefractedBeam+1","Guardian:ConstructionForm","Guardian:WalkerClaw","Guardian:SpikerProtocol","Guardian:Preprogram+1","Guardian:BodySlam","Guardian:DecasProtection+1","Guardian:AncientConstruct","Guardian:ArmoredProtocol","Guardian:ShieldSpikes","ReplayTheSpireMod:Uncanny Aura","Transmutation","Guardian:Incinerate","Guardian:RefractedBeam","Guardian:StasisField","Survey Options","downfall:Haunted","Guardian:BaubleBeam","Guardian:ShieldSpikes+1","Parasite","Guardian:DecasProtection+1","Guardian:FloatingOrbs","Guardian:PrismaticBeam+1","Guardian:BodySlam","Guardian:DecasProtection","Guardian:DecasProtection"],"relics":["Guardian:ModeShifter","REME_ComplimentaryCards","LagranYue:RandomDrawCardRelic","LetterFromLob","Oddly Smooth Stone","Bottled Tornado","Letter Opener","Strawberry","energizedSpire:SpiderWeb","downfall:HeartBlessingGreen","Potion Belt","Centennial Puzzle","Vajra","REME_HandOfSuture","downfall:HeartBlessingBlue","War Paint","bronze:MakeshiftBattery","downfall:HeartBlessingRed","downfall:TeleportStone","downfall:GremlinSack","Replay:Baseball","StrikeDummy"],"acts_visited":["Exordium","TheCity","TheBeyond","TheEnding"],"potions_floor_usage":[],"damage_taken":[{"damage":1.0,"enemies":"Jaw Worm","floor":2.0,"turns":5.0},{"damage":4.0,"enemies":"Small Slimes","floor":5.0,"turns":3.0},{"damage":11.0,"enemies":"3 Sentries","floor":6.0,"turns":10.0},{"damage":0.0,"enemies":"2 Louse","floor":10.0,"turns":2.0},{"damage":0.0,"enemies":"downfall:FleeingMerchant","floor":11.0,"turns":4.0},{"damage":19.0,"enemies":"Lagavulin","floor":12.0,"turns":6.0},{"damage":0.0,"enemies":"downfall:FleeingMerchant","floor":13.0,"turns":4.0},{"damage":8.0,"enemies":"Exordium Thugs","floor":14.0,"turns":4.0},{"damage":16.0,"enemies":"Large Slime","floor":15.0,"turns":3.0},{"damage":36.0,"enemies":"DF_ARCHETYPE_STREAMLINE","floor":16.0,"turns":9.0},{"damage":12.0,"enemies":"downfall:LooterAlt2","floor":19.0,"turns":4.0},{"damage":10.0,"enemies":"Spheric Guardian","floor":22.0,"turns":6.0},{"damage":22.0,"enemies":"Replay:Snechameleon","floor":25.0,"turns":6.0},{"damage":10.0,"enemies":"downfall:FleeingMerchant","floor":26.0,"turns":4.0},{"damage":4.0,"enemies":"Book of Stabbing","floor":27.0,"turns":5.0},{"damage":0.0,"enemies":"Shelled Parasite and Fungi","floor":29.0,"turns":5.0},{"damage":2.0,"enemies":"Snecko","floor":30.0,"turns":5.0},{"damage":5.0,"enemies":"REME_1_Revenger","floor":31.0,"turns":5.0},{"damage":6.0,"enemies":"Sentry and Sphere","floor":32.0,"turns":5.0},{"damage":34.0,"enemies":"SI_MIRROR_ARCHETYPE","floor":33.0,"turns":8.0},{"damage":20.0,"enemies":"3 Shapes","floor":36.0,"turns":5.0},{"damage":0.0,"enemies":"Orb Walker","floor":38.0,"turns":3.0},{"damage":0.0,"enemies":"downfall:FleeingMerchant","floor":39.0,"turns":3.0},{"damage":0.0,"enemies":"downfall:FleeingMerchant","floor":40.0,"turns":5.0},{"damage":10.0,"enemies":"Spire Growth","floor":42.0,"turns":4.0},{"damage":0.0,"enemies":"Writhing Mass","floor":44.0,"turns":7.0},{"damage":0.0,"enemies":"Maw","floor":47.0,"turns":7.0},{"damage":16.0,"enemies":"Spire Growth","floor":49.0,"turns":4.0},{"damage":54.0,"enemies":"WA_ARCHETYPE_DIVINITY","floor":50.0,"turns":16.0},{"damage":61.0,"enemies":"downfall:CharBossMerchant","floor":53.0,"turns":8.0},{"damage":13.0,"enemies":"downfall:NeowBoss","floor":56.0,"turns":15.0},{"damage":56,"enemies":"downfall:NeowBossFinal","floor":57,"turns":13}],"seed_played":"9056511793588618446","potions_obtained":[{"floor":2.0,"key":"Fruit Juice"},{"floor":5.0,"key":"SkillPotion"},{"floor":15.0,"key":"Dexterity Potion"},{"floor":16.0,"key":"Reflective Coating"},{"floor":25.0,"key":"Ancient Potion"},{"floor":27.0,"key":"Fire Potion"},{"floor":29.0,"key":"Adrenaline Potion"},{"floor":30.0,"key":"Reflective Coating"},{"floor":33.0,"key":"Fire Potion"},{"floor":38.0,"key":"Dexterity Potion"}],"is_trial":false,"path_per_floor":["R","M","?","?","M","E","T","R","?","M","$","E","$","M","M","B",null,"R","M","?","T","M","?","T","E","$","E","R","M","M","E","M","B",null,"R","M","?","M","$","?","T","M","R","M","$","?","M","$","M","B",null,null,"E","$","R","B","B",null],"character_chosen":"GUARDIAN","items_purchased":["expansioncontent:DashGenerateEvil","Guardian:Reroute","Guardian:CrystalBeam","Guardian:SpikerProtocol","Guardian:Gem_Purple","CultistPotion","ReplayTheSpireMod:Uncanny Aura","Transmutation","Guardian:FloatingOrbs","Guardian:BodySlam","Guardian:DecasProtection","SteroidPotion"],"campfire_rested":2,"item_purchase_floors":[11,11,13,26,39,39,39,39,45,48,48,54],"current_hp_per_floor":[88,92,92,89,85,74,74,74,74,74,74,62,65,57,41,5,103,103,91,91,91,81,81,81,59,49,45,88,88,86,81,75,41,113,113,93,93,93,93,93,93,83,83,83,83,111,111,111,95,41,41,113,52,52,85,72,16],"gold":23,"neow_bonus":"TEN_PERCENT_HP_BONUS","is_daily":false,"chose_seed":false,"campfire_upgraded":3,"win_rate":0.0,"timestamp":1613399688,"path_taken":["R","M","?","?","M","E","T","R","?","M","$","E","$","M","M","BOSS","R","M","?","?","M","?","T","E","$","E","R","M","M","E","M","BOSS","R","M","?","M","$","?","T","?","R","M","$","?","M","?","M","BOSS","E","$","R","BOSS","BOSS"],"items_purchased_type":["Card","Card","Card","Card","Card","Potion","Card","Card","Card","Card","Card","Potion"],"build_version":"2020-12-22","purchased_purges":1,"victory":true,"max_hp_per_floor":[88,93,93,93,93,93,93,93,93,93,93,100,103,103,103,103,103,103,103,103,103,103,103,103,103,103,103,113,113,113,113,113,113,113,113,113,113,113,113,113,113,113,113,113,113,113,113,113,113,113,113,113,113,113,113,113,113],"card_choices":[{"not_picked":["Guardian:TemporalShield","Guardian:Recover"],"picked":"Guardian:EvasiveProtocol","floor":2.0},{"not_picked":["Guardian:Gem_Yellow","Guardian:PrismaticBarrier"],"picked":"Guardian:SentryBeam","floor":5.0},{"not_picked":["Guardian:PrismaticBeam","Guardian:FloatingOrbs"],"picked":"Guardian:Orbwalk","floor":6.0},{"not_picked":["Guardian:Emergency","Guardian:WalkerClaw"],"picked":"Guardian:ShieldSpikes","floor":10.0},{"not_picked":["Guardian:Harden","Guardian:Gem_Green"],"picked":"Guardian:Gem_Crimson","floor":11.0},{"not_picked":["Guardian:Gem_Cyan","Guardian:ShieldCharger"],"picked":"Guardian:PiercingHide","floor":12.0},{"not_picked":["Guardian:VentSteam","Guardian:RefractedBeam"],"picked":"Guardian:Gem_Crimson","floor":13.0},{"not_picked":["Guardian:PrimingBeam","Guardian:PiercingHide"],"picked":"Guardian:TemporalStrike","floor":14.0},{"not_picked":["Guardian:Reroute","Guardian:Suspension"],"picked":"Guardian:StasisStrike","floor":15.0},{"not_picked":["Guardian:FastForward","Guardian:StasisField"],"picked":"Guardian:TimeSifter","floor":16.0},{"not_picked":["Guardian:PrismaticBarrier+1","Guardian:Reroute+1"],"picked":"Guardian:ShieldCharger","floor":19.0},{"not_picked":["Guardian:ShieldCharger+1","Guardian:Gem_Lightblue"],"picked":"Guardian:Gem_Crimson","floor":22.0},{"not_picked":["Guardian:Gem_Lightblue","Guardian:VentSteam"],"picked":"Guardian:TemporalStrike+1","floor":23.0},{"not_picked":["Guardian:Recover+1","Guardian:TemporalShield"],"picked":"Guardian:RefractedBeam+1","floor":23.0},{"not_picked":["Guardian:TemporalShield","Guardian:Suspension+1"],"picked":"Guardian:ConstructionForm","floor":25.0},{"not_picked":["Guardian:Planning+1","Guardian:RollAttack"],"picked":"Guardian:WalkerClaw","floor":26.0},{"not_picked":["Guardian:Gem_Lightblue","Guardian:WalkerClaw"],"picked":"Guardian:Gem_Synthetic","floor":27.0},{"not_picked":["Guardian:Recover+1","Guardian:RollAttack"],"picked":"Guardian:Preprogram","floor":29.0},{"not_picked":["Guardian:PiercingHide","Guardian:VentSteam"],"picked":"Guardian:BodySlam","floor":30.0},{"not_picked":["Guardian:SentryBeam","Guardian:ChargeCore"],"picked":"Guardian:Gem_Yellow","floor":31.0},{"not_picked":["Guardian:ChargeCore","Guardian:Gem_Cyan"],"picked":"Guardian:DecasProtection+1","floor":32.0},{"not_picked":["Guardian:Gem_Orange","Guardian:FastForward"],"picked":"Guardian:AncientConstruct","floor":33.0},{"not_picked":["Guardian:RollAttack+1","Guardian:Incinerate+1"],"picked":"Guardian:ArmoredProtocol","floor":36.0},{"not_picked":["Guardian:MultiBeam+1","Guardian:VentSteam"],"picked":"Guardian:ShieldSpikes","floor":38.0},{"not_picked":["Guardian:Suspension+1","Guardian:Gem_Lightblue"],"picked":"Guardian:Gem_Green","floor":39.0},{"not_picked":["Guardian:PrimingBeam","Guardian:Recover+1"],"picked":"Guardian:BaubleBeam","floor":40.0},{"not_picked":["Guardian:Gem_Blue","Guardian:Gem_Green"],"picked":"Guardian:ShieldSpikes+1","floor":42.0},{"not_picked":["Guardian:SpikerProtocol+1","Guardian:SentryBeam+1"],"picked":"Guardian:DecasProtection+1","floor":44.0},{"not_picked":["Guardian:Planning+1","Guardian:Incinerate"],"picked":"Guardian:PrismaticBeam+1","floor":47.0},{"not_picked":["Guardian:Gem_Green","Guardian:CrystalBeam"],"picked":"Guardian:Gem_Yellow","floor":49.0},{"not_picked":["Guardian:EvasiveProtocol","Guardian:RollAttack+1"],"picked":"Guardian:Gem_Orange","floor":53.0}],"player_experience":271818,"relics_obtained":[{"floor":2.0,"key":"LetterFromLob"},{"floor":6.0,"key":"Bottled Tornado"},{"floor":7.0,"key":"Letter Opener"},{"floor":12.0,"key":"Strawberry"},{"floor":21.0,"key":"Potion Belt"},{"floor":23.0,"key":"Centennial Puzzle"},{"floor":25.0,"key":"Vajra"},{"floor":27.0,"key":"REME_HandOfSuture"},{"floor":31.0,"key":"War Paint"},{"floor":40.0,"key":"downfall:GremlinSack"},{"floor":41.0,"key":"Replay:Baseball"},{"floor":53.0,"key":"StrikeDummy"}],"event_choices":[{"damage_healed":0.0,"max_hp_gain":0.0,"max_hp_loss":0.0,"gold_gain":0.0,"event_name":"Scrap Ooze","player_choice":"Success","floor":4.0,"gold_loss":0.0,"damage_taken":3.0,"relics_obtained":["Oddly Smooth Stone"]},{"damage_healed":0.0,"max_hp_gain":0.0,"max_hp_loss":0.0,"gold_gain":0.0,"event_name":"Ghosts","player_choice":"Ignored","floor":20.0,"gold_loss":0.0,"damage_taken":0.0}],"is_beta":false,"boss_relics":[{"not_picked":["Honey Jar","Kintsugi"],"picked":"energizedSpire:SpiderWeb"},{"not_picked":["Runic Pyramid","Velvet Choker"],"picked":"bronze:MakeshiftBattery"}],"items_purged_floors":[26],"is_endless":false,"potions_floor_spawned":[2,5,15,16,25,27,29,30,33,38,47],"ascension_level":0}}