{"host":"aapp7ew3jk5k1bvd","time":1613400661,"event":{"mods":["AchievementEnabler","BaseMod","Colored Map","Custom Start","Keyboard Shortcuts","Minty Spire (QoL Compilation)","Permanent Neow","Quick Restart","StSLib","SuperFastMode"],"gold_per_floor":[369,369,383,395,407,407,432,432,457,457,209,219,239,269,269,373,373,384,205,192,122,222,222,235,269,269,301,301,317,55,55,55,159,159,169,183,183,198,48,48,63,77,77,77,77,94,94,0,0,0],"floor_reached":51,"language":"KOR","playtime":1621,"items_purged":["Strike_G","Strike_G","Strike_G","Defend_G"],"score":712,"play_id":"42721740-b5ef-4941-8da0-c3f7c0bd71b0","local_time":"20210215235101","is_ascension_mode":false,"campfire_choices":[{"data":"Adrenaline","floor":6,"key":"SMITH"},{"data":"Dagger Spray","floor":8,"key":"SMITH"},{"data":"Dodge and Roll","floor":10,"key":"SMITH"},{"floor":15,"key":"REST"},{"data":"Footwork","floor":23,"key":"SMITH"},{"data":"Cloak And Dagger","floor":28,"key":"SMITH"},{"data":"Accuracy","floor":32,"key":"SMITH"},{"data":"Cloak And Dagger","floor":40,"key":"SMITH"},{"data":"Blur","floor":44,"key":"SMITH"},{"data":"Blade Dance","floor":49,"key":"SMITH"}],"circlet_count":0,"master_deck":["Defend_G","Defend_G","Survivor","Neutralize","Dodge and Roll+1","Adrenaline+1","Blade Dance","Footwork+1","PiercingWail","Crippling Poison","Venomology","Adrenaline+1","Malaise+1","Noxious Fumes+1","Noxious Fumes","Cloak And Dagger+1","Escape Plan","Blade Dance+1","Accuracy+1","Blur+1","Cloak And Dagger+1","Cloak And Dagger+1","Backflip+1","Dodge and Roll+1"],"relics":["Ring of the Snake","Dream Catcher","Nunchaku","PreservedInsect","Strawberry","Astrolabe","Bag of Marbles","Happy Flower","Centennial Puzzle","WristBlade","Paper Crane","Red Mask"],"acts_visited":["Exordium","TheCity","TheBeyond"],"potions_floor_usage":[18,20,24,25,29,33,50,50],"damage_taken":[{"damage":0,"enemies":"Small Slimes","floor":1,"turns":3},{"damage":0,"enemies":"Cultist","floor":3,"turns":5},{"damage":0,"enemies":"Jaw Worm","floor":4,"turns":4},{"damage":0,"enemies":"Blue Slaver","floor":5,"turns":5},{"damage":3,"enemies":"Lots of Slimes","floor":12,"turns":4},{"damage":0,"enemies":"Red Slaver","floor":13,"turns":5},{"damage":13,"enemies":"Lagavulin","floor":14,"turns":7},{"damage":11,"enemies":"The Guardian","floor":16,"turns":25},{"damage":0,"enemies":"Chosen","floor":18,"turns":5},{"damage":7,"enemies":"2 Thieves","floor":20,"turns":4},{"damage":9,"enemies":"Cultist and Chosen","floor":24,"turns":9},{"damage":0,"enemies":"Gremlin Leader","floor":25,"turns":5},{"damage":5,"enemies":"Slavers","floor":27,"turns":4},{"damage":1,"enemies":"Shelled Parasite and Fungi","floor":29,"turns":5},{"damage":1,"enemies":"Champ","floor":33,"turns":12},{"damage":0,"enemies":"3 Darklings","floor":35,"turns":4},{"damage":0,"enemies":"Orb Walker","floor":36,"turns":3},{"damage":0,"enemies":"Sphere and 2 Shapes","floor":38,"turns":3},{"damage":0,"enemies":"Jaw Worm Horde","floor":41,"turns":3},{"damage":1,"enemies":"4 Shapes","floor":42,"turns":4},{"damage":0,"enemies":"Spire Growth","floor":46,"turns":5},{"damage":12,"enemies":"Donu and Deca","floor":50,"turns":6}],"seed_played":"-6129225210294211750","potions_obtained":[{"floor":3,"key":"BlessingOfTheForge"},{"floor":4,"key":"SpeedPotion"},{"floor":5,"key":"Energy Potion"},{"floor":14,"key":"LiquidBronze"},{"floor":25,"key":"Strength Potion"},{"floor":27,"key":"DuplicationPotion"}],"is_trial":false,"path_per_floor":["M","?","M","M","M","R","T","R","T","R","$","M","M","E","R","B",null,"M","$","M","$","?","R","M","E","T","E","R","M","$","?","R","B",null,"M","M","?","M","$","R","M","M","T","R","$","M","?","?","R","B",null],"character_chosen":"THE_SILENT","items_purchased":["Blade Dance","PreservedInsect","Noxious Fumes","Escape Plan","Accuracy","Blur"],"campfire_rested":1,"item_purchase_floors":[11,11,19,21,30,30],"current_hp_per_floor":[49,49,49,49,49,49,49,49,49,49,49,46,46,40,63,52,77,77,77,70,70,70,70,61,61,61,56,56,55,55,55,55,54,77,77,77,77,77,77,77,77,76,76,76,76,76,76,76,76,64],"gold":0,"neow_bonus":"TWO_FIFTY_GOLD","is_daily":false,"chose_seed":false,"campfire_upgraded":9,"win_rate":0.0,"timestamp":1613400661,"path_taken":["M","?","M","M","?","R","?","R","T","R","$","M","M","E","R","BOSS","M","$","M","$","?","R","M","E","T","E","R","?","$","?","R","BOSS","M","M","?","?","?","R","M","M","T","R","$","M","?","?","R","BOSS"],"items_purchased_type":["Card","Relic","Card","Card","Card","Card"],"build_version":"2020-12-22","purchased_purges":4,"victory":true,"max_hp_per_floor":[70,70,70,70,70,70,70,70,70,70,70,70,70,77,77,77,77,77,77,77,77,77,77,77,77,77,77,77,77,77,77,77,77,77,77,77,77,77,77,77,77,77,77,77,77,77,77,77,77,77],"card_choices":[{"not_picked":["Sucker Punch","Distraction"],"picked":"Dodge and Roll","floor":1},{"not_picked":["Sucker Punch","Prepared"],"picked":"Dagger Spray","floor":3},{"not_picked":["Flying Knee","Crippling Poison","Choke"],"picked":"SKIP","floor":4},{"not_picked":["Blade Dance","Sucker Punch"],"picked":"Adrenaline","floor":5},{"not_picked":["Choke","Setup"],"picked":"Footwork","floor":12},{"not_picked":["Dagger Throw","Outmaneuver"],"picked":"PiercingWail","floor":13},{"not_picked":["Dagger Spray","Sucker Punch","Quick Slash"],"picked":"SKIP","floor":14},{"not_picked":["Skewer","Setup"],"picked":"Crippling Poison","floor":15},{"not_picked":["Night Terror","Tools of the Trade"],"picked":"Venomology","floor":16},{"not_picked":["Reflex","Dagger Throw","Riddle With Holes+1"],"picked":"SKIP","floor":18},{"not_picked":["Quick Slash","Skewer"],"picked":"Cloak And Dagger","floor":20},{"not_picked":["Acrobatics","Crippling Poison"],"picked":"Blade Dance","floor":24},{"not_picked":["Dash","Tactician","Crippling Poison"],"picked":"SKIP","floor":25},{"not_picked":["Poisoned Stab","Leg Sweep+1","Masterful Stab+1"],"picked":"SKIP","floor":27},{"not_picked":["Masterful Stab","Bane","Flying Knee+1"],"picked":"SKIP","floor":29},{"not_picked":["Blade Dance","Catalyst"],"picked":"Cloak And Dagger","floor":35},{"not_picked":["Poisoned Stab","Concentrate+1","Dash"],"picked":"SKIP","floor":36},{"not_picked":["Tactician","Slice","Expertise+1"],"picked":"SKIP","floor":38},{"not_picked":["PiercingWail","Deadly Poison"],"picked":"Cloak And Dagger+1","floor":41},{"not_picked":["Underhanded Strike","Infinite Blades"],"picked":"Backflip+1","floor":42},{"not_picked":["Deflect","Deadly Poison"],"picked":"Dodge and Roll+1","floor":46}],"player_experience":1000824,"relics_obtained":[{"floor":7,"key":"Dream Catcher"},{"floor":9,"key":"Nunchaku"},{"floor":14,"key":"Strawberry"},{"floor":25,"key":"Bag of Marbles"},{"floor":26,"key":"Happy Flower"},{"floor":27,"key":"Centennial Puzzle"},{"floor":43,"key":"Paper Crane"}],"event_choices":[{"damage_healed":0,"gold_gain":0,"player_choice":"Ignored","damage_taken":0,"max_hp_gain":0,"max_hp_loss":0,"event_name":"NoteForYourself","floor":2,"gold_loss":0},{"damage_healed":0,"gold_gain":100,"player_choice":"Pray","damage_taken":0,"max_hp_gain":0,"max_hp_loss":0,"event_name":"Golden Shrine","floor":22,"gold_loss":0},{"cards_removed":["Defend_G"],"damage_healed":0,"gold_gain":0,"player_choice":"Elegance","damage_taken":0,"max_hp_gain":0,"max_hp_loss":0,"event_name":"Back to Basics","floor":31,"gold_loss":0},{"damage_healed":0,"gold_gain":0,"player_choice":"0 cards matched","damage_taken":0,"max_hp_gain":0,"max_hp_loss":0,"event_name":"Match and Keep!","floor":37,"gold_loss":0,"cards_obtained":[]},{"cards_removed":["Dagger Spray"],"damage_healed":0,"gold_gain":0,"player_choice":"Removed Attack","damage_taken":0,"max_hp_gain":0,"max_hp_loss":0,"event_name":"Falling","floor":47,"gold_loss":0},{"damage_healed":0,"gold_gain":0,"player_choice":"Paid","damage_taken":0,"relics_obtained":["Red Mask"],"max_hp_gain":0,"max_hp_loss":0,"event_name":"Tomb of Lord Red Mask","floor":48,"gold_loss":94}],"is_beta":false,"boss_relics":[{"not_picked":["Empty Cage","Fusion Hammer"],"picked":"Astrolabe"},{"not_picked":["Runic Pyramid","Ring of the Serpent"],"picked":"WristBlade"}],"items_purged_floors":[11,19,30,39],"is_endless":false,"potions_floor_spawned":[3,4,5,14,25,27,35,36,42],"ascension_level":0}}