{"host":"8lvnnmfamkc2d31d","time":1613422466,"event":{"mods":["2.2 Compatiblity","Act Like it!","Arknights","BaseMod","Colored Map","Minty Spire (QoL Compilation)","Relic Stats","StSLib"],"gold_per_floor":[109,128,144,164,182,182,182],"floor_reached":6,"language":"ENG","playtime":431,"items_purged":[],"score":42,"play_id":"39d44eda-aa9e-424b-badf-63306605c92c","local_time":"20210215145426","is_ascension_mode":true,"campfire_choices":[],"circlet_count":0,"master_deck":["ats:Strike C","ats:Strike G","ats:Strike S","ats:Strike V","ats:Armor Crushing Shot","ats:Defend","ats:Defend","ats:Defend","ats:Defend","ats:Emotion Absorption","ats:Disruption Kick","ats:Closed Bolt Burst Fire","ats:Shell Defense","ats:Shadow Assault","ats:Closed Bolt Burst Fire","ats:Revitalization"],"relics":["ats:Sanity"],"acts_visited":["Exordium"],"potions_floor_usage":[6],"damage_taken":[{"damage":18,"enemies":"Cultist","floor":1,"turns":5},{"damage":6,"enemies":"Jaw Worm","floor":2,"turns":3},{"damage":4,"enemies":"ats:Genji","floor":3,"turns":3},{"damage":10,"enemies":"Looter","floor":4,"turns":4},{"damage":10,"enemies":"Exordium Thugs","floor":5,"turns":3},{"damage":39,"enemies":"Lagavulin","floor":6,"turns":7}],"seed_played":"1633908005579057442","potions_obtained":[{"floor":5,"key":"AttackPotion"}],"is_trial":false,"path_per_floor":["M","M","M","M","M","E"],"character_chosen":"DOCTOR_CLASS","items_purchased":[],"campfire_rested":0,"item_purchase_floors":[],"current_hp_per_floor":[54,48,44,36,26,0,0],"gold":182,"neow_bonus":"ONE_RANDOM_RARE_CARD","is_daily":false,"chose_seed":false,"campfire_upgraded":0,"win_rate":0.0,"timestamp":1613422466,"path_taken":["M","M","M","M","M","E"],"items_purchased_type":[],"build_version":"2020-12-22","purchased_purges":0,"victory":false,"max_hp_per_floor":[72,72,72,72,72,72,72],"relic_stats":{"counters":[6,25],"obtain_stats":[{"ats:Sanity":0},{"ats:Sanity":0},{"ats:Sanity":0}]},"card_choices":[{"not_picked":["ats:Flexible Camouflage","ats:Poison Spread"],"picked":"ats:Closed Bolt Burst Fire","floor":1},{"not_picked":["ats:Curse Doll","ats:Ignite"],"picked":"ats:Shell Defense","floor":2},{"not_picked":["ats:Consecutive Shot Auto","ats:Ignite"],"picked":"ats:Shadow Assault","floor":3},{"not_picked":["ats:Rapid Magazine","ats:Support Order"],"picked":"ats:Closed Bolt Burst Fire","floor":4},{"not_picked":["ats:Absolute Focus","ats:Assault Order"],"picked":"ats:Revitalization","floor":5}],"player_experience":442479,"relics_obtained":[],"event_choices":[],"is_beta":false,"boss_relics":[],"items_purged_floors":[],"is_endless":false,"potions_floor_spawned":[5],"killed_by":"Lagavulin","ascension_level":1}}