{"host":"l7ku00cw7dmofayg","time":1613406927,"event":{"mods":["ATMod(°¢èªMod)","BaseMod","Dota2Spire","Marisa£¨ìFÓê¡¡Ä§ÀíÉ³£©","Minty Spire (QoL Compilation)","StSLib","The Invoker Mod"],"gold_per_floor":[116,116,140,140,163,163,207,207,207,222,262,276,309,328,328,417,417,436,455,380,380,49,89,108,108,108,136,136,184,198,198,198,307,307,330,330,37,53,53,87,203,203,285,450,572,472,17,127,127,177],"floor_reached":51,"language":"ZHS","playtime":1796,"items_purged":["Strike_MRS","Writhe"],"score":1458,"play_id":"d4dbc9fe-450d-4853-ba0b-fd4b4724ad66","local_time":"20210216003527","is_ascension_mode":true,"campfire_choices":[{"floor":6.0,"key":"REST"},{"data":"AT_EmpoweredMortalDraw","floor":8.0,"key":"SMITH"},{"data":"BlazeAway","floor":15.0,"key":"SMITH"},{"data":"AsteroidBelt","floor":25.0,"key":"SMITH"},{"data":"AsteroidBelt","floor":28.0,"key":"SMITH"},{"floor":32.0,"key":"REST"},{"floor":42.0,"key":"REST"},{"floor":49.0,"key":"REST"}],"circlet_count":0,"master_deck":["AscendersBane","Strike_MRS","Strike_MRS","Defend_MRS","Defend_MRS","Defend_MRS","MasterSpark","UpSweep","AT_EmpoweredMortalDraw+1","PropBag","ManaConvection","NonDirectionalLaser","SuperPerseids","IllusionStar","BlazeAway+1","6A","PropBag","AsteroidBelt+1","EscapeVelocity+1","LuminesStrike","OortCloud+1","Robbery","AsteroidBelt+1","JA+1","Acceleration","CasketOfStar+1","Discovery","6A+1","MeteoricShower+1","GalacticHalo","DragonMeteor+1","MilkyWay+1","PowerUp+1"],"relics":["BewitchedHakkero","AT_ATBox","NeowsBlessing","Golden Idol","InkBottle","Dota2Spire:EyeOfSkadi","AT_EbonyIvory","Frozen Egg 2","Dota2Spire:BladeMail","Gremlin Horn","MealTicket","Bottled Lightning","Molten Egg 2","Strawberry","AT_TrinityForce","Calipers","Bottled Tornado","AT_MibuBalloonWealth","Dota2Spire:BattleFury","FossilizedHelix","AT_Kusabimaru","Chemical X","Ice Cream"],"acts_visited":["Exordium","TheCity","TheBeyond"],"potions_floor_usage":[50,50],"damage_taken":[{"damage":0.0,"enemies":"2 Louse","floor":1.0,"turns":2.0},{"damage":0.0,"enemies":"Small Slimes","floor":3.0,"turns":1.0},{"damage":0.0,"enemies":"Jaw Worm","floor":5.0,"turns":1.0},{"damage":16.0,"enemies":"Gremlin Nob","floor":7.0,"turns":3.0},{"damage":0.0,"enemies":"Exordium Wildlife","floor":10.0,"turns":1.0},{"damage":18.0,"enemies":"Lagavulin","floor":11.0,"turns":4.0},{"damage":0.0,"enemies":"Gremlin Gang","floor":12.0,"turns":2.0},{"damage":12.0,"enemies":"3 Sentries","floor":13.0,"turns":3.0},{"damage":0.0,"enemies":"2 Fungi Beasts","floor":14.0,"turns":1.0},{"damage":0.0,"enemies":"Slime Boss","floor":16.0,"turns":6.0},{"damage":6.0,"enemies":"2 Thieves","floor":18.0,"turns":3.0},{"damage":0.0,"enemies":"3 Byrds","floor":19.0,"turns":2.0},{"damage":11.0,"enemies":"Book of Stabbing","floor":23.0,"turns":3.0},{"damage":0.0,"enemies":"3 Cultists","floor":24.0,"turns":3.0},{"damage":2.0,"enemies":"Centurion and Healer","floor":27.0,"turns":4.0},{"damage":0.0,"enemies":"Gremlin Leader","floor":29.0,"turns":4.0},{"damage":9.0,"enemies":"Chosen and Byrds","floor":30.0,"turns":4.0},{"damage":17.0,"enemies":"Automaton","floor":33.0,"turns":6.0},{"damage":19.0,"enemies":"3 Shapes","floor":35.0,"turns":2.0},{"damage":8.0,"enemies":"Orb Walker","floor":38.0,"turns":3.0},{"damage":23.0,"enemies":"Nemesis","floor":40.0,"turns":5.0},{"damage":50.0,"enemies":"Transient","floor":41.0,"turns":5.0},{"damage":0.0,"enemies":"4 Shapes","floor":44.0,"turns":2.0},{"damage":26.0,"enemies":"Giant Head","floor":45.0,"turns":6.0},{"damage":0.0,"enemies":"2 Orb Walkers","floor":48.0,"turns":2.0},{"damage":57,"enemies":"Donu and Deca","floor":50,"turns":6}],"seed_played":"-492348224920791306","potions_obtained":[{"floor":1.0,"key":"Energy Potion"},{"floor":3.0,"key":"PowerPotion"},{"floor":10.0,"key":"Explosive Potion"},{"floor":14.0,"key":"DuplicationPotion"},{"floor":23.0,"key":"BlessingOfTheForge"},{"floor":29.0,"key":"Dexterity Potion"},{"floor":30.0,"key":"SkillPotion"},{"floor":40.0,"key":"FearPotion"},{"floor":44.0,"key":"GamblersBrew"},{"floor":48.0,"key":"LiquidMemories"}],"is_trial":false,"path_per_floor":["M","?","M","?","M","R","E","R","T","M","E","M","E","M","R","B",null,"M","M","?","?","$","E","M","R","T","M","R","E","M","?","R","B",null,"M","?","$","M","T","E","M","R","T","M","E","$","$","?","R","B",null],"character_chosen":"MARISA","items_purchased":["Gremlin Horn","Calipers","AT_Kusabimaru","Chemical X"],"campfire_rested":4,"item_purchase_floors":[22,37,47,47],"current_hp_per_floor":[63,39,39,28,28,49,50,50,50,50,32,32,20,20,20,20,61,55,55,55,55,55,44,44,44,44,42,42,42,45,52,76,59,76,57,57,72,64,64,53,3,27,27,39,13,28,43,43,67,10],"gold":177,"neow_bonus":"THREE_ENEMY_KILL","is_daily":false,"chose_seed":false,"campfire_upgraded":4,"win_rate":0.0,"timestamp":1613406927,"path_taken":["M","?","M","?","M","R","E","R","T","M","E","M","E","M","R","BOSS","M","M","?","?","$","E","M","R","T","M","R","E","?","?","R","BOSS","M","?","$","M","?","E","M","R","T","M","E","?","$","?","R","BOSS"],"items_purchased_type":["Relic","Relic","Relic","Relic"],"build_version":"2020-12-22","purchased_purges":2,"victory":true,"max_hp_per_floor":[70,70,70,70,70,70,75,75,75,75,75,75,75,75,75,75,75,75,75,75,75,75,75,75,75,75,75,75,75,75,82,82,82,82,82,82,82,82,82,82,82,82,82,82,82,82,82,82,82,82],"card_choices":[{"not_picked":["AsteroidBelt","PulseMagic"],"picked":"PropBag","floor":1.0},{"not_picked":["GravityBeat","DC"],"picked":"ManaConvection","floor":3.0},{"not_picked":["Singularity","WitchLeyline"],"picked":"NonDirectionalLaser","floor":5.0},{"not_picked":["OpenUniverse","LuminesStrike"],"picked":"SuperPerseids","floor":7.0},{"not_picked":["MysteriousBeam","FairyDestructionRay"],"picked":"IllusionStar","floor":10.0},{"not_picked":["DC","6A"],"picked":"BlazeAway","floor":11.0},{"not_picked":["WitchLeyline","DoubleSpark"],"picked":"6A","floor":12.0},{"not_picked":["NonDirectionalLaser","SporeBomb"],"picked":"PropBag","floor":13.0},{"not_picked":["GrandCross","NonDirectionalLaser"],"picked":"AsteroidBelt","floor":14.0},{"not_picked":["AbsoluteMagnitude","UltimateShortwave"],"picked":"EscapeVelocity+1","floor":16.0},{"not_picked":["PowerUp","GalacticHalo"],"picked":"LuminesStrike","floor":18.0},{"not_picked":["Occultation","DoubleSpark"],"picked":"OortCloud+1","floor":19.0},{"not_picked":["GravityBeat","MilkyWay"],"picked":"Robbery","floor":23.0},{"not_picked":["Occultation","WitchOfGreed+1"],"picked":"AsteroidBelt","floor":24.0},{"not_picked":["AsteroidBelt","DoubleSpark","IllusionStar"],"picked":"SKIP","floor":27.0},{"not_picked":["MilkyWay","GalacticHalo"],"picked":"JA+1","floor":29.0},{"not_picked":["SporeBomb","DC+1"],"picked":"Acceleration","floor":30.0},{"not_picked":["ManaRampage","EscapeVelocity+1"],"picked":"CasketOfStar+1","floor":33.0},{"not_picked":["BlazeAway","UnstableBomb+1","WitchLeyline+1"],"picked":"SKIP","floor":35.0},{"not_picked":["Violence","Metamorphosis"],"picked":"Discovery","floor":36.0},{"not_picked":["WitchLeyline+1","Occultation+1"],"picked":"6A+1","floor":38.0},{"not_picked":["EventHorizon+1","Singularity+1"],"picked":"MeteoricShower+1","floor":40.0},{"not_picked":["NonDirectionalLaser+1","MachineGunSpark+1"],"picked":"GalacticHalo","floor":41.0},{"not_picked":["FairyDestructionRay+1","WitchOfGreed+1"],"picked":"DragonMeteor+1","floor":44.0},{"not_picked":["ManaConvection","Occultation"],"picked":"MilkyWay+1","floor":45.0},{"not_picked":["EnergyRecoil","GalacticHalo"],"picked":"PowerUp+1","floor":48.0}],"player_experience":61393,"relics_obtained":[{"floor":7.0,"key":"Dota2Spire:EyeOfSkadi"},{"floor":9.0,"key":"AT_EbonyIvory"},{"floor":11.0,"key":"Frozen Egg 2"},{"floor":13.0,"key":"Dota2Spire:BladeMail"},{"floor":23.0,"key":"MealTicket"},{"floor":26.0,"key":"Bottled Lightning"},{"floor":29.0,"key":"Molten Egg 2"},{"floor":39.0,"key":"Bottled Tornado"},{"floor":40.0,"key":"AT_MibuBalloonWealth"},{"floor":43.0,"key":"Dota2Spire:BattleFury"},{"floor":45.0,"key":"FossilizedHelix"},{"floor":48.0,"key":"Ice Cream"}],"event_choices":[{"damage_healed":0.0,"max_hp_gain":0.0,"max_hp_loss":0.0,"gold_gain":0.0,"event_name":"Golden Idol","player_choice":"Take Damage","floor":2.0,"gold_loss":0.0,"damage_taken":24.0,"relics_obtained":["Golden Idol"]},{"damage_healed":0.0,"max_hp_gain":0.0,"max_hp_loss":0.0,"gold_gain":0.0,"event_name":"Scrap Ooze","player_choice":"Success","floor":4.0,"gold_loss":0.0,"damage_taken":11.0,"relics_obtained":["InkBottle"]},{"cards_removed":["Strike_MRS"],"damage_healed":0.0,"max_hp_gain":0.0,"max_hp_loss":0.0,"gold_gain":0.0,"event_name":"Beggar","player_choice":"Gave Gold","floor":20.0,"gold_loss":75.0,"damage_taken":0.0},{"cards_removed":["Defend_MRS"],"damage_healed":0.0,"max_hp_gain":0.0,"max_hp_loss":0.0,"gold_gain":0.0,"event_name":"Purifier","player_choice":"Purged","floor":21.0,"gold_loss":0.0,"damage_taken":0.0},{"damage_healed":0.0,"max_hp_gain":0.0,"max_hp_loss":0.0,"gold_gain":0.0,"event_name":"The Mausoleum","player_choice":"Opened","floor":31.0,"gold_loss":0.0,"damage_taken":0.0,"relics_obtained":["Strawberry"],"cards_obtained":["Writhe"]},{"damage_healed":0.0,"max_hp_gain":0.0,"max_hp_loss":0.0,"gold_gain":0.0,"event_name":"SensoryStone","player_choice":"Memory 1","floor":36.0,"gold_loss":0.0,"damage_taken":0.0},{"damage_healed":0.0,"max_hp_gain":0.0,"max_hp_loss":0.0,"gold_gain":0.0,"event_name":"Mysterious Sphere","player_choice":"Fight","floor":48.0,"gold_loss":0.0,"damage_taken":0.0}],"is_beta":false,"boss_relics":[{"not_picked":["SlaversCollar","Runic Pyramid"],"picked":"BewitchedHakkero"},{"not_picked":["Busted Crown","Empty Cage"],"picked":"AT_TrinityForce"}],"items_purged_floors":[22,46],"is_endless":false,"potions_floor_spawned":[1,3,10,14,16,23,29,30,40,44,48],"ascension_level":15}}