{"host":"7jxhn92mkgyil7o5","time":1613404241,"event":{"mods":["BaseMod","Colored Map","Colored Powertips","Friendly Minions","Hermit","Kiyohime????","Marisa????????","Minty Spire (QoL Compilation)","Permanent Neow","StSLib","The Cursed","The Disciple","The Hierophant","The Poker Player","The Runesmith"],"gold_per_floor":[112,112,37,37,61,61,96,96,96,120,120,164,164,195,195,286,286,305,305,345,365,39,80,105,144,144,144,185,185,219,242,242,331,331,354,373,28,46,69,102,377,391,391,391,410,443,506,524,524,524,524],"floor_reached":50,"language":"ENG","playtime":1850,"items_purged":[],"score":1801,"play_id":"c63ddb1f-1f09-4258-9dd9-1a0cdc887f2f","local_time":"20210215165041","is_ascension_mode":true,"campfire_choices":[{"floor":6.0,"key":"REST"},{"data":"Ragnarok","floor":8.0,"key":"SMITH"},{"data":"WreathOfFlame","floor":11.0,"key":"SMITH"},{"floor":15.0,"key":"RECALL"},{"data":"Ragnarok","floor":32.0,"key":"SMITH"},{"data":"Blasphemy","floor":44,"key":"SMITH"},{"data":"Meditate","floor":49,"key":"SMITH"}],"circlet_count":0,"master_deck":["AscendersBane","Strike_P","Strike_P","Strike_P","Defend_P+1","Defend_P","Defend_P","Defend_P","Eruption+1","Vigilance+1","Parasite","InnerPeace+1","Injury","FearNoEvil","Ragnarok+1","WreathOfFlame+1","Regret","Pray","Blasphemy+1","Worship","Shame","Meditate+1","Worship+1","Devotion","Ragnarok+1","Ghostly","Ghostly","Ghostly","Vault","Fasting2+1","Regret","Wallop+1","Sanctity+1"],"relics":["PureWater","Du-Vu Doll","Golden Idol","War Paint","Blue Candle","TeardropLocket","Nunchaku","Odd Mushroom","Snecko Eye","Damaru","Red Mask","Sling","Vajra","Gremlin Horn","Oddly Smooth Stone","Yang","Orichalcum","Mercury Hourglass","Velvet Choker","Pocketwatch","FossilizedHelix","Toxic Egg 2","Omamori","Unceasing Top"],"acts_visited":["Exordium","TheCity","TheBeyond"],"potions_floor_usage":[40,47,50,50],"damage_taken":[{"damage":1.0,"enemies":"Small Slimes","floor":1.0,"turns":3.0},{"damage":0.0,"enemies":"2 Louse","floor":5.0,"turns":1.0},{"damage":0.0,"enemies":"Lagavulin","floor":7.0,"turns":4.0},{"damage":0.0,"enemies":"Jaw Worm","floor":10.0,"turns":2.0},{"damage":1.0,"enemies":"Gremlin Nob","floor":12.0,"turns":2.0},{"damage":1.0,"enemies":"The Mushroom Lair","floor":14.0,"turns":2.0},{"damage":0.0,"enemies":"Slime Boss","floor":16.0,"turns":3.0},{"damage":14.0,"enemies":"2 Thieves","floor":18.0,"turns":2.0},{"damage":0.0,"enemies":"Masked Bandits","floor":20.0,"turns":1.0},{"damage":5.0,"enemies":"Shell Parasite","floor":21.0,"turns":3.0},{"damage":2.0,"enemies":"Gremlin Leader","floor":23.0,"turns":2.0},{"damage":2.0,"enemies":"Centurion and Healer","floor":24.0,"turns":1.0},{"damage":12.0,"enemies":"Slavers","floor":25.0,"turns":4.0},{"damage":2.0,"enemies":"Gremlin Leader","floor":28.0,"turns":2.0},{"damage":0.0,"enemies":"Slavers","floor":30.0,"turns":2.0},{"damage":1.0,"enemies":"3 Cultists","floor":31.0,"turns":3.0},{"damage":1.0,"enemies":"Collector","floor":33.0,"turns":3.0},{"damage":6.0,"enemies":"3 Shapes","floor":35.0,"turns":2.0},{"damage":3.0,"enemies":"Orb Walker","floor":36.0,"turns":2.0},{"damage":1,"enemies":"3 Darklings","floor":38,"turns":3},{"damage":2,"enemies":"Jaw Worm Horde","floor":39,"turns":2},{"damage":10,"enemies":"Nemesis","floor":40,"turns":3},{"damage":3,"enemies":"4 Shapes","floor":42,"turns":2},{"damage":0,"enemies":"3 Darklings","floor":45,"turns":2},{"damage":0,"enemies":"Reptomancer","floor":46,"turns":2},{"damage":1,"enemies":"2 Orb Walkers","floor":47,"turns":1},{"damage":3,"enemies":"Jaw Worm Horde","floor":48,"turns":4},{"damage":4,"enemies":"Awakened One","floor":50,"turns":5}],"seed_played":"-5465831305806169467","potions_obtained":[{"floor":1.0,"key":"PowerPotion"},{"floor":10.0,"key":"Regen Potion"},{"floor":14.0,"key":"Regen Potion"},{"floor":18.0,"key":"EntropicBrew"},{"floor":25.0,"key":"StancePotion"},{"floor":28.0,"key":"LiquidMemories"},{"floor":38,"key":"AttackPotion"},{"floor":46,"key":"Block Potion"},{"floor":47,"key":"LiquidMemories"}],"is_trial":false,"path_per_floor":["M","?","?","?","M","R","E","R","T","M","R","E","?","?","R","B",null,"M","?","?","M","$","E","M","E","T","T","E","?","E","M","R","B",null,"M","M","$","M","M","E","?","M","T","R","M","E","?","M","R","B"],"character_chosen":"WATCHER","items_purchased":["Sling","Vajra","Pocketwatch"],"campfire_rested":1,"item_purchase_floors":[22,22,37],"current_hp_per_floor":[60,60,60,40,40,60,60,60,60,60,60,64,64,63,63,63,67,53,53,53,57,57,55,53,41,41,41,39,34,34,33,33,32,34,28,25,25,24,22,12,12,9,9,9,9,9,8,5,5,1,1],"gold":524,"neow_bonus":"ONE_RARE_RELIC","is_daily":false,"chose_seed":false,"campfire_upgraded":5,"win_rate":0.0,"timestamp":1613404241,"path_taken":["M","?","?","?","M","R","E","R","T","M","R","E","?","?","R","BOSS","M","?","?","M","?","E","M","E","T","?","E","?","E","?","R","BOSS","M","M","$","M","M","E","?","M","T","R","?","E","?","M","R","BOSS"],"items_purchased_type":["Relic","Relic","Relic"],"build_version":"2020-12-22","purchased_purges":0,"victory":false,"max_hp_per_floor":[68,68,68,68,68,68,68,68,68,68,68,68,68,68,68,68,68,68,68,68,68,68,68,68,68,68,68,68,34,34,34,34,34,34,34,34,34,34,34,34,34,34,34,34,34,34,34,34,34,34,34],"card_choices":[{"not_picked":["PathToVictory","FlurryOfBlows"],"picked":"InnerPeace","floor":1.0},{"not_picked":["Evaluate","ThirdEye"],"picked":"FearNoEvil","floor":5.0},{"not_picked":["EmptyFist","ThirdEye"],"picked":"Ragnarok","floor":7.0},{"not_picked":["Adaptation","CrushJoints"],"picked":"WreathOfFlame","floor":10.0},{"not_picked":["CutThroughFate","WheelKick","Consecrate"],"picked":"SKIP","floor":12.0},{"not_picked":["Halt","SignatureMove"],"picked":"Pray","floor":14.0},{"not_picked":["Scrawl","Alpha"],"picked":"Blasphemy","floor":16.0},{"not_picked":["CrushJoints","EmptyBody+1"],"picked":"Worship","floor":18.0},{"not_picked":["SandsOfTime","WindmillStrike"],"picked":"Meditate","floor":21.0},{"not_picked":["CutThroughFate","Adaptation"],"picked":"Worship+1","floor":23.0},{"not_picked":["ClearTheMind","Protect"],"picked":"Devotion","floor":24.0},{"not_picked":["CarveReality","Worship"],"picked":"Ragnarok","floor":25.0},{"not_picked":["JustLucky","PathToVictory","Evaluate"],"picked":"SKIP","floor":28.0},{"not_picked":["EmptyFist","Weave","Perseverance"],"picked":"SKIP","floor":30.0},{"not_picked":["BowlingBash","ReachHeaven+1","Conclude+1"],"picked":"SKIP","floor":31.0},{"not_picked":["Blasphemy","Brilliance"],"picked":"Vault","floor":33.0},{"not_picked":["Sanctity","Nirvana"],"picked":"Fasting2+1","floor":35.0},{"not_picked":["ClearTheMind","Prostrate+1","Study+1"],"picked":"SKIP","floor":36.0},{"not_picked":["Study","Evaluate","SandsOfTime"],"picked":"SKIP","floor":38},{"not_picked":["Weave","Crescendo","Evaluate"],"picked":"SKIP","floor":39},{"not_picked":["JustLucky","Protect","Prostrate+1"],"picked":"SKIP","floor":40},{"not_picked":["FearNoEvil","FlurryOfBlows","Halt"],"picked":"SKIP","floor":42},{"not_picked":["Prostrate+1","FlurryOfBlows+1","BowlingBash"],"picked":"SKIP","floor":45},{"not_picked":["ThirdEye+1","FearNoEvil"],"picked":"Wallop+1","floor":46},{"not_picked":["FlurryOfBlows","Consecrate"],"picked":"Sanctity+1","floor":47},{"not_picked":["JustLucky","EmptyFist","Evaluate+1"],"picked":"SKIP","floor":48}],"player_experience":2029373,"relics_obtained":[{"floor":7.0,"key":"War Paint"},{"floor":9.0,"key":"Blue Candle"},{"floor":12.0,"key":"TeardropLocket"},{"floor":14.0,"key":"Odd Mushroom"},{"floor":20.0,"key":"Red Mask"},{"floor":23.0,"key":"Gremlin Horn"},{"floor":25.0,"key":"Oddly Smooth Stone"},{"floor":27.0,"key":"Yang"},{"floor":28.0,"key":"Orichalcum"},{"floor":30.0,"key":"Mercury Hourglass"},{"floor":40,"key":"FossilizedHelix"},{"floor":43,"key":"Toxic Egg 2"},{"floor":46,"key":"Omamori"},{"floor":47,"key":"Unceasing Top"}],"event_choices":[{"damage_healed":0.0,"max_hp_gain":0.0,"max_hp_loss":0.0,"gold_gain":0.0,"event_name":"Golden Idol","player_choice":"Take Wound","floor":2.0,"gold_loss":0.0,"damage_taken":0.0,"relics_obtained":["Golden Idol"],"cards_obtained":["Injury"]},{"cards_removed":["Strike_P"],"damage_healed":0.0,"max_hp_gain":0.0,"max_hp_loss":0.0,"gold_gain":0.0,"event_name":"The Cleric","player_choice":"Card Removal","floor":3.0,"gold_loss":75.0,"damage_taken":0.0},{"damage_healed":0.0,"max_hp_gain":0.0,"max_hp_loss":0.0,"gold_gain":0.0,"event_name":"Shining Light","player_choice":"Entered Light","floor":4.0,"gold_loss":0.0,"damage_taken":20.0,"cards_upgraded":["Eruption","Defend_P"]},{"damage_healed":0.0,"max_hp_gain":0.0,"max_hp_loss":0.0,"gold_gain":0.0,"event_name":"Big Fish","player_choice":"Box","floor":13.0,"gold_loss":0.0,"damage_taken":0.0,"relics_obtained":["Nunchaku"],"cards_obtained":["Regret"]},{"damage_healed":0.0,"max_hp_gain":0.0,"max_hp_loss":0.0,"gold_gain":0.0,"event_name":"Mushrooms","player_choice":"Fought Mushrooms","floor":14.0,"gold_loss":0.0,"damage_taken":0.0},{"damage_healed":0.0,"max_hp_gain":0.0,"max_hp_loss":0.0,"gold_gain":0.0,"event_name":"Addict","player_choice":"Stole Relic","floor":19.0,"gold_loss":0.0,"damage_taken":0.0,"relics_obtained":["Damaru"],"cards_obtained":["Shame"]},{"damage_healed":0.0,"max_hp_gain":0.0,"max_hp_loss":0.0,"gold_gain":0.0,"event_name":"Masked Bandits","player_choice":"Fought Bandits","floor":20.0,"gold_loss":0.0,"damage_taken":0.0},{"damage_healed":0.0,"max_hp_gain":0.0,"max_hp_loss":34.0,"gold_gain":0.0,"event_name":"Ghosts","player_choice":"Became a Ghost","floor":29.0,"gold_loss":0.0,"damage_taken":0.0,"cards_obtained":["Ghostly","Ghostly","Ghostly"]},{"damage_healed":0,"gold_gain":275,"player_choice":"Desecrate","damage_taken":0,"max_hp_gain":0,"max_hp_loss":0,"event_name":"Golden Shrine","floor":41,"gold_loss":0,"cards_obtained":["Regret"]},{"damage_healed":0,"gold_gain":0,"player_choice":"Fight","damage_taken":0,"max_hp_gain":0,"max_hp_loss":0,"event_name":"Mysterious Sphere","floor":47,"gold_loss":0}],"is_beta":false,"boss_relics":[{"not_picked":["Calling Bell","Coffee Dripper"],"picked":"Snecko Eye"},{"not_picked":["Tiny House","Busted Crown"],"picked":"Velvet Choker"}],"items_purged_floors":[],"is_endless":false,"potions_floor_spawned":[1,10,14,18,20,25,28,30,38,46,47,48],"killed_by":"Awakened One","ascension_level":20}}