{"host":"yml0ux6c8lqydjlc","time":1613359245,"event":{"mods":["Aspiration","BaseMod","Conspire","Downfall","Hermit","Jedi Mod","Minty Spire (QoL Compilation)","Robot Space Explorer","StSLib"],"gold_per_floor":[116,127,52,52,65,65,65,65,65,90,90,113,127,127,127,251,251,264,264,264,140,156,156,172,185,185,204,217,217,234,234,234,330,330,345,345,362,144,144,144,164,164,164],"floor_reached":42,"language":"ENG","playtime":2747,"items_purged":["Strike_G","Strike_G","Strike_G"],"score":392,"play_id":"6537dcfc-41e4-4fb4-b04b-5eff7b3e91a9","local_time":"20210214222045","is_ascension_mode":false,"campfire_choices":[{"floor":6.0,"key":"REST"},{"floor":8.0,"key":"REST"},{"data":"jedi:pocketpoison","floor":11.0,"key":"SMITH"},{"data":"Flying Knee","floor":15.0,"key":"SMITH"},{"data":"Slice","floor":23.0,"key":"SMITH"},{"data":"Deadly Poison","floor":32,"key":"SMITH"},{"floor":40,"key":"REST"}],"circlet_count":0,"master_deck":["Strike_G","Strike_G","Defend_G","Defend_G","Defend_G","Defend_G","Defend_G","Survivor","Neutralize","Flying Knee+1","Slice","Backstab","jedi:pocketpoison+1","Backflip","Dagger Throw","jedi:studypoison","Slice+1","Poisoned Stab","Terror","Blade Dance","Outmaneuver","Deadly Poison+1","Flying Knee+1","Poisoned Stab","A Thousand Cuts","Poisoned Stab","Quick Slash","Noxious Fumes","Catalyst+1"],"relics":["Ring of the Snake","Omamori","Bloody Idol","InkBottle","Matryoshka","WristBlade","jedi:zontanonomicon","Ninja Scroll","Toy Ornithopter"],"acts_visited":["Exordium","TheCity","TheBeyond"],"potions_floor_usage":[33,42],"damage_taken":[{"damage":2.0,"enemies":"conspire:RoseBush","floor":1.0,"turns":5.0},{"damage":2.0,"enemies":"Small Slimes","floor":2.0,"turns":3.0},{"damage":1.0,"enemies":"Jaw Worm","floor":5.0,"turns":4.0},{"damage":10.0,"enemies":"Lots of Slimes","floor":10.0,"turns":4.0},{"damage":0.0,"enemies":"2 Fungi Beasts","floor":12.0,"turns":3.0},{"damage":0.0,"enemies":"Large Slime","floor":13.0,"turns":5.0},{"damage":46.0,"enemies":"Hexaghost","floor":16.0,"turns":12.0},{"damage":3.0,"enemies":"Shell Parasite","floor":18.0,"turns":3.0},{"damage":0.0,"enemies":"conspire:FuzzyDice","floor":22.0,"turns":3.0},{"damage":1.0,"enemies":"conspire:HollyBat","floor":24.0,"turns":7.0},{"damage":18.0,"enemies":"Snake Plant","floor":25.0,"turns":3.0},{"damage":5.0,"enemies":"Chosen and Byrds","floor":27.0,"turns":3.0},{"damage":17.0,"enemies":"conspire:HollyBat","floor":28.0,"turns":7.0},{"damage":5,"enemies":"Cultist and Chosen","floor":30,"turns":4},{"damage":58,"enemies":"Collector","floor":33,"turns":6},{"damage":15,"enemies":"Orb Walker","floor":35,"turns":2},{"damage":43,"enemies":"3 Darklings","floor":37,"turns":3},{"damage":59,"enemies":"Transient","floor":41,"turns":5},{"damage":13,"enemies":"Reptomancer","floor":42,"turns":1}],"seed_played":"5059411289989565870","potions_obtained":[{"floor":1.0,"key":"SneckoOil"},{"floor":16.0,"key":"Block Potion"},{"floor":18.0,"key":"Fire Potion"},{"floor":22.0,"key":"Poison Potion"},{"floor":24.0,"key":"Strength Potion"},{"floor":35,"key":"jedi:StrikingPotion"}],"is_trial":false,"path_per_floor":["M","M","$","?","M","R","?","R","T","M","R","M","M","?","R","B",null,"M","?","?","$","M","R","M","M","T","M","M","?","M","?","R","B",null,"M","?","M","$","?","R","M","E"],"character_chosen":"THE_SILENT","items_purchased":["Poisoned Stab","Quick Slash","Noxious Fumes"],"campfire_rested":3,"item_purchase_floors":[21,38,38],"current_hp_per_floor":[68,66,66,49,48,69,66,70,70,60,60,60,60,70,70,24,70,67,51,51,51,56,56,60,47,47,52,40,40,40,63,63,15,70,60,60,22,22,40,61,7,0,0],"gold":164,"neow_bonus":"RANDOM_COMMON_RELIC","is_daily":false,"chose_seed":false,"campfire_upgraded":4,"win_rate":0.0,"timestamp":1613359245,"path_taken":["M","M","$","?","M","R","?","R","T","?","R","?","M","?","R","BOSS","M","?","?","?","M","R","M","M","T","?","M","?","M","?","R","BOSS","M","?","M","$","?","R","M","E"],"items_purchased_type":["Card","Card","Card"],"build_version":"2020-12-22","purchased_purges":3,"victory":false,"max_hp_per_floor":[70,70,70,70,70,70,70,70,70,70,70,70,70,70,70,70,70,70,70,70,70,70,70,70,70,70,70,70,70,70,70,70,70,70,70,70,70,70,70,70,70,70,70],"card_choices":[{"not_picked":["Eviscerate","Backflip"],"picked":"Flying Knee","floor":1.0},{"not_picked":["Outmaneuver","Flying Knee"],"picked":"Slice","floor":2.0},{"not_picked":["Blur","Flying Knee"],"picked":"Backstab","floor":5.0},{"not_picked":["Deflect","jedi:studyshivs"],"picked":"jedi:pocketpoison","floor":10.0},{"not_picked":["Choke","Eviscerate"],"picked":"Backflip","floor":12.0},{"not_picked":["Slice","Escape Plan"],"picked":"Dagger Throw","floor":13.0},{"not_picked":["Night Terror","jedi:rejectivetoxin"],"picked":"jedi:studypoison","floor":16.0},{"not_picked":["Sucker Punch","Flechettes"],"picked":"Slice","floor":18.0},{"not_picked":["Reflex","Heel Hook+1"],"picked":"Terror","floor":22.0},{"not_picked":["Dagger Spray","Slice"],"picked":"Blade Dance","floor":24.0},{"not_picked":["jedi:studypoison","Bane+1"],"picked":"Outmaneuver","floor":25.0},{"not_picked":["Acrobatics+1","Sucker Punch+1"],"picked":"Deadly Poison","floor":27.0},{"not_picked":["Tactician","Dagger Spray+1"],"picked":"Flying Knee+1","floor":28.0},{"not_picked":["Deflect+1","Underhanded Strike"],"picked":"Poisoned Stab","floor":30},{"not_picked":["jedi:studyshivs","Wraith Form v2"],"picked":"A Thousand Cuts","floor":33},{"not_picked":["Footwork+1","Accuracy+1"],"picked":"Poisoned Stab","floor":35},{"not_picked":["Reflex","Quick Slash","Skewer+1"],"picked":"SKIP","floor":37},{"not_picked":["Acrobatics","Masterful Stab+1"],"picked":"Catalyst+1","floor":41}],"player_experience":86236,"relics_obtained":[{"floor":9.0,"key":"Matryoshka"},{"floor":19.0,"key":"jedi:zontanonomicon"},{"floor":26.0,"key":"Ninja Scroll"},{"floor":26.0,"key":"Toy Ornithopter"}],"event_choices":[{"damage_healed":0.0,"max_hp_gain":0.0,"max_hp_loss":0.0,"gold_gain":0.0,"event_name":"Golden Idol","player_choice":"Take Damage","floor":4.0,"gold_loss":0.0,"damage_taken":17.0,"relics_obtained":["Golden Idol"]},{"damage_healed":0.0,"max_hp_gain":0.0,"max_hp_loss":0.0,"gold_gain":0.0,"event_name":"Scrap Ooze","player_choice":"Success","floor":7.0,"gold_loss":0.0,"damage_taken":3.0,"relics_obtained":["InkBottle"]},{"damage_healed":17.0,"max_hp_gain":0.0,"max_hp_loss":0.0,"gold_gain":0.0,"event_name":"Mushrooms","player_choice":"Healed and dodged fight","floor":14.0,"gold_loss":0.0,"damage_taken":0.0,"cards_obtained":["Parasite"]},{"damage_healed":0.0,"max_hp_gain":0.0,"max_hp_loss":0.0,"gold_gain":0.0,"event_name":"Cursed Tome","player_choice":"Obtained Book","floor":19.0,"gold_loss":0.0,"damage_taken":16.0},{"damage_healed":0.0,"max_hp_gain":0.0,"max_hp_loss":0.0,"gold_gain":0.0,"event_name":"Forgotten Altar","player_choice":"Gave Idol","floor":20.0,"relics_lost":["Golden Idol"],"gold_loss":0.0,"damage_taken":0.0,"relics_obtained":["Bloody Idol"]},{"damage_healed":0.0,"max_hp_gain":0.0,"max_hp_loss":0.0,"gold_gain":0.0,"event_name":"Ghosts","player_choice":"Ignored","floor":29.0,"gold_loss":0.0,"damage_taken":0.0},{"damage_healed":23,"gold_gain":0,"player_choice":"Heal","damage_taken":0,"max_hp_gain":0,"max_hp_loss":0,"event_name":"The Library","floor":31,"gold_loss":0},{"damage_healed":0,"gold_gain":0,"player_choice":"Ignored","damage_taken":0,"max_hp_gain":0,"max_hp_loss":0,"event_name":"Mysterious Sphere","floor":36,"gold_loss":0},{"damage_healed":18,"gold_gain":0,"player_choice":"Writhe","damage_taken":0,"max_hp_gain":0,"max_hp_loss":0,"event_name":"Winding Halls","floor":39,"gold_loss":0,"cards_obtained":["Writhe"]}],"is_beta":false,"boss_relics":[{"not_picked":["SlaversCollar","Sozu"],"picked":"WristBlade"},{"not_picked":["Busted Crown","conspire:SlowCooker","aspiration:WatcherSkillbook"]}],"items_purged_floors":[3,21,38],"is_endless":false,"potions_floor_spawned":[1,16,18,22,24,35],"killed_by":"Reptomancer","ascension_level":0}}