{"host":"n59wzi8u174zdegx","time":1613397302,"event":{"mods":["AchievementEnabler","BaseMod","Colored Map","Colored Powertips","Downfall","Hubris","Infinite Spire","Minty Spire (QoL Compilation)","Rare Cards Sparkle","StSLib","The Animator"],"gold_per_floor":[117,117,136,152,327,353,353,380,380,380,380],"floor_reached":10,"language":"ENG","playtime":761,"items_purged":[],"score":68,"play_id":"1d88454c-f012-4f57-ada9-90cb6619ef4b","local_time":"20210215075502","is_ascension_mode":false,"campfire_choices":[{"data":"animator:Defend_Konosuba","floor":7,"key":"SMITH"}],"circlet_count":0,"master_deck":["animator:Strike_Konosuba","animator:Defend_Konosuba+1","animator:Strike","animator:Strike","animator:Strike","animator:Defend","animator:Defend","animator:Defend","animator:Kazuma","animator:Aqua","animator:IzunaHatsuse","Doubt","animator:HighElfArcher","animator:UneriGinkaku"],"relics":["animator:LivingPicture","animator:TheMissingPiece","NeowsBlessing","animator:OldCoffin","infinitespire:Bottled Soul"],"acts_visited":["Exordium"],"potions_floor_usage":[6,10,10],"damage_taken":[{"damage":0,"enemies":"Cultist","floor":1,"turns":1},{"damage":0,"enemies":"2 Louse","floor":3,"turns":1},{"damage":0,"enemies":"Jaw Worm","floor":4,"turns":1},{"damage":32,"enemies":"3 Sentries","floor":6,"turns":8},{"damage":0,"enemies":"Blue Slaver","floor":8,"turns":7},{"damage":44,"enemies":"Lagavulin","floor":10,"turns":13}],"seed_played":"7827271927983263184","potions_obtained":[{"floor":1,"key":"champ:CounterPotion"},{"floor":2,"key":"AttackPotion"},{"floor":2,"key":"Guardian:BlockOnCardUsePotion"}],"is_trial":false,"path_per_floor":["M","?","M","M","?","E","R","M","T","E"],"character_chosen":"THE_ANIMATOR","items_purchased":[],"campfire_rested":0,"item_purchase_floors":[],"current_hp_per_floor":[66,66,66,66,66,36,36,38,38,0,0],"gold":380,"neow_bonus":"THREE_ENEMY_KILL","is_daily":false,"chose_seed":false,"campfire_upgraded":1,"win_rate":0.0,"timestamp":1613397302,"path_taken":["M","?","M","?","?","E","R","M","T","E"],"items_purchased_type":[],"build_version":"2020-12-22","purchased_purges":0,"victory":false,"max_hp_per_floor":[66,66,66,66,66,66,66,66,66,66,66],"card_choices":[{"not_picked":["animator:PandorasActor","animator:Ara","animator:Kazuma"],"picked":"SKIP","floor":1},{"not_picked":["animator:Evileye","animator:Ara","animator:Berserker"],"picked":"SKIP","floor":3},{"not_picked":["animator:TsurugaMeisai","animator:Evileye"],"picked":"animator:IzunaHatsuse","floor":4},{"not_picked":["animator:GuildGirl","animator:Spearman"],"picked":"animator:HighElfArcher","floor":6},{"not_picked":["animator:Emonzaemon","animator:Alexander"],"picked":"animator:UneriGinkaku","floor":8}],"player_experience":57575,"relics_obtained":[{"floor":6,"key":"animator:OldCoffin"},{"floor":9,"key":"infinitespire:Bottled Soul"}],"event_choices":[{"damage_healed":0,"gold_gain":0,"player_choice":"Got Potions","damage_taken":0,"max_hp_gain":0,"max_hp_loss":0,"event_name":"Lab","floor":2,"gold_loss":0},{"damage_healed":0,"gold_gain":175,"player_choice":"AGREE","damage_taken":0,"max_hp_gain":0,"max_hp_loss":0,"event_name":"Liars Game","floor":5,"gold_loss":0,"cards_obtained":["Doubt"]}],"is_beta":false,"boss_relics":[],"items_purged_floors":[],"is_endless":false,"potions_floor_spawned":[1,4],"killed_by":"Lagavulin","ascension_level":0}}