{"host":"af4pzp5tm7cfibaw","time":1613429425,"event":{"mods":["AchievementEnabler","BaseMod","BetterRewards","Downfall","Highlight Path","Minty Spire (QoL Compilation)","StSLib","SuperFastMode"],"gold_per_floor":[99,113,133,147,247,280,280,13,39,39,39,24,35,35,50,152,152,152,168,168,178,192,210,234,258,276,305,348,147,147,191,210,315,342,342,361,611,620,645,680,698,722,742,763,763,430,456,456,456,456],"floor_reached":51,"language":"ENG","playtime":3266,"items_purged":["Pain","Slimebound:SplitBruiser"],"score":806,"play_id":"f5e1ba39-b552-4681-a526-18cf7fbb1b30","local_time":"20210216115025","is_ascension_mode":false,"campfire_choices":[{"data":"Slimebound:Split","floor":1.0,"key":"SMITH"},{"data":"Slimebound:Overexert","floor":11.0,"key":"SMITH"},{"data":"Slimebound:OozeBath","floor":18.0,"key":"SMITH"},{"data":"Slimebound:RejuvenatingLick","floor":30,"key":"SMITH"},{"data":"Slimebound:Darklings","floor":35,"key":"SMITH"},{"floor":45,"key":"REST"}],"circlet_count":0,"master_deck":["Slimebound:Strike_Slimebound","Slimebound:Tackle+1","Slimebound:Defend_Slimebound","Slimebound:Defend_Slimebound","Slimebound:Defend_Slimebound","Slimebound:Split+1","Slimebound:CorrosiveSpit","Slimebound:RejuvenatingLick+1","Slimebound:SplitMire","Slimebound:SplitBruiser+1","Slimebound:LeechLife","Slimebound:LeadByExample","Slimebound:RallyTheTroops","Slimebound:AcidTongue","Slimebound:Overexert+1","Slimebound:RainOfGoop+1","Slimebound:SplitAcid","downfall:Malfunctioning","Slimebound:ComboTackle","Slimebound:OozeBath+1","Slimebound:SplitSpecialist+1","Slimebound:Schlurp","Slimebound:OneTwoCombo","Slimebound:SlimeTap","Slimebound:Replication+1","Slimebound:MegaLick","Slimebound:Prepare+1","Slimebound:MegaLick","Slimebound:WasteNot","Slimebound:Darklings+1","Slimebound:LeadByExample+1","Slimebound:LivingWall+1","Slimebound:MinionMaster+1","Slimebound:Repurpose","Slimebound:LeechingTouch","Slimebound:FinishingTackle+1","Slimebound:OozeBath","Slimebound:LeechingTouch","Slimebound:Gluttony","Slimebound:HungryTackle+1","Slimebound:ComboTackle","Slimebound:LivingWall","Slimebound:LeechingTouch","Slimebound:LevelUp","Parasite","Injury","Slimebound:Repurpose+1","Slimebound:HungryTackle","Slimebound:OozeBath","Slimebound:SamplingLick+1"],"relics":["Slimebound:AbsorbEndCombat","Thread and Needle","Ginger","Sundial","Black Star","CeramicFish","downfall:ExtraCursedKey","Toy Ornithopter","Orichalcum","Membership Card","Omamori","Blood Vial","Astrolabe","Orrery","Art of War","StrikeDummy","Bronze Scales","Slimebound:MaxSlimesRelic"],"acts_visited":["Exordium","TheCity","TheBeyond"],"potions_floor_usage":[27,31,40,43,49],"damage_taken":[{"damage":8.0,"enemies":"Small Slimes","floor":2.0,"turns":4.0},{"damage":3.0,"enemies":"Cultist","floor":3.0,"turns":2.0},{"damage":3.0,"enemies":"2 Louse","floor":4.0,"turns":3.0},{"damage":18.0,"enemies":"3 Sentries","floor":6.0,"turns":5.0},{"damage":9.0,"enemies":"downfall:FleeingMerchant","floor":8.0,"turns":4.0},{"damage":29.0,"enemies":"Lagavulin","floor":9.0,"turns":4.0},{"damage":14.0,"enemies":"downfall:FleeingMerchant","floor":12.0,"turns":4.0},{"damage":11.0,"enemies":"Exordium Thugs","floor":13.0,"turns":3.0},{"damage":2.0,"enemies":"Exordium Wildlife","floor":15.0,"turns":2.0},{"damage":70.0,"enemies":"WA_ARCHETYPE_RETAIN","floor":16.0,"turns":6.0},{"damage":24.0,"enemies":"Shell Parasite","floor":19.0,"turns":4.0},{"damage":9.0,"enemies":"Chosen","floor":21.0,"turns":2.0},{"damage":26.0,"enemies":"Snake Plant","floor":22.0,"turns":3.0},{"damage":9.0,"enemies":"Chosen and Byrds","floor":23.0,"turns":4.0},{"damage":15.0,"enemies":"Centurion and Healer","floor":25.0,"turns":5.0},{"damage":13,"enemies":"Snecko","floor":27,"turns":4},{"damage":53,"enemies":"Slavers","floor":28,"turns":4},{"damage":15,"enemies":"downfall:FleeingMerchant","floor":29,"turns":4},{"damage":5,"enemies":"Gremlin Leader","floor":31,"turns":3},{"damage":3,"enemies":"3 Cultists","floor":32,"turns":4},{"damage":42,"enemies":"SI_MIRROR_ARCHETYPE","floor":33,"turns":8},{"damage":6,"enemies":"3 Darklings","floor":36,"turns":3},{"damage":3,"enemies":"downfall:FleeingMerchant","floor":37,"turns":4},{"damage":35,"enemies":"downfall:FleeingMerchant","floor":38,"turns":5},{"damage":33,"enemies":"Giant Head","floor":40,"turns":6},{"damage":7,"enemies":"Orb Walker","floor":42,"turns":3},{"damage":1,"enemies":"Transient","floor":43,"turns":5},{"damage":10,"enemies":"4 Shapes","floor":44,"turns":3},{"damage":9,"enemies":"3 Darklings","floor":47,"turns":3},{"damage":0,"enemies":"Writhing Mass","floor":49,"turns":1},{"damage":73,"enemies":"DF_ARCHETYPE_ORBS","floor":50,"turns":6}],"seed_played":"-2494750196900412291","potions_obtained":[{"floor":2.0,"key":"SteroidPotion"},{"floor":13.0,"key":"EssenceOfSteel"},{"floor":15.0,"key":"ColorlessPotion"},{"floor":16.0,"key":"DistilledChaos"},{"floor":21.0,"key":"FairyPotion"},{"floor":22.0,"key":"Slimebound:SlimedPotion"},{"floor":25.0,"key":"Slimebound:SlimedPotion"},{"floor":28,"key":"SneckoOil"},{"floor":38,"key":"sneckomod:MuddlingPotion"},{"floor":40,"key":"Fire Potion"},{"floor":43,"key":"SmokeBomb"}],"is_trial":false,"path_per_floor":["R","M","M","M","?","E","T","$","E","?","R","$","M","?","M","B",null,"R","M","?","M","M","M","T","M","?","M","E","$","R","E","M","B",null,"R","M","$","?","?","E","T","M","M","M","R","?","M","?","M","B",null],"character_chosen":"SLIMEBOUND","items_purchased":["Slimebound:RallyTheTroops","Slimebound:SplitBruiser","Slimebound:AcidTongue","Membership Card","Orrery","Slimebound:ComboTackle","Slimebound:LivingWall"],"campfire_rested":1,"item_purchase_floors":[8,8,8,29,37,37,37],"current_hp_per_floor":[71,65,66,67,67,55,55,58,59,59,59,69,68,68,66,46,71,71,53,53,46,20,53,53,42,42,71,22,29,29,70,71,47,71,71,67,71,44,44,26,26,23,33,33,54,80,71,71,78,15],"gold":456,"neow_bonus":"TEN_PERCENT_HP_BONUS","is_daily":false,"chose_seed":false,"campfire_upgraded":5,"win_rate":0.0,"timestamp":1613429425,"path_taken":["R","M","M","M","?","E","T","?","E","?","R","$","M","?","M","BOSS","R","M","?","M","M","M","T","M","?","M","E","?","R","E","M","BOSS","R","M","$","?","?","E","T","M","M","M","R","?","M","?","M","BOSS"],"items_purchased_type":["Card","Card","Card","Relic","Relic","Card","Card"],"build_version":"2020-12-22","purchased_purges":2,"victory":true,"max_hp_per_floor":[71,71,71,71,71,71,71,71,71,71,71,71,71,71,71,71,71,71,71,71,71,71,71,71,71,71,71,71,71,71,71,71,71,71,71,71,71,71,71,71,71,71,71,71,71,80,80,80,80,80],"card_choices":[{"not_picked":["Slimebound:PressTheAttack","Slimebound:LeechingTouch"],"picked":"Slimebound:RejuvenatingLick","floor":2.0},{"not_picked":["Slimebound:GoopTackle","Slimebound:ProtectTheBoss"],"picked":"Slimebound:SplitMire","floor":3.0},{"not_picked":["Slimebound:TongueLash","Slimebound:GrowthPunch"],"picked":"Slimebound:SplitBruiser","floor":4.0},{"not_picked":["Slimebound:SlimeBarrage","Slimebound:Prepare"],"picked":"Slimebound:LeechLife","floor":6.0},{"not_picked":["Slimebound:Prepare","Slimebound:SplitAcid"],"picked":"Slimebound:LeadByExample","floor":8.0},{"not_picked":["Slimebound:RainOfGoop","Slimebound:SplitAcid"],"picked":"Slimebound:Overexert","floor":9.0},{"not_picked":["Slimebound:Equalize","Slimebound:FormOfPuddle"],"picked":"Slimebound:RainOfGoop","floor":12.0},{"not_picked":["Slimebound:ViciousTackle","Slimebound:PressTheAttack"],"picked":"Slimebound:SplitAcid","floor":13.0},{"not_picked":["Slimebound:TongueLash","Slimebound:SplitMire"],"picked":"Slimebound:ComboTackle","floor":15.0},{"not_picked":["Slimebound:LeechLife","Slimebound:PrepareCrush"],"picked":"Slimebound:OozeBath","floor":16.0},{"not_picked":["Slimebound:SplitAcid","Slimebound:ItLooksTasty"],"picked":"Slimebound:SplitSpecialist+1","floor":19.0},{"not_picked":["Slimebound:RejuvenatingLick","Slimebound:SplitBruiser"],"picked":"Slimebound:Schlurp","floor":21.0},{"not_picked":["Slimebound:SlimeSpikes","Slimebound:Prepare"],"picked":"Slimebound:OneTwoCombo","floor":22.0},{"not_picked":["Slimebound:AcidTongue","Slimebound:HungryTackle"],"picked":"Slimebound:ViciousTackle","floor":23.0},{"not_picked":["Slimebound:Recollect","Slimebound:RollThrough"],"picked":"Slimebound:SlimeTap","floor":25.0},{"not_picked":["Slimebound:FinishingTackle+1","Slimebound:HungryTackle"],"picked":"Slimebound:Replication+1","floor":27},{"not_picked":["Slimebound:PressTheAttack","Slimebound:DisruptingSlam+1"],"picked":"Slimebound:MegaLick","floor":28},{"not_picked":["Slimebound:LeechEnergy","Slimebound:ForwardTackle+1"],"picked":"Slimebound:Prepare+1","floor":29},{"not_picked":["Slimebound:PressTheAttack+1","Slimebound:FormOfPuddle"],"picked":"Slimebound:MegaLick","floor":31},{"not_picked":["Slimebound:Replication+1","Slimebound:PressTheAttack"],"picked":"Slimebound:WasteNot","floor":32},{"not_picked":["Slimebound:PrepareCrush","Slimebound:Teamwork"],"picked":"Slimebound:Darklings","floor":33},{"not_picked":["Slimebound:SplitAcid","Slimebound:LeechEnergy"],"picked":"Slimebound:Repurpose","floor":36},{"not_picked":["Slimebound:RollThrough","Slimebound:GoopTackle+1"],"picked":"Slimebound:LeechingTouch","floor":37},{"not_picked":["Slimebound:SplitLeeching","Slimebound:ItLooksTasty"],"picked":"Slimebound:FinishingTackle+1","floor":37},{"not_picked":["Slimebound:GoopTackle","Slimebound:FinishingTackle+1"],"picked":"Slimebound:OozeBath","floor":37},{"not_picked":["Slimebound:ItLooksTasty","Slimebound:Gluttony+1"],"picked":"Slimebound:LeechingTouch","floor":37},{"not_picked":["Slimebound:PressTheAttack","Slimebound:Prepare+1"],"picked":"Slimebound:Gluttony","floor":37},{"not_picked":["Slimebound:ItLooksTasty+1","Slimebound:MassFeed"],"picked":"Slimebound:HungryTackle+1","floor":37},{"not_picked":["Slimebound:SlimeSpikes","Slimebound:GoopTackle"],"picked":"Slimebound:LeechingTouch","floor":38},{"not_picked":["Slimebound:ComboTackle+1","Slimebound:AcidTongue+1"],"picked":"Slimebound:LevelUp","floor":40},{"not_picked":["Slimebound:SlimeSpikes+1","Slimebound:ComboTackle"],"picked":"Slimebound:Repurpose+1","floor":42},{"not_picked":["Slimebound:ItLooksTasty+1","Slimebound:RollThrough+1"],"picked":"Slimebound:HungryTackle","floor":43},{"not_picked":["Slimebound:RainOfGoop+1","Slimebound:Grow+1"],"picked":"Slimebound:OozeBath","floor":44},{"not_picked":["Slimebound:Schlurp+1","Slimebound:FinishingTackle"],"picked":"Slimebound:SamplingLick+1","floor":47}],"player_experience":325725,"relics_obtained":[{"floor":6.0,"key":"Thread and Needle"},{"floor":7.0,"key":"Ginger"},{"floor":9.0,"key":"Sundial"},{"floor":24.0,"key":"CeramicFish"},{"floor":28,"key":"Toy Ornithopter"},{"floor":28,"key":"Orichalcum"},{"floor":31,"key":"Omamori"},{"floor":31,"key":"Blood Vial"},{"floor":39,"key":"Art of War"},{"floor":40,"key":"StrikeDummy"},{"floor":40,"key":"Bronze Scales"},{"floor":41,"key":"Slimebound:MaxSlimesRelic"}],"event_choices":[{"cards_removed":["Slimebound:Strike_Slimebound"],"damage_healed":0.0,"max_hp_gain":0.0,"max_hp_loss":0.0,"gold_gain":0.0,"event_name":"The Cleric","player_choice":"Card Removal","floor":10.0,"gold_loss":0.0,"damage_taken":0.0},{"cards_removed":["Slimebound:SlimeSlap"],"damage_healed":0,"gold_gain":0,"player_choice":"Removed Attack","damage_taken":0,"max_hp_gain":0,"max_hp_loss":0,"event_name":"Falling","floor":48,"gold_loss":0}],"is_beta":false,"boss_relics":[{"not_picked":["Fusion Hammer","Runic Dome"],"picked":"Black Star"},{"not_picked":["Slimebound:AbsorbEndCombatUpgraded","Sozu"],"picked":"Astrolabe"}],"items_purged_floors":[29,37],"is_endless":false,"potions_floor_spawned":[2,13,15,16,21,22,25,28,38,40,43],"ascension_level":0}}