{"host":"xj1vcaj0kpg926bu","time":1613383489,"event":{"mods":["2.2 Compatiblity","Act Like it!","BaseMod","Duelist Mod","Friendly Minions","Hallownest","Minty Spire (QoL Compilation)","StSLib","The Animator"],"gold_per_floor":[111,129,147,176,187,213,213,247,247,247,357,137,97,116,116,215,215,230,230,140,155,167,167,57,74,74,74,74,224,264,264],"floor_reached":30,"language":"ZHS","playtime":1690,"items_purged":["animator:Strike"],"score":240,"play_id":"b57793ef-961f-4405-8509-f6659fa1f7b0","local_time":"20210215180449","is_ascension_mode":false,"campfire_choices":[{"floor":7.0,"key":"REST"},{"data":"animator:Sloth","floor":10.0,"key":"SMITH"},{"data":"animator:DolaRiku","floor":15.0,"key":"SMITH"},{"data":"animator:HigakiRinne","floor":23,"key":"SMITH"},{"floor":28,"key":"REST"}],"circlet_count":0,"master_deck":["animator:Strike_FullmetalAlchemist","animator:Defend_FullmetalAlchemist","animator:Strike","animator:Strike","animator:Defend","animator:Defend","animator:Defend","animator:ElricEdward","animator:ElricAlphonse","animator:Eve","animator:DolaRiku+1","animator:HigakiRinne+1","animator:Sloth+1","animator:Nanami","animator:RoyMustang","animator:EmiyaShirou","theDuelist:CurseArmaments"],"relics":["animator:LivingPicture","animator:TheMissingPiece","Dream Catcher","Bottled Lightning","Bag of Marbles","PreservedInsect","Cursed Key","Hallownest:StagBellRelic1","Question Card"],"acts_visited":["Exordium","Hallownest:Greenpath"],"potions_floor_usage":[18,18,25,25],"damage_taken":[{"damage":7.0,"enemies":"2_ Uuma","floor":1.0,"turns":7.0},{"damage":9.0,"enemies":"Hallownest:2_MossCreeps","floor":2.0,"turns":8.0},{"damage":10.0,"enemies":"Hallownest:monsterHuskGuard","floor":3.0,"turns":5.0},{"damage":5.0,"enemies":"Hallownest:Wandering_and_Horned","floor":4.0,"turns":6.0},{"damage":2.0,"enemies":"Hallownest:1_Baldur_1_Crawlid_1_Warrior","floor":5.0,"turns":6.0},{"damage":24.0,"enemies":"Hallownest:eliteMossKnight","floor":6.0,"turns":6.0},{"damage":22.0,"enemies":"Hallownest:eliteCrystalGuardian","floor":8.0,"turns":6.0},{"damage":5.0,"enemies":"Hallownest:MossCreep_and_Mosskin","floor":14.0,"turns":4.0},{"damage":22.0,"enemies":"Hallownest:BossHornet","floor":16.0,"turns":9.0},{"damage":13,"enemies":"Hallownest:2_Mistakes","floor":18,"turns":11},{"damage":4,"enemies":"Hallownest:3_Youths","floor":21,"turns":9},{"damage":12,"enemies":"Hallownest:monsterMisterMushroom","floor":22,"turns":5},{"damage":22,"enemies":"Hallownest:3_Mistakes","floor":25,"turns":6},{"damage":37,"enemies":"Hallownest:Glutton_and_Coward","floor":30,"turns":3}],"seed_played":"1602380036676606667","potions_obtained":[{"floor":1.0,"key":"Energy Potion"},{"floor":2.0,"key":"Strength Potion"},{"floor":4.0,"key":"Explosive Potion"},{"floor":14.0,"key":"SpeedPotion"},{"floor":16.0,"key":"animator:FalseLifePotion"},{"floor":18,"key":"Swift Potion"},{"floor":25,"key":"AttackPotion"}],"is_trial":false,"path_per_floor":["M","M","M","M","M","E","R","E","T","R","?","$","?","M","R","B",null,"M","?","?","M","M","R","$","M","T","$","R","?","M"],"character_chosen":"THE_ANIMATOR","items_purchased":["PreservedInsect","animator:RoyMustang","animator:EmiyaShirou"],"campfire_rested":2,"item_purchase_floors":[12,24,24],"current_hp_per_floor":[59,50,40,35,33,9,28,6,6,6,6,6,36,31,31,9,66,53,49,49,45,33,33,33,11,11,11,30,30,0,0],"gold":264,"neow_bonus":"THREE_RARE_CARDS","is_daily":false,"chose_seed":false,"campfire_upgraded":3,"win_rate":0.0,"timestamp":1613383489,"path_taken":["M","M","M","M","M","E","R","E","T","R","?","$","?","M","R","BOSS","M","?","?","M","M","R","$","?","T","$","R","?","?"],"items_purchased_type":["Relic","Card","Card"],"build_version":"2020-12-22","purchased_purges":1,"victory":false,"max_hp_per_floor":[66,66,66,66,66,66,66,66,66,66,66,66,66,66,66,66,66,66,66,66,66,66,66,66,66,66,66,66,66,66,66],"card_choices":[{"not_picked":["animator:Greed","animator:Sora"],"picked":"animator:Eve","floor":0.0},{"not_picked":["animator:Fredrika","animator:Berserker","animator:AcuraTooru"],"picked":"SKIP","floor":1.0},{"not_picked":["animator:Hitei","animator:Rena"],"picked":"animator:DolaRiku","floor":2.0},{"not_picked":["animator:Shinoa","animator:Illya"],"picked":"animator:HigakiRinne","floor":3.0},{"not_picked":["animator:ElricAlphonse","animator:Gluttony"],"picked":"animator:Sloth","floor":4.0},{"not_picked":["animator:Elsword","animator:HigakiRinne","animator:TsurugaMeisai"],"picked":"SKIP","floor":5.0},{"not_picked":["animator:Rider","animator:ZankiKiguchi","animator:Yuuichirou"],"picked":"SKIP","floor":6.0},{"not_picked":["animator:Ara","animator:Guy"],"picked":"animator:Nanami","floor":7.0},{"not_picked":["animator:Ain","animator:Sloth","animator:Pride"],"picked":"SKIP","floor":8.0},{"not_picked":["animator:Hitei","animator:Alexander","animator:Ciel"],"picked":"SKIP","floor":18},{"not_picked":["animator:Rider","animator:CrowleyEusford","animator:ElricEdward"],"picked":"SKIP","floor":21},{"not_picked":["animator:DolaRiku+1","animator:Layla","animator:Yoichi"],"picked":"SKIP","floor":22}],"player_experience":727912,"relics_obtained":[{"floor":6.0,"key":"Dream Catcher"},{"floor":8.0,"key":"Bottled Lightning"},{"floor":9.0,"key":"Bag of Marbles"},{"floor":26,"key":"Question Card"}],"event_choices":[],"is_beta":false,"boss_relics":[{"not_picked":["Pandora\u0027s Box","Busted Crown"],"picked":"Cursed Key"}],"items_purged_floors":[12],"is_endless":false,"potions_floor_spawned":[1,2,4,14,16,18,25],"killed_by":"Hallownest:Glutton_and_Coward","ascension_level":0}}