{"host":"qp7xs8nuzfsyommi","time":1613400057,"event":{"mods":["2.2 Compatiblity","BaseMod","Colored Powertips","DeckTracker","Highlight Path","Minty Spire (QoL Compilation)","Permanent Neow","Quick Restart","StSLib"],"gold_per_floor":[117,117,128,148,113,113,123,139,139,139,53,66,66,66],"floor_reached":13,"language":"ENG","playtime":504,"items_purged":[],"score":154,"play_id":"05ac3365-5683-48df-9fbf-2e95bffd789e","local_time":"20210215094057","is_ascension_mode":true,"campfire_choices":[{"data":"Leap","floor":6,"key":"SMITH"},{"floor":10,"key":"REST"}],"circlet_count":0,"master_deck":["AscendersBane","Zap","Dualcast","Machine Learning","Core Surge","Static Discharge","Streamline","Ball Lightning","Thunder Strike","Consume+1","Streamline","Coolheaded","Leap+1","Reboot","Self Repair","Coolheaded","Go for the Eyes","Leap"],"relics":["Pandora\u0027s Box"],"acts_visited":["Exordium"],"potions_floor_usage":[13],"damage_taken":[{"damage":8,"enemies":"Small Slimes","floor":1,"turns":2},{"damage":7,"enemies":"2 Louse","floor":3,"turns":2},{"damage":12,"enemies":"Jaw Worm","floor":4,"turns":2},{"damage":8,"enemies":"3 Louse","floor":7,"turns":4},{"damage":16,"enemies":"Blue Slaver","floor":8,"turns":4},{"damage":18,"enemies":"Lots of Slimes","floor":12,"turns":5},{"damage":40,"enemies":"3 Sentries","floor":13,"turns":5}],"seed_played":"3124672276358343847","potions_obtained":[{"floor":4,"key":"Strength Potion"},{"floor":7,"key":"Weak Potion"},{"floor":12,"key":"LiquidBronze"}],"is_trial":false,"path_per_floor":["M","?","M","M","?","R","M","M","T","R","$","M","E"],"character_chosen":"DEFECT","items_purchased":["Coolheaded","Go for the Eyes"],"campfire_rested":1,"item_purchase_floors":[11,11],"current_hp_per_floor":[56,56,49,37,54,54,46,30,30,51,51,40,0,0],"gold":66,"neow_bonus":"BOSS_RELIC","is_daily":false,"chose_seed":false,"campfire_upgraded":1,"win_rate":0.0,"timestamp":1613400057,"path_taken":["M","?","M","M","?","R","M","?","T","R","$","M","E"],"items_purchased_type":["Card","Card"],"build_version":"2020-12-22","purchased_purges":0,"victory":false,"max_hp_per_floor":[71,71,71,71,71,71,71,71,71,71,71,71,71,71],"card_choices":[{"not_picked":["Heatsinks","Gash"],"picked":"Coolheaded","floor":1},{"not_picked":["Ball Lightning","Hello World","Compile Driver"],"picked":"SKIP","floor":3},{"not_picked":["Go for the Eyes","Steam Power"],"picked":"Leap","floor":4},{"not_picked":["Turbo","Redo"],"picked":"Reboot","floor":7},{"not_picked":["Recycle","Sunder"],"picked":"Self Repair","floor":8},{"not_picked":["Gash","Streamline"],"picked":"Leap","floor":12}],"player_experience":1907744,"relics_obtained":[],"event_choices":[{"damage_healed":0,"gold_gain":0,"player_choice":"Grow","damage_taken":0,"max_hp_gain":0,"max_hp_loss":0,"event_name":"Living Wall","floor":2,"gold_loss":0,"cards_upgraded":["Consume"]},{"damage_healed":17,"gold_gain":0,"player_choice":"Healed","damage_taken":0,"max_hp_gain":0,"max_hp_loss":0,"event_name":"The Cleric","floor":5,"gold_loss":35}],"is_beta":false,"boss_relics":[],"items_purged_floors":[],"is_endless":false,"potions_floor_spawned":[4,7,12],"killed_by":"3 Sentries","ascension_level":20}}