{"host":"r3eb5kff0hcmimdq","time":1613410360,"event":{"mods":["ATMod(°¢èªMod)","AchievementEnabler","Act Like it!","Aspiration","BaseMod","Challenge The Spire","Colored Powertips","Conspire","Dota2Spire","Elementarium","Highlight Path","Luminous","Minty Spire (QoL Compilation)","MostiFishMod","Quick Restart","Rare Cards Sparkle","Reimu£¨²©ÀöÁéÃÎ£©","Relic Filter","Relic Filter Mod","Replay The Spire","RumiaBox-Â¶Ã×æ«µÄÉñÃØºÐ×Ó","Shop Mod","Spicy Shops","StSLib","TestMod","The Jungle","The Senshi","¡¾ÒÅÎï¿¨ÅÆ¡¿REMEMod","óô»ðÖ¸ÄÏ"],"gold_per_floor":[118,132,146,158,158,158,158],"floor_reached":6,"language":"ZHS","playtime":233,"items_purged":[],"score":38,"play_id":"fd9d1535-4248-4268-871e-806ee860cf61","local_time":"20210216013239","is_ascension_mode":false,"campfire_choices":[],"circlet_count":0,"master_deck":["Strike_G","Strike_G","Strike_G","Strike_G","Strike_G","Defend_G","Defend_G","Defend_G","Defend_G","Survivor","Neutralize","testmod-AutoReboundSystem","AT_WindFlip"],"relics":["Ring of the Snake","DaveBox","REME_ComplimentaryCards","AT_ATBox","testmod-TestBox","Transparent","NeowsBlessing","Baka","SynthV:TestCard","Durian","Durian"],"acts_visited":["Exordium"],"potions_floor_usage":[],"damage_taken":[{"damage":14,"enemies":"Cultist","floor":1,"turns":1},{"damage":28,"enemies":"Jaw Worm","floor":2,"turns":2},{"damage":16,"enemies":"2 Louse","floor":3,"turns":1},{"damage":33,"enemies":"Red Slaver","floor":4,"turns":2},{"damage":69,"enemies":"Lagavulin","floor":6,"turns":4}],"seed_played":"-1111228417895615327","potions_obtained":[],"is_trial":false,"path_per_floor":["M","M","M","M","?","E"],"character_chosen":"THE_SILENT","items_purchased":[],"campfire_rested":0,"item_purchase_floors":[],"current_hp_per_floor":[70,80,80,80,73,4,4],"gold":158,"neow_bonus":"THREE_ENEMY_KILL","is_daily":false,"chose_seed":false,"campfire_upgraded":0,"win_rate":0.0,"timestamp":1613410359,"path_taken":["M","M","?","M","?","E"],"items_purchased_type":[],"build_version":"2020-12-22","purchased_purges":0,"victory":false,"max_hp_per_floor":[70,80,80,80,80,80,80],"card_choices":[{"not_picked":["Calculated Gamble","Slice","Blade Dance"],"picked":"SKIP","floor":1},{"not_picked":["Dodge and Roll","Distraction","MostiFishMod:PerfectParry","Prepared"],"picked":"AT_WindFlip","floor":2},{"not_picked":["Well Laid Plans","Slice","Leg Sweep","Blade Dance","Calculated Gamble"],"picked":"SKIP","floor":3},{"not_picked":["Distraction","Underhanded Strike","PiercingWail","Bane","Dagger Throw"],"picked":"SKIP","floor":4}],"player_experience":164784,"relics_obtained":[{"floor":1,"key":"Baka"},{"floor":1,"key":"SynthV:TestCard"},{"floor":2,"key":"Durian"},{"floor":2,"key":"Durian"}],"event_choices":[{"cards_removed":["Defend_G"],"damage_healed":0,"gold_gain":0,"player_choice":"Card Removal","damage_taken":7,"max_hp_gain":0,"max_hp_loss":0,"event_name":"Golden Wing","floor":5,"gold_loss":0}],"is_beta":false,"boss_relics":[],"items_purged_floors":[],"is_endless":false,"potions_floor_spawned":[2],"killed_by":"Lagavulin","ascension_level":0}}