{"host":"04x9isxu4s2lvye3","time":1613358601,"event":{"mods":["BaseMod","Colored Powertips","Highlight Path","Minty Spire (QoL Compilation)"],"gold_per_floor":[113,188,188,199,52,87,143,143,143,174,174,185,185,218,218,293,293,310,84,96,21,37,37,67,67,67,101,151,170,187,221,221,221,221],"floor_reached":33,"language":"ENG","playtime":1385,"items_purged":["Strike_G","Strike_G"],"score":614,"play_id":"4ac44e0b-ade7-42c3-bd28-29f8ad9a09cd","local_time":"20210214221001","is_ascension_mode":true,"campfire_choices":[{"data":"Neutralize","floor":8.0,"key":"SMITH"},{"floor":13.0,"key":"REST"},{"data":"Dash","floor":15.0,"key":"SMITH"},{"floor":23.0,"key":"DIG"},{"floor":25.0,"key":"DIG"},{"floor":32.0,"key":"REST"}],"circlet_count":0,"master_deck":["AscendersBane","Strike_G","Defend_G","Defend_G","Defend_G","Defend_G","Defend_G","Survivor","Neutralize+1","Poisoned Stab","Glass Knife","Terror","Dash+1","Corpse Explosion","Deadly Poison","PiercingWail","Dagger Throw","Die Die Die","Poisoned Stab","Footwork","Prepared+1","Die Die Die","Predator+1","Poisoned Stab+1","Acrobatics+1"],"relics":["Ring of the Snake","NeowsBlessing","Omamori","Paper Crane","Anchor","Shovel","Velvet Choker","Torii","Blood Vial","Centennial Puzzle","CaptainsWheel","Meat on the Bone","Red Mask"],"acts_visited":["Exordium","TheCity"],"potions_floor_usage":[],"damage_taken":[{"damage":0.0,"enemies":"Jaw Worm","floor":1.0,"turns":1.0},{"damage":0.0,"enemies":"Cultist","floor":4.0,"turns":1.0},{"damage":0.0,"enemies":"3 Sentries","floor":6.0,"turns":1.0},{"damage":16.0,"enemies":"Gremlin Nob","floor":7.0,"turns":3.0},{"damage":6.0,"enemies":"Gremlin Nob","floor":10.0,"turns":3.0},{"damage":0.0,"enemies":"Small Slimes","floor":12.0,"turns":2.0},{"damage":7.0,"enemies":"Lagavulin","floor":14.0,"turns":5.0},{"damage":5.0,"enemies":"Hexaghost","floor":16.0,"turns":9.0},{"damage":4.0,"enemies":"2 Thieves","floor":18.0,"turns":4.0},{"damage":9.0,"enemies":"3 Byrds","floor":20.0,"turns":3.0},{"damage":1.0,"enemies":"Snake Plant","floor":22.0,"turns":4.0},{"damage":15.0,"enemies":"Slavers","floor":24.0,"turns":4.0},{"damage":20.0,"enemies":"Gremlin Leader","floor":27.0,"turns":6.0},{"damage":18.0,"enemies":"Chosen and Byrds","floor":29.0,"turns":6.0},{"damage":1.0,"enemies":"Centurion and Healer","floor":30.0,"turns":3.0},{"damage":2.0,"enemies":"Masked Bandits","floor":31.0,"turns":3.0},{"damage":74,"enemies":"Champ","floor":33,"turns":12}],"seed_played":"4365617369653233977","potions_obtained":[{"floor":4.0,"key":"CunningPotion"},{"floor":6.0,"key":"LiquidBronze"},{"floor":10.0,"key":"CunningPotion"},{"floor":11.0,"key":"Block Potion"},{"floor":14.0,"key":"Dexterity Potion"},{"floor":18.0,"key":"DistilledChaos"},{"floor":20.0,"key":"Regen Potion"}],"is_trial":false,"path_per_floor":["M","?","?","M","$","E","?","R","T","E","?","M","R","E","R","B",null,"M","$","M","?","M","R","E","R","T","E","?","M","M","?","R","B"],"character_chosen":"THE_SILENT","items_purchased":["Dash","Poisoned Stab","Footwork"],"campfire_rested":2,"item_purchase_floors":[5,19,19],"current_hp_per_floor":[59,48,48,48,48,48,32,32,32,26,26,26,45,38,38,33,58,54,54,45,45,44,44,43,43,43,25,25,21,34,34,53,0,0],"gold":221,"neow_bonus":"THREE_ENEMY_KILL","is_daily":false,"chose_seed":false,"campfire_upgraded":2,"win_rate":0.0,"timestamp":1613358601,"path_taken":["M","?","?","?","?","E","?","R","T","E","?","M","R","E","R","BOSS","M","?","M","?","M","R","E","R","T","E","?","M","?","?","R","BOSS"],"items_purchased_type":["Card","Card","Card"],"build_version":"2020-12-22","purchased_purges":2,"victory":false,"max_hp_per_floor":[66,66,66,66,66,66,66,66,66,66,66,66,66,66,66,66,66,66,66,66,66,66,66,66,66,66,66,66,66,66,66,66,66,66],"card_choices":[{"not_picked":["Acrobatics","Deadly Poison"],"picked":"Poisoned Stab","floor":1.0},{"not_picked":["PiercingWail","Quick Slash"],"picked":"Terror","floor":4.0},{"not_picked":["Deadly Poison","Choke"],"picked":"Corpse Explosion","floor":6.0},{"not_picked":["Bane","Endless Agony"],"picked":"Deadly Poison","floor":7.0},{"not_picked":["All Out Attack","Quick Slash"],"picked":"PiercingWail","floor":10.0},{"not_picked":["Dagger Throw","Cloak And Dagger","Prepared"],"picked":"SKIP","floor":12.0},{"not_picked":["Cloak And Dagger","Prepared"],"picked":"Dagger Throw","floor":12.0},{"not_picked":["Slice","Infinite Blades","Prepared"],"picked":"SKIP","floor":14.0},{"not_picked":["Storm of Steel","Night Terror"],"picked":"Die Die Die","floor":16.0},{"not_picked":["Dagger Spray","Deadly Poison","Flying Knee"],"picked":"SKIP","floor":18.0},{"not_picked":["All Out Attack","Deadly Poison","Underhanded Strike"],"picked":"SKIP","floor":20.0},{"not_picked":["Eviscerate","Infinite Blades","Concentrate"],"picked":"SKIP","floor":22.0},{"not_picked":["Dagger Spray","Acrobatics"],"picked":"Prepared+1","floor":24.0},{"not_picked":["Prepared","Acrobatics"],"picked":"Die Die Die","floor":27.0},{"not_picked":["Distraction","Deadly Poison"],"picked":"Predator+1","floor":29.0},{"not_picked":["Acrobatics","Cloak And Dagger"],"picked":"Poisoned Stab+1","floor":30.0},{"not_picked":["Deflect","Flying Knee"],"picked":"Acrobatics+1","floor":31.0}],"player_experience":294684,"relics_obtained":[{"floor":6.0,"key":"Omamori"},{"floor":7.0,"key":"Paper Crane"},{"floor":10.0,"key":"Anchor"},{"floor":14.0,"key":"Shovel"},{"floor":23.0,"key":"Torii"},{"floor":24.0,"key":"Blood Vial"},{"floor":25.0,"key":"Centennial Puzzle"},{"floor":26.0,"key":"CaptainsWheel"},{"floor":27.0,"key":"Meat on the Bone"},{"floor":31.0,"key":"Red Mask"}],"event_choices":[{"damage_healed":0.0,"max_hp_gain":0.0,"max_hp_loss":0.0,"gold_gain":75.0,"event_name":"World of Goop","player_choice":"Gather Gold","floor":2.0,"gold_loss":0.0,"damage_taken":11.0},{"damage_healed":0.0,"max_hp_gain":0.0,"max_hp_loss":0.0,"gold_gain":0.0,"cards_transformed":["Strike_G"],"event_name":"Transmorgrifier","player_choice":"Transformed","floor":3.0,"gold_loss":0.0,"damage_taken":0.0,"cards_obtained":["Glass Knife"]},{"damage_healed":0.0,"max_hp_gain":0.0,"max_hp_loss":0.0,"gold_gain":0.0,"event_name":"Dead Adventurer","player_choice":"Searched \u00271\u0027 times","floor":7.0,"gold_loss":0.0,"damage_taken":0.0},{"damage_healed":0.0,"max_hp_gain":0.0,"max_hp_loss":0.0,"gold_gain":0.0,"event_name":"Lab","player_choice":"Got Potions","floor":11.0,"gold_loss":0.0,"damage_taken":0.0},{"cards_removed":["Strike_G"],"damage_healed":0.0,"max_hp_gain":0.0,"max_hp_loss":0.0,"gold_gain":0.0,"event_name":"Beggar","player_choice":"Gave Gold","floor":21.0,"gold_loss":75.0,"damage_taken":0.0},{"damage_healed":0.0,"max_hp_gain":0.0,"max_hp_loss":0.0,"gold_gain":50.0,"event_name":"Golden Shrine","player_choice":"Pray","floor":28.0,"gold_loss":0.0,"damage_taken":0.0},{"damage_healed":0.0,"max_hp_gain":0.0,"max_hp_loss":0.0,"gold_gain":0.0,"event_name":"Masked Bandits","player_choice":"Fought Bandits","floor":31.0,"gold_loss":0.0,"damage_taken":0.0}],"is_beta":false,"boss_relics":[{"not_picked":["Black Star","HoveringKite"],"picked":"Velvet Choker"}],"items_purged_floors":[5,19],"is_endless":false,"potions_floor_spawned":[4,6,10,14,18,20],"killed_by":"Champ","ascension_level":15}}