{"host":"eglukmwb6rueyn6u","time":1613399536,"event":{"mods":["BaseMod","Colored Map","Minty Spire (QoL Compilation)"],"gold_per_floor":[114,114,189,139,151,151,165,177,230,247,264,281,281,67,67,169,169,182,11,29,11,11,11,11],"floor_reached":23,"language":"ENG","playtime":1085,"items_purged":["Defend_R","Defend_R"],"score":201,"play_id":"a8368651-ee0a-4f01-ac2b-39ef4a476780","local_time":"20210215163216","is_ascension_mode":true,"campfire_choices":[{"data":"Armaments","floor":6,"key":"SMITH"},{"data":"Demon Form","floor":13,"key":"SMITH"},{"data":"Body Slam","floor":15,"key":"SMITH"}],"circlet_count":0,"master_deck":["Strike_R","Strike_R+1","Strike_R","Strike_R","Defend_R","Defend_R+1","Bash","Armaments+1","Flame Barrier","Thunderclap","Flame Barrier","Demon Form+1","Body Slam+1","Limit Break","CurseOfTheBell","Inflame","RitualDagger"],"relics":["Burning Blood","NeowsBlessing","Centennial Puzzle","Membership Card","Calling Bell","Bag of Marbles","InkBottle","Lizard Tail","Question Card"],"acts_visited":["Exordium","TheCity"],"potions_floor_usage":[],"damage_taken":[{"damage":0,"enemies":"2 Louse","floor":1,"turns":1},{"damage":0,"enemies":"Jaw Worm","floor":5,"turns":1},{"damage":0,"enemies":"Cultist","floor":7,"turns":1},{"damage":9,"enemies":"Looter","floor":8,"turns":5},{"damage":1,"enemies":"3 Louse","floor":10,"turns":2},{"damage":11,"enemies":"Large Slime","floor":11,"turns":10},{"damage":10,"enemies":"Exordium Thugs","floor":12,"turns":7},{"damage":36,"enemies":"Slime Boss","floor":16,"turns":7},{"damage":29,"enemies":"Chosen","floor":18,"turns":6},{"damage":30,"enemies":"Shell Parasite","floor":20,"turns":6},{"damage":81,"enemies":"Slavers","floor":23,"turns":3}],"seed_played":"3568068579467771170","potions_obtained":[{"floor":5,"key":"PowerPotion"},{"floor":7,"key":"SneckoOil"},{"floor":11,"key":"Fire Potion"}],"is_trial":false,"path_per_floor":["M","?","?","?","M","R","M","M","T","M","M","M","R","$","R","B",null,"M","$","M","$","?","E"],"character_chosen":"IRONCLAD","items_purchased":["Membership Card","Body Slam","Question Card","Inflame"],"campfire_rested":0,"item_purchase_floors":[14,14,19,21],"current_hp_per_floor":[80,64,53,53,59,59,65,62,62,67,62,58,58,58,58,28,80,57,57,33,33,27,0,0],"gold":11,"neow_bonus":"THREE_ENEMY_KILL","is_daily":false,"chose_seed":false,"campfire_upgraded":3,"win_rate":0.0,"timestamp":1613399536,"path_taken":["M","?","?","?","M","R","M","M","T","M","M","?","R","$","R","BOSS","M","?","M","$","?","E"],"items_purchased_type":["Relic","Card","Relic","Card"],"build_version":"2020-12-22","purchased_purges":2,"victory":false,"max_hp_per_floor":[80,80,80,80,80,80,80,80,80,80,80,80,80,80,80,80,80,80,80,80,80,80,80,80],"card_choices":[{"not_picked":["Clash","Clothesline"],"picked":"Armaments","floor":1},{"not_picked":["Twin Strike","Armaments"],"picked":"Flame Barrier","floor":5},{"not_picked":["Sword Boomerang","Armaments"],"picked":"Thunderclap","floor":7},{"not_picked":["Clothesline","Power Through","Wild Strike"],"picked":"SKIP","floor":8},{"not_picked":["Headbutt","Havoc"],"picked":"Flame Barrier","floor":10},{"not_picked":["Armaments","Pommel Strike","Evolve"],"picked":"SKIP","floor":11},{"not_picked":["True Grit","Heavy Blade"],"picked":"Demon Form","floor":12},{"not_picked":["Corruption","Impervious"],"picked":"Limit Break","floor":16},{"not_picked":["Searing Blow","Pommel Strike","Wild Strike"],"picked":"SKIP","floor":18},{"not_picked":["Wild Strike+1","Rupture","Cleave","Armaments"],"picked":"SKIP","floor":20}],"player_experience":54521,"relics_obtained":[{"floor":9,"key":"Centennial Puzzle"},{"floor":17,"key":"Bag of Marbles"},{"floor":17,"key":"InkBottle"},{"floor":17,"key":"Lizard Tail"}],"event_choices":[{"damage_healed":0,"gold_gain":0,"player_choice":"Entered Light","damage_taken":16,"max_hp_gain":0,"max_hp_loss":0,"event_name":"Shining Light","floor":2,"gold_loss":0,"cards_upgraded":["Defend_R","Strike_R"]},{"damage_healed":0,"gold_gain":75,"player_choice":"Gather Gold","damage_taken":11,"max_hp_gain":0,"max_hp_loss":0,"event_name":"World of Goop","floor":3,"gold_loss":0},{"cards_removed":["Strike_R"],"damage_healed":0,"gold_gain":0,"player_choice":"Card Removal","damage_taken":0,"max_hp_gain":0,"max_hp_loss":0,"event_name":"The Cleric","floor":4,"gold_loss":50},{"damage_healed":0,"gold_gain":0,"player_choice":"Joined the Cult","damage_taken":6,"max_hp_gain":0,"max_hp_loss":0,"event_name":"Nest","floor":22,"gold_loss":0,"cards_obtained":["RitualDagger"]}],"is_beta":false,"boss_relics":[{"not_picked":["Runic Cube","Runic Pyramid"],"picked":"Calling Bell"}],"items_purged_floors":[14,19],"is_endless":false,"potions_floor_spawned":[5,7,11],"killed_by":"Slavers","ascension_level":2}}