{"host":"ziko4uwynam20dv9","time":1613403642,"event":{"mods":["Aspiration","BaseMod","BetterRewards","Downfall","Hubris","Infinite Spire","Minty Spire (QoL Compilation)","Remilia??????","Replay The Spire","Shop Mod","StSLib","The Animator","The Jungle"],"gold_per_floor":[116,130,145,145,145,145,174,193,217,217,217,217,217,217,250,64,64,162,162,176,6,33,50,50,82,100,100,100,111,122,122,472,487,487,487,487],"floor_reached":35,"language":"FRA","playtime":1664,"items_purged":[],"score":520,"play_id":"54cc1c3a-2102-429f-88aa-e09a8ccbf332","local_time":"20210215164042","is_ascension_mode":true,"campfire_choices":[{"data":"Zap","floor":6,"key":"SMITH"},{"data":"White Noise","floor":10,"key":"SMITH"},{"data":"Aggregate","floor":13,"key":"SMITH"},{"data":"Hello World","floor":17,"key":"SMITH"},{"floor":27,"key":"REST"},{"floor":31,"key":"REST"},{"floor":34,"key":"REST"}],"circlet_count":0,"master_deck":["Strike_B","Strike_B+1","Strike_B+1","Strike_B","Defend_B","Defend_B+1","Defend_B","Defend_B","Zap+1","Dualcast","Self Repair+1","Cold Snap","Aggregate+1","Leap","Conserve Battery","Crystallizer+1","Beam Cell","Hello World+1","Heatsinks+1","Hologram","Sunder+1","hubris:DuctTapeCard","Capacitor+1","Aggregate+1","White Noise","CommonCold","Looming Evil","infinitespire:Pacifist","aspiration:Polymerization+1"],"relics":["Cracked Core","CaptainsWheel","hubris:Towel","Akabeko","Potion Belt","ReplayTheSpireMod:TigerMarble","Guide Book","hubris:HollowSoul","Membership Card","Gremlin Food","hubris:DuctTape","Frozen Egg 2","Ring of Greed","Old Coin","Blue Doll"],"acts_visited":["Exordium","TheCity"],"potions_floor_usage":[18,20,25,25,25,25,35,35],"damage_taken":[{"damage":7,"enemies":"Jaw Worm","floor":1,"turns":4},{"damage":0,"enemies":"Small Slimes","floor":2,"turns":3},{"damage":1,"enemies":"Cultist","floor":3,"turns":3},{"damage":30,"enemies":"3 Sentries","floor":7,"turns":10},{"damage":6,"enemies":"2 Fungi Beasts","floor":8,"turns":3},{"damage":1,"enemies":"Replay:BlueRogue","floor":15,"turns":5},{"damage":9,"enemies":"Fading Forest","floor":18,"turns":11},{"damage":18,"enemies":"Shell Parasite","floor":20,"turns":5},{"damage":3,"enemies":"Chosen","floor":23,"turns":4},{"damage":18,"enemies":"Slavers","floor":25,"turns":4},{"damage":49,"enemies":"Sentry and Sphere","floor":26,"turns":7},{"damage":19,"enemies":"Snecko","floor":29,"turns":6},{"damage":20,"enemies":"Shelled Parasite and Fungi","floor":30,"turns":4},{"damage":29,"enemies":"Snake Plant","floor":33,"turns":6},{"damage":16,"enemies":"Automaton","floor":35,"turns":4}],"seed_played":"3607907291247684548","potions_obtained":[{"floor":1,"key":"sneckomod:MuddlingPotion"},{"floor":8,"key":"FocusPotion"},{"floor":15,"key":"FearPotion"},{"floor":18,"key":"Regen Potion"},{"floor":20,"key":"Weak Potion"},{"floor":23,"key":"FearPotion"},{"floor":26,"key":"EssenceOfSteel"},{"floor":33,"key":"Swift Potion"}],"is_trial":false,"path_per_floor":["M","M","M","?","$","R","E","M","T","R","PTL","PTL","R","?","E","$","R","B",null,"M","$","T","M","?","E","M","R","T","M","M","R","?","M","R","B"],"character_chosen":"DEFECT","items_purchased":["Self Repair","Guide Book","Hello World","Membership Card","Hologram"],"campfire_rested":3,"item_purchase_floors":[0,16,16,21,21],"current_hp_per_floor":[68,75,75,75,75,75,52,53,53,53,53,53,53,53,59,59,59,60,71,75,75,75,72,72,64,25,47,47,28,18,40,40,21,43,0,0],"gold":487,"neow_bonus":"","is_daily":false,"chose_seed":false,"campfire_upgraded":4,"win_rate":0.0,"timestamp":1613403642,"path_taken":["M","M","M","?","$","R","E","M","T","R","PTL","PTL","R","?","E","$","R","BOSS","M","?","?","M","?","E","M","R","T","M","M","R","?","M","R","BOSS"],"items_purchased_type":["Card","Relic","Card","Relic","Card"],"build_version":"2020-12-22","purchased_purges":0,"victory":false,"max_hp_per_floor":[75,75,75,75,75,75,75,75,75,75,75,75,75,75,75,75,75,75,75,75,75,75,75,75,75,75,75,75,75,75,75,75,75,75,75,75],"card_choices":[{"not_picked":["Streamline","Go for the Eyes"],"picked":"Cold Snap","floor":1},{"not_picked":["Barrage","Turbo"],"picked":"Aggregate","floor":2},{"not_picked":["Panic Button","Skim"],"picked":"Leap","floor":3},{"not_picked":["ReplayTheSpireMod:Calculation Training","Loop"],"picked":"White Noise","floor":7},{"not_picked":["Redo","Recycle"],"picked":"Conserve Battery","floor":8},{"not_picked":["Meteor Strike","Conserve Battery"],"picked":"Beam Cell","floor":15},{"not_picked":["hubris:Prefetch","Amplify"],"picked":"Creative AI","floor":18},{"not_picked":["Leap+1","ReplayGash"],"picked":"Heatsinks+1","floor":20},{"not_picked":["Time Bomb","Double Energy"],"picked":"Sunder+1","floor":23},{"not_picked":["Streamline","Sweeping Beam"],"picked":"Capacitor+1","floor":25},{"not_picked":["Panic Button","Hello World","Steam"],"picked":"SKIP","floor":26},{"not_picked":["ReplaySort","Sunder+1"],"picked":"Aggregate+1","floor":29},{"not_picked":["Steam+1","Hologram"],"picked":"White Noise","floor":30},{"not_picked":["Cold Snap","Rebound+1"],"picked":"aspiration:Polymerization+1","floor":33}],"player_experience":1011423,"relics_obtained":[{"floor":7,"key":"Akabeko"},{"floor":9,"key":"Potion Belt"},{"floor":15,"key":"ReplayTheSpireMod:TigerMarble"},{"floor":22,"key":"Gremlin Food"},{"floor":25,"key":"hubris:DuctTape"},{"floor":28,"key":"Frozen Egg 2"},{"floor":32,"key":"Ring of Greed"},{"floor":32,"key":"Old Coin"},{"floor":32,"key":"Blue Doll"}],"event_choices":[{"damage_healed":0,"gold_gain":0,"player_choice":"1 cards matched","damage_taken":0,"max_hp_gain":0,"max_hp_loss":0,"event_name":"Match and Keep!","floor":14,"gold_loss":0,"cards_obtained":["Crystallizer"]},{"damage_healed":0,"gold_gain":0,"player_choice":"Ignored","damage_taken":0,"max_hp_gain":0,"max_hp_loss":0,"event_name":"Vampires","floor":24,"gold_loss":0}],"is_beta":false,"boss_relics":[{"not_picked":["Replay:Drink Me","aspiration:RitualDagger"],"picked":"hubris:HollowSoul"}],"items_purged_floors":[],"is_endless":false,"potions_floor_spawned":[1,8,15,18,20,23,26,33],"killed_by":"Automaton","ascension_level":7}}