{"host":"cxnoj7uui3q38n47","time":1613359950,"event":{"mods":["BaseMod","Hermit","Lobotomy","Minty Spire (QoL Compilation)","StSLib","The Cursed"],"gold_per_floor":[111,127,144,162,11,36,36,54,54,54,95,95,135,154,154,264,264,294,313,0,14,34,63,68,68],"floor_reached":24,"language":"ENG","playtime":1729,"items_purged":[],"score":252,"play_id":"5cda15b7-60d2-4251-9e69-ac77b0760b36","local_time":"20210214213230","is_ascension_mode":true,"campfire_choices":[{"floor":7,"key":"REST"},{"floor":15,"key":"REST"}],"circlet_count":0,"master_deck":["hermit:Strike_Hermit","hermit:Strike_Hermit","hermit:Strike_Hermit","hermit:Strike_Hermit","hermit:Defend_Hermit","hermit:Defend_Hermit","hermit:Defend_Hermit","hermit:Defend_Hermit","hermit:Snapshot","hermit:Covet","hermit:Dive","hermit:Snipe","hermit:EyeOfTheStorm+1","hermit:GoldenBullet","hermit:CursedWeapon","hermit:Brawl","hermit:DeadOrAlive","hermit:Deadeye","hermit:Scavenge","hermit:OverwhelmingPower","hermit:GoldenBullet+1"],"relics":["Fusion Hammer","Bottled Tornado","Mercury Hourglass","CeramicFish","CultistMask","StoneCalendar","Busted Crown","Calipers","Pantograph"],"acts_visited":["Exordium","TheCity"],"potions_floor_usage":[4,7,8,11,11,14,23,23],"damage_taken":[{"damage":0,"enemies":"Small Slimes","floor":1,"turns":3},{"damage":0,"enemies":"Cultist","floor":2,"turns":4},{"damage":0,"enemies":"Jaw Worm","floor":3,"turns":4},{"damage":1,"enemies":"Exordium Thugs","floor":4,"turns":4},{"damage":28,"enemies":"3 Sentries","floor":6,"turns":9},{"damage":7,"enemies":"Red Slaver","floor":8,"turns":3},{"damage":14,"enemies":"Lagavulin","floor":11,"turns":3},{"damage":7,"enemies":"3 Sentries","floor":13,"turns":5},{"damage":0,"enemies":"Blue Slaver","floor":14,"turns":2},{"damage":17,"enemies":"The Guardian","floor":16,"turns":8},{"damage":23,"enemies":"2 Thieves","floor":18,"turns":4},{"damage":12,"enemies":"Spheric Guardian","floor":19,"turns":3},{"damage":2,"enemies":"Snake Plant","floor":21,"turns":2},{"damage":8,"enemies":"3 Cultists","floor":22,"turns":5},{"damage":22,"enemies":"Slavers","floor":23,"turns":4},{"damage":12,"enemies":"Centurion and Healer","floor":24,"turns":3}],"seed_played":"-6455576019822769976","potions_obtained":[{"floor":3,"key":"PowerPotion"},{"floor":6,"key":"EntropicBrew"},{"floor":8,"key":"GamblersBrew"},{"floor":18,"key":"Ancient Potion"},{"floor":22,"key":"SteroidPotion"}],"is_trial":false,"path_per_floor":["M","M","M","M","$","E","R","M","T","?","E","?","E","M","R","B",null,"M","M","$","M","M","E","M"],"character_chosen":"HERMIT","items_purchased":["hermit:CursedWeapon","hermit:Brawl","Calipers"],"campfire_rested":2,"item_purchase_floors":[5,5,20],"current_hp_per_floor":[75,75,75,74,74,46,68,61,61,61,47,47,40,40,62,45,75,52,40,40,38,30,8,0,0],"gold":68,"neow_bonus":"BOSS_RELIC","is_daily":false,"chose_seed":false,"campfire_upgraded":0,"win_rate":0.0,"timestamp":1613359950,"path_taken":["M","M","M","M","$","E","R","M","T","?","E","?","E","M","R","BOSS","M","?","$","M","M","E","M"],"items_purchased_type":["Card","Card","Relic"],"build_version":"2020-12-22","purchased_purges":0,"victory":false,"max_hp_per_floor":[75,75,75,75,75,75,75,75,75,75,75,75,75,75,75,75,75,75,75,75,75,75,75,75,75],"card_choices":[{"not_picked":["hermit:ShadowCloak","hermit:SprayPray"],"picked":"hermit:Dive","floor":1},{"not_picked":["hermit:Feint","hermit:BodyArmor"],"picked":"hermit:Snipe","floor":2},{"not_picked":["hermit:HighCaliber","hermit:Combo"],"picked":"hermit:EyeOfTheStorm","floor":3},{"not_picked":["hermit:BodyArmor","hermit:Virtue"],"picked":"hermit:GoldenBullet","floor":4},{"not_picked":["hermit:Midnight","hermit:Ricochet"],"picked":"hermit:DeadOrAlive","floor":6},{"not_picked":["hermit:TakeCover","hermit:Roulette","hermit:EyeOfTheStorm"],"picked":"SKIP","floor":8},{"not_picked":["hermit:Grudge","hermit:PistolWhip"],"picked":"hermit:Deadeye","floor":11},{"not_picked":["hermit:TrackingShot","hermit:Vantage"],"picked":"hermit:Scavenge","floor":13},{"not_picked":["hermit:Glare","hermit:Malice","hermit:Midnight"],"picked":"SKIP","floor":14},{"not_picked":["hermit:BlackWind","hermit:Roughhouse"],"picked":"hermit:OverwhelmingPower","floor":16},{"not_picked":["hermit:FullyLoaded"],"picked":"SKIP","floor":18},{"not_picked":[],"picked":"hermit:GoldenBullet+1","floor":19},{"not_picked":["hermit:Glare"],"picked":"SKIP","floor":21},{"not_picked":["hermit:SprayPray+1"],"picked":"SKIP","floor":22},{"not_picked":["hermit:Misfire"],"picked":"SKIP","floor":23}],"player_experience":260491,"relics_obtained":[{"floor":6,"key":"Bottled Tornado"},{"floor":9,"key":"Mercury Hourglass"},{"floor":11,"key":"CeramicFish"},{"floor":13,"key":"StoneCalendar"},{"floor":23,"key":"Pantograph"}],"event_choices":[{"damage_healed":0,"gold_gain":0,"player_choice":"Grow","damage_taken":0,"max_hp_gain":0,"max_hp_loss":0,"event_name":"Living Wall","floor":10,"gold_loss":0,"cards_upgraded":["hermit:EyeOfTheStorm"]},{"damage_healed":0,"gold_gain":0,"player_choice":"Trade","damage_taken":0,"relics_obtained":["CultistMask"],"max_hp_gain":0,"max_hp_loss":0,"event_name":"FaceTrader","floor":12,"gold_loss":0}],"is_beta":false,"boss_relics":[{"not_picked":["Velvet Choker","Coffee Dripper"],"picked":"Busted Crown"}],"items_purged_floors":[],"is_endless":false,"potions_floor_spawned":[3,6,8,18,22],"killed_by":"Centurion and Healer","ascension_level":1}}