{"host":"oigynbtg272c19pw","time":1613381453,"event":{"mods":["BaseMod","Colored Map","Minty Spire (QoL Compilation)","Relic Stats","Slay the Relics Exporter","StSLib"],"gold_per_floor":[51,51,51,87,105,137,137,164,164,228,228,271,328,370,370,448,448,487,553,468,468,418,418,499,499,499,499,534,567,567,603,603,633,633],"floor_reached":33,"playtime":1698,"items_purged":["Strike_P+1"],"score":710,"play_id":"12c284a4-9ece-4924-9e99-911339bd1206","local_time":"20210215103053","is_ascension_mode":true,"campfire_choices":[{"data":"HandOfGreed","floor":7.0,"key":"SMITH"},{"data":"Vault","floor":11.0,"key":"SMITH"},{"data":"ForeignInfluence","floor":15.0,"key":"SMITH"},{"floor":23.0,"key":"REST"},{"data":"Wish","floor":25,"key":"SMITH"},{"data":"Wallop","floor":27,"key":"SMITH"},{"data":"WaveOfTheHand","floor":32,"key":"SMITH"}],"circlet_count":0,"master_deck":["AscendersBane","Strike_P+1","Strike_P+1","Strike_P+1","Defend_P+1","Defend_P+1","Defend_P+1","Defend_P+1","Eruption","Vigilance","HandOfGreed+1","CrushJoints","Vault+1","ForeignInfluence+1","SashWhip","Wallop+1","Wish+1","Wallop","FearNoEvil","Wallop","Wallop","Omniscience","MentalFortress","Tantrum","EmptyFist","WaveOfTheHand+1","Halt+1"],"relics":["PureWater","Incense Burner","Eternal Feather","Whetstone","Pear","Smiling Mask","Philosopher\u0027s Stone","Boot","GoldenEye","Letter Opener","Strawberry"],"acts_visited":["Exordium","TheCity"],"potions_floor_usage":[24,29,29,33],"damage_taken":[{"damage":8.0,"enemies":"Small Slimes","floor":1.0,"turns":4.0},{"damage":0.0,"enemies":"2 Louse","floor":4.0,"turns":3.0},{"damage":0.0,"enemies":"Cultist","floor":5.0,"turns":5.0},{"damage":1.0,"enemies":"Gremlin Nob","floor":6.0,"turns":5.0},{"damage":19.0,"enemies":"Lagavulin","floor":8.0,"turns":9.0},{"damage":0.0,"enemies":"3 Louse","floor":10.0,"turns":6.0},{"damage":0.0,"enemies":"Looter","floor":12.0,"turns":5.0},{"damage":16.0,"enemies":"3 Sentries","floor":13.0,"turns":6.0},{"damage":0.0,"enemies":"Exordium Wildlife","floor":14.0,"turns":4.0},{"damage":24.0,"enemies":"The Guardian","floor":16.0,"turns":13.0},{"damage":14.0,"enemies":"Chosen","floor":18.0,"turns":5.0},{"damage":36.0,"enemies":"Spheric Guardian","floor":19.0,"turns":5.0},{"damage":0,"enemies":"Gremlin Leader","floor":24,"turns":8},{"damage":6,"enemies":"3 Cultists","floor":28,"turns":5},{"damage":26,"enemies":"Slavers","floor":29,"turns":6},{"damage":0,"enemies":"Snecko","floor":31,"turns":5},{"damage":65,"enemies":"Collector","floor":33,"turns":11}],"seed_played":"127073662697426999","potions_obtained":[{"floor":5.0,"key":"CultistPotion"},{"floor":8.0,"key":"BlessingOfTheForge"},{"floor":12.0,"key":"SpeedPotion"},{"floor":16.0,"key":"AttackPotion"},{"floor":19.0,"key":"Regen Potion"},{"floor":24,"key":"Dexterity Potion"},{"floor":31,"key":"StancePotion"}],"is_trial":false,"path_per_floor":["M","?","?","M","M","E","R","E","T","M","R","M","E","M","R","B",null,"M","M","?","?","$","R","E","R","T","R","M","E","?","M","R","B"],"character_chosen":"WATCHER","items_purchased":[],"campfire_rested":1,"item_purchase_floors":[],"current_hp_per_floor":[53,27,27,27,27,26,35,16,26,26,38,38,22,22,34,10,61,47,11,11,11,11,46,46,58,58,70,64,59,34,34,49,0,0],"gold":633,"neow_bonus":"RANDOM_COLORLESS_2","is_daily":false,"chose_seed":false,"campfire_upgraded":6,"win_rate":0.0,"timestamp":1613381453,"path_taken":["M","?","?","M","M","E","R","E","T","M","R","?","E","M","R","BOSS","M","M","?","?","$","R","E","R","T","R","M","E","?","M","R","BOSS"],"items_purchased_type":[],"build_version":"2020-12-13","purchased_purges":1,"victory":false,"max_hp_per_floor":[68,68,68,68,68,68,68,68,78,78,78,78,78,78,78,78,78,78,78,78,78,78,78,78,78,78,78,78,85,90,90,90,90,90],"relic_stats":{"counters":[17,105],"Eternal Feather":84,"Whetstone":["Strike_P","Strike_P"],"Letter Opener":[15],"Smiling Mask":25,"Boot":[27],"GoldenEye":[0],"obtain_stats":[{"Pear":9,"Strawberry":29,"Eternal Feather":6,"Philosopher\u0027s Stone":17,"Incense Burner":2,"Whetstone":8,"Letter Opener":26,"PureWater":0,"Smiling Mask":13,"Boot":20,"GoldenEye":24},{"Pear":5,"Strawberry":15,"Eternal Feather":4,"Philosopher\u0027s Stone":10,"Incense Burner":1,"Whetstone":5,"Letter Opener":13,"PureWater":0,"Smiling Mask":8,"Boot":12,"GoldenEye":13},{"Pear":26,"Strawberry":89,"Eternal Feather":17,"Philosopher\u0027s Stone":60,"Incense Burner":4,"Whetstone":26,"Letter Opener":78,"PureWater":0,"Smiling Mask":43,"Boot":70,"GoldenEye":78}]},"card_choices":[{"not_picked":["Apotheosis","Master of Strategy"],"picked":"HandOfGreed","floor":0.0},{"not_picked":["Crescendo","ReachHeaven"],"picked":"CrushJoints","floor":1.0},{"not_picked":["JustLucky","Prostrate"],"picked":"Wallop","floor":4.0},{"not_picked":["BattleHymn","FlyingSleeves"],"picked":"Wish","floor":5.0},{"not_picked":["Crescendo","FollowUp","Fasting2"],"picked":"SKIP","floor":6.0},{"not_picked":["CrushJoints","Swivel"],"picked":"Wallop","floor":8.0},{"not_picked":["BowlingBash","WreathOfFlame"],"picked":"FearNoEvil","floor":10.0},{"not_picked":["WreathOfFlame","EmptyFist"],"picked":"Wallop","floor":12.0},{"not_picked":["LikeWater","FollowUp","Worship"],"picked":"SKIP","floor":13.0},{"not_picked":["FlyingSleeves","FollowUp"],"picked":"Wallop","floor":14.0},{"not_picked":["Alpha","Wish"],"picked":"Omniscience","floor":16.0},{"not_picked":["Adaptation","Prostrate+1"],"picked":"MentalFortress","floor":18.0},{"not_picked":["SashWhip","FlyingSleeves+1","WheelKick"],"picked":"SKIP","floor":19.0},{"not_picked":["DeceiveReality","Omniscience"],"picked":"Tantrum","floor":24},{"not_picked":["BowlingBash","Protect"],"picked":"EmptyFist","floor":28},{"not_picked":["ThirdEye+1","Crescendo"],"picked":"WaveOfTheHand","floor":29},{"not_picked":["Consecrate","Crescendo"],"picked":"Halt+1","floor":31}],"player_experience":1608016,"relics_obtained":[{"floor":6.0,"key":"Eternal Feather"},{"floor":8.0,"key":"Whetstone"},{"floor":9.0,"key":"Pear"},{"floor":13.0,"key":"Smiling Mask"},{"floor":24,"key":"GoldenEye"},{"floor":26,"key":"Letter Opener"},{"floor":29,"key":"Strawberry"}],"event_choices":[{"damage_healed":0.0,"max_hp_gain":0.0,"max_hp_loss":0.0,"gold_gain":0.0,"event_name":"Scrap Ooze","player_choice":"Success","floor":2.0,"gold_loss":0.0,"damage_taken":26.0,"relics_obtained":["Incense Burner"]},{"damage_healed":0.0,"max_hp_gain":0.0,"max_hp_loss":0.0,"gold_gain":0.0,"event_name":"Match and Keep!","player_choice":"3 cards matched","floor":3.0,"gold_loss":0.0,"damage_taken":0.0,"cards_obtained":["Vault","ForeignInfluence","SashWhip"]},{"damage_healed":0.0,"max_hp_gain":0.0,"max_hp_loss":0.0,"gold_gain":0.0,"event_name":"Match and Keep!","player_choice":"3 cards matched","floor":3.0,"gold_loss":0.0,"damage_taken":0.0,"cards_obtained":["Vault","ForeignInfluence","SashWhip"]},{"damage_healed":0.0,"max_hp_gain":0.0,"max_hp_loss":0.0,"gold_gain":0.0,"event_name":"Addict","player_choice":"Obtained Relic","floor":20.0,"gold_loss":85.0,"damage_taken":0.0,"relics_obtained":["Boot"]},{"damage_healed":0.0,"max_hp_gain":0.0,"max_hp_loss":0.0,"gold_gain":0.0,"event_name":"Back to Basics","player_choice":"Simplicity","floor":21.0,"gold_loss":0.0,"damage_taken":0.0,"cards_upgraded":["Strike_P","Strike_P","Defend_P","Defend_P","Defend_P","Defend_P"]},{"damage_healed":0,"gold_gain":0,"player_choice":"Shed Blood","damage_taken":30,"max_hp_gain":5,"max_hp_loss":0,"event_name":"Forgotten Altar","floor":30,"gold_loss":0}],"is_beta":false,"boss_relics":[{"not_picked":["Ectoplasm","Black Star"],"picked":"Philosopher\u0027s Stone"}],"items_purged_floors":[22],"is_endless":false,"potions_floor_spawned":[5,8,12,16,19,24,31],"killed_by":"Collector","ascension_level":20}}