{"host":"Sean","time":1613408924,"event":{"mods":["BaseMod","Block Reminder","Colored Map","Colored Powertips","Highlight Path","Minty Spire (QoL Compilation)","Permanent Neow","Relic Stats"],"gold_per_floor":[117,132,132,149,165,165,180,211,284,301,301,301,328,341,341,437,437,454,454,474,163,78,78,9,9,57,57,86,96,108,118,118,214,214,226,274,284,299,311,346,363,363,387,406,406,420,451,461,461,461,461,461,74,106,106,106],"floor_reached":55,"language":"ENG","playtime":4171,"items_purged":["Defend_B","Defend_B"],"score":1123,"play_id":"129462ac-9244-4ef7-a726-a0ef7a30556d","local_time":"20210215170844","is_ascension_mode":true,"campfire_choices":[{"data":"All For One","floor":6.0,"key":"SMITH"},{"data":"Streamline","floor":12.0,"key":"SMITH"},{"data":"Beam Cell","floor":15.0,"key":"SMITH"},{"data":"Scrape","floor":23.0,"key":"SMITH"},{"data":"Blizzard","floor":27.0,"key":"SMITH"},{"data":"Hologram","floor":32.0,"key":"SMITH"},{"data":"Go for the Eyes","floor":42.0,"key":"SMITH"},{"data":"Biased Cognition","floor":45.0,"key":"SMITH"},{"floor":49.0,"key":"RECALL"},{"data":"Skim","floor":52.0,"key":"SMITH"}],"circlet_count":0,"master_deck":["Defend_B","Zap","Dualcast","Echo Form","Leap","Rebound","All For One+1","Go for the Eyes+1","Go for the Eyes","Streamline+1","Beam Cell+1","Conserve Battery","Cold Snap","Biased Cognition+1","Cold Snap+1","Bite","Bite","Bite","Bite","Bite","Beam Cell","Leap","Scrape+1","Blizzard+1","Gash+1","Hologram+1","Gash","Turbo","Machine Learning","Coolheaded+1","Turbo","Go for the Eyes+1","Parasite","White Noise+1","Defragment+1","Glacier+1","Redo+1","Skim+1","Redo+1"],"relics":["FrozenCore","MealTicket","Kunai","Eternal Feather","FossilizedHelix","Nunchaku","Bag of Marbles","Anchor","Ice Cream","SlaversCollar","Dead Branch","Happy Flower","Pen Nib","DataDisk","Frozen Eye","Bird Faced Urn"],"acts_visited":["Exordium","TheCity","TheBeyond","TheEnding"],"potions_floor_usage":[54],"damage_taken":[{"damage":4.0,"enemies":"Jaw Worm","floor":1.0,"turns":4.0},{"damage":1.0,"enemies":"Cultist","floor":2.0,"turns":4.0},{"damage":4.0,"enemies":"Small Slimes","floor":4.0,"turns":3.0},{"damage":11.0,"enemies":"3 Louse","floor":5.0,"turns":2.0},{"damage":16.0,"enemies":"Lots of Slimes","floor":7.0,"turns":4.0},{"damage":11.0,"enemies":"3 Sentries","floor":8.0,"turns":5.0},{"damage":9.0,"enemies":"Blue Slaver","floor":10.0,"turns":2.0},{"damage":0.0,"enemies":"Gremlin Nob","floor":13.0,"turns":2.0},{"damage":0.0,"enemies":"Exordium Wildlife","floor":14.0,"turns":3.0},{"damage":13.0,"enemies":"The Guardian","floor":16.0,"turns":10.0},{"damage":13.0,"enemies":"Spheric Guardian","floor":18.0,"turns":5.0},{"damage":4.0,"enemies":"Chosen","floor":20.0,"turns":5.0},{"damage":15.0,"enemies":"Book of Stabbing","floor":28.0,"turns":6.0},{"damage":12.0,"enemies":"Snake Plant","floor":29.0,"turns":3.0},{"damage":7.0,"enemies":"Sentry and Sphere","floor":30.0,"turns":6.0},{"damage":0.0,"enemies":"Centurion and Healer","floor":31.0,"turns":3.0},{"damage":16.0,"enemies":"Champ","floor":33.0,"turns":10.0},{"damage":16.0,"enemies":"3 Darklings","floor":35.0,"turns":5.0},{"damage":30.0,"enemies":"2 Orb Walkers","floor":36.0,"turns":5.0},{"damage":0.0,"enemies":"Orb Walker","floor":37.0,"turns":4.0},{"damage":28.0,"enemies":"Writhing Mass","floor":38.0,"turns":8.0},{"damage":0.0,"enemies":"Transient","floor":39.0,"turns":5.0},{"damage":8.0,"enemies":"Giant Head","floor":40.0,"turns":9.0},{"damage":21.0,"enemies":"3 Darklings","floor":41.0,"turns":6.0},{"damage":15.0,"enemies":"Jaw Worm Horde","floor":44.0,"turns":6.0},{"damage":0.0,"enemies":"Spire Growth","floor":46.0,"turns":5.0},{"damage":18.0,"enemies":"Reptomancer","floor":47.0,"turns":6.0},{"damage":0.0,"enemies":"3 Darklings","floor":48.0,"turns":5.0},{"damage":12.0,"enemies":"Donu and Deca","floor":50.0,"turns":9.0},{"damage":41,"enemies":"Shield and Spear","floor":54,"turns":7},{"damage":21,"enemies":"The Heart","floor":55,"turns":3}],"seed_played":"-6119948432012645162","potions_obtained":[{"floor":1.0,"key":"Ancient Potion"},{"floor":2.0,"key":"SneckoOil"},{"floor":7.0,"key":"EntropicBrew"},{"floor":10.0,"key":"Energy Potion"},{"floor":20.0,"key":"FearPotion"},{"floor":31.0,"key":"FairyPotion"},{"floor":38.0,"key":"Swift Potion"},{"floor":40.0,"key":"Regen Potion"},{"floor":54,"key":"Swift Potion"}],"is_trial":false,"path_per_floor":["M","M","?","M","M","R","M","E","T","M","T","R","E","M","R","B",null,"M","?","M","$","?","R","$","?","T","R","E","M","M","M","R","B",null,"M","?","M","M","M","E","M","R","T","M","R","M","E","M","R","B",null,"R","$","E","B"],"character_chosen":"DEFECT","items_purchased":["Leap","Scrape","Nunchaku","Blizzard","DataDisk","Frozen Eye"],"campfire_rested":0,"item_purchase_floors":[21,21,21,24,53,53],"current_hp_per_floor":[64,63,63,59,48,48,32,21,21,12,12,21,21,21,33,20,56,43,43,47,47,47,47,47,47,47,47,38,32,37,41,47,35,44,36,14,14,18,28,30,19,40,40,35,47,47,35,43,47,37,45,47,47,10,0,0],"gold":106,"neow_bonus":"THREE_RARE_CARDS","is_daily":false,"chose_seed":false,"campfire_upgraded":9,"win_rate":0.0,"timestamp":1613408924,"path_taken":["M","M","?","?","M","R","M","E","T","M","?","R","E","?","R","BOSS","M","?","M","$","?","R","$","?","T","R","E","?","M","M","R","BOSS","M","?","M","M","M","E","M","R","T","M","R","M","E","M","R","BOSS","R","$","E","BOSS"],"items_purchased_type":["Card","Card","Relic","Card","Relic","Relic"],"build_version":"2020-12-18","purchased_purges":2,"victory":false,"max_hp_per_floor":[68,68,68,68,68,68,68,68,68,68,68,68,68,68,68,68,68,68,47,47,47,47,47,47,47,47,47,47,47,47,47,47,47,47,47,47,47,47,47,47,47,47,47,47,47,47,47,47,47,47,47,47,47,47,47,47],"relic_stats":{"Nunchaku":[47],"Happy Flower":[15],"counters":[31,160],"Dead Branch":[23],"Bird Faced Urn":[6],"MealTicket":0,"Eternal Feather":66,"Pen Nib":[11],"Kunai":[142],"obtain_stats":[{"Ice Cream":28,"Happy Flower":40,"Dead Branch":36,"Eternal Feather":11,"Pen Nib":47,"FrozenCore":17,"SlaversCollar":34,"Frozen Eye":53,"Nunchaku":21,"Anchor":26,"DataDisk":53,"Bird Faced Urn":54,"MealTicket":8,"Bag of Marbles":22,"Kunai":9,"Cracked Core":0,"FossilizedHelix":13},{"Ice Cream":13,"Happy Flower":23,"Dead Branch":19,"Eternal Feather":7,"Pen Nib":27,"FrozenCore":10,"SlaversCollar":17,"Frozen Eye":29,"Nunchaku":12,"Anchor":12,"DataDisk":29,"Bird Faced Urn":30,"MealTicket":6,"Bag of Marbles":12,"Kunai":6,"Cracked Core":0,"FossilizedHelix":8},{"Ice Cream":55,"Happy Flower":113,"Dead Branch":87,"Eternal Feather":24,"Pen Nib":136,"FrozenCore":39,"SlaversCollar":77,"Frozen Eye":150,"Nunchaku":49,"Anchor":49,"DataDisk":150,"Bird Faced Urn":157,"MealTicket":22,"Bag of Marbles":49,"Kunai":22,"Cracked Core":0,"FossilizedHelix":26}],"FrozenCore":[44]},"card_choices":[{"not_picked":["Multi-Cast","Biased Cognition"],"picked":"Echo Form","floor":0.0},{"not_picked":["Heatsinks","Barrage"],"picked":"Leap","floor":1.0},{"not_picked":["White Noise","Stack"],"picked":"Rebound","floor":2.0},{"not_picked":["Ball Lightning","Tempest"],"picked":"Go for the Eyes","floor":4.0},{"not_picked":["Tempest","Barrage"],"picked":"Go for the Eyes","floor":5.0},{"not_picked":["Storm","Barrage"],"picked":"Streamline","floor":7.0},{"not_picked":["Electrodynamics","Barrage"],"picked":"Beam Cell","floor":8.0},{"not_picked":["Sweeping Beam","Reprogram"],"picked":"Conserve Battery","floor":10.0},{"not_picked":["Double Energy","Heatsinks"],"picked":"Cold Snap","floor":13.0},{"not_picked":["Go for the Eyes","Sweeping Beam","Force Field"],"picked":"SKIP","floor":14.0},{"not_picked":["Multi-Cast","Machine Learning"],"picked":"Biased Cognition","floor":16.0},{"not_picked":["Tempest+1","Defragment"],"picked":"Cold Snap+1","floor":18.0},{"not_picked":["Chill","Aggregate"],"picked":"Beam Cell","floor":20.0},{"not_picked":["Cold Snap","Conserve Battery"],"picked":"Gash+1","floor":28.0},{"not_picked":["Coolheaded","Self Repair"],"picked":"Hologram","floor":29.0},{"not_picked":["Stack","Ball Lightning+1"],"picked":"Gash","floor":30.0},{"not_picked":["Storm","Compile Driver"],"picked":"Turbo","floor":31.0},{"not_picked":["Thunder Strike","Electrodynamics"],"picked":"Machine Learning","floor":33.0},{"not_picked":["Barrage","Streamline"],"picked":"Coolheaded+1","floor":35.0},{"not_picked":["Streamline+1","Core Surge"],"picked":"Turbo","floor":36.0},{"not_picked":["Steam","Aggregate"],"picked":"Go for the Eyes+1","floor":37.0},{"not_picked":["Conserve Battery","Echo Form"],"picked":"White Noise+1","floor":38.0},{"not_picked":["Stack","Cold Snap+1"],"picked":"Defragment+1","floor":39.0},{"not_picked":["Self Repair","Leap"],"picked":"Glacier+1","floor":40.0},{"not_picked":["Melter+1","Redo","Go for the Eyes+1"],"picked":"SKIP","floor":41.0},{"not_picked":["Ball Lightning","Compile Driver","Aggregate+1"],"picked":"SKIP","floor":44.0},{"not_picked":["Steam+1","Coolheaded"],"picked":"Redo+1","floor":46.0},{"not_picked":["Scrape+1","FTL"],"picked":"Skim","floor":47.0},{"not_picked":["Stack+1","Compile Driver+1","Recycle"],"picked":"SKIP","floor":48.0},{"not_picked":["Sweeping Beam","Creative AI"],"picked":"Redo+1","floor":54}],"player_experience":538965,"relics_obtained":[{"floor":8.0,"key":"MealTicket"},{"floor":9.0,"key":"Kunai"},{"floor":11.0,"key":"Eternal Feather"},{"floor":13.0,"key":"FossilizedHelix"},{"floor":26.0,"key":"Anchor"},{"floor":28.0,"key":"Ice Cream"},{"floor":36.0,"key":"Dead Branch"},{"floor":40.0,"key":"Happy Flower"},{"floor":47.0,"key":"Pen Nib"},{"floor":54,"key":"Bird Faced Urn"}],"event_choices":[{"damage_healed":0.0,"max_hp_gain":0.0,"max_hp_loss":0.0,"gold_gain":0.0,"event_name":"Match and Keep!","player_choice":"1 cards matched","floor":3.0,"gold_loss":0.0,"damage_taken":0.0,"cards_obtained":["All For One"]},{"damage_healed":0.0,"max_hp_gain":0.0,"max_hp_loss":21.0,"gold_gain":0.0,"event_name":"Vampires","player_choice":"Became a vampire","floor":19.0,"gold_loss":0.0,"damage_taken":0.0,"cards_obtained":["Bite","Bite","Bite","Bite","Bite"]},{"damage_healed":0.0,"max_hp_gain":0.0,"max_hp_loss":0.0,"gold_gain":0.0,"event_name":"Addict","player_choice":"Obtained Relic","floor":22.0,"gold_loss":85.0,"damage_taken":0.0,"relics_obtained":["Bag of Marbles"]},{"cards_removed":["Defend_B"],"damage_healed":0.0,"max_hp_gain":0.0,"max_hp_loss":0.0,"gold_gain":0.0,"event_name":"Bonfire Elementals","player_choice":"Offered Basic","floor":25.0,"gold_loss":0.0,"damage_taken":0.0},{"damage_healed":0.0,"max_hp_gain":0.0,"max_hp_loss":0.0,"gold_gain":0.0,"event_name":"Mysterious Sphere","player_choice":"Fight","floor":36.0,"gold_loss":0.0,"damage_taken":0.0}],"is_beta":true,"boss_relics":[{"not_picked":["Cursed Key","Tiny House"],"picked":"FrozenCore"},{"not_picked":["Runic Dome","Fusion Hammer"],"picked":"SlaversCollar"}],"items_purged_floors":[21,53],"is_endless":false,"potions_floor_spawned":[1,2,7,10,20,28,31,36,38,40,41,46,54],"killed_by":"The Heart","ascension_level":9}}