{"host":"duxoyu97j36znyap","time":1613423023,"event":{"mods":["AlwaysNeverKeys","BaseMod","Bestiary","BetterRewards","Colored Map","DeckTracker","Filter the Spire","Googly Eyes","Minty Spire (QoL Compilation)","Permanent Neow","Rare Cards Sparkle","Relic Stats","StSLib"],"gold_per_floor":[110,123,123,133,147,174,189,189,189,114,158,177,177,239,239,239,239],"floor_reached":16,"language":"ENG","playtime":550,"items_purged":["Body Slam"],"score":196,"play_id":"095355a7-d015-4ef1-8c1f-d3133fd64d6c","local_time":"20210215160343","is_ascension_mode":true,"campfire_choices":[{"data":"True Grit","floor":8,"key":"SMITH"},{"data":"Searing Blow","floor":13,"key":"SMITH"},{"data":"Searing Blow+1","floor":15,"key":"SMITH"}],"circlet_count":0,"master_deck":["AscendersBane","Bash","Flame Barrier","Cleave","Sentinel","Clash","True Grit+1","Warcry","Uppercut","Blood for Blood","Shockwave","Flex","Rupture","Feed","Searing Blow+2","Combust"],"relics":["Pandora\u0027s Box","Ice Cream","PreservedInsect","CeramicFish","Eternal Feather"],"acts_visited":["Exordium"],"potions_floor_usage":[14,16,16],"damage_taken":[{"damage":0.0,"enemies":"2 Louse","floor":1.0,"turns":1.0},{"damage":0,"enemies":"Cultist","floor":2,"turns":3},{"damage":3,"enemies":"Small Slimes","floor":4,"turns":2},{"damage":9,"enemies":"Exordium Thugs","floor":5,"turns":4},{"damage":11,"enemies":"Lagavulin","floor":6,"turns":6},{"damage":1,"enemies":"Looter","floor":7,"turns":3},{"damage":10,"enemies":"3 Sentries","floor":11,"turns":6},{"damage":11,"enemies":"3 Louse","floor":12,"turns":3},{"damage":20,"enemies":"Lagavulin Event","floor":14,"turns":4},{"damage":33,"enemies":"The Guardian","floor":16,"turns":2}],"seed_played":"7426054025005811838","potions_obtained":[{"floor":1,"key":"FearPotion"},{"floor":2,"key":"SteroidPotion"},{"floor":6,"key":"ElixirPotion"},{"floor":14,"key":"Strength Potion"}],"is_trial":false,"path_per_floor":["M","M","?","M","M","E","M","R","T","$","E","M","R","?","R","B"],"character_chosen":"IRONCLAD","items_purchased":[],"campfire_rested":0,"item_purchase_floors":[],"current_hp_per_floor":[68,68,75,72,63,52,51,51,51,51,44,36,36,19,28,0,0],"gold":239,"neow_bonus":"BOSS_RELIC","is_daily":false,"chose_seed":false,"campfire_upgraded":3,"win_rate":0.0,"timestamp":1613423023,"path_taken":["M","M","?","M","M","E","?","R","T","$","E","M","R","?","R","BOSS"],"items_purchased_type":[],"build_version":"2020-12-22","purchased_purges":1,"victory":false,"max_hp_per_floor":[75,75,75,75,75,75,75,75,75,75,78,81,81,84,84,84,84],"relic_stats":{"counters":[10,34],"CeramicFish":18,"Pandora\u0027s Box":["Flame Barrier","Body Slam","Cleave","Sentinel","Clash","True Grit","Warcry","Uppercut","Blood for Blood"],"Eternal Feather":9,"PreservedInsect":60,"obtain_stats":[{"Ice Cream":6,"CeramicFish":11,"Pandora\u0027s Box":0,"Eternal Feather":14,"PreservedInsect":9,"Burning Blood":0},{"Ice Cream":5,"CeramicFish":7,"Pandora\u0027s Box":0,"Eternal Feather":9,"PreservedInsect":6,"Burning Blood":0},{"Ice Cream":16,"CeramicFish":25,"Pandora\u0027s Box":0,"Eternal Feather":32,"PreservedInsect":19,"Burning Blood":0}]},"card_choices":[{"not_picked":["Feel No Pain","Dropkick"],"picked":"Shockwave","floor":1},{"not_picked":["Clothesline","Dual Wield","Body Slam"],"picked":"SKIP","floor":2},{"not_picked":["Clash","Havoc","Infernal Blade"],"picked":"SKIP","floor":4},{"not_picked":["Clash","Body Slam"],"picked":"Flex","floor":5},{"not_picked":["Body Slam","Blood for Blood"],"picked":"Rupture","floor":6},{"not_picked":["Cleave","Bloodletting"],"picked":"Feed","floor":7},{"not_picked":["Bludgeon","Rupture"],"picked":"Searing Blow","floor":11},{"not_picked":["Twin Strike","Body Slam"],"picked":"Combust","floor":12}],"player_experience":569166,"relics_obtained":[{"floor":6,"key":"Ice Cream"},{"floor":9,"key":"PreservedInsect"},{"floor":11,"key":"CeramicFish"},{"floor":14,"key":"Eternal Feather"}],"event_choices":[{"damage_healed":7,"gold_gain":0,"player_choice":"Full Heal","damage_taken":0,"max_hp_gain":0,"max_hp_loss":0,"event_name":"Wheel of Change","floor":3,"gold_loss":0},{"damage_healed":0,"gold_gain":0,"player_choice":"Searched \u00272\u0027 times","damage_taken":0,"max_hp_gain":0,"max_hp_loss":0,"event_name":"Dead Adventurer","floor":14,"gold_loss":0}],"is_beta":false,"boss_relics":[],"items_purged_floors":[10],"is_endless":false,"potions_floor_spawned":[1,2,6,14],"killed_by":"The Guardian","ascension_level":15}}