{"host":"o3b7ow6d1xe49css","time":1613364280,"event":{"mods":["Act Like it!","Aspiration","BaseMod","Bestiary","Better Altar","Better Match","Better Note","Better Sensory Stone","Better Skull","Better Third Choice","Colored Powertips","Conspire","Energized Spire","Force Act Four","GifTheSpireLib","Halation","Hermit","Hubris","Infinite Spire","Lobotomy","Minty Spire (QoL Compilation)","Quick Restart","Rare Cards Sparkle","Relic Filter Mod","Reliquary","Replay The Spire","Spicy Shops","Spikes Relics","StSLib","Stuff the Spire","The Blue Laboratory","The Disciple","Wandering Minibosses"],"gold_per_floor":[114,124,135,135,135,135,161,161,161,188,36,36,36,56,56,158,158,174,215,235,65,65,122,122,182,182,182,209,240,240,266,266,419,419,524,634,332,432,432,521,521,598,598,598,732,843,843,503,503,636,636,636,0,35,35],"floor_reached":56,"language":"ENG","playtime":2257,"items_purged":["Decay","Strike_P","Strike_P","Pride","Parasite","Strike_P+1"],"score":2134,"play_id":"7534b00f-1e68-4be2-8f73-b43b933b1fbf","local_time":"20210214194440","daily_mods":["Heirloom","Flight"],"is_ascension_mode":true,"campfire_choices":[{"data":"Eruption","floor":6,"key":"SMITH"},{"data":"LessonLearned","floor":8,"key":"SMITH"},{"data":"BattleHymn","floor":12,"key":"SMITH"},{"data":"Wish","floor":13,"key":"SMITH"},{"floor":15,"key":"REST"},{"data":"StuffTheSpire:PestControl","floor":27,"key":"SMITH"},{"floor":30,"key":"RECALL"},{"data":"CrushJoints","floor":32,"key":"SMITH"},{"data":"Pot Of Greed","floor":41,"key":"SMITH"},{"data":"1","floor":47,"key":"LIFT"},{"data":"2","floor":49,"key":"LIFT"},{"data":"3","floor":52,"key":"LIFT"}],"circlet_count":0,"master_deck":["Strike_P+1","Defend_P+1","Defend_P+1","Defend_P+1","Defend_P+1","Eruption+1","Vigilance+1","Wish+1","LessonLearned+1","infinitespire:Punishment+1","Replay:BluntJabs+1","BattleHymn+1","Fasting2+1","Scrawl+1","Wireheading","StuffTheSpire:PestControl+1","CrushJoints+1","Crescendo+1","Wish+1","Pot Of Greed","Pot Of Greed+1","Halt","Vault","Pot Of Greed","EmptyMind"],"relics":["PureWater","Ring of Chaos","halation:BlackBeret","CogitoBucket","halation:EternalFortune","Whetstone","Thread and Needle","Bag of Marbles","TungstenRod","Philosopher\u0027s Stone","infinitespire:ShieldingShard","CrustySpines","conspire:DecoderRing","BrokenLever","infinitespire:WardingShard","War Paint","StuffTheSpire:Barrel","infinitespire:EvilPickle","Busted Crown","ResearcherNote","conspire:TreasureMap","Lee\u0027s Waffle","hubris:BundleOfHerbs","Grinning Jar","wanderingMiniBosses:AbyssPearl","Mummified Hand","Girya","Replay:Wax Seal","reliquary:Solitaire","energizedSpire:NeverEndingSparkler","Ring of Chaos","Membership Card","SnailShell","Replay:Baseball","conspire:GiftBox","reliquary:ExpiredCoupon"],"acts_visited":["Exordium","TheCity","TheBeyond","Exordium","TheEnding"],"potions_floor_usage":[7,29,40,42,50,55,55],"damage_taken":[{"damage":0,"enemies":"Cultist","floor":1,"turns":3},{"damage":2,"enemies":"Jaw Worm","floor":2,"turns":4},{"damage":0,"enemies":"conspire:RoseBush","floor":3,"turns":3},{"damage":22,"enemies":"Gremlin Nob","floor":7,"turns":3},{"damage":22,"enemies":"Lagavulin","floor":10,"turns":9},{"damage":4,"enemies":"Exordium Wildlife","floor":14,"turns":3},{"damage":0,"enemies":"Fading Forest","floor":16,"turns":10},{"damage":1,"enemies":"Chosen","floor":18,"turns":2},{"damage":0,"enemies":"Spheric Guardian","floor":19,"turns":3},{"damage":1,"enemies":"Cultist and Chosen","floor":20,"turns":6},{"damage":0,"enemies":"Gremlin Leader","floor":23,"turns":3},{"damage":5,"enemies":"conspire:Head Lice","floor":25,"turns":5},{"damage":0,"enemies":"Gremlin Leader","floor":28,"turns":2},{"damage":2,"enemies":"Slavers","floor":29,"turns":3},{"damage":0,"enemies":"Nightmare","floor":31,"turns":6},{"damage":0,"enemies":"Pondfish","floor":33,"turns":4},{"damage":0,"enemies":"3 Shapes","floor":35,"turns":3},{"damage":0,"enemies":"Orb Walker","floor":36,"turns":2},{"damage":0,"enemies":"Spire Growth","floor":38,"turns":2},{"damage":0,"enemies":"Giant Head","floor":40,"turns":3},{"damage":13,"enemies":"Writhing Mass","floor":42,"turns":5},{"damage":0,"enemies":"Reptomancer","floor":45,"turns":2},{"damage":14,"enemies":"R_Hoarder","floor":46,"turns":4},{"damage":0,"enemies":"hubris:GrandSnecko","floor":50,"turns":2},{"damage":0,"enemies":"Shield and Spear","floor":54,"turns":3},{"damage":9,"enemies":"The Heart","floor":55,"turns":6}],"seed_played":"-3678151427214410438","potions_obtained":[{"floor":2,"key":"Adrenaline Potion"},{"floor":3,"key":"blueLaboratory:AbyssPotion"},{"floor":10,"key":"blueLaboratory:BottledHope"},{"floor":16,"key":"SteroidPotion"},{"floor":31,"key":"SkillPotion"},{"floor":36,"key":"blueLaboratory:HummingbirdPotion"},{"floor":46,"key":"blueLaboratory:SavagePotion"},{"floor":54,"key":"blueLaboratory:StoneskinPotion"}],"is_trial":true,"path_per_floor":["M","M","M","?","?","R","E","R","T","E","$","R","R","M","R","B",null,"M","M","M","$","?","E","AVR","E","T","R","E","E","R","NM","R","B",null,"M","M","$","M","AVR","E","R","M","T","?","E","E","R","$","R","B",null,"R","$","E","B",null],"character_chosen":"WATCHER","items_purchased":["TungstenRod","BattleHymn","infinitespire:ShieldingShard","conspire:TreasureMap","Lee\u0027s Waffle","reliquary:Solitaire","Membership Card","SnailShell","Replay:Baseball","EmptyMind","conspire:GiftBox","PowerPotion"],"campfire_rested":1,"item_purchase_floors":[11,11,21,37,37,48,53,53,53,53,53,53],"current_hp_per_floor":[72,70,70,51,54,54,32,32,32,10,10,10,10,6,28,36,65,64,64,63,63,46,46,46,41,41,41,44,42,42,42,42,42,69,69,69,85,85,85,85,85,75,75,78,78,64,64,64,64,67,90,90,90,91,90],"gold":35,"neow_bonus":"","is_daily":false,"chose_seed":false,"campfire_upgraded":7,"win_rate":0.0,"timestamp":1613364280,"path_taken":["M","M","M","?","?","R","E","R","T","E","$","R","R","M","R","BOSS","M","M","M","$","?","E","AVR","E","T","R","E","E","R","NM","R","BOSS","M","M","$","?","AVR","E","R","M","T","?","E","E","R","$","R","BOSS","R","$","E","BOSS"],"items_purchased_type":["Relic","Card","Relic","Relic","Relic","Relic","Relic","Relic","Relic","Card","Relic","Potion"],"build_version":"2020-12-22","purchased_purges":6,"victory":true,"max_hp_per_floor":[72,72,72,72,75,75,75,75,75,75,75,75,75,75,75,75,75,75,75,75,75,75,75,75,75,75,75,78,78,78,78,78,78,78,78,78,85,85,85,85,85,88,88,91,91,91,91,88,88,91,91,91,91,91,91],"card_choices":[{"not_picked":["CrumblingArmor","Bloodbath","OldLady"],"picked":"Singing Bowl","floor":1},{"not_picked":["Collect","LikeWater","Perseverance"],"picked":"SKIP","floor":1},{"not_picked":["FollowUp","Replay:AtTheReady"],"picked":"Wish","floor":2},{"not_picked":["ThirdEye","Replay:BluntJabs"],"picked":"LessonLearned","floor":3},{"not_picked":["BeautyBeast","WallGazer","Wellcheers"],"picked":"Singing Bowl","floor":3},{"not_picked":["infinitespire:UltimateForm","infinitespire:TheBestDefense"],"picked":"infinitespire:Punishment","floor":4},{"not_picked":["Replay:DivineShield","Alpha","ClearTheMind"],"picked":"SKIP","floor":7},{"not_picked":["Protect","ClearTheMind"],"picked":"Replay:BluntJabs","floor":10},{"not_picked":["ClearTheMind","CutThroughFate"],"picked":"Fasting2","floor":14},{"not_picked":["Blasphemy","Devotion"],"picked":"Scrawl","floor":16},{"not_picked":["FieryBird","LittleHelper","PunishingBird"],"picked":"Singing Bowl","floor":16},{"not_picked":["OldLady","SingingMachine","CherryBlossoms"],"picked":"Singing Bowl","floor":18},{"not_picked":["MentalFortress+1","ClearTheMind","Prostrate"],"picked":"SKIP","floor":18},{"not_picked":["Replay:AtTheReady","EmptyFist","Evaluate"],"picked":"SKIP","floor":19},{"not_picked":["Laetitia","SpiderBud","Wellcheers"],"picked":"Singing Bowl","floor":19},{"not_picked":["Replay:AtTheReady","EmptyFist","Evaluate"],"picked":"SKIP","floor":19},{"not_picked":["Conclude","Replay:Anticipation"],"picked":"Wireheading","floor":20},{"not_picked":["Replay:Anticipation+1","Wireheading","FlyingSleeves"],"picked":"SKIP","floor":23},{"not_picked":["Replay:Anticipation","EmptyMind"],"picked":"CrushJoints","floor":25},{"not_picked":["JustLucky","CarveReality+1"],"picked":"Crescendo","floor":28},{"not_picked":["InnerPeace","EmptyMind+1","Replay:Battleflow"],"picked":"SKIP","floor":29},{"not_picked":["Bloodbath","Freischutz","Laetitia"],"picked":"Singing Bowl","floor":31},{"not_picked":["Tantrum","WindmillStrike","Prostrate"],"picked":"SKIP","floor":31},{"not_picked":["Establishment","DevaForm"],"picked":"Wish","floor":33},{"not_picked":["LittleHelper","WhitesApple","Woodsman"],"picked":"Singing Bowl","floor":35},{"not_picked":["FollowUp+1"],"picked":"SKIP","floor":35},{"not_picked":["Crescendo"],"picked":"SKIP","floor":36},{"not_picked":["Replay:Vibes+1"],"picked":"SKIP","floor":38},{"not_picked":["VoidDream","MeltingLove","BlueStar"],"picked":"Singing Bowl","floor":40},{"not_picked":["PathToVictory+1"],"picked":"SKIP","floor":40},{"not_picked":["LittleHelper","Bloodbath","BlackSwan"],"picked":"Singing Bowl","floor":42},{"not_picked":[],"picked":"Halt","floor":42},{"not_picked":["Alpha"],"picked":"SKIP","floor":45},{"not_picked":["LongBird","Funeral","BigBird"],"picked":"Singing Bowl","floor":46},{"not_picked":["Protect"],"picked":"SKIP","floor":46},{"not_picked":[],"picked":"Vault","floor":50},{"not_picked":["ReachHeaven"],"picked":"SKIP","floor":54},{"not_picked":["LittleHelper","QueenOfHatred","Mercenary"],"picked":"Singing Bowl","floor":54},{"not_picked":["ReachHeaven"],"picked":"SKIP","floor":54},{"not_picked":["ReachHeaven"],"picked":"SKIP","floor":54}],"player_experience":1508263,"relics_obtained":[{"floor":7,"key":"Whetstone"},{"floor":9,"key":"Thread and Needle"},{"floor":10,"key":"Bag of Marbles"},{"floor":23,"key":"CrustySpines"},{"floor":25,"key":"BrokenLever"},{"floor":28,"key":"halation:EternalFortune"},{"floor":28,"key":"infinitespire:WardingShard"},{"floor":29,"key":"War Paint"},{"floor":31,"key":"StuffTheSpire:Barrel"},{"floor":40,"key":"Grinning Jar"},{"floor":42,"key":"halation:EternalFortune"},{"floor":42,"key":"wanderingMiniBosses:AbyssPearl"},{"floor":43,"key":"Mummified Hand"},{"floor":45,"key":"Girya"},{"floor":46,"key":"Replay:Wax Seal"},{"floor":50,"key":"halation:EternalFortune"},{"floor":54,"key":"reliquary:ExpiredCoupon"}],"event_choices":[],"is_beta":false,"boss_relics":[{"not_picked":["energizedSpire:StickyHand","conspire:SlowCooker"],"picked":"Philosopher\u0027s Stone"},{"not_picked":["halation:Risk","Replay:Drink Me"],"picked":"Busted Crown"},{"not_picked":["infinitespire:Cupcake","energizedSpire:RedRose"],"picked":"energizedSpire:NeverEndingSparkler"}],"items_purged_floors":[21,24,39,48,48,53],"is_endless":true,"potions_floor_spawned":[2,3,10,16,18,19,20,23,31,33,36,40,46,54,55],"ascension_level":5}}