{"host":"a3gu5zu37ht99mpa","time":1613431170,"event":{"mods":["100% Spire Juice","Act Like it!","Arknights","BaseMod","Better Silent Start","BetterRewards","Conspire","Downfall","Energized Spire","GifTheSpireLib","Gold Saver","Halation","Minty Spire (QoL Compilation)","Prisma Mod","Robot Space Explorer","StSLib","Stuff the Spire","The Animator","The Servant 0.9.4","Virulent Crown","Wandering Minibosses","yUi"],"gold_per_floor":[282,382,58,71,101,180,212,269,319,356,368,397,409,494,506,631,668,724,676,688,700,730,822,433,488,488,488,532,350,373,397,397,502,527,553,109,205,205,427,514,549,549,599,670,670,722,747,358,358,367,367,367,76,142,151,151],"floor_reached":55,"language":"ENG","playtime":6072,"items_purged":[],"score":978,"play_id":"f7dd6511-dd49-482b-907b-562d915d98ee","local_time":"20210215181930","is_ascension_mode":true,"campfire_choices":[{"floor":13.0,"key":"REST"},{"floor":15.0,"key":"RECALL"},{"floor":27.0,"key":"REST"},{"floor":32.0,"key":"REST"},{"floor":42,"key":"REST"},{"floor":45,"key":"REST"},{"data":"animator:Berserker","floor":49,"key":"SMITH"},{"data":"animator:Shimakaze","floor":52,"key":"SMITH"}],"circlet_count":0,"master_deck":["animator:Strike_Kancolle","animator:Defend_Kancolle","animator:Strike","animator:Strike","animator:Strike","animator:Defend","animator:Defend+1","animator:Defend","animator:Shimakaze+1","animator:Berserker+1","animator:Gilgamesh+18","animator:Illya","animator:Spearman","animator:EmiyaShirou","animator:DolaSchwi","animator:HighElfArcher","animator:DolaRiku","animator:GuildGirl","animator:GoblinSlayer","animator:DwarfShaman","animator:RinTohsaka","animator:IzunaHatsuse","animator:Kaijin","animator:LeleiLaLalena","animator:LizardPriest","animator:Lancer","animator:WinryRockbell","animator:FielNirvalen","animator:Vesta+1","animator:Saber","animator:NarberalGamma+1","animator:HarukoHaruhara+1","animator:Sebas+1","animator:DolaStephanie+1","animator:Tyuule+1","animator:PandorasActor+1","animator:Aqua+1","animator:Shuna+1","animator:Chris","animator:Mitsurugi","animator:DolaCouronne+1"],"relics":["animator:LivingPicture","animator:TheMissingPiece","animator:PurgingStone","NeowsBlessing","halation:SelfBoilingWater","animator:BattleDrones","StuffTheSpire:Barrel","MawBank","Happy Flower","Oddly Smooth Stone","Runic Dome","conspire:Flyswatter","Bag of Preparation","Calipers","Red Mask","halation:LettersToHer","energizedSpire:SpiderWeb","Toxic Egg 2","FossilizedHelix","Red Skull","StuffTheSpire:OldFever","Charon\u0027s Ashes","halation:KoshaPiece","halation:PinkSoulGem","Membership Card","Regal Pillow","CloakClasp","Strawberry","Centennial Puzzle","StuffTheSpire:Saxophone","Paper Crane"],"acts_visited":["Exordium","TheCity","TheBeyond","TheEnding"],"potions_floor_usage":[44,55,55,55],"damage_taken":[{"damage":0.0,"enemies":"2 Louse","floor":1.0,"turns":1.0},{"damage":0.0,"enemies":"Cultist","floor":4.0,"turns":1.0},{"damage":0.0,"enemies":"Jaw Worm","floor":5.0,"turns":1.0},{"damage":22.0,"enemies":"Lagavulin","floor":6.0,"turns":5.0},{"damage":2.0,"enemies":"Blue Slaver","floor":7.0,"turns":2.0},{"damage":11.0,"enemies":"Gremlin Nob","floor":8.0,"turns":3.0},{"damage":0.0,"enemies":"3 Louse","floor":12.0,"turns":2.0},{"damage":26.0,"enemies":"Lagavulin","floor":14.0,"turns":5.0},{"damage":6.0,"enemies":"Slime Boss","floor":16.0,"turns":6.0},{"damage":5.0,"enemies":"Spheric Guardian","floor":18.0,"turns":3.0},{"damage":17.0,"enemies":"2 Thieves","floor":22.0,"turns":3.0},{"damage":30.0,"enemies":"conspire:SneckoGhost","floor":23.0,"turns":5.0},{"damage":9.0,"enemies":"Masked Bandits","floor":25.0,"turns":4.0},{"damage":0.0,"enemies":"3 Cultists","floor":28.0,"turns":3.0},{"damage":3.0,"enemies":"Chosen and Byrds","floor":30.0,"turns":4.0},{"damage":13.0,"enemies":"Centurion and Healer","floor":31.0,"turns":5.0},{"damage":13,"enemies":"conspire:MysteriousRune","floor":33,"turns":9},{"damage":8,"enemies":"Orb Walker","floor":35,"turns":4},{"damage":7,"enemies":"Mind Bloom Boss Battle","floor":37,"turns":6},{"damage":60,"enemies":"Reptomancer","floor":40,"turns":7},{"damage":0,"enemies":"3 Shapes","floor":41,"turns":4},{"damage":0,"enemies":"Giant Head","floor":44,"turns":6},{"damage":0,"enemies":"Nemesis","floor":46,"turns":7},{"damage":32,"enemies":"conspire:OrnateMirror","floor":50,"turns":8},{"damage":45,"enemies":"Shield and Spear","floor":54,"turns":5},{"damage":51,"enemies":"The Heart","floor":55,"turns":6}],"seed_played":"-6600282170960442388","potions_obtained":[{"floor":1.0,"key":"Regen Potion"},{"floor":5.0,"key":"PowerPotion"},{"floor":6.0,"key":"SneckoOil"},{"floor":14.0,"key":"champ:CounterPotion"},{"floor":23.0,"key":"Weak Potion"},{"floor":25.0,"key":"DistilledChaos"},{"floor":46,"key":"SteroidPotion"},{"floor":54,"key":"DuplicationPotion"}],"is_trial":false,"path_per_floor":["M","?","$","M","M","E","M","E","T","?","$","M","R","E","R","B",null,"M","?","$","?","M","E","$","?","T","R","M","$","M","M","R","B",null,"M","$","?","?","?","E","M","R","T","E","R","E","?","$","R","B",null,"R","$","E","B"],"character_chosen":"THE_ANIMATOR","items_purchased":["halation:SelfBoilingWater","animator:Gilgamesh","animator:Kaijin","animator:LeleiLaLalena","Calipers","halation:LettersToHer","animator:WinryRockbell","Toxic Egg 2","animator:HarukoHaruhara+1","Membership Card","Regal Pillow","animator:Shuna+1","CloakClasp","Strawberry","Centennial Puzzle","StuffTheSpire:Saxophone","animator:Chris","animator:Mitsurugi"],"campfire_rested":5,"item_purchase_floors":[3,3,24,24,24,29,29,36,36,48,48,48,48,53,53,53,53,53],"current_hp_per_floor":[66,66,66,67,67,50,48,38,38,31,31,32,52,26,26,21,70,65,65,65,65,49,19,19,12,12,33,33,33,31,22,44,33,76,68,68,61,61,61,5,9,31,31,31,53,53,53,53,53,24,76,76,83,43,0,0],"gold":151,"neow_bonus":"THREE_ENEMY_KILL","is_daily":false,"chose_seed":false,"campfire_upgraded":2,"win_rate":0.0,"timestamp":1613431170,"path_taken":["M","?","?","?","M","E","M","E","T","?","$","M","R","E","R","BOSS","M","?","$","?","M","E","?","?","T","R","M","$","M","M","R","BOSS","M","$","?","?","?","E","M","R","T","E","R","E","?","$","R","BOSS","R","$","E","BOSS"],"items_purchased_type":["Relic","Card","Card","Card","Relic","Relic","Card","Relic","Card","Relic","Relic","Card","Relic","Relic","Relic","Relic","Card","Card"],"build_version":"2020-12-22","purchased_purges":0,"victory":false,"max_hp_per_floor":[66,66,66,67,67,67,67,68,68,68,68,69,69,69,69,70,70,70,70,70,70,71,71,71,73,73,73,73,73,74,74,74,76,76,76,76,76,76,76,76,76,76,76,76,76,76,76,76,76,76,76,76,83,85,85,85],"card_choices":[{"not_picked":["animator:Assassin","animator:Megumin"],"picked":"animator:Berserker","floor":1.0},{"not_picked":["animator:Kuribayashi","animator:PandorasActor"],"picked":"animator:Illya","floor":4.0},{"not_picked":["animator:MaesHughes","animator:AcuraTooru"],"picked":"animator:Spearman","floor":5.0},{"not_picked":["animator:Alexander","animator:Assassin"],"picked":"animator:EmiyaShirou","floor":6.0},{"not_picked":["animator:Aqua","animator:Scar"],"picked":"animator:DolaSchwi","floor":7.0},{"not_picked":["animator:LizardPriest","animator:PinaCoLada"],"picked":"animator:HighElfArcher","floor":8.0},{"not_picked":["animator:RoyMustang","animator:Gillette"],"picked":"animator:DolaRiku","floor":12.0},{"not_picked":["animator:LizardPriest","animator:Spearman"],"picked":"animator:GuildGirl","floor":14.0},{"not_picked":["animator:Father","animator:Wiz"],"picked":"animator:GoblinSlayer","floor":16.0},{"not_picked":["animator:ElricAlphonse","animator:Shion"],"picked":"animator:DwarfShaman","floor":18.0},{"not_picked":["animator:Sloth","animator:Illya"],"picked":"animator:RinTohsaka","floor":22.0},{"not_picked":["animator:Benimaru","animator:Jibril"],"picked":"animator:IzunaHatsuse","floor":23.0},{"not_picked":["animator:Envy","animator:Rider"],"picked":"animator:LizardPriest","floor":25.0},{"not_picked":["animator:RinTohsaka","animator:Illya"],"picked":"animator:Lancer","floor":28.0},{"not_picked":["animator:DwarfShaman","animator:YunYun"],"picked":"animator:FielNirvalen","floor":30.0},{"not_picked":["animator:DolaSchwi","animator:Shizu"],"picked":"animator:Vesta+1","floor":31.0},{"not_picked":["animator:GoblinSlayer","animator:ItamiYouji"],"picked":"animator:Saber","floor":33},{"not_picked":["animator:Kazuma+1","animator:Megumin"],"picked":"animator:NarberalGamma+1","floor":35},{"not_picked":["animator:Assassin+1","animator:Tyuule+1"],"picked":"animator:Sebas+1","floor":37},{"not_picked":["animator:DolaSchwi","animator:ChlammyZell+1"],"picked":"animator:DolaStephanie+1","floor":40},{"not_picked":["animator:Spearman+1","animator:Shalltear+1"],"picked":"animator:Tyuule+1","floor":41},{"not_picked":["animator:HighElfArcher","animator:ElricEdward"],"picked":"animator:PandorasActor+1","floor":44},{"not_picked":["animator:Fredrika+1","animator:Assassin"],"picked":"animator:Aqua+1","floor":46},{"not_picked":["animator:DolaRiku+1","animator:FielNirvalen"],"picked":"animator:DolaCouronne+1","floor":54}],"player_experience":106442,"relics_obtained":[{"floor":6.0,"key":"animator:BattleDrones"},{"floor":8.0,"key":"StuffTheSpire:Barrel"},{"floor":9.0,"key":"MawBank"},{"floor":14.0,"key":"Oddly Smooth Stone"},{"floor":23.0,"key":"Bag of Preparation"},{"floor":25.0,"key":"Red Mask"},{"floor":37,"key":"FossilizedHelix"},{"floor":40,"key":"Red Skull"},{"floor":43,"key":"halation:LettersToHer"},{"floor":43,"key":"StuffTheSpire:OldFever"},{"floor":44,"key":"Charon\u0027s Ashes"},{"floor":46,"key":"halation:KoshaPiece"},{"floor":54,"key":"Paper Crane"}],"event_choices":[{"damage_healed":0.0,"max_hp_gain":0.0,"max_hp_loss":0.0,"gold_gain":100.0,"event_name":"Golden Shrine","player_choice":"Pray","floor":2.0,"gold_loss":0.0,"damage_taken":0.0},{"damage_healed":0.0,"max_hp_gain":0.0,"max_hp_loss":0.0,"gold_gain":0.0,"event_name":"Scrap Ooze","player_choice":"Success","floor":10.0,"gold_loss":0.0,"damage_taken":7.0,"relics_obtained":["Happy Flower"]},{"damage_healed":0.0,"max_hp_gain":0.0,"max_hp_loss":0.0,"gold_gain":0.0,"event_name":"Addict","player_choice":"Obtained Relic","floor":19.0,"gold_loss":85.0,"damage_taken":0.0,"relics_obtained":["conspire:Flyswatter"]},{"damage_healed":0.0,"max_hp_gain":0.0,"max_hp_loss":0.0,"gold_gain":0.0,"event_name":"Beggar","player_choice":"Ignored","floor":21.0,"gold_loss":0.0,"damage_taken":0.0},{"damage_healed":0.0,"max_hp_gain":0.0,"max_hp_loss":0.0,"gold_gain":0.0,"event_name":"Masked Bandits","player_choice":"Fought Bandits","floor":25.0,"gold_loss":0.0,"damage_taken":0.0},{"damage_healed":0,"gold_gain":0,"player_choice":"Fight","damage_taken":0,"max_hp_gain":0,"max_hp_loss":0,"event_name":"MindBloom","floor":37,"gold_loss":0},{"damage_healed":0,"gold_gain":0,"player_choice":"Leave","damage_taken":0,"max_hp_gain":0,"max_hp_loss":0,"event_name":"conspire:Investor","floor":38,"gold_loss":0},{"damage_healed":0,"gold_gain":222,"player_choice":"Wore Mask","damage_taken":0,"max_hp_gain":0,"max_hp_loss":0,"event_name":"Tomb of Lord Red Mask","floor":39,"gold_loss":0}],"is_beta":false,"boss_relics":[{"not_picked":["SacredBark","halation:PlatinumPhoenix"],"picked":"Runic Dome"},{"not_picked":["energizedSpire:NeverEndingSparkler","energizedSpire:RedRose"],"picked":"energizedSpire:SpiderWeb"}],"items_purged_floors":[],"is_endless":false,"potions_floor_spawned":[1,5,6,14,23,25,28,33,37,46,54],"killed_by":"The Heart","ascension_level":1}}