{"host":"oi6p1guiqfwwvxym","time":1613365087,"event":{"mods":["BaseMod","Bestiary","Colored Map","Minty Spire (QoL Compilation)","Relic Stats"],"gold_per_floor":[109,38,38,50,62,95,95,128,128,148,148,158,193,193,193,289,289,308,283,42,55,130,130,165,165,165],"floor_reached":25,"language":"ENG","playtime":1478,"items_purged":["Strike_G"],"score":362,"play_id":"c9492a50-e988-4ec3-9075-987efff8cae1","local_time":"20210214205807","is_ascension_mode":true,"campfire_choices":[{"floor":7,"key":"REST"},{"data":"Malaise","floor":11,"key":"SMITH"},{"data":"Predator","floor":15,"key":"SMITH"},{"floor":23,"key":"REST"}],"circlet_count":0,"master_deck":["AscendersBane","Strike_G","Strike_G","Strike_G","Defend_G","Defend_G","Defend_G","Defend_G","Defend_G","Survivor","Neutralize","Cloak And Dagger","Dagger Spray","Bane","Malaise+1","Dagger Spray","Infinite Blades","Dash","Predator+1","Dagger Throw","Deadly Poison+1","Acrobatics+1","Dodge and Roll+1","Burst+1","Deadly Poison+1","Bouncing Flask+1","Trip+1","Blade Dance+1","Footwork"],"relics":["Ring of the Snake","Dream Catcher","Anchor","Turnip","Toxic Egg 2","Pantograph","Runic Pyramid","Happy Flower"],"acts_visited":["Exordium","TheCity"],"potions_floor_usage":[6,8,10,13,25],"damage_taken":[{"damage":1,"enemies":"Jaw Worm","floor":1,"turns":8},{"damage":1,"enemies":"Cultist","floor":4,"turns":4},{"damage":0,"enemies":"Small Slimes","floor":5,"turns":2},{"damage":22,"enemies":"3 Sentries","floor":6,"turns":7},{"damage":10,"enemies":"Gremlin Nob","floor":8,"turns":4},{"damage":4,"enemies":"Gremlin Gang","floor":10,"turns":3},{"damage":7,"enemies":"3 Louse","floor":12,"turns":3},{"damage":6,"enemies":"Lagavulin","floor":13,"turns":7},{"damage":6,"enemies":"The Guardian","floor":16,"turns":14},{"damage":5,"enemies":"Shell Parasite","floor":18,"turns":6},{"damage":23,"enemies":"2 Thieves","floor":19,"turns":5},{"damage":0,"enemies":"Centurion and Healer","floor":21,"turns":5},{"damage":30,"enemies":"Book of Stabbing","floor":24,"turns":8},{"damage":38,"enemies":"Cultist and Chosen","floor":25,"turns":6}],"seed_played":"6143060048021126468","potions_obtained":[{"floor":1,"key":"SkillPotion"},{"floor":4,"key":"CunningPotion"},{"floor":6,"key":"Explosive Potion"},{"floor":10,"key":"Energy Potion"},{"floor":16,"key":"Poison Potion"},{"floor":24,"key":"Strength Potion"}],"is_trial":false,"path_per_floor":["M","$","?","M","M","E","R","E","T","M","R","M","E","T","R","B",null,"M","M","$","M","?","R","E","M"],"character_chosen":"THE_SILENT","items_purchased":["Dagger Spray","Bane","Bouncing Flask+1","Trip+1"],"campfire_rested":2,"item_purchase_floors":[2,2,20,20],"current_hp_per_floor":[62,62,62,61,61,39,60,50,50,46,46,39,33,33,33,52,66,61,38,38,38,31,52,22,0,0],"gold":165,"neow_bonus":"RANDOM_COMMON_RELIC","is_daily":false,"chose_seed":false,"campfire_upgraded":2,"win_rate":0.0,"timestamp":1613365087,"path_taken":["M","$","?","M","M","E","R","E","T","?","R","M","E","?","R","BOSS","M","M","$","M","?","R","E","M"],"items_purchased_type":["Card","Card","Card","Card"],"build_version":"2020-12-22","purchased_purges":1,"victory":false,"max_hp_per_floor":[70,70,70,70,70,70,70,70,70,70,70,70,70,70,70,70,70,70,70,70,70,70,70,70,70,70],"relic_stats":{"Dream Catcher":2,"Happy Flower":[2],"counters":[14,82],"Pantograph":25,"Turnip":[6],"obtain_stats":[{"Dream Catcher":0,"Anchor":6,"Happy Flower":24,"Pantograph":14,"Turnip":8,"Toxic Egg 2":9,"Ring of the Snake":0,"Runic Pyramid":17},{"Dream Catcher":0,"Anchor":4,"Happy Flower":13,"Pantograph":8,"Turnip":5,"Toxic Egg 2":5,"Ring of the Snake":0,"Runic Pyramid":9},{"Dream Catcher":0,"Anchor":21,"Happy Flower":76,"Pantograph":38,"Turnip":25,"Toxic Egg 2":25,"Ring of the Snake":0,"Runic Pyramid":52}],"Ring of the Snake":[28]},"card_choices":[{"not_picked":["Escape Plan","Reflex"],"picked":"Cloak And Dagger","floor":1},{"not_picked":["Cloak And Dagger","Blur"],"picked":"Dagger Spray","floor":4},{"not_picked":["Quick Slash","Crippling Poison"],"picked":"Infinite Blades","floor":5},{"not_picked":["Flying Knee","Poisoned Stab"],"picked":"Dash","floor":6},{"not_picked":["Deflect","A Thousand Cuts"],"picked":"Predator","floor":7},{"not_picked":["Choke","Caltrops"],"picked":"Dagger Throw","floor":8},{"not_picked":["Dagger Spray","Outmaneuver+1"],"picked":"Deadly Poison+1","floor":10},{"not_picked":["Poisoned Stab","Sucker Punch"],"picked":"Acrobatics+1","floor":12},{"not_picked":["Escape Plan+1","Caltrops"],"picked":"Dodge and Roll+1","floor":13},{"not_picked":["Grand Finale","Tools of the Trade"],"picked":"Burst+1","floor":16},{"not_picked":["Bane","Heel Hook","Dodge and Roll+1"],"picked":"SKIP","floor":18},{"not_picked":["Setup+1","PiercingWail+1"],"picked":"Deadly Poison+1","floor":19},{"not_picked":["Quick Slash+1","Predator"],"picked":"Blade Dance+1","floor":21},{"not_picked":["Deadly Poison+1","Backflip+1"],"picked":"Footwork","floor":23},{"not_picked":["Terror+1","Sucker Punch+1","Unload"],"picked":"SKIP","floor":24}],"player_experience":434264,"relics_obtained":[{"floor":6,"key":"Anchor"},{"floor":8,"key":"Turnip"},{"floor":9,"key":"Toxic Egg 2"},{"floor":14,"key":"Pantograph"},{"floor":24,"key":"Happy Flower"}],"event_choices":[{"damage_healed":0,"gold_gain":0,"cards_transformed":["Strike_G"],"player_choice":"Transformed","damage_taken":0,"max_hp_gain":0,"max_hp_loss":0,"event_name":"Transmorgrifier","floor":3,"gold_loss":0,"cards_obtained":["Malaise"]},{"damage_healed":0,"gold_gain":75,"player_choice":"Touch","damage_taken":7,"max_hp_gain":0,"max_hp_loss":0,"event_name":"FaceTrader","floor":22,"gold_loss":0}],"is_beta":false,"boss_relics":[{"not_picked":["Ectoplasm","Velvet Choker"],"picked":"Runic Pyramid"}],"items_purged_floors":[20],"is_endless":false,"potions_floor_spawned":[1,4,6,10,16,24],"killed_by":"Cultist and Chosen","ascension_level":10}}