{"host":"xo0glkmxta74xh34","time":1613408371,"event":{"mods":["BaseMod","Downfall","Minty Spire (QoL Compilation)","Reliquary","Replay The Spire","StSLib"],"gold_per_floor":[99,117,117,132,132,132,132,157,157,67,94,94,79,64,77,181,181,181,23,43,93,105,105,105,123,123,123,123,142,142,177,190,291,291,291,291,331,431,444,469,496,43,63,76,76,106,6,22,42,42],"floor_reached":51,"language":"ENG","playtime":2786,"items_purged":["bronze:Strike","bronze:Goto","bronze:WhirlingStrike"],"score":862,"play_id":"7e5321e6-299c-4a90-a0d0-7b433f282f59","local_time":"20210215105931","is_ascension_mode":true,"campfire_choices":[{"data":"bronze:Replicate","floor":1.0,"key":"SMITH"},{"floor":6.0,"key":"REST"},{"data":"bronze:Spike","floor":9.0,"key":"SMITH"},{"floor":12.0,"key":"REST"},{"data":"bronze:Format","floor":18.0,"key":"SMITH"},{"floor":23,"key":"REST"},{"floor":30,"key":"REST"},{"data":"bronze:BronzeOrb","floor":35,"key":"SMITH"},{"data":"bronze:Break","floor":47,"key":"SMITH"}],"circlet_count":0,"master_deck":["bronze:Replicate+1","bronze:Spike+1","bronze:Shell","bronze:ChosenStrike","bronze:CleanCode","bronze:InfiniteBeams","bronze:Break+1","bronze:BronzeArmor","bronze:Format+1","bronze:BronzeOrb+1","bronze:HyperBeam","bronze:Mutator+1","bronze:CloningBeam","expansioncontent:StudyTheSpire+1","bronze:FollowUp+1","bronze:Library+1","bronze:BronzeOrb+1"],"relics":["bronze:BronzeCore","Iron Hammer","Singing Bowl","Replay:Mystery Machine","Pandora\u0027s Box","Blue Candle","hexamod:BolsterEngine","Juzu Bracelet","Omamori","Chameleon Ring","downfall:ExtraCursedBell","Tiny Chest","Frozen Egg 2","Replay:PocketPolymizer","reliquary:QuartzCube","SlaversCollar","Mummified Hand","downfall:GremlinWheel","ReplayTheSpireMod:Lightbulb","reliquary:RosewoodLute","Oddly Smooth Stone","Molten Egg 2","downfall:HeartBlessingGreen"],"acts_visited":["Exordium","TheCity","TheBeyond"],"potions_floor_usage":[31,33,33,48],"damage_taken":[{"damage":2.0,"enemies":"Small Slimes","floor":2.0,"turns":3.0},{"damage":22.0,"enemies":"Small Slimes","floor":3.0,"turns":4.0},{"damage":3.0,"enemies":"Jaw Worm","floor":4.0,"turns":4.0},{"damage":8.0,"enemies":"Gremlin Nob","floor":8.0,"turns":3.0},{"damage":0.0,"enemies":"downfall:FleeingMerchant","floor":10.0,"turns":4.0},{"damage":20.0,"enemies":"Lagavulin","floor":11.0,"turns":5.0},{"damage":0.0,"enemies":"downfall:FleeingMerchant","floor":13.0,"turns":4.0},{"damage":12.0,"enemies":"downfall:FleeingMerchant","floor":14.0,"turns":4.0},{"damage":0.0,"enemies":"Cultist","floor":15.0,"turns":2.0},{"damage":38.0,"enemies":"DF_ARCHETYPE_STREAMLINE","floor":16.0,"turns":7.0},{"damage":15,"enemies":"downfall:FleeingMerchant","floor":19,"turns":4},{"damage":24,"enemies":"downfall:LooterAlt2","floor":20,"turns":3},{"damage":8,"enemies":"Shell Parasite","floor":22,"turns":3},{"damage":3,"enemies":"Cultist and Chosen","floor":25,"turns":4},{"damage":13,"enemies":"Centurion and Healer","floor":29,"turns":3},{"damage":18,"enemies":"Book of Stabbing","floor":31,"turns":3},{"damage":6,"enemies":"Snake Plant","floor":32,"turns":2},{"damage":7,"enemies":"WA_ARCHETYPE_CALM","floor":33,"turns":5},{"damage":0,"enemies":"WA_ARCHETYPE_CALM","floor":38,"turns":2},{"damage":4,"enemies":"3 Darklings","floor":39,"turns":3},{"damage":0,"enemies":"3 Shapes","floor":43,"turns":3},{"damage":0,"enemies":"3 Darklings","floor":44,"turns":4},{"damage":0,"enemies":"Giant Head","floor":46,"turns":5},{"damage":26,"enemies":"Writhing Mass","floor":48,"turns":4},{"damage":15,"enemies":"Maw","floor":49,"turns":5},{"damage":7,"enemies":"SI_POISON_ARCHETYPE","floor":50,"turns":6}],"seed_played":"8519498820858156397","potions_obtained":[{"floor":8.0,"key":"SkillPotion"},{"floor":15.0,"key":"Slimebound:ThreeZeroPotion"},{"floor":25,"key":"Death Potion"},{"floor":27,"key":"CultistPotion"},{"floor":31,"key":"Energy Potion"},{"floor":38,"key":"Guardian:BlockOnCardUsePotion"},{"floor":43,"key":"FearPotion"}],"is_trial":false,"path_per_floor":["R","M","?","M","?","R","T","E","R","$","E","R","$","$","M","B",null,"R","$","M","T","M","R","T","M","T","?","?","M","R","E","M","B",null,"R","?","?","?","M","T","T","$","M","M","$","E","R","M","M","B",null],"character_chosen":"THE_AUTOMATON","items_purchased":["Blue Candle","hexamod:BolsterEngine","Oddly Smooth Stone","expansioncontent:StudyTheSpire"],"campfire_rested":4,"item_purchase_floors":[19,19,42,42],"current_hp_per_floor":[77,75,53,50,50,73,73,65,65,67,47,70,72,62,64,26,85,85,72,48,48,42,68,68,67,67,67,67,56,83,67,61,54,95,95,95,99,99,97,97,97,97,97,99,99,99,99,75,62,55],"gold":42,"neow_bonus":"TEN_PERCENT_HP_BONUS","is_daily":false,"chose_seed":false,"campfire_upgraded":5,"win_rate":0.0,"timestamp":1613408371,"path_taken":["R","M","?","M","?","R","T","E","R","$","E","R","?","$","M","BOSS","R","$","M","?","M","R","T","M","?","?","?","M","R","E","M","BOSS","R","?","?","?","M","?","T","$","M","M","?","E","R","M","M","BOSS"],"items_purchased_type":["Relic","Relic","Relic","Card"],"build_version":"2020-12-22","purchased_purges":3,"victory":true,"max_hp_per_floor":[77,77,77,77,77,77,77,77,77,79,79,79,81,83,85,85,85,85,87,87,87,89,89,89,91,91,91,91,93,93,95,95,95,95,95,95,99,99,101,101,101,101,101,103,103,103,103,105,107,107],"card_choices":[{"not_picked":["bronze:WhirlingStrike","bronze:BugBarrage","bronze:DigitalCarnage"],"picked":"SKIP","floor":2.0},{"not_picked":[],"picked":"bronze:Spike","floor":3.0},{"not_picked":["bronze:Allocate","bronze:Iterate"],"picked":"bronze:WhirlingStrike","floor":4.0},{"not_picked":["bronze:Boost","bronze:InfiniteBeams"],"picked":"bronze:Shell","floor":8.0},{"not_picked":["bronze:CutThrough","bronze:Break","bronze:CloningBeam"],"picked":"Singing Bowl","floor":10.0},{"not_picked":["bronze:Frontload","bronze:CutThrough"],"picked":"bronze:ChosenStrike","floor":11.0},{"not_picked":["bronze:ForLoop","bronze:FineTuning","bronze:Turbo"],"picked":"Singing Bowl","floor":13.0},{"not_picked":["bronze:ChildClass","bronze:Deprecate","bronze:MaxOutput"],"picked":"Singing Bowl","floor":14.0},{"not_picked":["bronze:DarkDash","bronze:Frontload","bronze:BugBarrage"],"picked":"Singing Bowl","floor":15.0},{"not_picked":["bronze:HyperBeam","bronze:Format"],"picked":"bronze:CleanCode","floor":16.0},{"not_picked":["bronze:DelayedGuard","bronze:CutThrough","bronze:ChildClass+1"],"picked":"Singing Bowl","floor":19},{"not_picked":["bronze:Return","bronze:WhirlingStrike"],"picked":"bronze:BronzeOrb","floor":20},{"not_picked":["bronze:Separator+1","bronze:BitShift","bronze:Refactor+1"],"picked":"Singing Bowl","floor":22},{"not_picked":["bronze:Optimize","bronze:BronzeArmor+1","bronze:NullPointer"],"picked":"Singing Bowl","floor":25},{"not_picked":["bronze:Separator+1","bronze:Invalidate","bronze:Overheat+1"],"picked":"Singing Bowl","floor":29},{"not_picked":["bronze:DelayedSlice","bronze:CloningBeam","bronze:Shield"],"picked":"Singing Bowl","floor":31},{"not_picked":["bronze:ForLoop","bronze:Safeguard+1"],"picked":"bronze:HyperBeam","floor":32},{"not_picked":["bronze:Verify+1","bronze:TinkerersToolbox"],"picked":"bronze:Mutator+1","floor":33},{"not_picked":["bronze:CutThrough+1","bronze:ForLoop+1","bronze:Branch+1"],"picked":"Singing Bowl","floor":37},{"not_picked":["bronze:ClassDefault+1","bronze:ForceShield+1","bronze:MaxOutput+1"],"picked":"Singing Bowl","floor":37},{"not_picked":["bronze:Shield","bronze:Invalidate+1","bronze:Branch+1"],"picked":"Singing Bowl","floor":39},{"not_picked":["bronze:Branch","bronze:Boost+1"],"picked":"bronze:FollowUp+1","floor":43},{"not_picked":["bronze:Constructor","bronze:Boost+1","bronze:Branch+1"],"picked":"Singing Bowl","floor":44},{"not_picked":["bronze:WhirlingStrike+1","bronze:Invalidate+1"],"picked":"bronze:Library+1","floor":46},{"not_picked":["bronze:Flail+1","bronze:Overload+1","bronze:OilSpill+1"],"picked":"Singing Bowl","floor":48},{"not_picked":["bronze:DelayedSlice+1","bronze:Terminator+1","bronze:Turbo"],"picked":"Singing Bowl","floor":49}],"player_experience":472669,"relics_obtained":[{"floor":7.0,"key":"Iron Hammer"},{"floor":8.0,"key":"Singing Bowl"},{"floor":11.0,"key":"Replay:Mystery Machine"},{"floor":21,"key":"Juzu Bracelet"},{"floor":24,"key":"Omamori"},{"floor":26,"key":"Chameleon Ring"},{"floor":28,"key":"Tiny Chest"},{"floor":28,"key":"Frozen Egg 2"},{"floor":28,"key":"Replay:PocketPolymizer"},{"floor":31,"key":"reliquary:QuartzCube"},{"floor":37,"key":"Mummified Hand"},{"floor":38,"key":"downfall:GremlinWheel"},{"floor":40,"key":"ReplayTheSpireMod:Lightbulb"},{"floor":41,"key":"reliquary:RosewoodLute"},{"floor":46,"key":"Molten Egg 2"}],"event_choices":[{"cards_removed":["bronze:Strike"],"damage_healed":0.0,"max_hp_gain":0.0,"max_hp_loss":0.0,"gold_gain":0.0,"event_name":"The Cleric","player_choice":"Card Removal","floor":5.0,"gold_loss":0.0,"damage_taken":0.0}],"is_beta":false,"boss_relics":[{"not_picked":["Honey Jar","Coffee Dripper"],"picked":"Pandora\u0027s Box"},{"not_picked":["Ring of Chaos","Replay:Wanted Poster"],"picked":"SlaversCollar"}],"items_purged_floors":[10,19,42],"is_endless":false,"potions_floor_spawned":[8,15,25,29,31,32,38,43,44],"ascension_level":1}}