{"host":"w01zow3jg16g8jdh","time":1613394318,"event":{"mods":["2.2 Compatiblity","AchievementEnabler","BaseMod","DeckTracker","Hermit","Keyboard Shortcuts","Marisa£¨Ùöéë¡¡Øª×âÞÞ£©","Minty Spire (QoL Compilation)","Permanent Neow","StSLib","SuperFastMode"],"gold_per_floor":[109,128,141,66,86,86,115,115,115,140,140,140,161,181,181,181,181],"floor_reached":16,"language":"KOR","playtime":216,"items_purged":["Strike_G"],"score":224,"play_id":"8a105ee4-71b6-4897-81be-ea5474698f8a","local_time":"20210215220518","is_ascension_mode":true,"campfire_choices":[{"data":"Dagger Spray","floor":6.0,"key":"SMITH"},{"floor":8.0,"key":"REST"},{"floor":15.0,"key":"REST"}],"circlet_count":0,"master_deck":["AscendersBane","Strike_G","Strike_G","Strike_G","Defend_G","Defend_G","Defend_G","Defend_G","Survivor","Neutralize","Dagger Spray+1","Acrobatics","Reflex","Blade Dance","Backflip"],"relics":["Ring of the Snake","Gremlin Horn","Singing Bowl","Mercury Hourglass","Golden Idol"],"acts_visited":["Exordium"],"potions_floor_usage":[],"damage_taken":[{"damage":3.0,"enemies":"2 Louse","floor":1.0,"turns":3.0},{"damage":3.0,"enemies":"Small Slimes","floor":2.0,"turns":3.0},{"damage":7.0,"enemies":"Jaw Worm","floor":3.0,"turns":5.0},{"damage":0.0,"enemies":"2 Fungi Beasts","floor":5.0,"turns":4.0},{"damage":37.0,"enemies":"Gremlin Nob","floor":7.0,"turns":6.0},{"damage":16.0,"enemies":"3 Sentries","floor":10.0,"turns":8.0},{"damage":0.0,"enemies":"Lots of Slimes","floor":13.0,"turns":1.0},{"damage":2.0,"enemies":"Exordium Wildlife","floor":14.0,"turns":3.0},{"damage":26,"enemies":"The Guardian","floor":16,"turns":2}],"seed_played":"-1715056223939763238","potions_obtained":[{"floor":1.0,"key":"Dexterity Potion"},{"floor":5.0,"key":"GhostInAJar"},{"floor":13.0,"key":"Fruit Juice"}],"is_trial":false,"path_per_floor":["M","M","M","$","M","R","E","R","T","E","?","?","M","M","R","B"],"character_chosen":"THE_SILENT","items_purchased":[],"campfire_rested":2,"item_purchase_floors":[],"current_hp_per_floor":[56,53,46,46,46,46,9,28,28,14,14,7,9,7,26,0,0],"gold":181,"neow_bonus":"REMOVE_CARD","is_daily":false,"chose_seed":false,"campfire_upgraded":1,"win_rate":0.0,"timestamp":1613394318,"path_taken":["M","M","M","$","M","R","E","R","T","E","?","?","M","M","R","BOSS"],"items_purchased_type":[],"build_version":"2020-12-22","purchased_purges":1,"victory":false,"max_hp_per_floor":[66,66,66,66,66,66,66,66,66,68,62,62,64,64,64,64,64],"card_choices":[{"not_picked":["Backstab","Footwork"],"picked":"Dagger Spray","floor":1.0},{"not_picked":["Quick Slash","Bane"],"picked":"Acrobatics","floor":2.0},{"not_picked":["Sucker Punch","Dagger Spray"],"picked":"Reflex","floor":3.0},{"not_picked":["Bane","Slice"],"picked":"Blade Dance","floor":5.0},{"not_picked":["Bouncing Flask","Distraction","Reflex"],"picked":"SKIP","floor":7.0},{"not_picked":["Blade Dance","PiercingWail","Deflect"],"picked":"Singing Bowl","floor":10.0},{"not_picked":["Burst","Distraction","Quick Slash"],"picked":"Singing Bowl","floor":13.0},{"not_picked":["Acrobatics","Footwork"],"picked":"Backflip","floor":14.0}],"player_experience":391193,"relics_obtained":[{"floor":7.0,"key":"Gremlin Horn"},{"floor":9.0,"key":"Singing Bowl"},{"floor":10.0,"key":"Mercury Hourglass"}],"event_choices":[{"damage_healed":0.0,"max_hp_gain":0.0,"max_hp_loss":6.0,"gold_gain":0.0,"event_name":"Golden Idol","player_choice":"Lose Max HP","floor":11.0,"gold_loss":0.0,"damage_taken":0.0,"relics_obtained":["Golden Idol"]},{"cards_removed":["Strike_G"],"damage_healed":0.0,"max_hp_gain":0.0,"max_hp_loss":0.0,"gold_gain":0.0,"event_name":"Golden Wing","player_choice":"Card Removal","floor":12.0,"gold_loss":0.0,"damage_taken":7.0}],"is_beta":false,"boss_relics":[],"items_purged_floors":[4],"is_endless":false,"potions_floor_spawned":[1,5,13],"killed_by":"The Guardian","ascension_level":20}}