{"host":"pj05r22d3fegil3v","time":1613421078,"event":{"mods":["BaseMod","Better Altar","Better Match","Better Note","Better Sensory Stone","Better Skull","Better Third Choice","BetterRewards","Card Filter","Colored Powertips","Curses Come First","DeckTracker","Displayed Cursed Tome","Minty Spire (QoL Compilation)","Quick Restart","Rare Cards Sparkle","Relic Filter Mod","Smile Girya","StSLib","everything is the same but u backflip on backflip","slay the spire mod where everything is the same but ironclad has a cowboy hat"],"gold_per_floor":[115,115,133,156,156,156,177,211,292,315,315,350,350,363,363,494,494,514,514,514,528,528,528,540,540,540,42,54,54,4,17,17,121,121,136,185,204,204,254,287,287,44,44,44,61,61,92,42,42,42,42,42,42,42,42],"floor_reached":54,"language":"ENG","playtime":3821,"items_purged":["Defend_P","Strike_P","Strike_P","Strike_P"],"score":791,"play_id":"5340c636-a0b4-4e82-a57c-5a84682a7d6d","local_time":"20210215153118","is_ascension_mode":true,"campfire_choices":[{"floor":6,"key":"REST"},{"data":"Apotheosis","floor":11,"key":"SMITH"},{"data":"FlurryOfBlows","floor":13,"key":"SMITH"},{"data":"Study","floor":15,"key":"SMITH"},{"floor":23,"key":"REST"},{"floor":29,"key":"REST"},{"floor":32,"key":"REST"},{"data":"Defend_P","floor":41,"key":"PURGE"},{"data":"Strike_P","floor":44,"key":"PURGE"},{"data":"Defend_P","floor":46,"key":"PURGE"},{"floor":49,"key":"RECALL"},{"data":"Defend_P","floor":52,"key":"PURGE"}],"circlet_count":0,"master_deck":["Eruption","Vigilance","Apotheosis+1","ClearTheMind","Vengeance+1","FlurryOfBlows+1","EmptyBody","EmptyBody","FearNoEvil","ClearTheMind","Study+1","Crescendo+1","DevaForm","Adaptation","InnerPeace+1","Adaptation+1","Crescendo+1","Devotion+1","TalkToTheHand+1","Fasting2+1","MentalFortress+1","Panache+1"],"relics":["PureWater","Shovel","Dream Catcher","Bloody Idol","Boot","Juzu Bracelet","Shuriken","Smiling Mask","VioletLotus","Blood Vial","Frozen Egg 2","Damaru","SlaversCollar","Pocketwatch","TungstenRod","Peace Pipe","Vajra","Darkstone Periapt"],"acts_visited":["Exordium","TheCity","TheBeyond","TheEnding"],"potions_floor_usage":[4,16,28,28,31,36,45,50,54],"damage_taken":[{"damage":6,"enemies":"Cultist","floor":1,"turns":4},{"damage":0,"enemies":"Small Slimes","floor":3,"turns":2},{"damage":0,"enemies":"2 Louse","floor":4,"turns":2},{"damage":0,"enemies":"Large Slime","floor":7,"turns":3},{"damage":0,"enemies":"Lagavulin","floor":8,"turns":6},{"damage":0,"enemies":"Exordium Thugs","floor":10,"turns":2},{"damage":0,"enemies":"3 Sentries","floor":12,"turns":4},{"damage":0,"enemies":"3 Louse","floor":14,"turns":3},{"damage":20,"enemies":"Hexaghost","floor":16,"turns":6},{"damage":6,"enemies":"Chosen","floor":18,"turns":5},{"damage":10,"enemies":"Spheric Guardian","floor":21,"turns":3},{"damage":41,"enemies":"Chosen and Byrds","floor":24,"turns":7},{"damage":10,"enemies":"Cultist and Chosen","floor":28,"turns":6},{"damage":15,"enemies":"Snake Plant","floor":31,"turns":4},{"damage":16,"enemies":"Champ","floor":33,"turns":7},{"damage":26,"enemies":"3 Shapes","floor":35,"turns":6},{"damage":22,"enemies":"2 Orb Walkers","floor":36,"turns":4},{"damage":19,"enemies":"3 Darklings","floor":37,"turns":6},{"damage":0,"enemies":"Mind Bloom Boss Battle","floor":39,"turns":4},{"damage":2,"enemies":"Giant Head","floor":40,"turns":7},{"damage":15,"enemies":"Jaw Worm Horde","floor":45,"turns":4},{"damage":40,"enemies":"Reptomancer","floor":47,"turns":3},{"damage":4,"enemies":"Donu and Deca","floor":50,"turns":5},{"damage":59,"enemies":"Shield and Spear","floor":54,"turns":3}],"seed_played":"-5178924514246019482","potions_obtained":[{"floor":1,"key":"Fire Potion"},{"floor":10,"key":"Dexterity Potion"},{"floor":12,"key":"StancePotion"},{"floor":18,"key":"ColorlessPotion"},{"floor":33,"key":"Strength Potion"},{"floor":39,"key":"Weak Potion"},{"floor":45,"key":"SpeedPotion"},{"floor":47,"key":"DuplicationPotion"}],"is_trial":false,"path_per_floor":["M","?","M","M","?","R","M","E","T","M","R","E","R","M","R","B",null,"M","?","?","M","?","R","M","?","T","$","M","R","$","M","R","B",null,"M","?","M","?","?","E","R","$","T","R","M","R","E","$","R","B",null,"R","$","E"],"character_chosen":"WATCHER","items_purchased":["Apotheosis","Dream Catcher","BottledMiracle","Frozen Egg 2","Adaptation+1","Damaru","MentalFortress+1","Panache+1"],"campfire_rested":4,"item_purchase_floors":[0,0,0,27,27,27,42,42],"current_hp_per_floor":[66,66,66,66,41,61,61,61,61,61,61,61,61,61,61,41,67,61,43,43,40,27,47,13,13,13,13,10,30,30,22,42,33,67,46,31,19,59,59,59,59,59,59,59,49,49,16,16,16,14,59,59,59,0,0],"gold":42,"neow_bonus":"","is_daily":false,"chose_seed":false,"campfire_upgraded":3,"win_rate":0.0,"timestamp":1613421078,"path_taken":["M","?","M","M","?","R","M","E","T","M","R","E","R","M","R","BOSS","M","?","?","M","?","R","M","?","T","$","M","R","$","M","R","BOSS","M","?","M","?","?","E","R","$","T","R","M","R","E","$","R","BOSS","R","$","E"],"items_purchased_type":["Card","Relic","Potion","Relic","Card","Relic","Card","Card"],"build_version":"2020-12-22","purchased_purges":4,"victory":false,"max_hp_per_floor":[72,67,67,67,67,67,67,67,67,67,67,67,67,67,67,67,67,67,67,67,67,67,67,67,67,67,67,67,67,67,67,67,67,67,67,67,67,59,59,59,59,59,59,59,59,59,59,59,59,59,59,59,59,59,59],"card_choices":[{"not_picked":["Protect","Swivel"],"picked":"ClearTheMind","floor":1},{"not_picked":["WindmillStrike","Wallop"],"picked":"Vengeance","floor":3},{"not_picked":["ClearTheMind","Halt"],"picked":"FlurryOfBlows","floor":4},{"not_picked":["WaveOfTheHand","ClearTheMind"],"picked":"EmptyBody","floor":6},{"not_picked":["Protect","Prostrate"],"picked":"EmptyBody","floor":7},{"not_picked":["SashWhip","Wallop"],"picked":"FearNoEvil","floor":8},{"not_picked":["WindmillStrike","PathToVictory"],"picked":"ClearTheMind","floor":10},{"not_picked":["Swivel","PathToVictory","EmptyFist"],"picked":"SKIP","floor":12},{"not_picked":["EmptyFist","Conclude"],"picked":"Study","floor":14},{"not_picked":["Prostrate+1","PathToVictory"],"picked":"Crescendo+1","floor":18},{"not_picked":["ConjureBlade","Prostrate","BowlingBash"],"picked":"SKIP","floor":21},{"not_picked":["Protect","ThirdEye"],"picked":"Adaptation","floor":23},{"not_picked":["Evaluate","FlyingSleeves+1"],"picked":"InnerPeace+1","floor":24},{"not_picked":["Halt","Evaluate"],"picked":"Crescendo+1","floor":28},{"not_picked":["BowlingBash","ThirdEye+1","Prostrate+1"],"picked":"SKIP","floor":31},{"not_picked":["Omniscience","DevaForm+1"],"picked":"Devotion+1","floor":33},{"not_picked":["BowlingBash+1","EmptyBody+1","FearNoEvil+1"],"picked":"SKIP","floor":35},{"not_picked":["DeceiveReality","JustLucky+1"],"picked":"TalkToTheHand+1","floor":36},{"not_picked":["DeceiveReality","Vengeance+1","FlyingSleeves"],"picked":"SKIP","floor":37},{"not_picked":["CarveReality+1","Consecrate+1"],"picked":"Fasting2+1","floor":39},{"not_picked":["CrushJoints","FollowUp+1","Evaluate"],"picked":"SKIP","floor":40},{"not_picked":["LessonLearned","Prostrate+1","ClearTheMind"],"picked":"SKIP","floor":45},{"not_picked":["Halt","Crescendo+1","Conclude+1"],"picked":"SKIP","floor":47}],"player_experience":93820,"relics_obtained":[{"floor":8,"key":"Juzu Bracelet"},{"floor":9,"key":"Shuriken"},{"floor":12,"key":"Smiling Mask"},{"floor":36,"key":"Pocketwatch"},{"floor":39,"key":"TungstenRod"},{"floor":40,"key":"Peace Pipe"},{"floor":43,"key":"Vajra"},{"floor":47,"key":"Darkstone Periapt"}],"event_choices":[{"damage_healed":0,"gold_gain":0,"player_choice":"Lose Max HP","damage_taken":0,"relics_obtained":["Golden Idol"],"max_hp_gain":0,"max_hp_loss":5,"event_name":"Golden Idol","floor":2,"gold_loss":0},{"damage_healed":0,"gold_gain":0,"player_choice":"Relic ","damage_taken":25,"max_hp_gain":0,"max_hp_loss":0,"event_name":"betterThird:BetterScrap","floor":5,"gold_loss":0,"cards_obtained":["Setup"]},{"damage_healed":0,"gold_gain":0,"player_choice":" GoldIdol Vial ","damage_taken":18,"relics_obtained":["Bloody Idol","Blood Vial"],"max_hp_gain":61,"max_hp_loss":43,"event_name":"betterAltar:BetterAltar","floor":19,"potions_obtained":[],"relics_lost":["Golden Idol"],"gold_loss":0},{"damage_healed":0,"gold_gain":0,"player_choice":"Upgraded","damage_taken":0,"max_hp_gain":0,"max_hp_loss":0,"event_name":"Upgrade Shrine","floor":20,"gold_loss":0,"cards_upgraded":["Vengeance"]},{"damage_healed":0,"gold_gain":2,"player_choice":"2","damage_taken":0,"max_hp_gain":0,"max_hp_loss":13,"event_name":"betterStone:BetterStone","floor":22,"gold_loss":0},{"damage_healed":0,"gold_gain":0,"player_choice":"Ignored","damage_taken":0,"max_hp_gain":0,"max_hp_loss":0,"event_name":"The Mausoleum","floor":25,"gold_loss":0},{"damage_healed":0,"gold_gain":0,"player_choice":"Fight","damage_taken":0,"max_hp_gain":0,"max_hp_loss":0,"event_name":"Mysterious Sphere","floor":36,"gold_loss":0},{"damage_healed":59,"gold_gain":0,"player_choice":"Heal","damage_taken":0,"max_hp_gain":0,"max_hp_loss":8,"event_name":"The Moai Head","floor":38,"gold_loss":0},{"damage_healed":0,"gold_gain":0,"player_choice":"Fight","damage_taken":0,"max_hp_gain":0,"max_hp_loss":0,"event_name":"MindBloom","floor":39,"gold_loss":0}],"is_beta":false,"boss_relics":[{"not_picked":["Empty Cage","Runic Dome"],"picked":"VioletLotus"},{"not_picked":["Velvet Choker","Black Star"],"picked":"SlaversCollar"}],"items_purged_floors":[0,27,30,48],"is_endless":false,"potions_floor_spawned":[1,10,12,14,18,24,33,39,45,47],"killed_by":"Shield and Spear","ascension_level":1}}