{"host":"0xtpc43j5kblke7u","time":1613371252,"event":{"mods":["AchievementEnabler","BaseMod","Colored Map","Highlight Path","Minty Spire (QoL Compilation)"],"gold_per_floor":[116,132,132,307,46,77,117,117,143,166,166,241,257,15,15,138,138,157,157,256,256,256,256,277,320,368,368,20,44,85,85,85,206,269,290,310,62,77,77,120,120,120,120,120,69,102,102,165,165,165,165],"floor_reached":50,"language":"ENG","playtime":2714,"items_purged":["Doubt","Strike_B"],"score":847,"play_id":"29369221-bd98-4471-bf65-ccccb68c5012","local_time":"20210215014052","is_ascension_mode":true,"campfire_choices":[{"data":"Defragment","floor":11,"key":"SMITH"},{"floor":15,"key":"REST"},{"data":"Defragment","floor":23,"key":"SMITH"},{"data":"Zap","floor":27,"key":"SMITH"},{"floor":32,"key":"REST"},{"floor":41,"key":"REST"},{"data":"Dualcast","floor":44,"key":"SMITH"},{"data":"Reinforced Body","floor":49,"key":"SMITH"}],"circlet_count":0,"master_deck":["Strike_B","Strike_B","Defend_B","Defend_B","Defend_B","Defend_B","Zap+1","Dualcast+1","Dramatic Entrance","Darkness","Steam","Ball Lightning","Conserve Battery","Dark Shackles","Barrage","Defragment+1","Glacier","Defragment+1","Go for the Eyes","Multi-Cast","Doom and Gloom+1","FTL","Conserve Battery","Conserve Battery+1","Reinforced Body+1"],"relics":["Cracked Core","Golden Idol","WingedGreaves","PreservedInsect","StrikeDummy","Orichalcum","DataDisk","Busted Crown","Centennial Puzzle","Bronze Scales","Bag of Marbles","Vajra","Tiny House","Blood Vial","Art of War","Bottled Flame","Meat on the Bone","FossilizedHelix"],"acts_visited":["Exordium","TheCity","TheBeyond"],"potions_floor_usage":[6,6,22,25,30,33,33,35,40,46,47,50,50],"damage_taken":[{"damage":2,"enemies":"Jaw Worm","floor":1,"turns":2},{"damage":0,"enemies":"Small Slimes","floor":2,"turns":3},{"damage":7,"enemies":"Lagavulin","floor":6,"turns":4},{"damage":32,"enemies":"Gremlin Nob","floor":7,"turns":4},{"damage":1,"enemies":"Cultist","floor":10,"turns":3},{"damage":0,"enemies":"3 Louse","floor":13,"turns":2},{"damage":4,"enemies":"The Guardian","floor":16,"turns":8},{"damage":7,"enemies":"Chosen","floor":18,"turns":3},{"damage":0,"enemies":"2 Thieves","floor":22,"turns":1},{"damage":7,"enemies":"Snake Plant","floor":24,"turns":5},{"damage":3,"enemies":"Book of Stabbing","floor":25,"turns":4},{"damage":9,"enemies":"Chosen and Byrds","floor":29,"turns":4},{"damage":0,"enemies":"Slavers","floor":30,"turns":3},{"damage":32,"enemies":"Collector","floor":33,"turns":9},{"damage":4,"enemies":"Orb Walker","floor":35,"turns":3},{"damage":4,"enemies":"3 Darklings","floor":36,"turns":5},{"damage":20,"enemies":"Spire Growth","floor":38,"turns":5},{"damage":28,"enemies":"Nemesis","floor":40,"turns":5},{"damage":17,"enemies":"Reptomancer","floor":46,"turns":4},{"damage":0,"enemies":"Writhing Mass","floor":47,"turns":1},{"damage":0,"enemies":"Mind Bloom Boss Battle","floor":48,"turns":6},{"damage":61,"enemies":"Awakened One","floor":50,"turns":11}],"seed_played":"-2013958808954553567","potions_obtained":[{"floor":1,"key":"FearPotion"},{"floor":2,"key":"SkillPotion"},{"floor":13,"key":"Strength Potion"},{"floor":16,"key":"Fire Potion"},{"floor":18,"key":"SmokeBomb"},{"floor":29,"key":"LiquidBronze"},{"floor":30,"key":"SmokeBomb"},{"floor":34,"key":"Block Potion"},{"floor":38,"key":"EssenceOfSteel"},{"floor":40,"key":"Swift Potion"},{"floor":48,"key":"Block Potion"}],"is_trial":false,"path_per_floor":["M","M","?","?","$","E","E","T","T","M","R","?","M","$","R","B",null,"M","?","?","?","M","R","M","E","T","R","$","M","E","$","R","B",null,"M","M","$","M","?","E","R","?","T","R","$","E","M","?","R","B"],"character_chosen":"DEFECT","items_purchased":["Ball Lightning","Conserve Battery","Dark Shackles","Defragment","DataDisk","Go for the Eyes","Doom and Gloom","Bag of Marbles","Explosive Potion","FTL","Blood Vial","BlessingOfTheForge"],"campfire_rested":3,"item_purchase_floors":[5,5,5,14,14,14,28,28,28,28,37,45],"current_hp_per_floor":[66,66,66,66,66,59,27,27,27,26,26,15,15,15,35,31,60,53,53,53,53,53,53,46,43,43,43,43,34,34,34,54,22,62,58,54,54,36,36,10,32,65,65,65,65,48,50,52,52,0,0],"gold":165,"neow_bonus":"RANDOM_COLORLESS","is_daily":false,"chose_seed":false,"campfire_upgraded":5,"win_rate":0.0,"timestamp":1613371252,"path_taken":["M","M","?","?","$","E","E","?","T","M","R","?","?","?","R","BOSS","M","?","?","?","M","R","M","E","T","R","$","?","E","?","R","BOSS","M","?","$","?","?","E","R","?","T","R","?","E","?","?","R","BOSS"],"items_purchased_type":["Card","Card","Card","Card","Relic","Card","Card","Relic","Potion","Card","Relic","Potion"],"build_version":"2020-12-22","purchased_purges":2,"victory":false,"max_hp_per_floor":[75,75,69,69,69,69,69,69,69,69,69,69,69,69,69,69,69,69,69,69,69,69,69,69,69,69,69,69,69,69,69,69,69,74,74,74,74,74,74,74,74,65,65,65,65,65,65,65,65,65,65],"card_choices":[{"not_picked":["Purity","Trip"],"picked":"Dramatic Entrance","floor":0},{"not_picked":["Genetic Algorithm","Turbo"],"picked":"Darkness","floor":1},{"not_picked":["Stack","Blizzard"],"picked":"Steam","floor":2},{"not_picked":["Rebound","Ball Lightning"],"picked":"Barrage","floor":6},{"not_picked":["Buffer","Machine Learning"],"picked":"Defragment","floor":7},{"not_picked":["Steam","Rip and Tear"],"picked":"Glacier","floor":10},{"not_picked":["Blizzard","Steam","Barrage"],"picked":"SKIP","floor":13},{"not_picked":["Hyperbeam","Thunder Strike"],"picked":"Multi-Cast","floor":16},{"not_picked":["Go for the Eyes"],"picked":"SKIP","floor":18},{"not_picked":["Chill+1"],"picked":"SKIP","floor":24},{"not_picked":["Steam"],"picked":"SKIP","floor":25},{"not_picked":["Sweeping Beam"],"picked":"SKIP","floor":29},{"not_picked":[],"picked":"Conserve Battery","floor":30},{"not_picked":[],"picked":"Conserve Battery+1","floor":34},{"not_picked":[],"picked":"Reinforced Body","floor":35},{"not_picked":["Conserve Battery+1"],"picked":"SKIP","floor":36},{"not_picked":["Redo"],"picked":"SKIP","floor":38},{"not_picked":["Hello World+1"],"picked":"SKIP","floor":40},{"not_picked":["Meteor Strike"],"picked":"SKIP","floor":46}],"player_experience":682053,"relics_obtained":[{"floor":6,"key":"WingedGreaves"},{"floor":7,"key":"PreservedInsect"},{"floor":8,"key":"StrikeDummy"},{"floor":9,"key":"Orichalcum"},{"floor":25,"key":"Centennial Puzzle"},{"floor":26,"key":"Bronze Scales"},{"floor":30,"key":"Vajra"},{"floor":40,"key":"Art of War"},{"floor":43,"key":"Bottled Flame"},{"floor":46,"key":"Meat on the Bone"},{"floor":48,"key":"FossilizedHelix"}],"event_choices":[{"damage_healed":0,"gold_gain":0,"player_choice":"Lose Max HP","damage_taken":0,"relics_obtained":["Golden Idol"],"max_hp_gain":0,"max_hp_loss":6,"event_name":"Golden Idol","floor":3,"gold_loss":0},{"damage_healed":0,"gold_gain":175,"player_choice":"AGREE","damage_taken":0,"max_hp_gain":0,"max_hp_loss":0,"event_name":"Liars Game","floor":4,"gold_loss":0,"cards_obtained":["Doubt"]},{"damage_healed":0,"gold_gain":75,"player_choice":"Gather Gold","damage_taken":11,"max_hp_gain":0,"max_hp_loss":0,"event_name":"World of Goop","floor":12,"gold_loss":0},{"damage_healed":0,"gold_gain":0,"player_choice":"Ignored","damage_taken":0,"max_hp_gain":0,"max_hp_loss":0,"event_name":"Vampires","floor":19,"gold_loss":0},{"damage_healed":0,"gold_gain":99,"player_choice":"Stole From Cult","damage_taken":0,"max_hp_gain":0,"max_hp_loss":0,"event_name":"Nest","floor":20,"gold_loss":0},{"cards_removed":["Strike_B"],"damage_healed":0,"gold_gain":0,"player_choice":"Offered Basic","damage_taken":0,"max_hp_gain":0,"max_hp_loss":0,"event_name":"Bonfire Elementals","floor":21,"gold_loss":0},{"damage_healed":0,"gold_gain":0,"player_choice":"Ignored","damage_taken":0,"max_hp_gain":0,"max_hp_loss":0,"event_name":"Mysterious Sphere","floor":39,"gold_loss":0},{"damage_healed":65,"gold_gain":0,"player_choice":"Heal","damage_taken":0,"max_hp_gain":0,"max_hp_loss":9,"event_name":"The Moai Head","floor":42,"gold_loss":0},{"damage_healed":0,"gold_gain":0,"player_choice":"Fight","damage_taken":0,"max_hp_gain":0,"max_hp_loss":0,"event_name":"MindBloom","floor":48,"gold_loss":0}],"is_beta":false,"boss_relics":[{"not_picked":["Velvet Choker","Philosopher\u0027s Stone"],"picked":"Busted Crown"},{"not_picked":["Runic Pyramid","Empty Cage"],"picked":"Tiny House"}],"items_purged_floors":[5,37],"is_endless":false,"potions_floor_spawned":[1,2,13,16,18,29,30,38,40,48],"killed_by":"Awakened One","ascension_level":8}}