{"host":"2eh6kef149pfh93v","time":1613361224,"event":{"mods":["2.2 Compatiblity","Act Like it!","Aspiration","BaseMod","Clockwork Mod","Conspire","Energized Spire","Gensokyo","GifTheSpireLib","Hero for Fun","Hubris","Infinite Spire","Marisa????????","Minty Spire (QoL Compilation)","Reliquary","Replay The Spire","Shop Mod","StSLib","Stuff the Spire","The Servant 0.9.4","Waifu the Spire","Yakumo Yukari mod"],"gold_per_floor":[144,144,0,0,0,78,108,8,8,50,50,89,191,35,35,347,347,404,539,0,300,300,300,300,342,420,525,573,573,573,624,624,933,933,984,433,433,456,456,396,396,396,396,396,444,504,504,504,504,504],"floor_reached":51,"language":"ENG","playtime":1343,"items_purged":[],"score":865,"play_id":"0c20f7cb-6212-4ccb-bc28-9024296e8082","local_time":"20210214225344","daily_mods":["Specialized","Vintage","Heirloom","Time Dilation","Flight","Lethality","Midas"],"is_ascension_mode":false,"campfire_choices":[{"floor":15,"key":"DIG"},{"floor":23,"key":"REST"},{"floor":29,"key":"REST"},{"floor":32,"key":"REST"},{"floor":44,"key":"REST"},{"floor":49,"key":"DIG"}],"circlet_count":0,"master_deck":["Strike_S+1","Strike_S+1","Strike_S+1","Defend_S","Defend_S","Defend_S","Defend_S","KidneyShot","Exchange","Desolation+1","Desolation","Desolation+1","Desolation","Desolation+1","Misdirection","BottledTime+1","KillingDoll+1","Desolation","Desolation","Contraction","Rearm","Gensokyo:ShootingStar","Gensokyo:CustomPotion","StuffTheSpire:BrainWave","Omniscience+1","Pot Of Greed","Pot Of Greed","Pot Of Greed"],"relics":["SplendidAttire","Replay:Kaleidoscope","reliquary:Knoch","Orichalcum","Smiling Mask","StuffTheSpire:HeavyRock","StrikeDummy","Replay:Bottled Steam","White Beast Statue","Thread and Needle","reliquary:Buckler","StuffTheSpire:BottledEssence","Dream Catcher","reliquary:WeakTea","Centennial Puzzle","Lizard Tail","hubris:BundleOfHerbs","Gensokyo:RedStar","conspire:DecoderRing","StuffTheSpire:PointBlank","Golden Egg","reliquary:PurpleTingedLeaf","Bronze Scales","Replay:Grab Bag","energizedSpire:NeverEndingSparkler","energizedSpire:OgreHead","aspiration:WatcherSkillbook","Durian","Sling","Replay:Bottled Snecko","hubris:Towel","Replay:Mystery Machine","hubris:Icosahedron","Omamori","hubris:SlimyHat","Centennial Puzzle","Ring of Panic","Ring of Misfortune","Grinning Jar"],"acts_visited":["Gensokyo:Gensokyo","Gensokyo:Gensokyoer","Gensokyo:Gensokyoest"],"potions_floor_usage":[12,12,13,18,18,21,21,27,27,27,27,33,33,50,50],"damage_taken":[{"damage":0,"enemies":"Gensokyo:Gryphon","floor":1,"turns":1},{"damage":3,"enemies":"Gensokyo:Aya","floor":6,"turns":3},{"damage":0,"enemies":"Gensokyo:Python","floor":7,"turns":2},{"damage":0,"enemies":"Gensokyo:3_Fairies","floor":10,"turns":2},{"damage":0,"enemies":"Gensokyo:Gryphon_and_Rabbit","floor":12,"turns":1},{"damage":12,"enemies":"Gensokyo:Cirno","floor":13,"turns":5},{"damage":8,"enemies":"Gensokyo:Kokoro","floor":16,"turns":5},{"damage":4,"enemies":"Gensokyo:3_Dogs","floor":18,"turns":2},{"damage":7,"enemies":"Gensokyo:3_Dogs","floor":21,"turns":6},{"damage":5,"enemies":"Gensokyo:AngelMirror","floor":25,"turns":1},{"damage":0,"enemies":"Gensokyo:Koishi","floor":27,"turns":2},{"damage":0,"enemies":"Gensokyo:Chomper_and_Gloop","floor":28,"turns":3},{"damage":10,"enemies":"Gensokyo:Slime_Group","floor":31,"turns":3},{"damage":0,"enemies":"Gensokyo:Eiki","floor":33,"turns":1},{"damage":0,"enemies":"Gensokyo:3_Boulders","floor":35,"turns":3},{"damage":0,"enemies":"Gensokyo:AncientGuardian","floor":46,"turns":1},{"damage":17,"enemies":"Gensokyo:Scarlet_Devils","floor":50,"turns":6}],"seed_played":"6481565962573883313","potions_obtained":[{"floor":6,"key":"Fire Potion"},{"floor":7,"key":"AttackPotion"},{"floor":12,"key":"SkillPotion"},{"floor":13,"key":"BlessingOfTheForge"},{"floor":16,"key":"LiquidMemories"},{"floor":18,"key":"SteroidPotion"},{"floor":19,"key":"Explosive Potion"},{"floor":19,"key":"FearPotion"},{"floor":21,"key":"Energy Potion"},{"floor":25,"key":"PowerPotion"},{"floor":27,"key":"Fruit Juice"},{"floor":28,"key":"SteroidPotion"},{"floor":31,"key":"FearPotion"},{"floor":33,"key":"EssenceOfSteel"},{"floor":35,"key":"AttackPotion"},{"floor":46,"key":"Elixir"}],"is_trial":true,"path_per_floor":["M","?","$","?","?","E","M","?","T","M","$","M","E","$","R","B",null,"M","?","?","?","?","R","$","M","T","E","M","R","?","M","R","B",null,"M","$","?","T","?","?","R","?","T","R","T","M","?","?","R","B",null],"character_chosen":"THE_SERVANT","items_purchased":["Orichalcum","StuffTheSpire:BottledEssence","Sling","reliquary:TatteredRug","Replay:Bottled Snecko"],"campfire_rested":4,"item_purchase_floors":[3,14,36,36,36],"current_hp_per_floor":[65,65,65,65,65,62,62,62,62,62,62,62,50,50,50,42,65,61,61,61,54,54,65,65,60,60,65,65,70,70,61,70,70,70,75,75,75,75,75,75,75,75,75,75,75,75,75,75,75,58],"gold":504,"neow_bonus":"","is_daily":false,"chose_seed":false,"campfire_upgraded":0,"win_rate":0.0,"timestamp":1613361224,"path_taken":["M","?","?","?","?","E","?","?","T","?","?","M","E","?","R","BOSS","M","?","?","?","?","R","?","?","T","E","?","R","?","M","R","BOSS","M","$","?","?","?","?","R","?","T","R","?","?","?","?","R","BOSS"],"items_purchased_type":["Relic","Relic","Relic","Relic","Relic"],"build_version":"2020-12-22","purchased_purges":0,"victory":true,"max_hp_per_floor":[65,65,65,65,65,65,65,65,65,65,65,65,65,65,65,65,65,65,65,65,65,65,65,65,65,65,70,70,70,70,70,70,70,70,75,75,75,75,75,75,75,75,75,75,75,75,75,75,75,75],"card_choices":[{"not_picked":["MoonPhase","Revamp"],"picked":"Misdirection","floor":5},{"not_picked":["Ricochet","Starlight"],"picked":"BottledTime","floor":5},{"not_picked":["RealityMarble","Moondial","Replace"],"picked":"SKIP","floor":6},{"not_picked":["RealityMarble","Unruled","Reset"],"picked":"SKIP","floor":13},{"not_picked":["Initiator","FlawlessForm"],"picked":"KillingDoll","floor":16},{"not_picked":["DualDimension","TimeWarp"],"picked":"Desolation","floor":19},{"not_picked":["ShatteredReality+1","BestPractice"],"picked":"Desolation","floor":27},{"not_picked":["ShatteredReality","Defy+1"],"picked":"Contraction","floor":29},{"not_picked":["Starlight+1","DualDimension"],"picked":"Rearm","floor":32},{"not_picked":[],"picked":"Gensokyo:ShootingStar","floor":33},{"not_picked":["StuffTheSpire:CelestialWarden","StuffTheSpire:Harmony"],"picked":"StuffTheSpire:BrainWave","floor":42}],"player_experience":6488,"relics_obtained":[{"floor":1,"key":"reliquary:Knoch"},{"floor":6,"key":"Smiling Mask"},{"floor":7,"key":"StuffTheSpire:HeavyRock"},{"floor":9,"key":"Replay:Bottled Steam"},{"floor":10,"key":"White Beast Statue"},{"floor":12,"key":"Thread and Needle"},{"floor":13,"key":"reliquary:Buckler"},{"floor":15,"key":"Dream Catcher"},{"floor":18,"key":"reliquary:WeakTea"},{"floor":19,"key":"Centennial Puzzle"},{"floor":21,"key":"Lizard Tail"},{"floor":21,"key":"hubris:BundleOfHerbs"},{"floor":25,"key":"conspire:DecoderRing"},{"floor":26,"key":"StuffTheSpire:PointBlank"},{"floor":27,"key":"Golden Egg"},{"floor":28,"key":"reliquary:PurpleTingedLeaf"},{"floor":31,"key":"Bronze Scales"},{"floor":35,"key":"Durian"},{"floor":38,"key":"Replay:Mystery Machine"},{"floor":43,"key":"Omamori"},{"floor":45,"key":"hubris:SlimyHat"},{"floor":46,"key":"reliquary:SculptingSteel"},{"floor":47,"key":"Ring of Panic"},{"floor":47,"key":"Ring of Misfortune"},{"floor":49,"key":"Grinning Jar"}],"event_choices":[],"is_beta":false,"boss_relics":[{"not_picked":["hubris:Backtick","Fusion Hammer"],"picked":"SplendidAttire"},{"not_picked":["Runic Dome","aspiration:FutureDiary"],"picked":"Replay:Grab Bag"},{"not_picked":["Cursed Key","Abe\u0027s Treasure"],"picked":"energizedSpire:NeverEndingSparkler"},{"not_picked":["StuffTheSpire:RunicConfusion","energizedSpire:DeadBattery"],"picked":"energizedSpire:OgreHead"},{"not_picked":["Snecko Heart","Snecko Eye"],"picked":"aspiration:WatcherSkillbook"}],"items_purged_floors":[],"is_endless":false,"potions_floor_spawned":[6,7,12,13,16,18,21,25,27,28,31,33,35,46],"ascension_level":0}}