{"host":"sav7uxregyirlf69","time":1613378491,"event":{"mods":["AchievementEnabler","BaseMod","Colored Map","DeckTracker","Keyboard Shortcuts","Minty Spire (QoL Compilation)","READ ME - Guardian Mod","StSLib","SuperFastMode"],"gold_per_floor":[113,113,113,123,48,48,73,91,137,137,158,55,137,152,152,152,152],"floor_reached":16,"language":"KOR","playtime":221,"items_purged":["Strike_G"],"score":246,"play_id":"398c1e0b-36b1-4152-ae73-d4634639592b","local_time":"20210215174131","is_ascension_mode":true,"campfire_choices":[{"data":"Neutralize","floor":6,"key":"SMITH"},{"data":"Expertise","floor":10,"key":"SMITH"},{"data":"Quick Slash","floor":15,"key":"SMITH"}],"circlet_count":0,"master_deck":["AscendersBane","Strike_G","Strike_G","Strike_G","Strike_G+1","Defend_G","Defend_G","Defend_G","Defend_G+1","Survivor","Neutralize+1","Quick Slash+1","Grand Finale","Expertise+1","Tactician","Prepared","Leg Sweep+1"],"relics":["Ring of the Snake","NeowsBlessing","Regal Pillow","Akabeko","Odd Mushroom","Toxic Egg 2"],"acts_visited":["Exordium"],"potions_floor_usage":[16,16],"damage_taken":[{"damage":0,"enemies":"Small Slimes","floor":1,"turns":1},{"damage":0,"enemies":"2 Louse","floor":4,"turns":1},{"damage":0,"enemies":"Gremlin Nob","floor":7,"turns":1},{"damage":6,"enemies":"Cultist","floor":8,"turns":4},{"damage":26,"enemies":"The Mushroom Lair","floor":11,"turns":6},{"damage":0,"enemies":"Blue Slaver","floor":14,"turns":4},{"damage":7,"enemies":"Hexaghost","floor":16,"turns":10}],"seed_played":"-4043792037088878963","potions_obtained":[{"floor":7,"key":"PowerPotion"},{"floor":8,"key":"GhostInAJar"}],"is_trial":false,"path_per_floor":["M","?","?","M","?","R","E","M","T","R","?","$","T","M","R","B"],"character_chosen":"THE_SILENT","items_purchased":["Prepared"],"campfire_rested":0,"item_purchase_floors":[12],"current_hp_per_floor":[59,59,39,39,39,39,39,33,33,33,7,7,7,7,7,0,0],"gold":152,"neow_bonus":"THREE_ENEMY_KILL","is_daily":false,"chose_seed":false,"campfire_upgraded":3,"win_rate":0.0,"timestamp":1613378491,"path_taken":["M","?","?","M","?","R","E","M","T","R","?","$","?","M","R","BOSS"],"items_purchased_type":["Card"],"build_version":"2020-12-22","purchased_purges":1,"victory":false,"max_hp_per_floor":[66,66,66,66,66,66,66,66,66,66,66,66,66,66,66,66,66],"card_choices":[{"not_picked":["Deadly Poison","Cloak And Dagger"],"picked":"Quick Slash","floor":1},{"not_picked":["Flying Knee","Skewer","Deflect"],"picked":"SKIP","floor":4},{"not_picked":["Expertise","Bane"],"picked":"Grand Finale","floor":7},{"not_picked":["Leg Sweep","All Out Attack"],"picked":"Expertise","floor":8},{"not_picked":["Terror","Cloak And Dagger"],"picked":"Tactician","floor":11},{"not_picked":["Predator","Outmaneuver+1"],"picked":"Leg Sweep+1","floor":14}],"player_experience":1576964,"relics_obtained":[{"floor":7,"key":"Regal Pillow"},{"floor":9,"key":"Akabeko"},{"floor":11,"key":"Odd Mushroom"},{"floor":13,"key":"Toxic Egg 2"}],"event_choices":[{"damage_healed":0,"gold_gain":0,"player_choice":"Ignored","damage_taken":0,"max_hp_gain":0,"max_hp_loss":0,"event_name":"Liars Game","floor":2,"gold_loss":0},{"damage_healed":0,"gold_gain":0,"player_choice":"Entered Light","damage_taken":20,"max_hp_gain":0,"max_hp_loss":0,"event_name":"Shining Light","floor":3,"gold_loss":0,"cards_upgraded":["Defend_G","Strike_G"]},{"cards_removed":["Defend_G"],"damage_healed":0,"gold_gain":0,"player_choice":"Card Removal","damage_taken":0,"max_hp_gain":0,"max_hp_loss":0,"event_name":"The Cleric","floor":5,"gold_loss":75},{"damage_healed":0,"gold_gain":0,"player_choice":"Fought Mushrooms","damage_taken":0,"max_hp_gain":0,"max_hp_loss":0,"event_name":"Mushrooms","floor":11,"gold_loss":0}],"is_beta":false,"boss_relics":[],"items_purged_floors":[12],"is_endless":false,"potions_floor_spawned":[7,8,11],"killed_by":"Hexaghost","ascension_level":20}}