{"host":"i0jwc8fmgh9g3rhc","time":1613363082,"event":{"mods":["AchievementEnabler","Act Like it!","Aspiration","Astrologer","BaseMod","Better Altar","Better Match","Better Note","Better Sensory Stone","Better Skull","Better Third Choice","BetterRewards","Block Reminder","CCEM2","CapriCore","Colored Map","Conspire","DeckTracker","Downfall","Elementarium","Energized Spire","Gensokyo","GungeonMod","Halation","Hallownest","Hermit","Hubris","Infinite Spire","Jedi Mod","JesterMod","Jorbs\u0027s Wanderer Trilogy","Marisa????????","Mimic Mod","Minty Spire (QoL Compilation)","Pale of the Ancients","Quick Restart","RNG Fix","Rare Cards Sparkle","Replay The Spire","StSLib","The Bug Knight","The Construct","The Hierophant","The Immortal","The Jungle","The Kombatant","The Saiyan","The Senshi","The Servant 0.9.4","The Wild Card"],"gold_per_floor":[99,117,117,132,152,152,152,232,72,103,119,148,148,178,189,189,189],"floor_reached":16,"language":"ENG","playtime":999,"items_purged":[],"score":145,"play_id":"88abd230-b097-451a-8cee-4653e195e42b","local_time":"20210214222442","is_ascension_mode":false,"campfire_choices":[{"data":"Neutralize","floor":1,"key":"SMITH"},{"data":"Survivor","floor":6,"key":"SMITH"},{"floor":13,"key":"REST"}],"circlet_count":0,"master_deck":["Strike_G","Strike_G","Strike_G","Strike_G","Strike_G","Defend_G","Defend_G","Defend_G","Defend_G","Defend_G","Survivor+1","Neutralize+1","Hidden Blade","Flying Knee","hubris:SlightOfHand","Die Die Die","PiercingWail","Footwork","PiercingWail","Backstab"],"relics":["Ring of the Snake","Gensokyo:CelestialsFlawlessClothing","Juzu Bracelet","Enchiridion","jedi:arcanewood","CCEMRelics:FakeTeeth","construct:BoolHorns"],"acts_visited":["Gensokyo:Gensokyo"],"potions_floor_usage":[12,14],"damage_taken":[{"damage":0,"enemies":"Gensokyo:Python","floor":2,"turns":4},{"damage":0,"enemies":"Gensokyo:Gryphon","floor":4,"turns":6},{"damage":0,"enemies":"Gensokyo:3_Fairies","floor":5,"turns":5},{"damage":29,"enemies":"Gensokyo:Aya","floor":10,"turns":10},{"damage":0,"enemies":"Gensokyo:3_Kodama","floor":11,"turns":5},{"damage":24,"enemies":"Gensokyo:Cirno","floor":12,"turns":5},{"damage":0,"enemies":"Gensokyo:Aya","floor":14,"turns":7},{"damage":4,"enemies":"Gensokyo:Kitsune","floor":15,"turns":4},{"damage":115,"enemies":"IC_STATUS_ARCHETYPE","floor":16,"turns":15}],"seed_played":"-8424165079802480050","potions_obtained":[{"floor":10,"key":"Strength Potion"},{"floor":12,"key":"Block Potion"}],"is_trial":false,"path_per_floor":["R","M","?","M","M","R","T","?","?","E","M","E","R","E","M","B"],"character_chosen":"THE_SILENT","items_purchased":[],"campfire_rested":1,"item_purchase_floors":[],"current_hp_per_floor":[77,77,58,58,58,58,58,58,58,29,29,5,28,28,24,0,0],"gold":189,"neow_bonus":"TEN_PERCENT_HP_BONUS","is_daily":false,"chose_seed":false,"campfire_upgraded":2,"win_rate":0.0,"timestamp":1613363082,"path_taken":["R","M","?","M","?","R","T","?","?","E","M","E","R","E","M","BOSS"],"items_purchased_type":[],"build_version":"2020-12-22","purchased_purges":0,"victory":false,"max_hp_per_floor":[77,77,77,77,77,77,77,77,77,77,77,77,77,77,77,77,77],"card_choices":[{"not_picked":["hubris:SlightOfHand","hubris:TrickCloak"],"picked":"Hidden Blade","floor":2},{"not_picked":["Replay:Poison Smokescreen","hubris:SlightOfHand"],"picked":"Flying Knee","floor":4},{"not_picked":["Underhanded Strike","Well Laid Plans"],"picked":"hubris:SlightOfHand","floor":5},{"not_picked":["jedi:poisonivy","Bouncing Flask"],"picked":"Die Die Die","floor":10},{"not_picked":["Prepared","Leg Sweep"],"picked":"PiercingWail","floor":11},{"not_picked":["Eviscerate","Deadly Poison"],"picked":"Footwork","floor":12},{"not_picked":["Footwork","ReplayTheSpireMod:Necrosis"],"picked":"PiercingWail","floor":14},{"not_picked":["Acrobatics","Flying Knee"],"picked":"Backstab","floor":15}],"player_experience":41436,"relics_obtained":[{"floor":7,"key":"Juzu Bracelet"},{"floor":10,"key":"jedi:arcanewood"},{"floor":12,"key":"CCEMRelics:FakeTeeth"},{"floor":14,"key":"construct:BoolHorns"}],"event_choices":[],"is_beta":false,"boss_relics":[],"items_purged_floors":[],"is_endless":false,"potions_floor_spawned":[10,12],"killed_by":"IC_STATUS_ARCHETYPE","ascension_level":0}}