{"host":"wuernuywc9gl215o","time":1613429575,"event":{"mods":["2.2 Compatiblity","AchievementEnabler","BaseMod","Bestiary","Block Reminder","Displayed Cursed Tome","Highlight Path","Key Reminder","Minty Spire (QoL Compilation)","Permanent Neow","Potion Indicator Mod","Quick Restart","Rare Cards Sparkle","Relic Stats","ojb\u0027s Info Mod"],"gold_per_floor":[116,135,148,148,148,148,47,76,102,128,145,145,165,177,177,248,248,268,286,319,319,319,319,319],"floor_reached":23,"language":"ENG","playtime":1678,"items_purged":["Regret"],"score":376,"play_id":"8460fc19-ffd7-4adb-a3b1-70eefb26ade7","local_time":"20210215225255","is_ascension_mode":true,"campfire_choices":[{"data":"All Out Attack","floor":6.0,"key":"SMITH"},{"floor":12.0,"key":"REST"},{"data":"Blade Dance","floor":15.0,"key":"SMITH"}],"circlet_count":0,"master_deck":["AscendersBane","Strike_G+1","Strike_G+1","Strike_G+1","Strike_G+1","Defend_G+1","Defend_G+1","Defend_G+1","Defend_G+1","Defend_G+1","Survivor","Neutralize","All Out Attack+1","Bouncing Flask","Dagger Throw","Backstab","Deadly Poison","Flechettes","Bullet Time","Blade Dance+1","Poisoned Stab","Adrenaline","Calculated Gamble","Well Laid Plans","Acrobatics"],"relics":["Ring of the Snake","Anchor","Strawberry","InkBottle","MealTicket","Lizard Tail","HoveringKite","Red Mask"],"acts_visited":["Exordium","TheCity"],"potions_floor_usage":[19,21],"damage_taken":[{"damage":4.0,"enemies":"Small Slimes","floor":1.0,"turns":4.0},{"damage":0.0,"enemies":"2 Louse","floor":2.0,"turns":2.0},{"damage":0.0,"enemies":"Jaw Worm","floor":3.0,"turns":3.0},{"damage":5.0,"enemies":"3 Sentries","floor":8.0,"turns":5.0},{"damage":32.0,"enemies":"Lagavulin","floor":10.0,"turns":8.0},{"damage":0.0,"enemies":"Blue Slaver","floor":11.0,"turns":2.0},{"damage":1.0,"enemies":"Large Slime","floor":13.0,"turns":5.0},{"damage":0.0,"enemies":"2 Fungi Beasts","floor":14.0,"turns":2.0},{"damage":24.0,"enemies":"Slime Boss","floor":16.0,"turns":10.0},{"damage":8.0,"enemies":"Chosen","floor":18.0,"turns":5.0},{"damage":3,"enemies":"Spheric Guardian","floor":19,"turns":3},{"damage":52,"enemies":"Masked Bandits","floor":20,"turns":4},{"damage":0,"enemies":"Snake Plant","floor":21,"turns":2},{"damage":44,"enemies":"Book of Stabbing","floor":23,"turns":4}],"seed_played":"3560064228353498764","potions_obtained":[{"floor":1.0,"key":"Block Potion"},{"floor":3.0,"key":"AttackPotion"},{"floor":10.0,"key":"Fruit Juice"},{"floor":13.0,"key":"EssenceOfSteel"},{"floor":14.0,"key":"Block Potion"},{"floor":16.0,"key":"SmokeBomb"},{"floor":18.0,"key":"Strength Potion"}],"is_trial":false,"path_per_floor":["M","M","M","?","?","R","$","E","T","E","M","R","M","M","R","B",null,"M","M","?","M","?","E"],"character_chosen":"THE_SILENT","items_purchased":["Deadly Poison"],"campfire_rested":1,"item_purchase_floors":[7],"current_hp_per_floor":[55,55,55,55,62,62,62,57,57,25,25,46,45,50,50,26,65,57,54,2,2,2,0,0],"gold":319,"neow_bonus":"RANDOM_COMMON_RELIC","is_daily":false,"chose_seed":false,"campfire_upgraded":2,"win_rate":0.0,"timestamp":1613429575,"path_taken":["M","M","M","?","?","R","$","E","T","E","M","R","M","M","R","BOSS","M","M","?","M","?","E"],"items_purchased_type":["Card"],"build_version":"2020-12-22","purchased_purges":1,"victory":false,"max_hp_per_floor":[66,66,66,66,73,73,73,73,73,73,73,73,73,78,78,78,78,78,78,78,78,78,78,78],"relic_stats":{"Lizard Tail":39,"counters":[14,59],"HoveringKite":[9],"MealTicket":0,"obtain_stats":[{"Anchor":0,"Lizard Tail":10,"Strawberry":5,"HoveringKite":17,"MealTicket":9,"Red Mask":20,"InkBottle":8,"Ring of the Snake":0},{"Anchor":0,"Lizard Tail":5,"Strawberry":3,"HoveringKite":9,"MealTicket":4,"Red Mask":12,"InkBottle":4,"Ring of the Snake":0},{"Anchor":0,"Lizard Tail":22,"Strawberry":9,"HoveringKite":41,"MealTicket":14,"Red Mask":53,"InkBottle":14,"Ring of the Snake":0}],"InkBottle":[16],"Ring of the Snake":[28]},"card_choices":[{"not_picked":["Deflect","Backstab"],"picked":"All Out Attack","floor":1.0},{"not_picked":["Dagger Spray","Dodge and Roll"],"picked":"Bouncing Flask","floor":2.0},{"not_picked":["Eviscerate","Deflect"],"picked":"Dagger Throw","floor":3.0},{"not_picked":["Dagger Spray","Outmaneuver"],"picked":"Flechettes","floor":8.0},{"not_picked":["All Out Attack","Footwork"],"picked":"Bullet Time","floor":10.0},{"not_picked":["Terror","Flechettes","Dagger Throw"],"picked":"SKIP","floor":11.0},{"not_picked":["PiercingWail","Infinite Blades"],"picked":"Blade Dance","floor":13.0},{"not_picked":["Backstab","Underhanded Strike"],"picked":"Poisoned Stab","floor":14.0},{"not_picked":["Unload","Grand Finale"],"picked":"Adrenaline","floor":16.0},{"not_picked":["Concentrate+1","Sucker Punch"],"picked":"Calculated Gamble","floor":18.0},{"not_picked":["Expertise","Underhanded Strike"],"picked":"Well Laid Plans","floor":19},{"not_picked":["Endless Agony","Backstab+1"],"picked":"Acrobatics","floor":20}],"player_experience":979145,"relics_obtained":[{"floor":8.0,"key":"InkBottle"},{"floor":9.0,"key":"MealTicket"},{"floor":10.0,"key":"Lizard Tail"},{"floor":20,"key":"Red Mask"}],"event_choices":[{"damage_healed":0.0,"max_hp_gain":0.0,"max_hp_loss":0.0,"gold_gain":0.0,"cards_transformed":["Strike_G"],"event_name":"Living Wall","player_choice":"Change","floor":4.0,"gold_loss":0.0,"damage_taken":0.0,"cards_obtained":["Backstab"]},{"damage_healed":0.0,"max_hp_gain":0.0,"max_hp_loss":0.0,"gold_gain":0.0,"event_name":"Big Fish","player_choice":"Box","floor":5.0,"gold_loss":0.0,"damage_taken":0.0,"relics_obtained":["Strawberry"],"cards_obtained":["Regret"]},{"damage_healed":0,"gold_gain":0,"player_choice":"Fought Bandits","damage_taken":0,"max_hp_gain":0,"max_hp_loss":0,"event_name":"Masked Bandits","floor":20,"gold_loss":0},{"damage_healed":0,"gold_gain":0,"player_choice":"Simplicity","damage_taken":0,"max_hp_gain":0,"max_hp_loss":0,"event_name":"Back to Basics","floor":22,"gold_loss":0,"cards_upgraded":["Strike_G","Strike_G","Strike_G","Strike_G","Defend_G","Defend_G","Defend_G","Defend_G","Defend_G"]}],"is_beta":false,"boss_relics":[{"not_picked":["Runic Dome","Coffee Dripper"],"picked":"HoveringKite"}],"items_purged_floors":[7],"is_endless":false,"potions_floor_spawned":[1,3,10,13,14,16,18,21],"killed_by":"Book of Stabbing","ascension_level":17}}