{"host":"36t3qd3wjvajtu1z","time":1613373997,"event":{"mods":["2.2 Compatiblity","AchievementEnabler","BaseMod","Bestiary","Block Reminder","Colored Powertips","Curses Come First","Highlight Path","Minty Spire (QoL Compilation)","Permanent Neow","Quick Restart","Random Character Button","Rare Cards Sparkle","Relic Stats","Slay-I","StSLib","Unknown Chances"],"gold_per_floor":[113,133,133,58,73,73,73,89,89,107,137,137,164,178,178,277,277,289,306,8,19,0,0,0],"floor_reached":23,"language":"ENG","playtime":873,"items_purged":["Shame","Defend_B"],"score":365,"play_id":"e82d81a1-4add-4b68-a58a-8945680b2a14","local_time":"20210214232637","is_ascension_mode":true,"campfire_choices":[{"data":"Electrodynamics","floor":6.0,"key":"SMITH"},{"data":"Biased Cognition","floor":12.0,"key":"SMITH"},{"floor":15.0,"key":"REST"}],"circlet_count":0,"master_deck":["AscendersBane","Strike_B+1","Defend_B+1","Defend_B","Defend_B","Zap","Dualcast","Electrodynamics+1","FTL","Melter","Defragment","Darkness","Streamline","Chill","Biased Cognition+1","Recycle","Conserve Battery","Biased Cognition","Loop","Undo","Creative AI","Leap"],"relics":["Cracked Core","StrikeDummy","Strawberry","Vajra","Empty Cage","Membership Card"],"acts_visited":["Exordium","TheCity"],"potions_floor_usage":[16,16,18,21,23,23],"damage_taken":[{"damage":2.0,"enemies":"Jaw Worm","floor":1.0,"turns":3.0},{"damage":3.0,"enemies":"Cultist","floor":2.0,"turns":3.0},{"damage":0.0,"enemies":"Small Slimes","floor":5.0,"turns":2.0},{"damage":3.0,"enemies":"3 Louse","floor":8.0,"turns":3.0},{"damage":16.0,"enemies":"Lots of Slimes","floor":10.0,"turns":3.0},{"damage":10.0,"enemies":"Gremlin Nob","floor":11.0,"turns":3.0},{"damage":0.0,"enemies":"3 Sentries","floor":13.0,"turns":3.0},{"damage":12.0,"enemies":"Exordium Wildlife","floor":14.0,"turns":2.0},{"damage":20,"enemies":"The Guardian","floor":16,"turns":7},{"damage":15,"enemies":"Shell Parasite","floor":18,"turns":4},{"damage":15,"enemies":"3 Byrds","floor":19,"turns":4},{"damage":28,"enemies":"Centurion and Healer","floor":21,"turns":3},{"damage":0,"enemies":"Snake Plant","floor":23,"turns":1}],"seed_played":"-3909092906658768842","potions_obtained":[{"floor":1.0,"key":"LiquidMemories"},{"floor":2.0,"key":"FearPotion"},{"floor":16,"key":"Weak Potion"},{"floor":19,"key":"PowerPotion"},{"floor":21,"key":"Swift Potion"}],"is_trial":false,"path_per_floor":["M","M","?","$","M","R","?","M","T","M","E","R","E","M","R","B",null,"M","M","$","M","?","M"],"character_chosen":"DEFECT","items_purchased":["Membership Card","Creative AI","Explosive Potion"],"campfire_rested":1,"item_purchase_floors":[20,20,20],"current_hp_per_floor":[66,63,48,48,48,48,48,45,45,29,26,26,26,14,38,18,66,51,36,36,8,8,8,8],"gold":0,"neow_bonus":"THREE_RARE_CARDS","is_daily":false,"chose_seed":false,"campfire_upgraded":2,"win_rate":0.0,"timestamp":1613373997,"path_taken":["M","M","?","$","M","R","?","M","T","M","E","R","E","M","R","BOSS","M","M","$","M","?","M"],"items_purchased_type":["Relic","Card","Potion"],"build_version":"2020-12-22","purchased_purges":2,"victory":false,"max_hp_per_floor":[75,75,75,75,75,75,75,75,75,75,82,82,82,82,82,82,82,82,82,82,82,82,82,82],"relic_stats":{"counters":[13,41],"obtain_stats":[{"Strawberry":11,"Vajra":13,"Membership Card":20,"Cracked Core":0,"StrikeDummy":9,"Empty Cage":17},{"Strawberry":6,"Vajra":7,"Membership Card":11,"Cracked Core":0,"StrikeDummy":4,"Empty Cage":9},{"Strawberry":17,"Vajra":20,"Membership Card":37,"Cracked Core":0,"StrikeDummy":11,"Empty Cage":29}]},"card_choices":[{"not_picked":["Creative AI","Echo Form"],"picked":"Electrodynamics","floor":0.0},{"not_picked":["Gash","Sweeping Beam"],"picked":"FTL","floor":1.0},{"not_picked":["White Noise","Barrage"],"picked":"Melter","floor":2.0},{"not_picked":["Cold Snap","Streamline"],"picked":"Defragment","floor":5.0},{"not_picked":["Aggregate","Turbo"],"picked":"Streamline","floor":8.0},{"not_picked":["Sweeping Beam","Reboot"],"picked":"Chill","floor":10.0},{"not_picked":["Amplify","Gash"],"picked":"Biased Cognition","floor":11.0},{"not_picked":["Coolheaded","Go for the Eyes"],"picked":"Recycle","floor":13.0},{"not_picked":["Steam","Chill"],"picked":"Conserve Battery","floor":14.0},{"not_picked":["Fission","Multi-Cast"],"picked":"Biased Cognition","floor":16},{"not_picked":["Streamline","Leap"],"picked":"Loop","floor":18},{"not_picked":["Beam Cell","Heatsinks"],"picked":"Undo","floor":19},{"not_picked":["Gash","Coolheaded"],"picked":"Leap","floor":21}],"player_experience":531508,"relics_obtained":[{"floor":9.0,"key":"StrikeDummy"},{"floor":11.0,"key":"Strawberry"},{"floor":13.0,"key":"Vajra"}],"event_choices":[{"damage_healed":0.0,"max_hp_gain":0.0,"max_hp_loss":0.0,"gold_gain":0.0,"event_name":"Shining Light","player_choice":"Entered Light","floor":3.0,"gold_loss":0.0,"damage_taken":15.0,"cards_upgraded":["Strike_B","Defend_B"]},{"damage_healed":0.0,"max_hp_gain":0.0,"max_hp_loss":0.0,"gold_gain":0.0,"cards_transformed":["Strike_B"],"event_name":"Transmorgrifier","player_choice":"Transformed","floor":7.0,"gold_loss":0.0,"damage_taken":0.0,"cards_obtained":["Darkness"]},{"damage_healed":0,"gold_gain":0,"player_choice":"Paid Fearfully","damage_taken":0,"max_hp_gain":0,"max_hp_loss":0,"event_name":"Masked Bandits","floor":22,"gold_loss":19}],"is_beta":false,"boss_relics":[{"not_picked":["Coffee Dripper","Cursed Key"],"picked":"Empty Cage"}],"items_purged_floors":[4,20],"is_endless":false,"potions_floor_spawned":[1,2,5,11,16,19,21],"killed_by":"Snake Plant","ascension_level":12}}