{"host":"csn9i02amg5zm780","time":1613394422,"event":{"mods":["2.2 Compatiblity","AchievementEnabler","Aspiration","BaseMod","Better Third Choice","Bossed Relics","Colored Map","Colored Powertips","Curses Come First","Dark Map","Defuse TimeMaze Blight","Evolution","Halation","Highlight Path","Minty Spire (QoL Compilation)","Permanent Neow","Poor People Problems","Quick Restart","Rare Cards Sparkle","Relic Stats","Reliquary","Spire Arcade","StSLib","The Bladedancer","Transform Curses","Waifu the Spire","Weighted Paths"],"gold_per_floor":[118,130,144,164,164,197,197,240,267,311,311,353,353,401,401,433,433],"floor_reached":16,"language":"ENG","playtime":1692,"items_purged":[],"score":188,"play_id":"c3ce2a1d-2031-46e9-9d18-8a80e13c3ba0","local_time":"20210215140702","daily_mods":["Heirloom","DeadlyEvents","Elite Swarm"],"is_ascension_mode":false,"campfire_choices":[{"floor":7,"key":"REST"},{"floor":11,"key":"REST"},{"floor":13,"key":"REST"},{"floor":15,"key":"REST"}],"circlet_count":0,"master_deck":["blademaster:Strike","blademaster:Strike","blademaster:Strike","blademaster:Strike","blademaster:Defend","blademaster:Defend","blademaster:Defend","blademaster:Defend","blademaster:RagingBlow","blademaster:HighVoltage","blademaster:ThunderingOpener","blademaster:Reversal","blademaster:Blindside","blademaster:ParryingStrike","Injury","blademaster:EnchantedCuirass","blademaster:FuryOfTheElements","blademaster:StanceMastery","blademaster:FlockOfBlades","blademaster:ThreePointStrike"],"relics":["blademaster:DancersAmulet","EVO:Axolotl","Gambling Chip","Golden Idol","Anchor","halation:IllGainedPizza","Bronze Scales","reliquary:Aerogel","reliquary:QuartzCube","aspiration:AnachronicSnailShell"],"acts_visited":["Exordium"],"potions_floor_usage":[6,8,10,14],"damage_taken":[{"damage":0,"enemies":"2 Louse","floor":1,"turns":3},{"damage":0,"enemies":"Jaw Worm","floor":2,"turns":2},{"damage":0,"enemies":"Small Slimes","floor":3,"turns":3},{"damage":12,"enemies":"Exordium Wildlife","floor":4,"turns":5},{"damage":34,"enemies":"Gremlin Nob","floor":6,"turns":6},{"damage":11,"enemies":"Lagavulin","floor":8,"turns":6},{"damage":15,"enemies":"Gremlin Nob","floor":10,"turns":5},{"damage":26,"enemies":"Lagavulin","floor":12,"turns":6},{"damage":24,"enemies":"3 Sentries","floor":14,"turns":12},{"damage":41,"enemies":"Hexaghost","floor":16,"turns":10}],"seed_played":"7795022620680454141","potions_obtained":[{"floor":3,"key":"AttackPotion"},{"floor":4,"key":"SpeedPotion"},{"floor":6,"key":"PowerPotion"},{"floor":10,"key":"LiquidMemories"},{"floor":12,"key":"CultistPotion"}],"is_trial":true,"path_per_floor":["M","M","M","M","?","E","R","E","T","E","R","E","R","E","R","B"],"character_chosen":"THE_BLADEMASTER","items_purchased":[],"campfire_rested":4,"item_purchase_floors":[],"current_hp_per_floor":[75,75,75,63,63,29,51,40,40,25,47,21,43,19,41,0,0],"gold":433,"neow_bonus":"","is_daily":false,"chose_seed":false,"campfire_upgraded":0,"win_rate":0.0,"timestamp":1613394422,"path_taken":["M","M","M","M","?","E","R","E","T","E","R","E","R","E","R","BOSS"],"items_purchased_type":[],"build_version":"2020-12-22","purchased_purges":0,"victory":false,"max_hp_per_floor":[75,75,75,75,75,75,75,75,75,75,75,75,75,75,75,75,75],"relic_stats":{"counters":[10,58],"Golden Idol":40,"Gambling Chip":[10],"Bronze Scales":[102],"obtain_stats":[{"Golden Idol":5,"reliquary:Aerogel":10,"halation:IllGainedPizza":8,"blademaster:RandomBladePerk":10,"blademaster:OnAttackedChargePerk":14,"EVO:Axolotl":0,"reliquary:QuartzCube":12,"Anchor":6,"blademaster:FuryEveryTurnPerk":6,"Gambling Chip":0,"Bronze Scales":9,"aspiration:AnachronicSnailShell":14,"blademaster:DancersAmulet":0,"blademaster:WindChargePerk":8,"blademaster:DextrousPerk":12},{"Golden Idol":4,"reliquary:Aerogel":7,"halation:IllGainedPizza":6,"blademaster:RandomBladePerk":7,"blademaster:OnAttackedChargePerk":9,"EVO:Axolotl":0,"reliquary:QuartzCube":8,"Anchor":5,"blademaster:FuryEveryTurnPerk":5,"Gambling Chip":0,"Bronze Scales":6,"aspiration:AnachronicSnailShell":9,"blademaster:DancersAmulet":0,"blademaster:WindChargePerk":6,"blademaster:DextrousPerk":8},{"Golden Idol":13,"reliquary:Aerogel":30,"halation:IllGainedPizza":25,"blademaster:RandomBladePerk":30,"blademaster:OnAttackedChargePerk":48,"EVO:Axolotl":0,"reliquary:QuartzCube":36,"Anchor":19,"blademaster:FuryEveryTurnPerk":19,"Gambling Chip":0,"Bronze Scales":25,"aspiration:AnachronicSnailShell":48,"blademaster:DancersAmulet":0,"blademaster:WindChargePerk":25,"blademaster:DextrousPerk":36}]},"card_choices":[{"not_picked":["blademaster:AspectOfWind","blademaster:Flurry"],"picked":"blademaster:ThunderingOpener","floor":1},{"not_picked":["blademaster:Slice","blademaster:AspectOfWind"],"picked":"blademaster:Reversal","floor":2},{"not_picked":["blademaster:Stability","blademaster:FuriousStrike"],"picked":"blademaster:Blindside","floor":3},{"not_picked":["blademaster:CombatPrep","blademaster:Cut"],"picked":"blademaster:ParryingStrike","floor":4},{"not_picked":["blademaster:Flash","blademaster:FlockOfBlades"],"picked":"blademaster:EnchantedCuirass","floor":6},{"not_picked":["blademaster:CloudOfSteel","blademaster:Blindside"],"picked":"blademaster:FuryOfTheElements","floor":8},{"not_picked":["blademaster:Blindside","blademaster:ThreePointStrike"],"picked":"blademaster:StanceMastery","floor":10},{"not_picked":["blademaster:RollingTyphoon","blademaster:HighVoltage"],"picked":"blademaster:FlockOfBlades","floor":12},{"not_picked":["blademaster:RagingBlow","blademaster:Blindside"],"picked":"blademaster:ThreePointStrike","floor":14}],"player_experience":97852,"relics_obtained":[{"floor":6,"key":"Anchor"},{"floor":6,"key":"blademaster:FuryEveryTurnPerk"},{"floor":8,"key":"halation:IllGainedPizza"},{"floor":8,"key":"blademaster:WindChargePerk"},{"floor":9,"key":"Bronze Scales"},{"floor":10,"key":"reliquary:Aerogel"},{"floor":10,"key":"blademaster:RandomBladePerk"},{"floor":12,"key":"reliquary:QuartzCube"},{"floor":12,"key":"blademaster:DextrousPerk"},{"floor":14,"key":"aspiration:AnachronicSnailShell"},{"floor":14,"key":"blademaster:OnAttackedChargePerk"}],"event_choices":[{"damage_healed":0,"gold_gain":0,"player_choice":"Take Wound","damage_taken":0,"relics_obtained":["Golden Idol"],"max_hp_gain":0,"max_hp_loss":0,"event_name":"Golden Idol","floor":5,"gold_loss":0,"cards_obtained":["Injury"]}],"is_beta":false,"boss_relics":[],"items_purged_floors":[],"is_endless":true,"potions_floor_spawned":[3,4,6,10,12],"killed_by":"Hexaghost","ascension_level":0}}