{"host":"1avr1135to2copjv","time":1613403652,"event":{"mods":["BaseMod","Colored Map","Colored Powertips","Minty Spire (QoL Compilation)","Relic Stats","StSLib"],"gold_per_floor":[114,133,58,69,85,85,105,105,155,155,135,179,201,220,220,303,303,331,353,353,353],"floor_reached":20,"language":"ENG","playtime":971,"items_purged":[],"score":356,"play_id":"d28a1c2a-5519-495d-bbd3-2573dc07e349","local_time":"20210215184052","is_ascension_mode":true,"campfire_choices":[{"data":"Zap","floor":6,"key":"SMITH"},{"data":"Chill","floor":8,"key":"SMITH"},{"data":"Capacitor","floor":10,"key":"SMITH"},{"data":"Go for the Eyes","floor":15,"key":"SMITH"}],"circlet_count":0,"master_deck":["AscendersBane","Strike_B","Strike_B","Strike_B","Defend_B","Defend_B","Defend_B","Defend_B","Zap+1","Dualcast","Chill+1","Gash","All For One","Capacitor+1","Coolheaded","Blizzard","Beam Cell","Go for the Eyes+1","Meteor Strike","Chaos","Force Field"],"relics":["Cracked Core","CeramicFish","Eternal Feather","Coffee Dripper"],"acts_visited":["Exordium","TheCity"],"potions_floor_usage":[5,5,12,18,19],"damage_taken":[{"damage":4,"enemies":"Small Slimes","floor":1,"turns":3},{"damage":0,"enemies":"Jaw Worm","floor":2,"turns":5},{"damage":0,"enemies":"Cultist","floor":4,"turns":3},{"damage":8,"enemies":"Exordium Thugs","floor":5,"turns":3},{"damage":11,"enemies":"3 Louse","floor":7,"turns":4},{"damage":19,"enemies":"Lagavulin","floor":12,"turns":8},{"damage":9,"enemies":"Blue Slaver","floor":13,"turns":4},{"damage":0,"enemies":"Lots of Slimes","floor":14,"turns":2},{"damage":27,"enemies":"Hexaghost","floor":16,"turns":11},{"damage":24,"enemies":"Spheric Guardian","floor":18,"turns":5},{"damage":9,"enemies":"Chosen","floor":19,"turns":4},{"damage":39,"enemies":"3 Cultists","floor":20,"turns":5}],"seed_played":"1546508250719747255","potions_obtained":[{"floor":2,"key":"EntropicBrew"},{"floor":4,"key":"SmokeBomb"},{"floor":11,"key":"ColorlessPotion"},{"floor":12,"key":"Energy Potion"},{"floor":19,"key":"PotionOfCapacity"}],"is_trial":false,"path_per_floor":["M","M","?","M","M","R","M","R","T","R","?","E","M","M","R","B",null,"M","M","M"],"character_chosen":"DEFECT","items_purchased":[],"campfire_rested":0,"item_purchase_floors":[],"current_hp_per_floor":[67,67,67,67,59,59,48,48,48,48,48,29,20,20,29,2,59,35,26,0,0],"gold":353,"neow_bonus":"TEN_PERCENT_HP_BONUS","is_daily":false,"chose_seed":false,"campfire_upgraded":4,"win_rate":0.0,"timestamp":1613403652,"path_taken":["M","M","?","M","M","R","M","R","T","R","?","E","?","M","R","BOSS","M","M","M"],"items_purchased_type":[],"build_version":"2020-12-22","purchased_purges":0,"victory":false,"max_hp_per_floor":[78,78,78,78,78,78,78,78,78,78,78,78,78,78,78,78,78,78,78,78,78],"relic_stats":{"counters":[12,57],"CeramicFish":54,"Eternal Feather":9,"obtain_stats":[{"CeramicFish":9,"Eternal Feather":12,"Coffee Dripper":17,"Cracked Core":0},{"CeramicFish":5,"Eternal Feather":6,"Coffee Dripper":9,"Cracked Core":0},{"CeramicFish":18,"Eternal Feather":26,"Coffee Dripper":43,"Cracked Core":0}]},"card_choices":[{"not_picked":["Gash","Steam"],"picked":"Chill","floor":1},{"not_picked":["Stack","Rebound"],"picked":"Gash","floor":2},{"not_picked":["Ball Lightning","Leap"],"picked":"All For One","floor":4},{"not_picked":["Hologram","Steam"],"picked":"Capacitor","floor":5},{"not_picked":["Barrage","Steam"],"picked":"Coolheaded","floor":7},{"not_picked":["Reinforced Body","Compile Driver"],"picked":"Blizzard","floor":12},{"not_picked":["Conserve Battery","Stack"],"picked":"Beam Cell","floor":13},{"not_picked":["Coolheaded","Steam"],"picked":"Go for the Eyes","floor":14},{"not_picked":["Creative AI","Thunder Strike"],"picked":"Meteor Strike","floor":16},{"not_picked":["Heatsinks","Ball Lightning"],"picked":"Chaos","floor":18},{"not_picked":["Redo","Chaos"],"picked":"Force Field","floor":19}],"player_experience":1035263,"relics_obtained":[{"floor":9,"key":"CeramicFish"},{"floor":12,"key":"Eternal Feather"}],"event_choices":[{"cards_removed":["Strike_B"],"damage_healed":0,"gold_gain":0,"player_choice":"Card Removal","damage_taken":0,"max_hp_gain":0,"max_hp_loss":0,"event_name":"The Cleric","floor":3,"gold_loss":75},{"damage_healed":0,"gold_gain":0,"player_choice":"Bought 1 Potion","damage_taken":0,"max_hp_gain":0,"max_hp_loss":0,"event_name":"The Woman in Blue","floor":11,"gold_loss":0}],"is_beta":false,"boss_relics":[{"not_picked":["Ectoplasm","Velvet Choker"],"picked":"Coffee Dripper"}],"items_purged_floors":[],"is_endless":false,"potions_floor_spawned":[2,4,12,13,19],"killed_by":"3 Cultists","ascension_level":20}}