{"host":"o3b7ow6d1xe49css","time":1613366783,"event":{"mods":["Act Like it!","Aspiration","BaseMod","Bestiary","Better Altar","Better Match","Better Note","Better Sensory Stone","Better Skull","Better Third Choice","Colored Powertips","Conspire","Energized Spire","Force Act Four","GifTheSpireLib","Halation","Hermit","Hubris","Infinite Spire","Lobotomy","Minty Spire (QoL Compilation)","Quick Restart","Rare Cards Sparkle","Relic Filter Mod","Reliquary","Replay The Spire","Spicy Shops","Spikes Relics","StSLib","Stuff the Spire","The Blue Laboratory","The Disciple","Wandering Minibosses"],"gold_per_floor":[118,128,148,148,148,148,178,210,210,242,242,36,65,65,65,168,168,185,202,202,138,93,129,175,216,228,267,279,291,338,384,396,510,522,549,574,586,952,964,1008,1051,1088,1100,369,369,369,369,76,76,179,179,179,27,52,54],"floor_reached":56,"language":"ENG","playtime":2424,"items_purged":["Replay:Hysterical Blindness","Regret","conspire:GhostlyStrike","Decay","Parasite","conspire:GhostlyStrike"],"score":2233,"play_id":"402b487c-e788-4237-a12e-da67a1e14a9b","local_time":"20210214202623","daily_mods":["Heirloom","Flight"],"is_ascension_mode":true,"campfire_choices":[{"data":"Neutralize","floor":6,"key":"SMITH"},{"data":"ReplayTheSpireMod:Scrap Shanks","floor":11,"key":"SMITH"},{"data":"Accuracy","floor":28,"key":"SMITH"},{"floor":29,"key":"RECALL"},{"data":"Wraith Form v2","floor":32,"key":"SMITH"},{"data":"infinitespire:UltimateForm","floor":46,"key":"SMITH"},{"data":"conspire:GhostlyStrike","floor":52,"key":"PURGE"}],"circlet_count":0,"master_deck":["conspire:GhostlyStrike+1","conspire:GhostlyStrike","conspire:GhostlyDefend","conspire:GhostlyDefend+1","conspire:GhostlyDefend+1","conspire:GhostlyDefend","conspire:GhostlyDefend","Survivor","Hidden Blade+1","Scorched","ReplayTheSpireMod:Scrap Shanks+1","UniverseFragment","Injury","hubris:SlightOfHand+1","Blade Dance+1","Neutralize+1","conspire:PoisonWeapons+1","Accuracy+1","Bullet Time+1","Storm of Steel+1","PiercingWail+1","Cloak And Dagger+1","Blade Dance+1","Acrobatics+1","After Image+1","Well Laid Plans+1","Prepared+1","Wraith Form v2+1","infinitespire:UltimateForm+1"],"relics":["Ring of the Snake","Ring of Chaos","CaptainsWheel","CogitoBucket","Toxic Egg 2","aspiration:TomeofQuesting","Iron Hammer","ReplayTheSpireMod:Shallot","StuffTheSpire:Mouthbags","Torii","ReplayTheSpireMod:CursedCoin","infinitespire:Midas Blood","StuffTheSpire:Gunfinga","Black Star","ResearcherNote","Replay:WaspNest","Bag of Preparation","MawBank","reliquary:BallBearing","reliquary:NewFriend","Replay:Mystery Machine","RetroEgg","Bag of Preparation","halation:LettersToHer","Bronze Scales","Centennial Puzzle","White Beast Statue","Potion Belt","halation:BottledLove","Replay:Multitool","Boot","Kunai","reliquary:Aerogel","Ancient Tea Set","StuffTheSpire:HeavyRock","Guide Book","Dead Branch","War Paint","reliquary:TridentHead","Snake Skull","Painkiller Herb","Ring of Chaos","PreservedInsect","SnailShell","ReplayTheSpireMod:Ninjato"],"acts_visited":["Exordium","TheCity","TheBeyond","Exordium","TheEnding"],"potions_floor_usage":[7,7,10,25,25,38,50,55],"damage_taken":[{"damage":2,"enemies":"Jaw Worm","floor":1,"turns":6},{"damage":0,"enemies":"Small Slimes","floor":2,"turns":4},{"damage":0,"enemies":"2 Louse","floor":3,"turns":1},{"damage":0,"enemies":"Lagavulin","floor":7,"turns":5},{"damage":10,"enemies":"3 Sentries","floor":8,"turns":4},{"damage":0,"enemies":"Lagavulin","floor":10,"turns":8},{"damage":1,"enemies":"Gremlin Nob","floor":13,"turns":4},{"damage":0,"enemies":"The Guardian","floor":16,"turns":5},{"damage":0,"enemies":"2 Thieves","floor":18,"turns":1},{"damage":0,"enemies":"Shell Parasite","floor":19,"turns":4},{"damage":12,"enemies":"Book of Stabbing","floor":23,"turns":3},{"damage":7,"enemies":"Gremlin Leader","floor":24,"turns":2},{"damage":0,"enemies":"Book of Stabbing","floor":25,"turns":3},{"damage":1,"enemies":"Nightmare","floor":27,"turns":4},{"damage":0,"enemies":"Book of Stabbing","floor":30,"turns":2},{"damage":0,"enemies":"Gremlin Leader","floor":31,"turns":2},{"damage":0,"enemies":"conspire:MysteriousRune","floor":33,"turns":5},{"damage":0,"enemies":"3 Darklings","floor":35,"turns":3},{"damage":0,"enemies":"Orb Walker","floor":36,"turns":1},{"damage":0,"enemies":"Writhing Mass","floor":38,"turns":7},{"damage":0,"enemies":"Giant Head","floor":40,"turns":1},{"damage":1,"enemies":"conspire:MimicChest","floor":41,"turns":4},{"damage":0,"enemies":"Reptomancer","floor":42,"turns":5},{"damage":0,"enemies":"Time Eater","floor":50,"turns":4},{"damage":0,"enemies":"Shield and Spear","floor":54,"turns":2},{"damage":35,"enemies":"The Heart","floor":55,"turns":3}],"seed_played":"8920634511813173142","potions_obtained":[{"floor":2,"key":"SteroidPotion"},{"floor":3,"key":"Reflective Coating"},{"floor":8,"key":"ColorlessPotion"},{"floor":13,"key":"blueLaboratory:CorrosionFlask"},{"floor":23,"key":"blueLaboratory:Moonshine"},{"floor":24,"key":"blueLaboratory:BottleOfVodka"},{"floor":27,"key":"blueLaboratory:EnvenomedCoating"},{"floor":31,"key":"blueLaboratory:EnragingPotion"},{"floor":33,"key":"blueLaboratory:ArtificerPotion"},{"floor":35,"key":"blueLaboratory:BlinkPotion"},{"floor":36,"key":"blueLaboratory:Virophage"},{"floor":38,"key":"blueLaboratory:PyrophylliteBrew"},{"floor":40,"key":"LifebloodPotion"},{"floor":42,"key":"AttackPotion"},{"floor":50,"key":"Elixir"}],"is_trial":true,"path_per_floor":["M","M","M","?","?","R","E","E","T","E","R","$","E","?","R","B",null,"M","M","AVR","$","$","E","E","E","T","NM","R","R","E","E","R","B",null,"M","M","?","M","AVR","E","?","E","T","$","?","R","?","$","R","B",null,"T","T","E","B",null],"character_chosen":"THE_SILENT","items_purchased":["Accuracy","Torii","ReplayTheSpireMod:CursedCoin","Blade Dance+1","Acrobatics+1","Guide Book","Dead Branch","War Paint","reliquary:TridentHead","Snake Skull","PreservedInsect"],"campfire_rested":0,"item_purchase_floors":[12,12,12,21,22,44,44,44,44,48,53],"current_hp_per_floor":[68,68,68,68,68,68,68,58,58,58,58,58,57,57,70,70,70,70,70,70,70,70,58,51,51,51,50,50,50,50,50,50,50,65,65,65,65,65,65,65,64,64,64,64,64,64,64,64,67,67,67,67,67,67,32],"gold":54,"neow_bonus":"","is_daily":false,"chose_seed":false,"campfire_upgraded":5,"win_rate":0.0,"timestamp":1613366783,"path_taken":["M","M","M","?","?","R","E","E","T","E","R","$","E","?","R","BOSS","M","M","AVR","$","$","E","E","E","T","NM","R","R","E","E","R","BOSS","M","M","?","?","AVR","E","?","E","T","$","?","R","?","$","R","BOSS","T","T","E","BOSS"],"items_purchased_type":["Card","Relic","Relic","Card","Card","Relic","Relic","Relic","Relic","Relic","Relic"],"build_version":"2020-12-22","purchased_purges":6,"victory":true,"max_hp_per_floor":[70,70,70,70,70,70,70,70,70,70,70,70,70,70,70,70,70,70,70,70,70,70,70,70,70,70,70,70,70,70,70,70,70,70,70,70,70,70,70,70,70,70,70,67,67,67,67,67,67,67,67,67,67,67,67],"card_choices":[{"not_picked":["StuffTheSpire:BrimstoneBlast","Dodge and Roll"],"picked":"Hidden Blade","floor":1},{"not_picked":["OSAHOGD","SingingMachine","Porccubus"],"picked":"Singing Bowl","floor":1},{"not_picked":["ShyLook","CrumblingArmor","MHz"],"picked":"Singing Bowl","floor":2},{"not_picked":["Murderer","CherryBlossoms"],"picked":"Scorched","floor":2},{"not_picked":["Outmaneuver","Underhanded Strike","Distraction"],"picked":"SKIP","floor":2},{"not_picked":["Poisoned Stab","Hidden Blade"],"picked":"ReplayTheSpireMod:Scrap Shanks","floor":3},{"not_picked":["Bloodbath","PunishingBird"],"picked":"UniverseFragment","floor":3},{"not_picked":["Flying Knee","ReplayTheSpireMod:Scrap Shanks"],"picked":"hubris:SlightOfHand+1","floor":7},{"not_picked":["DespairKnight","OldLady","FairyFestival"],"picked":"Singing Bowl","floor":7},{"not_picked":["hubris:TrickCloak+1","Pace+1"],"picked":"Blade Dance+1","floor":8},{"not_picked":["CherryBlossoms","VoidDream","WallGazer"],"picked":"Singing Bowl","floor":8},{"not_picked":["Dodge and Roll+1","Bane"],"picked":"conspire:PoisonWeapons+1","floor":10},{"not_picked":["NothingThere","Alriune","MHz"],"picked":"Singing Bowl","floor":10},{"not_picked":["StuffTheSpire:MirrorStance+1","Escape Plan+1"],"picked":"Bullet Time+1","floor":13},{"not_picked":["Replay:Bag of Tricks+1","Glass Knife"],"picked":"Storm of Steel+1","floor":16},{"not_picked":["Wellcheers","BigBird","WallGazer"],"picked":"Singing Bowl","floor":16},{"not_picked":["Outmaneuver+1","Crippling Poison+1"],"picked":"PiercingWail+1","floor":18},{"not_picked":["StuffTheSpire:BrimstoneBlast","Poisoned Stab"],"picked":"Cloak And Dagger+1","floor":19},{"not_picked":["Quick Slash+1","Poisoned Stab+1"],"picked":"After Image","floor":23},{"not_picked":["Replay:Poison Smokescreen+1","Hidden Blade+1"],"picked":"Well Laid Plans","floor":24},{"not_picked":["Outmaneuver+1","StuffTheSpire:DoubleShiv+1","ReplayTheSpireMod:Speed Training+1"],"picked":"SKIP","floor":25},{"not_picked":["hubris:TrickCloak+1","ShadowRift"],"picked":"Prepared+1","floor":27},{"not_picked":["Eviscerate","Poisoned Stab","Hidden Blade+1"],"picked":"SKIP","floor":30},{"not_picked":["StuffTheSpire:ClusterCrunch+1","hubris:SlightOfHand+1"],"picked":"Wraith Form v2","floor":31},{"not_picked":["DreamingCurrent","LaLuna","LongBird"],"picked":"Singing Bowl","floor":33},{"not_picked":["LaLuna","DreamingCurrent","OldLady"],"picked":"Singing Bowl","floor":35},{"not_picked":["Deadly Poison+1","Dagger Spray","Underhanded Strike+1"],"picked":"SKIP","floor":35},{"not_picked":["LittlePrince","VoidDream","Freischutz"],"picked":"Singing Bowl","floor":36},{"not_picked":["PiercingWail+1","Slice+1","aspiration:Lunge"],"picked":"SKIP","floor":36},{"not_picked":["Flying Knee","Eviscerate","Dodge and Roll+1"],"picked":"SKIP","floor":38},{"not_picked":["StuffTheSpire:ClusterCrunch","StuffTheSpire:Injection+1","Bane"],"picked":"SKIP","floor":40},{"not_picked":["HeroicMonk","Porccubus","Rudolta"],"picked":"Singing Bowl","floor":40},{"not_picked":["StuffTheSpire:ClusterCrunch","StuffTheSpire:Injection+1","Bane"],"picked":"SKIP","floor":40},{"not_picked":["OSAHOGD","BlueStar","Yin"],"picked":"Singing Bowl","floor":41},{"not_picked":["BeautyBeast","SilentOrchestra","CENSORED"],"picked":"Singing Bowl","floor":42},{"not_picked":["Atom Bomb","Underhanded Strike+1","Noxious Fumes"],"picked":"SKIP","floor":42},{"not_picked":["SilentOrchestra","Mercenary","DespairKnight"],"picked":"Singing Bowl","floor":50},{"not_picked":["StuffTheSpire:Shiver+1","ReplayTheSpireMod:Shiv Toss+1","StuffTheSpire:Incursion+1"],"picked":"SKIP","floor":54},{"not_picked":["CENSORED","HappyTeddy","LittleHelper"],"picked":"Singing Bowl","floor":54},{"not_picked":["StuffTheSpire:Shiver+1","ReplayTheSpireMod:Shiv Toss+1","StuffTheSpire:Incursion+1"],"picked":"SKIP","floor":54}],"player_experience":1510520,"relics_obtained":[{"floor":7,"key":"aspiration:TomeofQuesting"},{"floor":8,"key":"Iron Hammer"},{"floor":9,"key":"ReplayTheSpireMod:Shallot"},{"floor":10,"key":"StuffTheSpire:Mouthbags"},{"floor":13,"key":"infinitespire:Midas Blood"},{"floor":14,"key":"StuffTheSpire:Gunfinga"},{"floor":23,"key":"Bag of Preparation"},{"floor":23,"key":"MawBank"},{"floor":24,"key":"reliquary:BallBearing"},{"floor":24,"key":"reliquary:NewFriend"},{"floor":25,"key":"Replay:Mystery Machine"},{"floor":25,"key":"RetroEgg"},{"floor":26,"key":"reliquary:SculptingSteel"},{"floor":27,"key":"halation:LettersToHer"},{"floor":27,"key":"Bronze Scales"},{"floor":30,"key":"Centennial Puzzle"},{"floor":30,"key":"White Beast Statue"},{"floor":31,"key":"Potion Belt"},{"floor":31,"key":"halation:BottledLove"},{"floor":40,"key":"Boot"},{"floor":40,"key":"Kunai"},{"floor":41,"key":"reliquary:Aerogel"},{"floor":42,"key":"Ancient Tea Set"},{"floor":42,"key":"StuffTheSpire:HeavyRock"},{"floor":43,"key":"halation:LettersToHer"},{"floor":54,"key":"SnailShell"},{"floor":54,"key":"ReplayTheSpireMod:Ninjato"}],"event_choices":[{"damage_healed":0,"gold_gain":0,"player_choice":"Agree","damage_taken":0,"max_hp_gain":0,"max_hp_loss":0,"event_name":"conspire:LoneGhost","floor":5,"gold_loss":0},{"damage_healed":0,"gold_gain":0,"player_choice":"Cursed","damage_taken":0,"max_hp_gain":0,"max_hp_loss":0,"event_name":"Wheel of Change","floor":37,"gold_loss":0,"cards_obtained":["Decay"]}],"is_beta":false,"boss_relics":[{"not_picked":["Replay:Drink Me","energizedSpire:DeadBattery"],"picked":"Black Star"},{"not_picked":["halation:HeavySnake","reliquary:KinkedSpring","halation:SmartPhone"]},{"not_picked":["halation:CatFaceCupcake","reliquary:Craggleroot"],"picked":"Painkiller Herb"}],"items_purged_floors":[12,12,20,39,44,48],"is_endless":true,"potions_floor_spawned":[2,3,8,13,23,24,27,31,33,35,36,38,40,41,42,50,54,55],"ascension_level":5}}