{"host":"uceopoba4zvqsgiy","time":1613381757,"event":{"mods":["2.2 Compatiblity","Act Like it!","BaseMod","Better Skull","Better Third Choice","Elementarium","Evolution","GifTheSpireLib","Hermit","Humility","Infinite Spire","Jorbs\u0027s Wanderer Trilogy","Marked Mod","Minty Spire (QoL Compilation)","Potionbrewer","Reliquary","Replay The Spire","Robot Space Explorer","Shade Mod","Spicy Shops","StS++","StSLib","Stuff the Spire","The Blue Laboratory","The Caster","The Cursed","The Dragon Tamer","The Dragonkin","The Hierophant","The Judge","The Jungle","TheSurvivalist","Wandering Minibosses"],"gold_per_floor":[114,61,61,105,22,48,58,90,114,4,4],"floor_reached":10,"language":"ENG","playtime":416,"items_purged":[],"score":171,"play_id":"a5d5f2b3-ece5-4fe2-a7df-ceb7e5f3d6ae","local_time":"20210215200557","is_ascension_mode":true,"campfire_choices":[],"circlet_count":0,"master_deck":["Rebound","Rebound","Rebound","Rebound","Conserve Battery","Defend_B","Defend_B","Zap","Dualcast","Ball Lightning","Apotheosis","StSpp:Igniter","ReplayTheSpireMod:IOU","ReplayTheSpireMod:IOU","ReplayTheSpireMod:IOU","StSpp:Igniter","Rebound","Static Discharge","StSpp:TargetLocked"],"relics":["Cracked Core","EVO:Axolotl","NeowsBlessing","Replay:Wax Seal","Vajra","DollysMirror","Art of War","reliquary:RosewoodLute","StuffTheSpire:GrapeVine"],"acts_visited":["Exordium"],"potions_floor_usage":[],"damage_taken":[{"damage":0,"enemies":"Cultist","floor":1,"turns":1},{"damage":0,"enemies":"Small Slimes","floor":5,"turns":1},{"damage":0,"enemies":"Lagavulin","floor":6,"turns":2},{"damage":6,"enemies":"2 Louse","floor":7,"turns":3},{"damage":27,"enemies":"Replay:BlueRogue","floor":8,"turns":3},{"damage":47,"enemies":"Gremlin Nob","floor":10,"turns":3}],"seed_played":"-7173245236508425693","potions_obtained":[{"floor":1,"key":"blueLaboratory:SystemWipe"},{"floor":6,"key":"blueLaboratory:BottleOfRum"},{"floor":8,"key":"blueLaboratory:PyrophylliteBrew"}],"is_trial":false,"path_per_floor":["M","$","?","$","M","E","M","E","T","E"],"character_chosen":"DEFECT","items_purchased":["Replay:Wax Seal","Apotheosis","StSpp:Igniter","Vajra","DollysMirror"],"campfire_rested":0,"item_purchase_floors":[2,2,4,4,4],"current_hp_per_floor":[68,68,61,61,61,61,55,28,28,0,0],"gold":4,"neow_bonus":"THREE_ENEMY_KILL","is_daily":false,"chose_seed":false,"campfire_upgraded":0,"win_rate":0.0,"timestamp":1613381757,"path_taken":["M","$","?","$","M","E","M","E","T","E"],"items_purchased_type":["Relic","Card","Card","Relic","Relic"],"build_version":"2020-12-22","purchased_purges":0,"victory":false,"max_hp_per_floor":[75,75,75,75,75,75,75,75,75,75,75],"card_choices":[{"not_picked":["Compile Driver","Redo"],"picked":"Ball Lightning","floor":1},{"not_picked":["Scrape","Aggregate","Steam"],"picked":"SKIP","floor":5},{"not_picked":["Panic Button","Sweeping Beam"],"picked":"Rebound","floor":6},{"not_picked":["Hologram","Beam Cell"],"picked":"Static Discharge","floor":7},{"not_picked":["StuffTheSpire:SnapShoot","Meteor Strike"],"picked":"StSpp:TargetLocked","floor":8}],"player_experience":1826990,"relics_obtained":[{"floor":6,"key":"Art of War"},{"floor":8,"key":"reliquary:RosewoodLute"},{"floor":9,"key":"StuffTheSpire:GrapeVine"}],"event_choices":[{"cards_removed":["Defend_B"],"damage_healed":0,"gold_gain":0,"player_choice":"Card Removal","damage_taken":7,"max_hp_gain":0,"max_hp_loss":0,"event_name":"Golden Wing","floor":3,"gold_loss":0}],"is_beta":false,"boss_relics":[],"items_purged_floors":[],"is_endless":false,"potions_floor_spawned":[1,6,8],"killed_by":"Gremlin Nob","ascension_level":9,"is_humility":true}}