{"host":"Jinnai","time":1613397566,"event":{"mods":["BaseMod","Block Reminder","Colored Map","Colored Powertips","Curses Come First","Highlight Path","Minty Spire (QoL Compilation)","Permanent Neow","Potion Indicator Mod","Quick Restart","Relic Stats","StSLib","ojb\u0027s Better Paths Mod","ojb\u0027s Info Mod"],"gold_per_floor":[18,33,33,51,74,117,117,161,161,200,165,178,178,178],"floor_reached":13,"language":"ENG","playtime":587,"items_purged":[],"score":260,"play_id":"4bfc1d9b-2d3d-4c9d-909e-1f48b8717e41","local_time":"20210215085926","is_ascension_mode":true,"campfire_choices":[{"floor":7,"key":"REST"}],"circlet_count":0,"master_deck":["AscendersBane","Strike_P","Strike_P","Strike_P+1","Strike_P","Defend_P","Defend_P","Defend_P","Defend_P","Eruption","Vigilance","FlyingSleeves+1","Collect","Meditate","Tantrum","Blasphemy","Consecrate","Adaptation","Wireheading"],"relics":["PureWater","Golden Idol","Darkstone Periapt","Whetstone","Eternal Feather","Ginger"],"acts_visited":["Exordium"],"potions_floor_usage":[13,13],"damage_taken":[{"damage":14,"enemies":"2 Louse","floor":1,"turns":3},{"damage":7,"enemies":"Small Slimes","floor":2,"turns":3},{"damage":0,"enemies":"Jaw Worm","floor":4,"turns":2},{"damage":14,"enemies":"2 Fungi Beasts","floor":5,"turns":5},{"damage":58,"enemies":"Lagavulin","floor":6,"turns":9},{"damage":25,"enemies":"3 Sentries","floor":8,"turns":6},{"damage":0,"enemies":"Gremlin Nob","floor":10,"turns":2},{"damage":12,"enemies":"3 Louse","floor":12,"turns":3},{"damage":100001,"enemies":"Lagavulin","floor":13,"turns":4}],"seed_played":"3774707070359587679","potions_obtained":[{"floor":1,"key":"Ancient Potion"},{"floor":4,"key":"FairyPotion"},{"floor":6,"key":"PowerPotion"},{"floor":12,"key":"DistilledChaos"}],"is_trial":false,"path_per_floor":["M","M","?","M","M","E","R","E","T","E","?","M","E"],"character_chosen":"WATCHER","items_purchased":[],"campfire_rested":1,"item_purchase_floors":[],"current_hp_per_floor":[59,52,52,52,38,10,31,6,6,6,24,12,0,0],"gold":178,"neow_bonus":"TWENTY_PERCENT_HP_BONUS","is_daily":false,"chose_seed":false,"campfire_upgraded":0,"win_rate":0.0,"timestamp":1613397566,"path_taken":["M","M","?","M","M","E","R","E","T","E","?","M","E"],"items_purchased_type":[],"build_version":"2020-12-18","purchased_purges":0,"victory":false,"max_hp_per_floor":[80,80,72,72,72,72,72,72,72,72,72,72,72,72],"relic_stats":{"Darkstone Periapt":0,"counters":[9,36],"Golden Idol":38,"Eternal Feather":0,"Whetstone":["FlyingSleeves","Strike_P"],"Ginger":[0],"obtain_stats":[{"Darkstone Periapt":6,"Golden Idol":3,"Eternal Feather":9,"Whetstone":8,"Ginger":10,"PureWater":0},{"Darkstone Periapt":5,"Golden Idol":2,"Eternal Feather":6,"Whetstone":6,"Ginger":7,"PureWater":0},{"Darkstone Periapt":22,"Golden Idol":6,"Eternal Feather":28,"Whetstone":28,"Ginger":30,"PureWater":0}]},"card_choices":[{"not_picked":["WreathOfFlame","Evaluate"],"picked":"FlyingSleeves","floor":1},{"not_picked":["ForeignInfluence","Evaluate"],"picked":"Collect","floor":2},{"not_picked":["FlyingSleeves","WindmillStrike"],"picked":"Meditate","floor":4},{"not_picked":["SignatureMove","Meditate"],"picked":"Tantrum","floor":5},{"not_picked":["ClearTheMind","CarveReality"],"picked":"Blasphemy","floor":6},{"not_picked":["Prostrate","Conclude"],"picked":"Consecrate","floor":8},{"not_picked":["Conclude","JustLucky"],"picked":"Adaptation","floor":10},{"not_picked":["WreathOfFlame","FlurryOfBlows"],"picked":"Wireheading","floor":12}],"player_experience":1738279,"relics_obtained":[{"floor":6,"key":"Darkstone Periapt"},{"floor":8,"key":"Whetstone"},{"floor":9,"key":"Eternal Feather"},{"floor":10,"key":"Ginger"}],"event_choices":[{"damage_healed":0,"gold_gain":0,"player_choice":"Lose Max HP","damage_taken":0,"relics_obtained":["Golden Idol"],"max_hp_gain":0,"max_hp_loss":8,"event_name":"Golden Idol","floor":3,"gold_loss":0},{"damage_healed":18,"gold_gain":0,"player_choice":"Healed","damage_taken":0,"max_hp_gain":0,"max_hp_loss":0,"event_name":"The Cleric","floor":11,"gold_loss":35}],"is_beta":true,"boss_relics":[],"items_purged_floors":[],"is_endless":false,"potions_floor_spawned":[1,4,5,6,12],"killed_by":"Lagavulin","ascension_level":20}}