{"host":"uv5ws9rdk87e8i5k","time":1613426689,"event":{"mods":["AchievementEnabler","BaseMod","Colored Map","Minty Spire (QoL Compilation)","Permanent Neow","Quick Restart","StSLib","SuperFastMode","The Necromancer"],"gold_per_floor":[12,26,26,46,62,87,107,72,72,109,121,151,193,220,232,340,352,383,412,130,142,160,193,204,231,276,276,304,304,333,350,350,449,449,464,309,309],"floor_reached":36,"language":"ENG","playtime":997,"items_purged":["Strike_P"],"score":570,"play_id":"4acbbe1d-ea44-4eb2-94ea-361db233c777","local_time":"20210215160449","is_ascension_mode":true,"campfire_choices":[{"data":"Ragnarok","floor":15.0,"key":"SMITH"},{"data":"Wallop","floor":27,"key":"SMITH"},{"data":"Evaluate","floor":29,"key":"SMITH"},{"data":"ClearTheMind","floor":32,"key":"SMITH"}],"circlet_count":0,"master_deck":["Strike_P+1","Strike_P+1","Strike_P+1","Defend_P+1","Defend_P+1","Defend_P+1","Eruption+1","Vigilance","LessonLearned+1","Tantrum+1","ClearTheMind+1","FollowUp","Protect+1","SpiritShield","CutThroughFate","Evaluate+1","Ragnarok+1","Wallop+1","Omniscience+1","WreathOfFlame+1","Adaptation+1","FlyingSleeves+1","BattleHymn+1","WindmillStrike+1","SandsOfTime+1","SpiritShield","EmptyFist","Ragnarok","Perseverance+1"],"relics":["HolyWater","Eternal Feather","MawBank","Pen Nib","Gremlin Horn","Velvet Choker","Happy Flower","Blood Vial","Ancient Tea Set","Potion Belt","Bottled Flame","Bottled Lightning","Orrery"],"acts_visited":["Exordium","TheCity","TheBeyond"],"potions_floor_usage":[25,28],"damage_taken":[{"damage":0.0,"enemies":"2 Louse","floor":1.0,"turns":2.0},{"damage":0.0,"enemies":"Small Slimes","floor":2.0,"turns":4.0},{"damage":1.0,"enemies":"Jaw Worm","floor":4.0,"turns":2.0},{"damage":6.0,"enemies":"Exordium Wildlife","floor":5.0,"turns":5.0},{"damage":22.0,"enemies":"Lagavulin","floor":6.0,"turns":8.0},{"damage":0.0,"enemies":"Lots of Slimes","floor":7.0,"turns":2.0},{"damage":0.0,"enemies":"Gremlin Nob","floor":10.0,"turns":2.0},{"damage":2.0,"enemies":"Looter","floor":12.0,"turns":4.0},{"damage":6.0,"enemies":"3 Sentries","floor":13.0,"turns":3.0},{"damage":1.0,"enemies":"Large Slime","floor":14.0,"turns":3.0},{"damage":46.0,"enemies":"The Guardian","floor":16.0,"turns":5.0},{"damage":0.0,"enemies":"Chosen","floor":18.0,"turns":4.0},{"damage":4.0,"enemies":"2 Thieves","floor":19.0,"turns":2.0},{"damage":0.0,"enemies":"Snecko","floor":21.0,"turns":2.0},{"damage":2.0,"enemies":"Sentry and Sphere","floor":22.0,"turns":3.0},{"damage":0.0,"enemies":"Gremlin Leader","floor":23.0,"turns":2.0},{"damage":0.0,"enemies":"Chosen and Byrds","floor":24.0,"turns":3.0},{"damage":22,"enemies":"Book of Stabbing","floor":25,"turns":4},{"damage":0,"enemies":"Slavers","floor":28,"turns":1},{"damage":16,"enemies":"Book of Stabbing","floor":30,"turns":3},{"damage":20,"enemies":"Centurion and Healer","floor":31,"turns":4},{"damage":4,"enemies":"Automaton","floor":33,"turns":5},{"damage":10,"enemies":"Orb Walker","floor":35,"turns":4}],"seed_played":"844375861595988824","potions_obtained":[{"floor":1.0,"key":"Explosive Potion"},{"floor":2.0,"key":"ColorlessPotion"},{"floor":6.0,"key":"SteroidPotion"},{"floor":10.0,"key":"Strength Potion"},{"floor":12.0,"key":"DuplicationPotion"},{"floor":14.0,"key":"LiquidMemories"},{"floor":18.0,"key":"PowerPotion"},{"floor":21.0,"key":"StancePotion"},{"floor":23.0,"key":"SpeedPotion"},{"floor":33,"key":"FearPotion"}],"is_trial":false,"path_per_floor":["M","M","?","M","M","E","M","?","T","E","?","M","E","M","R","B",null,"M","M","$","M","M","E","M","E","T","R","E","R","E","M","R","B",null,"M","$"],"character_chosen":"WATCHER","items_purchased":["Happy Flower","Adaptation","Orrery"],"campfire_rested":0,"item_purchase_floors":[20,20,36],"current_hp_per_floor":[72,72,72,71,65,43,43,61,61,61,54,52,46,45,54,8,72,72,68,68,68,66,66,68,48,48,63,65,72,56,38,53,51,72,62,62,62],"gold":309,"neow_bonus":"THREE_RARE_CARDS","is_daily":false,"chose_seed":false,"campfire_upgraded":4,"win_rate":0.0,"timestamp":1613426689,"path_taken":["M","M","?","M","M","E","M","?","T","E","?","M","E","M","R","BOSS","M","M","$","M","M","E","M","E","T","R","E","R","E","M","R","BOSS","M","$"],"items_purchased_type":["Relic","Card","Relic"],"build_version":"2020-12-22","purchased_purges":1,"victory":false,"max_hp_per_floor":[72,72,72,72,72,72,72,72,72,72,72,72,72,72,72,72,72,72,72,72,72,72,72,72,72,72,72,72,72,72,72,72,72,72,72,72,72],"card_choices":[{"not_picked":["DevaForm","Wish"],"picked":"LessonLearned","floor":0.0},{"not_picked":["ClearTheMind","Collect"],"picked":"Tantrum","floor":1.0},{"not_picked":["ThirdEye","Pray"],"picked":"ClearTheMind","floor":2.0},{"not_picked":["Wireheading","CrushJoints"],"picked":"FollowUp","floor":4.0},{"not_picked":["PathToVictory","WaveOfTheHand"],"picked":"Protect","floor":5.0},{"not_picked":["Protect","ForeignInfluence"],"picked":"SpiritShield","floor":6.0},{"not_picked":["FlyingSleeves","EmptyBody"],"picked":"CutThroughFate","floor":7.0},{"not_picked":["Crescendo","Worship"],"picked":"Evaluate","floor":10.0},{"not_picked":["FollowUp","SashWhip"],"picked":"Ragnarok","floor":12.0},{"not_picked":["Halt","Protect"],"picked":"Wallop","floor":13.0},{"not_picked":["CrushJoints","Fasting2","SignatureMove"],"picked":"SKIP","floor":14.0},{"not_picked":["LessonLearned","Blasphemy"],"picked":"Omniscience","floor":16.0},{"not_picked":["Wireheading","EmptyBody","CrushJoints"],"picked":"SKIP","floor":18.0},{"not_picked":["SashWhip","FlyingSleeves"],"picked":"WreathOfFlame","floor":19.0},{"not_picked":["Vengeance","WaveOfTheHand","InnerPeace"],"picked":"SKIP","floor":21.0},{"not_picked":["ClearTheMind","JustLucky"],"picked":"FlyingSleeves+1","floor":22.0},{"not_picked":["CutThroughFate+1","JustLucky+1"],"picked":"BattleHymn","floor":23.0},{"not_picked":["FollowUp","EmptyFist"],"picked":"WindmillStrike+1","floor":24.0},{"not_picked":["Crescendo","CrushJoints"],"picked":"SandsOfTime+1","floor":25},{"not_picked":["SignatureMove+1","ReachHeaven"],"picked":"SpiritShield","floor":28},{"not_picked":["MasterReality","Prostrate+1","BowlingBash+1"],"picked":"SKIP","floor":30},{"not_picked":["ClearTheMind","Meditate"],"picked":"EmptyFist","floor":31},{"not_picked":["Establishment","Vault"],"picked":"Ragnarok","floor":33},{"not_picked":["Crescendo+1","Collect+1","Worship+1"],"picked":"SKIP","floor":35},{"not_picked":["EmptyBody","ThirdEye+1"],"picked":"Perseverance+1","floor":36}],"player_experience":195190,"relics_obtained":[{"floor":6.0,"key":"Eternal Feather"},{"floor":9.0,"key":"MawBank"},{"floor":10.0,"key":"Pen Nib"},{"floor":13.0,"key":"Gremlin Horn"},{"floor":23.0,"key":"Blood Vial"},{"floor":25,"key":"Ancient Tea Set"},{"floor":26,"key":"Potion Belt"},{"floor":28,"key":"Bottled Flame"},{"floor":30,"key":"Bottled Lightning"}],"event_choices":[{"damage_healed":0.0,"max_hp_gain":0.0,"max_hp_loss":0.0,"gold_gain":0.0,"event_name":"Living Wall","player_choice":"Grow","floor":3.0,"gold_loss":0.0,"damage_taken":0.0,"cards_upgraded":["Eruption"]},{"damage_healed":18.0,"max_hp_gain":0.0,"max_hp_loss":0.0,"gold_gain":0.0,"event_name":"The Cleric","player_choice":"Healed","floor":8.0,"gold_loss":35.0,"damage_taken":0.0},{"cards_removed":["Defend_P"],"damage_healed":0.0,"max_hp_gain":0.0,"max_hp_loss":0.0,"gold_gain":0.0,"event_name":"Golden Wing","player_choice":"Card Removal","floor":11.0,"gold_loss":0.0,"damage_taken":7.0}],"is_beta":false,"boss_relics":[{"not_picked":["Ectoplasm","Astrolabe"],"picked":"Velvet Choker"},{"not_picked":["SlaversCollar","Coffee Dripper"],"picked":"HolyWater"}],"items_purged_floors":[20],"is_endless":false,"potions_floor_spawned":[1,2,6,10,12,14,18,21,23,33],"ascension_level":1}}