{"host":"n0tx3esfb93mqoc3","time":1613349203,"event":{"mods":["BaseMod","Colored Powertips","Downfall","Hermit","Minty Spire (QoL Compilation)","Quick Restart","Replay The Spire","StSLib","The Cursed","The Servant 0.9.4"],"gold_per_floor":[111,130,148,164,164,175,191,191,191,204,217,217,233,252,252,357,357,368,368,19,19,37,37,53,53,77,93,107,107,120,134,134,234,234,253,263,367,381,381,381,381,381],"floor_reached":41,"language":"ENG","playtime":7222,"items_purged":[],"score":345,"play_id":"a29e057e-b44d-4b0d-9ed4-f359df1c4612","local_time":"20210214193323","is_ascension_mode":false,"campfire_choices":[{"floor":15,"key":"REST"},{"data":"After Image","floor":23,"key":"SMITH"},{"floor":25,"key":"REST"},{"floor":32,"key":"REST"},{"data":"Replay:Bootleg Shield Generator","floor":40,"key":"SMITH"}],"circlet_count":0,"master_deck":["Strike_G+1","Strike_G+1","Strike_G+1","Strike_G+1","Strike_G+1","Defend_G+1","Defend_G+1","Defend_G+1","Defend_G+1","Defend_G+1","Survivor","Neutralize","Deflect","Dagger Spray","Footwork+1","Flying Knee","Terror","Backflip","Quick Slash","Dagger Throw","Parasite","Flying Knee","After Image+1","Poison Darts","Footwork+1","Finisher","Replay:Bootleg Shield Generator+1","ReplayTheSpireMod:Scrap Shanks","Poisoned Stab+1","Dagger Throw","Leg Sweep","Sucker Punch+1","Acrobatics","Hidden Blade+1","AbeCurse","A Thousand Cuts","Distraction+1","Sneak Up+1","ReplayTheSpireMod:Splinters","Pot Of Greed","Pot Of Greed","Pot Of Greed","Pot Of Greed","Masterful Stab","Infinite Blades+1","Blur","Writhe"],"relics":["Ring of the Snake","Blue Candle","Ornamental Fan","HoveringKite","TwistedFunnel","Oddly Smooth Stone","Paper Crane","Black Star","Grinning Jar"],"acts_visited":["Exordium","TheCity","TheBeyond"],"potions_floor_usage":[31,31],"damage_taken":[{"damage":4,"enemies":"Jaw Worm","floor":1,"turns":6},{"damage":0,"enemies":"2 Louse","floor":2,"turns":4},{"damage":0,"enemies":"Small Slimes","floor":3,"turns":5},{"damage":5,"enemies":"Looter","floor":4,"turns":4},{"damage":1,"enemies":"Large Slime","floor":6,"turns":10},{"damage":1,"enemies":"2 Fungi Beasts","floor":7,"turns":5},{"damage":7,"enemies":"Gremlin Gang","floor":10,"turns":6},{"damage":0,"enemies":"Looter","floor":11,"turns":3},{"damage":0,"enemies":"3 Louse","floor":13,"turns":2},{"damage":22,"enemies":"Gremlin Gang","floor":14,"turns":4},{"damage":12,"enemies":"Slime Boss","floor":16,"turns":14},{"damage":2,"enemies":"Shell Parasite","floor":18,"turns":6},{"damage":0,"enemies":"3 Byrds","floor":22,"turns":8},{"damage":12,"enemies":"Shelled Parasite and Fungi","floor":24,"turns":8},{"damage":17,"enemies":"Cultist and Chosen","floor":27,"turns":9},{"damage":12,"enemies":"Snake Plant","floor":28,"turns":6},{"damage":18,"enemies":"3 Cultists","floor":30,"turns":6},{"damage":0,"enemies":"Snecko","floor":31,"turns":5},{"damage":24,"enemies":"Pondfish","floor":33,"turns":16},{"damage":13,"enemies":"Orb Walker","floor":35,"turns":5},{"damage":7,"enemies":"3 Darklings","floor":36,"turns":8},{"damage":2,"enemies":"Writhing Mass","floor":38,"turns":8},{"damage":73,"enemies":"Giant Head","floor":41,"turns":10}],"seed_played":"-4466806160736163572","potions_obtained":[{"floor":1,"key":"FearPotion"},{"floor":3,"key":"CunningPotion"},{"floor":10,"key":"Reflective Coating"},{"floor":13,"key":"Explosive Potion"},{"floor":16,"key":"Block Potion"},{"floor":33,"key":"Fruit Juice"},{"floor":38,"key":"Block Potion"}],"is_trial":false,"path_per_floor":["M","M","M","M","?","M","M","?","T","M","M","?","M","M","R","B",null,"M","?","$","?","M","R","M","R","T","M","M","?","M","M","R","B",null,"M","M","?","M","?","R","E"],"character_chosen":"THE_SILENT","items_purchased":["Finisher","Replay:Bootleg Shield Generator","ReplayTheSpireMod:Scrap Shanks","TwistedFunnel"],"campfire_rested":3,"item_purchase_floors":[20,20,20,20],"current_hp_per_floor":[66,66,66,61,61,60,59,54,54,47,47,64,64,42,63,51,70,68,68,68,68,68,68,56,70,70,53,41,41,23,23,44,20,70,57,50,50,48,66,66,0,0],"gold":381,"neow_bonus":"UPGRADE_CARD","is_daily":false,"chose_seed":false,"campfire_upgraded":2,"win_rate":0.0,"timestamp":1613349203,"path_taken":["M","M","M","M","?","M","M","?","T","M","M","?","M","M","R","BOSS","M","?","$","?","M","R","M","R","T","M","M","?","?","M","R","BOSS","M","M","?","M","?","R","E"],"items_purchased_type":["Card","Card","Card","Relic"],"build_version":"2020-12-22","purchased_purges":0,"victory":false,"max_hp_per_floor":[70,70,70,70,70,70,70,70,70,70,70,70,70,70,70,70,70,70,70,70,70,70,70,70,70,70,70,70,70,70,70,70,70,70,70,70,70,70,70,70,70,70],"card_choices":[{"not_picked":["Expertise","Distraction"],"picked":"Deflect","floor":1},{"not_picked":["Dagger Throw","Endless Agony"],"picked":"Dagger Spray","floor":2},{"not_picked":["Terror","Slice"],"picked":"Footwork","floor":3},{"not_picked":["Noxious Fumes","Deflect"],"picked":"Flying Knee","floor":4},{"not_picked":["Acrobatics","Crippling Poison"],"picked":"Terror","floor":6},{"not_picked":["Predator","Flechettes"],"picked":"Backflip","floor":7},{"not_picked":["Dodge and Roll","Deadly Poison"],"picked":"Quick Slash","floor":10},{"not_picked":["Prepared","Quick Slash"],"picked":"Dagger Throw","floor":11},{"not_picked":["Hidden Blade","Endless Agony"],"picked":"Flying Knee","floor":13},{"not_picked":["Escape Plan","Sucker Punch"],"picked":"After Image","floor":14},{"not_picked":["Burst","Wraith Form v2"],"picked":"Poison Darts","floor":16},{"not_picked":["Acrobatics","Deadly Poison"],"picked":"Footwork+1","floor":18},{"not_picked":["Flying Knee+1","Acrobatics"],"picked":"Poisoned Stab+1","floor":22},{"not_picked":["Flying Knee","Flechettes+1"],"picked":"Dagger Throw","floor":24},{"not_picked":["Sneak Up","Deadly Poison"],"picked":"Leg Sweep","floor":27},{"not_picked":["Flying Knee","Quick Slash"],"picked":"Sucker Punch+1","floor":28},{"not_picked":["Poisoned Stab","Leg Sweep"],"picked":"Acrobatics","floor":30},{"not_picked":["Dodge and Roll","Quick Slash"],"picked":"Hidden Blade+1","floor":31},{"not_picked":["Glass Knife","Doppelganger"],"picked":"A Thousand Cuts","floor":33},{"not_picked":["Quick Slash+1","Acrobatics"],"picked":"Distraction+1","floor":35},{"not_picked":["ReplayTheSpireMod:Shiv Toss+1","ReplayTheSpireMod:Speed Training"],"picked":"Sneak Up+1","floor":36},{"not_picked":["Acrobatics","Deflect"],"picked":"Masterful Stab","floor":37},{"not_picked":["Hidden Blade","Sneak Up+1"],"picked":"Infinite Blades+1","floor":37},{"not_picked":["PiercingWail","Expertise+1"],"picked":"Blur","floor":38}],"player_experience":9773,"relics_obtained":[{"floor":9,"key":"Ornamental Fan"},{"floor":26,"key":"Oddly Smooth Stone"},{"floor":37,"key":"Grinning Jar"}],"event_choices":[{"damage_healed":0,"gold_gain":0,"player_choice":"Grow","damage_taken":0,"max_hp_gain":0,"max_hp_loss":0,"event_name":"Living Wall","floor":5,"gold_loss":0,"cards_upgraded":["Footwork"]},{"damage_healed":17,"gold_gain":0,"player_choice":"Healed and dodged fight","damage_taken":0,"max_hp_gain":0,"max_hp_loss":0,"event_name":"Mushrooms","floor":12,"gold_loss":0,"cards_obtained":["Parasite"]},{"damage_healed":0,"gold_gain":0,"player_choice":"Simplicity","damage_taken":0,"max_hp_gain":0,"max_hp_loss":0,"event_name":"Back to Basics","floor":19,"gold_loss":0,"cards_upgraded":["Strike_G","Strike_G","Strike_G","Strike_G","Strike_G","Defend_G","Defend_G","Defend_G","Defend_G"]},{"damage_healed":18,"gold_gain":0,"player_choice":"Writhe","damage_taken":0,"max_hp_gain":0,"max_hp_loss":0,"event_name":"Winding Halls","floor":39,"gold_loss":0,"cards_obtained":["Writhe"]}],"is_beta":false,"boss_relics":[{"not_picked":["Runic Dome","Calling Bell"],"picked":"HoveringKite"},{"not_picked":["Ring of Chaos","Philosopher\u0027s Stone"],"picked":"Black Star"}],"items_purged_floors":[],"is_endless":false,"potions_floor_spawned":[1,3,10,13,16,22,27,28,33,38],"killed_by":"Giant Head","ascension_level":0}}