{"host":"zsnmfqgcm92hlreo","time":1613380325,"event":{"mods":["AchievementEnabler","BaseMod","Bestiary","Block Reminder","Colored Map","Colored Powertips","Filter the Spire","Minty Spire (QoL Compilation)","Permanent Neow","Quick Restart","Relic Stats","StSLib","Weighted Paths"],"gold_per_floor":[114,125,143,143,108,108,137,212,237,30,180,205,260,278,278,354,354,371,398,84,84,5,37,37,68,68,18,49,49,79,92,92,92,92],"floor_reached":33,"language":"ENG","playtime":1084,"items_purged":["Doubt","Doubt"],"score":679,"play_id":"0075fdf5-4f5b-415a-9273-f9971bb0cff8","local_time":"20210215031205","is_ascension_mode":true,"campfire_choices":[{"data":"Bash","floor":6.0,"key":"SMITH"},{"floor":15.0,"key":"REST"},{"floor":24.0,"key":"REST"},{"floor":29.0,"key":"REST"},{"data":"Limit Break","floor":32,"key":"SMITH"}],"circlet_count":0,"master_deck":["AscendersBane","Defend_R","Defend_R","Defend_R","Defend_R","Bash+1","Feel No Pain","Infernal Blade","Uppercut","Pommel Strike","Blood for Blood","Double Tap","Shrug It Off","Limit Break+1","Bloodletting+1","Infernal Blade","Heavy Blade","Bite","Bite","Bite","Bite","Bite","Reaper","Heavy Blade","Brutality","Dark Embrace","Uppercut+1"],"relics":["Snecko Eye","Red Skull","Art of War","Vajra","MealTicket","Ancient Tea Set","Cursed Key","Red Mask","Membership Card","Strawberry","Blood Vial","Paper Frog","Pantograph","Toy Ornithopter","Potion Belt"],"acts_visited":["Exordium","TheCity"],"potions_floor_usage":[33],"damage_taken":[{"damage":7.0,"enemies":"Cultist","floor":1.0,"turns":4.0},{"damage":2.0,"enemies":"2 Louse","floor":2.0,"turns":4.0},{"damage":0.0,"enemies":"Jaw Worm","floor":3.0,"turns":3.0},{"damage":25.0,"enemies":"Lagavulin","floor":7.0,"turns":6.0},{"damage":25.0,"enemies":"3 Sentries","floor":12.0,"turns":5.0},{"damage":0.0,"enemies":"Red Slaver","floor":14.0,"turns":1.0},{"damage":18.0,"enemies":"Slime Boss","floor":16.0,"turns":6.0},{"damage":21.0,"enemies":"Shell Parasite","floor":18.0,"turns":3.0},{"damage":31.0,"enemies":"Masked Bandits","floor":19.0,"turns":4.0},{"damage":68.0,"enemies":"Gremlin Leader","floor":23.0,"turns":8.0},{"damage":20.0,"enemies":"Slavers","floor":25.0,"turns":5.0},{"damage":42.0,"enemies":"Book of Stabbing","floor":28.0,"turns":4.0},{"damage":40.0,"enemies":"Slavers","floor":30.0,"turns":4.0},{"damage":0,"enemies":"Spheric Guardian","floor":31,"turns":1},{"damage":90,"enemies":"Automaton","floor":33,"turns":6}],"seed_played":"1696104120123185435","potions_obtained":[{"floor":3.0,"key":"DuplicationPotion"},{"floor":7.0,"key":"Strength Potion"},{"floor":18.0,"key":"FairyPotion"},{"floor":25.0,"key":"Regen Potion"},{"floor":28.0,"key":"DuplicationPotion"}],"is_trial":false,"path_per_floor":["M","M","M","?","?","R","E","?","T","$","?","E","T","M","R","B",null,"M","?","$","?","$","E","R","E","T","$","E","R","E","M","R","B"],"character_chosen":"IRONCLAD","items_purchased":["Vajra","Blood for Blood","Membership Card","Heavy Blade","Strawberry","Reaper"],"campfire_rested":3,"item_purchase_floors":[10,10,20,20,20,22],"current_hp_per_floor":[61,59,59,59,75,75,50,39,39,39,39,14,14,14,36,18,61,40,9,31,31,46,21,38,38,38,53,21,38,45,47,47,0,0],"gold":92,"neow_bonus":"BOSS_RELIC","is_daily":false,"chose_seed":false,"campfire_upgraded":2,"win_rate":0.0,"timestamp":1613380325,"path_taken":["M","M","M","?","?","R","E","?","T","$","?","E","?","?","R","BOSS","M","?","$","?","?","E","R","E","T","$","E","R","E","?","R","BOSS"],"items_purchased_type":["Relic","Card","Relic","Card","Relic","Card"],"build_version":"2020-12-22","purchased_purges":2,"victory":false,"max_hp_per_floor":[75,75,75,75,75,75,75,75,75,75,75,75,75,75,75,75,75,75,75,82,57,57,57,57,57,57,57,57,57,57,57,57,57,57],"relic_stats":{"Blood Vial":8,"counters":[15,64],"Pantograph":10,"Snecko Eye":[93,123,97,118],"MealTicket":45,"Art of War":[0],"Cursed Key":1,"obtain_stats":[{"Potion Belt":30,"Vajra":10,"Ancient Tea Set":13,"Cursed Key":17,"Burning Blood":0,"Blood Vial":23,"Strawberry":20,"Pantograph":26,"Snecko Eye":0,"MealTicket":12,"Art of War":9,"Red Mask":19,"Membership Card":20,"Red Skull":7,"Toy Ornithopter":28,"Paper Frog":25},{"Potion Belt":13,"Vajra":4,"Ancient Tea Set":5,"Cursed Key":7,"Burning Blood":0,"Blood Vial":10,"Strawberry":9,"Pantograph":11,"Snecko Eye":0,"MealTicket":5,"Art of War":4,"Red Mask":9,"Membership Card":9,"Red Skull":4,"Toy Ornithopter":12,"Paper Frog":11},{"Potion Belt":57,"Vajra":17,"Ancient Tea Set":22,"Cursed Key":29,"Burning Blood":0,"Blood Vial":44,"Strawberry":36,"Pantograph":49,"Snecko Eye":0,"MealTicket":22,"Art of War":17,"Red Mask":36,"Membership Card":36,"Red Skull":17,"Toy Ornithopter":53,"Paper Frog":49}],"Toy Ornithopter":10},"card_choices":[{"not_picked":["Body Slam","Clash"],"picked":"Feel No Pain","floor":1.0},{"not_picked":["Intimidate","Thunderclap"],"picked":"Infernal Blade","floor":2.0},{"not_picked":["Clash","Carnage"],"picked":"Uppercut","floor":3.0},{"not_picked":["Cleave","Wild Strike"],"picked":"Pommel Strike","floor":7.0},{"not_picked":["Fire Breathing","True Grit"],"picked":"Double Tap","floor":12.0},{"not_picked":["Warcry","Second Wind"],"picked":"Shrug It Off","floor":14.0},{"not_picked":["Double Tap","Exhume"],"picked":"Limit Break","floor":16.0},{"not_picked":["Clothesline","Sword Boomerang"],"picked":"Bloodletting+1","floor":18.0},{"not_picked":["Evolve","Thunderclap"],"picked":"Infernal Blade","floor":19.0},{"not_picked":["Infernal Blade","Iron Wave"],"picked":"Heavy Blade","floor":23.0},{"not_picked":["Twin Strike+1","Iron Wave"],"picked":"Brutality","floor":25.0},{"not_picked":["Clothesline","Armaments"],"picked":"Dark Embrace","floor":28.0},{"not_picked":["Flame Barrier","Cleave"],"picked":"Uppercut+1","floor":30.0},{"not_picked":["Havoc","Flex","Evolve"],"picked":"SKIP","floor":31}],"player_experience":1149932,"relics_obtained":[{"floor":7.0,"key":"Red Skull"},{"floor":9.0,"key":"Art of War"},{"floor":12.0,"key":"MealTicket"},{"floor":13.0,"key":"Ancient Tea Set"},{"floor":19.0,"key":"Red Mask"},{"floor":23.0,"key":"Blood Vial"},{"floor":25.0,"key":"Paper Frog"},{"floor":26.0,"key":"Pantograph"},{"floor":28.0,"key":"Toy Ornithopter"},{"floor":30.0,"key":"Potion Belt"}],"event_choices":[{"damage_healed":0.0,"max_hp_gain":0.0,"max_hp_loss":0.0,"gold_gain":0.0,"event_name":"Shining Light","player_choice":"Ignored","floor":4.0,"gold_loss":0.0,"damage_taken":0.0},{"damage_healed":18.0,"max_hp_gain":0.0,"max_hp_loss":0.0,"gold_gain":0.0,"event_name":"The Cleric","player_choice":"Healed","floor":5.0,"gold_loss":35.0,"damage_taken":0.0},{"damage_healed":0.0,"max_hp_gain":0.0,"max_hp_loss":0.0,"gold_gain":75.0,"event_name":"World of Goop","player_choice":"Gather Gold","floor":8.0,"gold_loss":0.0,"damage_taken":11.0},{"damage_healed":0.0,"max_hp_gain":0.0,"max_hp_loss":0.0,"gold_gain":150.0,"event_name":"Liars Game","player_choice":"AGREE","floor":11.0,"gold_loss":0.0,"damage_taken":0.0,"cards_obtained":["Doubt"]},{"damage_healed":0.0,"max_hp_gain":0.0,"max_hp_loss":0.0,"gold_gain":0.0,"event_name":"Masked Bandits","player_choice":"Fought Bandits","floor":19.0,"gold_loss":0.0,"damage_taken":0.0},{"damage_healed":0.0,"max_hp_gain":0.0,"max_hp_loss":25.0,"gold_gain":0.0,"event_name":"Vampires","player_choice":"Became a vampire","floor":21.0,"gold_loss":0.0,"damage_taken":0.0,"cards_obtained":["Bite","Bite","Bite","Bite","Bite"]}],"is_beta":false,"boss_relics":[{"not_picked":["Pandora\u0027s Box","Coffee Dripper"],"picked":"Cursed Key"}],"items_purged_floors":[20,27],"is_endless":false,"potions_floor_spawned":[3,7,14,18,25,28],"killed_by":"Automaton","ascension_level":20}}