{"host":"n59wzi8u174zdegx","time":1613394162,"event":{"mods":["AchievementEnabler","BaseMod","Colored Map","Colored Powertips","Downfall","Hubris","Infinite Spire","Minty Spire (QoL Compilation)","Rare Cards Sparkle","StSLib","The Animator"],"gold_per_floor":[99,111,23,43,56,76,76,104,119,119,119,119,119,135,154,154,154,154],"floor_reached":16,"language":"ENG","playtime":1122,"items_purged":["Slimebound:Defend_Slimebound"],"score":104,"play_id":"7b50bf33-be90-4c36-a33a-3b746808e1b5","local_time":"20210215070242","is_ascension_mode":false,"campfire_choices":[{"data":"Slimebound:Split","floor":1,"key":"SMITH"},{"data":"Slimebound:Repurpose","floor":10,"key":"SMITH"},{"floor":13,"key":"REST"}],"circlet_count":0,"master_deck":["Slimebound:Strike_Slimebound","Slimebound:Strike_Slimebound","Slimebound:Tackle","Slimebound:Defend_Slimebound","Slimebound:Defend_Slimebound","Slimebound:Defend_Slimebound","Slimebound:Split+1","Slimebound:CorrosiveSpit","Slimebound:HauntingLick","Slimebound:FlameTackle","Slimebound:Gluttony","Slimebound:RollThrough","Slimebound:GoopTackle","Slimebound:LeechEnergy","Slimebound:Nibble","Slimebound:Repurpose+1","Slimebound:MassFeed","Slimebound:SplitLeeching","Slimebound:FinishingTackle"],"relics":["Slimebound:AbsorbEndCombat","Dream Catcher"],"acts_visited":["Exordium"],"potions_floor_usage":[14,16,16],"damage_taken":[{"damage":7,"enemies":"infinitespire:Voidling","floor":2,"turns":4},{"damage":3,"enemies":"downfall:FleeingMerchant","floor":3,"turns":4},{"damage":6,"enemies":"Jaw Worm","floor":4,"turns":2},{"damage":6,"enemies":"Cultist","floor":5,"turns":3},{"damage":18,"enemies":"Lots of Slimes","floor":6,"turns":4},{"damage":47,"enemies":"Gremlin Nob","floor":8,"turns":4},{"damage":2,"enemies":"downfall:LooterAlt","floor":9,"turns":3},{"damage":26,"enemies":"Exordium Thugs","floor":14,"turns":3},{"damage":2,"enemies":"Red Slaver","floor":15,"turns":1},{"damage":18,"enemies":"IC_STATUS_ARCHETYPE","floor":16,"turns":2}],"seed_played":"3936564427480251335","potions_obtained":[{"floor":4,"key":"GamblersBrew"},{"floor":5,"key":"Slimebound:SlimyTonguePotion"},{"floor":6,"key":"hexamod:SoulburnPotion"},{"floor":9,"key":"FearPotion"}],"is_trial":false,"path_per_floor":["R","M","$","M","M","M","T","E","M","R","?","$","R","M","M","B"],"character_chosen":"SLIMEBOUND","items_purchased":["Slimebound:Gluttony"],"campfire_rested":1,"item_purchase_floors":[3],"current_hp_per_floor":[71,70,69,67,65,51,51,10,16,16,16,11,32,8,8,0,0,0],"gold":154,"neow_bonus":"TEN_PERCENT_HP_BONUS","is_daily":false,"chose_seed":false,"campfire_upgraded":2,"win_rate":0.0,"timestamp":1613394162,"path_taken":["R","M","$","M","?","M","T","E","M","R","?","?","R","M","M","BOSS"],"items_purchased_type":["Card"],"build_version":"2020-12-22","purchased_purges":1,"victory":false,"max_hp_per_floor":[71,71,71,71,71,71,71,71,71,71,71,71,71,71,71,71,71,71],"card_choices":[{"not_picked":["Slimebound:BestDefense","Slimebound:FinishingTackle"],"picked":"Slimebound:HauntingLick","floor":2},{"not_picked":["Slimebound:SplitLeeching","Slimebound:GoopSpray"],"picked":"Slimebound:FlameTackle","floor":3},{"not_picked":["Slimebound:ComboTackle","Slimebound:ViciousTackle"],"picked":"Slimebound:RollThrough","floor":4},{"not_picked":["Slimebound:SamplingLick","Slimebound:RollThrough"],"picked":"Slimebound:GoopTackle","floor":5},{"not_picked":["Slimebound:SplitAcid","Slimebound:SlimeSpikes"],"picked":"Slimebound:LeechEnergy","floor":6},{"not_picked":["Slimebound:LivingWall","Slimebound:SlimeBrawl"],"picked":"Slimebound:Nibble","floor":8},{"not_picked":["Slimebound:AcidTongue","Slimebound:RejuvenatingLick"],"picked":"Slimebound:Repurpose","floor":9},{"not_picked":["Slimebound:Dissolve","Slimebound:SplitAcid"],"picked":"Slimebound:MassFeed","floor":13},{"not_picked":["Slimebound:LeechEnergy","Slimebound:LivingWall"],"picked":"Slimebound:SplitLeeching","floor":14},{"not_picked":["Slimebound:RollThrough","Slimebound:FormOfPuddle"],"picked":"Slimebound:FinishingTackle","floor":15}],"player_experience":54152,"relics_obtained":[{"floor":8,"key":"Dream Catcher"}],"event_choices":[],"is_beta":false,"boss_relics":[],"items_purged_floors":[12],"is_endless":false,"potions_floor_spawned":[4,5,6,9],"killed_by":"IC_STATUS_ARCHETYPE","ascension_level":0}}