{"host":"5hsgormuu0lj4iiq","time":1613350775,"event":{"mods":["AchievementEnabler","BaseMod","Colored Map","Colored Powertips","Minty Spire (QoL Compilation)","Quick Restart","Relic Stats","SuperFastMode","everything is the same but u backflip on backflip","slay the spire mod where everything is the same but ironclad has a cowboy hat"],"gold_per_floor":[117,132,150,105,115,143,143,168,192,192,204,50,50,73,73,199,199,217,217,231,156,156,156],"floor_reached":22,"language":"ENG","playtime":460,"items_purged":[],"score":314,"play_id":"74f2b20c-c142-44e0-87c5-9c8c22695845","local_time":"20210214195935","is_ascension_mode":true,"campfire_choices":[{"floor":10,"key":"REST"},{"floor":15,"key":"REST"}],"circlet_count":0,"master_deck":["AscendersBane","Strike_B","Strike_B","Strike_B","Defend_B","Defend_B","Defend_B","Defend_B","Zap","Dualcast","Coolheaded","Chaos","Ball Lightning","Chill","Doom and Gloom","Cold Snap","Defragment","Leap"],"relics":["Cracked Core","NeowsBlessing","MealTicket","Orichalcum","Bag of Preparation","Sling","Golden Idol","Snecko Eye"],"acts_visited":["Exordium","TheCity"],"potions_floor_usage":[8,8,22],"damage_taken":[{"damage":0,"enemies":"Cultist","floor":1,"turns":1},{"damage":0,"enemies":"2 Louse","floor":2,"turns":1},{"damage":0,"enemies":"Jaw Worm","floor":3,"turns":1},{"damage":7,"enemies":"Looter","floor":5,"turns":4},{"damage":36,"enemies":"Lagavulin","floor":6,"turns":7},{"damage":31,"enemies":"Gremlin Nob","floor":8,"turns":5},{"damage":13,"enemies":"Large Slime","floor":11,"turns":5},{"damage":13,"enemies":"Exordium Thugs","floor":14,"turns":3},{"damage":40,"enemies":"The Guardian","floor":16,"turns":13},{"damage":13,"enemies":"Shell Parasite","floor":18,"turns":5},{"damage":17,"enemies":"2 Thieves","floor":20,"turns":4},{"damage":29,"enemies":"Snake Plant","floor":22,"turns":3}],"seed_played":"-1912611574473166755","potions_obtained":[{"floor":2,"key":"LiquidBronze"},{"floor":6,"key":"DuplicationPotion"},{"floor":11,"key":"GamblersBrew"},{"floor":16,"key":"Explosive Potion"}],"is_trial":false,"path_per_floor":["M","M","M","$","M","E","?","E","T","R","M","$","?","M","R","B",null,"M","?","M","?","M"],"character_chosen":"DEFECT","items_purchased":["Ball Lightning","Sling"],"campfire_rested":2,"item_purchase_floors":[4,12],"current_hp_per_floor":[68,68,68,68,61,25,50,19,19,41,28,43,43,30,50,10,54,41,41,24,24,0,0],"gold":156,"neow_bonus":"THREE_ENEMY_KILL","is_daily":false,"chose_seed":false,"campfire_upgraded":0,"win_rate":0.0,"timestamp":1613350775,"path_taken":["M","?","?","?","M","E","?","E","T","R","M","?","?","M","R","BOSS","M","?","M","?","?"],"items_purchased_type":["Card","Relic"],"build_version":"2020-12-22","purchased_purges":0,"victory":false,"max_hp_per_floor":[75,75,75,75,75,75,75,75,75,75,75,75,69,69,69,69,69,69,69,69,69,69,69],"relic_stats":{"counters":[12,52],"Golden Idol":37,"Snecko Eye":[28,19,28,15],"MealTicket":15,"Bag of Preparation":[12],"Orichalcum":[42],"obtain_stats":[{"NeowsBlessing":0,"Golden Idol":13,"Snecko Eye":17,"MealTicket":6,"Bag of Preparation":9,"Orichalcum":8,"Cracked Core":0,"Sling":12},{"NeowsBlessing":0,"Golden Idol":7,"Snecko Eye":9,"MealTicket":5,"Bag of Preparation":6,"Orichalcum":6,"Cracked Core":0,"Sling":7},{"NeowsBlessing":0,"Golden Idol":24,"Snecko Eye":40,"MealTicket":14,"Bag of Preparation":19,"Orichalcum":19,"Cracked Core":0,"Sling":24}]},"card_choices":[{"not_picked":["Gash","Redo"],"picked":"Coolheaded","floor":1},{"not_picked":["Gash","Barrage"],"picked":"Chaos","floor":2},{"not_picked":["Stack","Conserve Battery","Redo"],"picked":"SKIP","floor":3},{"not_picked":["Stack","Hologram","Rebound"],"picked":"SKIP","floor":5},{"not_picked":["Gash","Hyperbeam"],"picked":"Chill","floor":6},{"not_picked":["Barrage","Streamline"],"picked":"Doom and Gloom","floor":8},{"not_picked":["Streamline","Conserve Battery"],"picked":"Cold Snap","floor":11},{"not_picked":["Stack","Scrape","Conserve Battery"],"picked":"SKIP","floor":14},{"not_picked":["Streamline","Sunder"],"picked":"Defragment","floor":18},{"not_picked":["Go for the Eyes","Hologram","Chill"],"picked":"SKIP","floor":20}],"player_experience":734444,"relics_obtained":[{"floor":6,"key":"MealTicket"},{"floor":8,"key":"Orichalcum"},{"floor":9,"key":"Bag of Preparation"}],"event_choices":[{"damage_healed":25,"gold_gain":0,"player_choice":"Banana","damage_taken":0,"max_hp_gain":0,"max_hp_loss":0,"event_name":"Big Fish","floor":7,"gold_loss":0},{"damage_healed":0,"gold_gain":0,"player_choice":"Lose Max HP","damage_taken":0,"relics_obtained":["Golden Idol"],"max_hp_gain":0,"max_hp_loss":6,"event_name":"Golden Idol","floor":13,"gold_loss":0},{"damage_healed":0,"gold_gain":0,"player_choice":"Read","damage_taken":0,"max_hp_gain":0,"max_hp_loss":0,"event_name":"The Library","floor":19,"gold_loss":0,"cards_obtained":["Leap"]},{"cards_removed":["Strike_B"],"damage_healed":0,"gold_gain":0,"player_choice":"Gave Gold","damage_taken":0,"max_hp_gain":0,"max_hp_loss":0,"event_name":"Beggar","floor":21,"gold_loss":75}],"is_beta":false,"boss_relics":[{"not_picked":["Runic Pyramid","Calling Bell"],"picked":"Snecko Eye"}],"items_purged_floors":[],"is_endless":false,"potions_floor_spawned":[2,6,11,16,18],"killed_by":"Snake Plant","ascension_level":12}}