{"host":"y2nx07t75db4hs5p","time":1613397334,"event":{"mods":["Act Like it!","BaseMod","Gensokyo","Lobotomy","LobotomyExtend","Minty Spire (QoL Compilation)","StSLib"],"gold_per_floor":[111,111,111,130,130,130,140,140,166,166,166,178,194,212,212,317,317,337,587,607,607,607],"floor_reached":21,"language":"ZHS","playtime":1016,"items_purged":[],"score":171,"play_id":"7784104d-22f2-46f5-b364-4107a8bcb396","local_time":"20210215215534","is_ascension_mode":false,"campfire_choices":[{"floor":6.0,"key":"RECALL"}],"circlet_count":0,"master_deck":["SpecialBullet","SpecialBullet","SpecialBullet","SpecialBullet","SpecialBullet","SpecialBullet","SpecialBullet","SpecialBullet","WelfareCode","DisciplinaryCode","SecurityCode","TheSmile+1","Christmas+1","OSAHOGD","PunishingBird","CentralCode","GreenStem","Moonlight","DaCapo","Moonlight","Spore"],"relics":["CogitoBucket","LetterFromLob","War Paint","InspiredRelic","SkinProphecy","Sozu"],"acts_visited":["Gensokyo:Gensokyo","Gensokyo:Gensokyoer"],"potions_floor_usage":[],"damage_taken":[{"damage":0.0,"enemies":"Gensokyo:Python","floor":1.0,"turns":2.0},{"damage":6.0,"enemies":"Gensokyo:2_Kodama","floor":4.0,"turns":2.0},{"damage":7.0,"enemies":"Gensokyo:Gryphon","floor":7.0,"turns":3.0},{"damage":10.0,"enemies":"Gensokyo:5_Fairies","floor":12.0,"turns":5.0},{"damage":18.0,"enemies":"Gensokyo:VengefulSpirit","floor":13.0,"turns":4.0},{"damage":28.0,"enemies":"Gensokyo:Python_and_Kodama","floor":14.0,"turns":21.0},{"damage":12.0,"enemies":"Gensokyo:Yukari","floor":16.0,"turns":20.0},{"damage":5.0,"enemies":"Gensokyo:Chomper","floor":18.0,"turns":5.0},{"damage":0,"enemies":"Gensokyo:AngelMirror","floor":20,"turns":4},{"damage":93,"enemies":"Gensokyo:Chomper_and_Gloop","floor":21,"turns":9}],"seed_played":"4332588239063083800","potions_obtained":[{"floor":4.0,"key":"Block Potion"},{"floor":12.0,"key":"Block Potion"},{"floor":13.0,"key":"SkillPotion"},{"floor":16.0,"key":"Swift Potion"}],"is_trial":false,"path_per_floor":["M","$","?","M","T","R","M","R","T","R","E","M","M","M","R","B",null,"M","?","M","M"],"character_chosen":"Angela","items_purchased":[],"campfire_rested":0,"item_purchase_floors":[],"current_hp_per_floor":[57,57,57,59,59,59,63,63,63,63,63,69,65,51,51,49,73,75,71,73,0,0],"gold":607,"neow_bonus":"THREE_RARE_CARDS","is_daily":false,"chose_seed":false,"campfire_upgraded":0,"win_rate":0.0,"timestamp":1613397334,"path_taken":["M","$","?","M","?","R","?","R","T","R","E","M","M","M","R","BOSS","M","?","?","M"],"items_purchased_type":[],"build_version":"2020-12-22","purchased_purges":0,"victory":false,"max_hp_per_floor":[70,70,70,70,70,70,70,70,70,70,71,71,71,71,71,73,73,75,71,73,75,75],"card_choices":[{"not_picked":["GoldRush","Pinks"],"picked":"TheSmile","floor":0.0},{"not_picked":["Penitence"],"picked":"Christmas","floor":1.0},{"not_picked":["VoidDream","SpiderBud"],"picked":"OSAHOGD","floor":4.0},{"not_picked":["Pleasure","Penitence"],"picked":"SKIP","floor":4.0},{"not_picked":["MeatLantern","ShyLook"],"picked":"PunishingBird","floor":7.0},{"not_picked":["Tough","FrostShard"],"picked":"SKIP","floor":7.0},{"not_picked":["CrimsonScar"],"picked":"GreenStem","floor":12.0},{"not_picked":["WristCuter"],"picked":"Moonlight","floor":13.0},{"not_picked":["Regret_ego","Logging"],"picked":"SKIP","floor":14.0},{"not_picked":["Adoration"],"picked":"DaCapo","floor":16.0},{"not_picked":["Reverberation"],"picked":"Moonlight","floor":18},{"not_picked":["Murderer","SingingMachine"],"picked":"DespairKnight","floor":20},{"not_picked":["Harmony+1"],"picked":"Spore","floor":20}],"player_experience":296348,"relics_obtained":[{"floor":1.0,"key":"LetterFromLob"},{"floor":9.0,"key":"War Paint"}],"event_choices":[],"is_beta":false,"boss_relics":[{"not_picked":["Snecko Eye","Calling Bell"],"picked":"Sozu"}],"items_purged_floors":[],"is_endless":false,"potions_floor_spawned":[4,12,13,16,18],"killed_by":"Gensokyo:Chomper_and_Gloop","ascension_level":0}}