{"host":"w7pthw6r6331n954","time":1613429255,"event":{"mods":["AchievementEnabler","Act Like it!","BaseMod","BetterRewards","Colored Map","Colored Powertips","Custom Start","Downfall","Hallownest","Hermit","Jorbs\u0027s Wanderer Trilogy","Minty Spire (QoL Compilation)","Replay The Spire","Shop Mod","StSLib","SuperFastMode"],"gold_per_floor":[115,133,133,92,109,109,141,153,177,189,189,189,214,228,228,325,325,342,357,373,14,14,85,110,50,124,147,177,177,205,223,223,223,223],"floor_reached":33,"language":"ENG","playtime":3022,"items_purged":[],"score":604,"play_id":"b8c04747-32b3-41ac-8426-0973108a16de","local_time":"20210215174735","is_ascension_mode":true,"campfire_choices":[{"floor":6,"key":"REST"},{"floor":12,"key":"REST"},{"floor":15,"key":"RECALL"},{"floor":32,"key":"REST"}],"circlet_count":0,"master_deck":["Strike_B","Strike_B+1","Strike_B+1","Defend_B","Defend_B","Zap","Dualcast","Gash","Apotheosis","Ball Lightning","ReplaySolidLightProjector","Stack","Steam","Self Repair","Chaos","All For One","Doom and Gloom","Melter","BootSequence","Auto Shields","Reboot","stsjorbsmod:Withering","Leap","Reprogram","Rebound","Aggregate","Mind Blast","Sadistic Nature","Metamorphosis","Swift Strike","Aggregate","Double Energy","Capacitor","Doom and Gloom","Undo","Redo"],"relics":["Cracked Core","MerchantsRug","Divine Protection","Runic Capacitor","Boot","ReplayTheSpireMod:TigerMarble","Replay:Multitool","Symbiotic Virus","Du-Vu Doll","Juzu Bracelet","Chameleon Ring","Matryoshka","Blood Vial","Replay:Mystery Machine","Replay:Rubber Ducky","Gambling Chip"],"acts_visited":["Exordium","TheCity"],"potions_floor_usage":[16,18,21,33],"damage_taken":[{"damage":0,"enemies":"2 Louse","floor":1,"turns":2},{"damage":0,"enemies":"Cultist","floor":2,"turns":3},{"damage":0,"enemies":"Jaw Worm","floor":5,"turns":3},{"damage":19,"enemies":"3 Sentries","floor":7,"turns":9},{"damage":4,"enemies":"Exordium Wildlife","floor":8,"turns":4},{"damage":6,"enemies":"Red Slaver","floor":10,"turns":3},{"damage":9,"enemies":"Replay:BlueRogue","floor":13,"turns":4},{"damage":0,"enemies":"Exordium Thugs","floor":14,"turns":4},{"damage":0,"enemies":"Fading Forest","floor":16,"turns":11},{"damage":0,"enemies":"3 Byrds","floor":18,"turns":6},{"damage":0,"enemies":"Chosen","floor":19,"turns":4},{"damage":0,"enemies":"Sentry and Sphere","floor":20,"turns":5},{"damage":7,"enemies":"Slavers","floor":24,"turns":5},{"damage":34,"enemies":"Replay:Snechameleon","floor":30,"turns":5},{"damage":31,"enemies":"Centurion and Healer","floor":31,"turns":6},{"damage":46,"enemies":"Champ","floor":33,"turns":10}],"seed_played":"8492302394543169599","potions_obtained":[{"floor":8,"key":"BlessingOfTheForge"},{"floor":10,"key":"PotionOfCapacity"},{"floor":14,"key":"FocusPotion"},{"floor":24,"key":"FocusPotion"},{"floor":30,"key":"Milkshake"},{"floor":31,"key":"Doom Potion"}],"is_trial":false,"path_per_floor":["M","M","?","$","M","R","E","M","T","M","?","R","E","M","R","B",null,"M","M","M","$","?","R","E","?","T","T","$","?","E","M","R","B"],"character_chosen":"DEFECT","items_purchased":["MerchantsRug","Divine Protection","Gash","Apotheosis","Runic Capacitor","Boot","Ball Lightning","ReplaySolidLightProjector","Self Repair","Aggregate","Juzu Bracelet","ReplayTheSpireMod:ShopPack","Mind Blast","Fruit Juice"],"campfire_rested":3,"item_purchase_floors":[0,0,0,0,0,0,0,0,4,21,21,21,21,21],"current_hp_per_floor":[28,28,28,28,35,57,48,51,51,52,49,71,62,69,69,75,75,75,75,75,80,80,80,73,73,73,73,73,73,41,12,36,0,0],"gold":223,"neow_bonus":"","is_daily":false,"chose_seed":false,"campfire_upgraded":0,"win_rate":0.0,"timestamp":1613429255,"path_taken":["M","M","?","$","?","R","E","M","T","M","?","R","E","M","R","BOSS","M","M","M","$","?","R","E","?","T","?","$","?","E","M","R","BOSS"],"items_purchased_type":["Relic","Relic","Card","Card","Relic","Relic","Card","Card","Card","Card","Relic","Relic","Card","Potion"],"build_version":"2020-12-22","purchased_purges":0,"victory":false,"max_hp_per_floor":[75,75,75,75,75,75,75,75,75,75,75,75,75,75,75,75,75,75,75,75,80,80,80,80,80,80,80,80,80,80,80,80,80,80],"card_choices":[{"not_picked":["Hello World","Rebound"],"picked":"Stack","floor":1},{"not_picked":["Sweeping Beam","Coolheaded"],"picked":"Steam","floor":2},{"not_picked":["Sweeping Beam","Steam"],"picked":"Chaos","floor":5},{"not_picked":["Gash","FTL"],"picked":"All For One","floor":7},{"not_picked":["Leap","Streamline"],"picked":"Doom and Gloom","floor":8},{"not_picked":["Steam","ReplayTheSpireMod:Calculation Training"],"picked":"Melter","floor":10},{"not_picked":["Undo","Heatsinks"],"picked":"BootSequence","floor":13},{"not_picked":["Leap","Hologram"],"picked":"Auto Shields","floor":14},{"not_picked":["Thunder Strike","Machine Learning"],"picked":"Reboot","floor":16},{"not_picked":["Pain","CurseOfTheBell"],"picked":"Hallucinations","floor":17},{"not_picked":["Parasite","Shame"],"picked":"Voices","floor":17},{"not_picked":["Clumsy","Regret"],"picked":"stsjorbsmod:Withering","floor":17},{"not_picked":["Cold Snap","ReplayTheSpireMod:Repulse"],"picked":"Leap","floor":18},{"not_picked":["BasicCrystalCard","Leap"],"picked":"Reprogram","floor":19},{"not_picked":["Sweeping Beam","Hologram"],"picked":"Rebound","floor":20},{"not_picked":["Magnetism","Crow Ritual"],"picked":"Sadistic Nature","floor":21},{"not_picked":["ReplayTheSpireMod:Uncanny Aura","Replay:Bootleg Shield Generator"],"picked":"Metamorphosis","floor":21},{"not_picked":["Specialist","Metamorphosis"],"picked":"Swift Strike","floor":21},{"not_picked":["Ball Lightning","ReplayTheSpireMod:Calculation Training"],"picked":"Double Energy","floor":24},{"not_picked":["Steam","Stack+1"],"picked":"Undo","floor":30},{"not_picked":["Sweeping Beam+1","Heatsinks"],"picked":"Redo","floor":31}],"player_experience":1279514,"relics_obtained":[{"floor":7,"key":"Whetstone"},{"floor":13,"key":"Replay:Multitool"},{"floor":24,"key":"Chameleon Ring"},{"floor":26,"key":"Matryoshka"},{"floor":27,"key":"Blood Vial"},{"floor":27,"key":"Replay:Mystery Machine"},{"floor":30,"key":"Gambling Chip"}],"event_choices":[{"cards_removed":["Defend_B"],"damage_healed":0,"gold_gain":0,"player_choice":"Purged","damage_taken":0,"max_hp_gain":0,"max_hp_loss":0,"event_name":"Purifier","floor":3,"gold_loss":0},{"damage_healed":0,"gold_gain":0,"player_choice":"Success","damage_taken":3,"relics_obtained":["ReplayTheSpireMod:TigerMarble"],"max_hp_gain":0,"max_hp_loss":0,"event_name":"Scrap Ooze","floor":11,"gold_loss":0},{"damage_healed":0,"gold_gain":0,"player_choice":"Copied","damage_taken":0,"max_hp_gain":0,"max_hp_loss":0,"event_name":"Duplicator","floor":22,"gold_loss":0,"cards_obtained":["Aggregate"]},{"damage_healed":0,"gold_gain":0,"cards_transformed":["Defend_B","Strike_B"],"player_choice":"Transformed Cards","damage_taken":0,"max_hp_gain":0,"max_hp_loss":0,"event_name":"Designer","floor":25,"gold_loss":60,"cards_obtained":["Capacitor","Doom and Gloom"]}],"is_beta":false,"boss_relics":[{"not_picked":["ReplayTheSpireMod:DimensionalGlitch","FrozenCore"],"picked":"Replay:Ancient Bell"},{"not_picked":["Pet Ghost","Bag of Preparation"],"picked":"Omamori"},{"not_picked":["Replay:Bottled Snecko","Shuriken"],"picked":"Symbiotic Virus"},{"not_picked":["CaptainsWheel","Pondfish Scales"],"picked":"Du-Vu Doll"}],"items_purged_floors":[],"is_endless":false,"potions_floor_spawned":[8,10,14,24,30,31],"killed_by":"Champ","ascension_level":6}}