{"host":"uv5ws9rdk87e8i5k","time":1613367589,"event":{"mods":["AchievementEnabler","BaseMod","Colored Map","Minty Spire (QoL Compilation)","Permanent Neow","Quick Restart","StSLib","SuperFastMode","The Necromancer"],"gold_per_floor":[119,99,111,36,36,62,62,76,100,110,141,141],"floor_reached":11,"language":"ENG","playtime":188,"items_purged":["Writhe"],"score":95,"play_id":"119f7fd9-d3ca-46eb-adbe-bc3e93e21c37","local_time":"20210214233949","is_ascension_mode":true,"campfire_choices":[{"data":"Capacitor","floor":7,"key":"SMITH"}],"circlet_count":0,"master_deck":["Strike_B","Strike_B","Strike_B","Defend_B","Defend_B","Defend_B","Zap","Dualcast","Force Field","Doom and Gloom","Turbo","Capacitor+1","Auto Shields","Coolheaded","White Noise"],"relics":["Cracked Core","Oddly Smooth Stone","Bag of Marbles"],"acts_visited":["Exordium"],"potions_floor_usage":[6,10,11,11],"damage_taken":[{"damage":7,"enemies":"Jaw Worm","floor":1,"turns":3},{"damage":1,"enemies":"Cultist","floor":3,"turns":3},{"damage":15,"enemies":"3 Sentries","floor":6,"turns":4},{"damage":0,"enemies":"2 Louse","floor":8,"turns":3},{"damage":6,"enemies":"2 Fungi Beasts","floor":10,"turns":2},{"damage":36,"enemies":"Gremlin Nob","floor":11,"turns":5}],"seed_played":"-6235896137364193459","potions_obtained":[{"floor":2,"key":"EssenceOfDarkness"},{"floor":3,"key":"DuplicationPotion"},{"floor":6,"key":"AttackPotion"},{"floor":10,"key":"AttackPotion"}],"is_trial":false,"path_per_floor":["M","?","M","$","$","E","R","M","T","M","E"],"character_chosen":"DEFECT","items_purchased":[],"campfire_rested":0,"item_purchase_floors":[],"current_hp_per_floor":[68,68,67,67,67,52,52,52,52,46,10,10],"gold":141,"neow_bonus":"TRANSFORM_TWO_CARDS","is_daily":false,"chose_seed":false,"campfire_upgraded":1,"win_rate":0.0,"timestamp":1613367589,"path_taken":["M","?","?","?","$","E","R","M","T","M","E"],"items_purchased_type":[],"build_version":"2020-12-22","purchased_purges":1,"victory":false,"max_hp_per_floor":[75,75,75,75,75,75,75,75,75,75,75,75],"card_choices":[{"not_picked":["Redo","Barrage"],"picked":"Turbo","floor":1},{"not_picked":["Chill","Sunder"],"picked":"Capacitor","floor":3},{"not_picked":["Hologram","Rebound"],"picked":"Auto Shields","floor":6},{"not_picked":["Leap","Compile Driver"],"picked":"Coolheaded","floor":8},{"not_picked":["Ball Lightning","Streamline"],"picked":"White Noise","floor":10}],"player_experience":186572,"relics_obtained":[{"floor":6,"key":"Oddly Smooth Stone"},{"floor":11,"key":"Bag of Marbles"}],"event_choices":[{"damage_healed":0,"gold_gain":0,"player_choice":"Bought 1 Potion","damage_taken":0,"max_hp_gain":0,"max_hp_loss":0,"event_name":"The Woman in Blue","floor":2,"gold_loss":0}],"is_beta":false,"boss_relics":[],"items_purged_floors":[4],"is_endless":false,"potions_floor_spawned":[3,6,10],"killed_by":"Gremlin Nob","ascension_level":3}}