{"host":"11728qvdvolffudn","time":1613416003,"event":{"mods":["BaseMod","Block Reminder","Colored Powertips","Curses Come First","Custom Start","Displayed Cursed Tome","Highlight Path","Minty Spire (QoL Compilation)","Permanent Neow","Quick Restart","Rare Cards Sparkle","Relic Stats","StSLib","Weighted Paths"],"gold_per_floor":[115,131,131,131,151,151,172,30,55,69,89,89,14,14,26,38,38],"floor_reached":16,"language":"ENG","playtime":395,"items_purged":["Strike_R"],"score":110,"play_id":"9a2bdedb-4b7b-4cfe-9b31-30c200e3b444","local_time":"20210215190643","is_ascension_mode":true,"campfire_choices":[{"data":"Cleave","floor":6,"key":"SMITH"},{"data":"Defend_R","floor":12,"key":"SMITH"},{"floor":15,"key":"REST"}],"circlet_count":0,"master_deck":["Strike_R","Strike_R","Strike_R+1","Strike_R","Defend_R+1","Defend_R","Defend_R","Defend_R+1","Bash","Cleave+1","Limit Break"],"relics":["Burning Blood","Orichalcum","Golden Idol","Potion Belt","MawBank"],"acts_visited":["Exordium"],"potions_floor_usage":[16,16],"damage_taken":[{"damage":6,"enemies":"Jaw Worm","floor":1,"turns":2},{"damage":0,"enemies":"Small Slimes","floor":2,"turns":3},{"damage":0,"enemies":"Cultist","floor":5,"turns":2},{"damage":7,"enemies":"2 Fungi Beasts","floor":7,"turns":3},{"damage":7,"enemies":"Blue Slaver","floor":10,"turns":3},{"damage":11,"enemies":"Exordium Wildlife","floor":11,"turns":5},{"damage":64,"enemies":"Hexaghost","floor":16,"turns":11}],"seed_played":"3855332907675957216","potions_obtained":[{"floor":2,"key":"Fire Potion"},{"floor":5,"key":"Block Potion"}],"is_trial":false,"path_per_floor":["M","M","?","?","M","R","M","$","T","M","M","R","$","?","R","B"],"character_chosen":"IRONCLAD","items_purchased":["Limit Break"],"campfire_rested":1,"item_purchase_floors":[8],"current_hp_per_floor":[80,80,60,44,50,50,49,49,49,48,43,43,43,36,60,0,0],"gold":38,"neow_bonus":"RANDOM_COMMON_RELIC","is_daily":false,"chose_seed":false,"campfire_upgraded":2,"win_rate":0.0,"timestamp":1613416003,"path_taken":["M","M","?","?","?","R","?","$","T","M","M","R","$","?","R","BOSS"],"items_purchased_type":["Card"],"build_version":"2020-12-22","purchased_purges":1,"victory":false,"max_hp_per_floor":[80,80,80,80,80,80,80,80,80,80,80,80,80,80,80,80,80],"relic_stats":{"counters":[7,29],"Golden Idol":15,"Orichalcum":[102],"MawBank":24,"obtain_stats":[{"Potion Belt":9,"Golden Idol":3,"Orichalcum":0,"MawBank":14,"Burning Blood":0},{"Potion Belt":4,"Golden Idol":2,"Orichalcum":0,"MawBank":6,"Burning Blood":0},{"Potion Belt":10,"Golden Idol":5,"Orichalcum":0,"MawBank":18,"Burning Blood":0}],"Burning Blood":30},"card_choices":[{"not_picked":["Intimidate","Metallicize"],"picked":"Cleave","floor":1},{"not_picked":["Perfected Strike","Reckless Charge","Sword Boomerang"],"picked":"SKIP","floor":2},{"not_picked":["Power Through","Dark Embrace","Shockwave"],"picked":"SKIP","floor":5},{"not_picked":["Carnage","Warcry","Burning Pact"],"picked":"SKIP","floor":7},{"not_picked":["Searing Blow","Dropkick","Anger"],"picked":"SKIP","floor":10},{"not_picked":["Dropkick","Second Wind","Clash"],"picked":"SKIP","floor":11}],"player_experience":213197,"relics_obtained":[{"floor":9,"key":"Potion Belt"}],"event_choices":[{"damage_healed":0,"gold_gain":0,"player_choice":"Take Damage","damage_taken":20,"relics_obtained":["Golden Idol"],"max_hp_gain":0,"max_hp_loss":0,"event_name":"Golden Idol","floor":3,"gold_loss":0},{"damage_healed":0,"gold_gain":0,"player_choice":"Entered Light","damage_taken":16,"max_hp_gain":0,"max_hp_loss":0,"event_name":"Shining Light","floor":4,"gold_loss":0,"cards_upgraded":["Defend_R","Strike_R"]},{"damage_healed":0,"gold_gain":0,"player_choice":"Success","damage_taken":7,"relics_obtained":["MawBank"],"max_hp_gain":0,"max_hp_loss":0,"event_name":"Scrap Ooze","floor":14,"gold_loss":0}],"is_beta":false,"boss_relics":[],"items_purged_floors":[13],"is_endless":false,"potions_floor_spawned":[2,5,10],"killed_by":"Hexaghost","ascension_level":4}}