{"host":"sav7uxregyirlf69","time":1613392854,"event":{"mods":["AchievementEnabler","BaseMod","Colored Map","DeckTracker","Keyboard Shortcuts","Minty Spire (QoL Compilation)","READ ME - Guardian Mod","StSLib","SuperFastMode"],"gold_per_floor":[119,119,119,194,119,119,151,165,165,165,193,203,168,182,182,182,182],"floor_reached":16,"language":"KOR","playtime":169,"items_purged":["Defend_G"],"score":266,"play_id":"47465d0c-ec38-47b1-b2e3-ca700f2f92e1","local_time":"20210215214054","is_ascension_mode":true,"campfire_choices":[{"data":"Neutralize","floor":6,"key":"SMITH"},{"data":"Dagger Throw","floor":15,"key":"SMITH"}],"circlet_count":0,"master_deck":["AscendersBane","Strike_G","Strike_G","Strike_G","Strike_G","Strike_G","Defend_G","Defend_G+1","Defend_G","Defend_G","Survivor","Neutralize+1","Poisoned Stab+1","Dagger Throw+1","Blur","Backstab","Well Laid Plans"],"relics":["Ring of the Snake","NeowsBlessing","Kunai","Incense Burner","Turnip"],"acts_visited":["Exordium"],"potions_floor_usage":[16,16],"damage_taken":[{"damage":0,"enemies":"Jaw Worm","floor":1,"turns":1},{"damage":0,"enemies":"Gremlin Nob","floor":7,"turns":1},{"damage":0,"enemies":"2 Louse","floor":8,"turns":1},{"damage":19,"enemies":"3 Sentries","floor":11,"turns":12},{"damage":0,"enemies":"Small Slimes","floor":12,"turns":4},{"damage":3,"enemies":"Blue Slaver","floor":14,"turns":2},{"damage":27,"enemies":"Slime Boss","floor":16,"turns":7}],"seed_played":"7094456365253344190","potions_obtained":[{"floor":11,"key":"Poison Potion"},{"floor":12,"key":"Explosive Potion"}],"is_trial":false,"path_per_floor":["M","?","?","?","$","R","E","M","T","T","E","M","?","M","R","B"],"character_chosen":"THE_SILENT","items_purchased":[],"campfire_rested":0,"item_purchase_floors":[],"current_hp_per_floor":[59,64,43,32,32,32,32,32,32,32,13,13,30,27,27,0,0],"gold":182,"neow_bonus":"THREE_ENEMY_KILL","is_daily":false,"chose_seed":false,"campfire_upgraded":2,"win_rate":0.0,"timestamp":1613392854,"path_taken":["M","?","?","?","?","R","E","?","T","?","E","M","?","M","R","BOSS"],"items_purchased_type":[],"build_version":"2020-12-22","purchased_purges":1,"victory":false,"max_hp_per_floor":[66,71,71,71,71,71,71,71,71,71,71,71,71,71,71,71,71],"card_choices":[{"not_picked":["Cloak And Dagger","Acrobatics"],"picked":"Poisoned Stab","floor":1},{"not_picked":["Calculated Gamble","Slice"],"picked":"Dagger Throw","floor":7},{"not_picked":["Quick Slash","Backflip"],"picked":"Blur","floor":8},{"not_picked":["Dash","Deflect","Catalyst"],"picked":"SKIP","floor":11},{"not_picked":["Dodge and Roll","Underhanded Strike"],"picked":"Backstab","floor":12},{"not_picked":["PiercingWail","Storm of Steel"],"picked":"Well Laid Plans","floor":14}],"player_experience":1581405,"relics_obtained":[{"floor":7,"key":"Kunai"},{"floor":10,"key":"Incense Burner"},{"floor":11,"key":"Turnip"}],"event_choices":[{"damage_healed":0,"gold_gain":0,"player_choice":"Donut","damage_taken":0,"max_hp_gain":5,"max_hp_loss":0,"event_name":"Big Fish","floor":2,"gold_loss":0},{"damage_healed":0,"gold_gain":0,"player_choice":"Entered Light","damage_taken":21,"max_hp_gain":0,"max_hp_loss":0,"event_name":"Shining Light","floor":3,"gold_loss":0,"cards_upgraded":["Poisoned Stab","Defend_G"]},{"damage_healed":0,"gold_gain":75,"player_choice":"Gather Gold","damage_taken":11,"max_hp_gain":0,"max_hp_loss":0,"event_name":"World of Goop","floor":4,"gold_loss":0},{"damage_healed":17,"gold_gain":0,"player_choice":"Healed","damage_taken":0,"max_hp_gain":0,"max_hp_loss":0,"event_name":"The Cleric","floor":13,"gold_loss":35}],"is_beta":false,"boss_relics":[],"items_purged_floors":[5],"is_endless":false,"potions_floor_spawned":[11,12],"killed_by":"Slime Boss","ascension_level":20}}