{"host":"nk96hmshg916l1i9","time":1613414659,"event":{"mods":["Act Like it!","Aspiration","BaseMod","Bestiary","Better Third Choice","BetterRewards","Colored Map","Colored Powertips","Downfall","Gensokyo","Hallownest","Hermit","Hubris","Koishi","Lobotomy","Marisa（霧雨　魔理沙）","Minty Spire (QoL Compilation)","Prisma Mod","Remilia（蕾米莉?）","Shop Mod","StSLib","Td1madao Mod","The Administrix","The Animator","The Bug Knight","The Cursed","The Disciple","The Hierophant","The Jungle"],"gold_per_floor":[277,295,37,52,71,98,98,48,48,62,62,62,80,98,98,202,202,216,216,236,236,236],"floor_reached":21,"language":"ENG","playtime":2202,"items_purged":["Koishi:BasicStrike"],"score":208,"play_id":"972f00d8-8de8-4e85-8942-73d67a70aa3a","local_time":"20210216024419","is_ascension_mode":false,"campfire_choices":[{"data":"Apotheosis","floor":7,"key":"SMITH"},{"floor":11,"key":"REST"},{"data":"Koishi:JumpScare","floor":15,"key":"SMITH"}],"circlet_count":0,"master_deck":["Koishi:BasicStrike","Koishi:BasicStrike","Koishi:Provoke","Koishi:HauntingSlash","Koishi:CatchAndRose","Koishi:EmbryosDream","OSAHOGD","Apotheosis+1","Koishi:FidgetySnatcher","Koishi:JumpScare+1","Koishi:MindNumbingTerror","Koishi:Whimsy","Koishi:HeartfeltFancy","Koishi:RacingHeart","OldLady","Koishi:ImGoingToCallYouNow","Woodsman","Koishi:Whimsy","theJungle:Gourd","theJungle:Gourd","theJungle:Gourd","theJungle:Gourd","theJungle:Gourd"],"relics":["Koishi:ImaginaryFriend","CogitoBucket","Ornamental Fan","BehaviorAdjustment","hubris:Icosahedron","Velvet Choker","HellTrain"],"acts_visited":["Exordium","Exordium"],"potions_floor_usage":[2,10,16,16],"damage_taken":[{"damage":1,"enemies":"Jaw Worm","floor":1,"turns":5},{"damage":5,"enemies":"Small Slimes","floor":2,"turns":2},{"damage":3,"enemies":"2 Louse","floor":4,"turns":4},{"damage":2,"enemies":"Blue Slaver","floor":5,"turns":6},{"damage":22,"enemies":"Gremlin Nob","floor":6,"turns":7},{"damage":12,"enemies":"Exordium Thugs","floor":10,"turns":6},{"damage":5,"enemies":"Looter","floor":13,"turns":4},{"damage":11,"enemies":"Exordium Wildlife","floor":14,"turns":4},{"damage":50,"enemies":"Slime Boss","floor":16,"turns":12},{"damage":16,"enemies":"theJungle:GiantWrat","floor":18,"turns":5},{"damage":35,"enemies":"Shell Parasite","floor":20,"turns":15},{"damage":3,"enemies":"theJungle:Snecko_Cultist_And_Trap","floor":21,"turns":3}],"seed_played":"2354464446473613138","potions_obtained":[{"floor":1,"key":"Fire Potion"},{"floor":5,"key":"FairyPotion"},{"floor":6,"key":"EssenceOfSteel"},{"floor":10,"key":"BlessingOfTheForge"},{"floor":13,"key":"FearPotion"},{"floor":20,"key":"PowerPotion"}],"is_trial":false,"path_per_floor":["M","M","$","M","M","E","R","?","T","M","R","?","M","M","R","B",null,"M","?","M","M"],"character_chosen":"KOISHI","items_purchased":["Apotheosis"],"campfire_rested":1,"item_purchase_floors":[3],"current_hp_per_floor":[60,55,55,54,56,42,42,42,42,36,54,54,52,51,51,3,60,60,60,25,22,22],"gold":236,"neow_bonus":"","is_daily":false,"chose_seed":false,"campfire_upgraded":2,"win_rate":0.0,"timestamp":1613414659,"path_taken":["M","M","$","M","M","E","R","?","T","M","R","?","M","M","R","BOSS","M","?","M","M"],"items_purchased_type":["Card"],"build_version":"2020-12-22","purchased_purges":1,"victory":false,"max_hp_per_floor":[60,60,60,60,60,60,60,60,60,60,60,60,60,60,60,60,60,60,60,60,60,60],"card_choices":[{"not_picked":["Koishi:StrangeCloudFist","Koishi:DNAsFlaw"],"picked":"Koishi:CatchAndRose","floor":1},{"not_picked":["Koishi:HeartfeltFancy","Koishi:IdleWhim"],"picked":"Koishi:EmbryosDream","floor":2},{"not_picked":["Scorched","ShyLook"],"picked":"OSAHOGD","floor":2},{"not_picked":["Koishi:VengefulSpirit","Koishi:UnansweredLove"],"picked":"Koishi:FidgetySnatcher","floor":4},{"not_picked":["Koishi:StingingMind","Koishi:HeartAttack"],"picked":"Koishi:JumpScare","floor":5},{"not_picked":["Koishi:SubterraneanRose","Koishi:Vanish"],"picked":"Koishi:MindNumbingTerror","floor":6},{"not_picked":["Koishi:RorschachInDanmaku","Koishi:FreudianInstinct"],"picked":"Koishi:Whimsy","floor":10},{"not_picked":["Koishi:ApparitionsStalkTheNight","Koishi:SubterraneanRose"],"picked":"Koishi:HeartfeltFancy","floor":13},{"not_picked":["Koishi:DreadfulBlow","Koishi:EmbryosDream"],"picked":"Koishi:RacingHeart","floor":14},{"not_picked":["UniverseFragment","BlackSwan"],"picked":"OldLady","floor":14},{"not_picked":["Koishi:Heartbroken","Koishi:GrowingPain"],"picked":"Koishi:ImGoingToCallYouNow","floor":16},{"not_picked":["Rudolta","Laetitia"],"picked":"Woodsman","floor":16},{"not_picked":["Koishi:UnansweredLove","Koishi:FleetingPhantom"],"picked":"Koishi:Whimsy","floor":18},{"not_picked":["Koishi:ReflexRadar","Koishi:Prune","Koishi:SubconsciousSweep"],"picked":"SKIP","floor":20}],"player_experience":820318,"relics_obtained":[{"floor":6,"key":"Ornamental Fan"}],"event_choices":[{"cards_removed":["Koishi:BasicStrike"],"damage_healed":0,"gold_gain":0,"player_choice":"Card Removal","damage_taken":0,"max_hp_gain":0,"max_hp_loss":0,"event_name":"The Cleric","floor":8,"gold_loss":50}],"is_beta":false,"boss_relics":[{"not_picked":["Snecko Eye","aspiration:FutureDiary"],"picked":"Velvet Choker"}],"items_purged_floors":[3],"is_endless":false,"potions_floor_spawned":[1,5,6,10,13,20],"killed_by":"theJungle:Snecko_Cultist_And_Trap","ascension_level":0}}