{"host":"y4fuci1jk2rsxnep","time":1613405517,"event":{"mods":["AchievementEnabler","BaseMod","Colored Powertips","Custom Start","Defuse TimeMaze Blight","Dio Mod","Downfall","Hermit","Hero for Fun","Hubris","Hunter ??","Infinite Spire","Minty Spire (QoL Compilation)","Quick Restart","Reliquary","Remove Card Discount Mod","Replay The Spire","StSLib","The Blackbeard","The Bug Knight","The Mystic","The Runesmith"],"gold_per_floor":[118,131,142,162,162,162,194,194,194,194,194,194,269,344,344,444,444,456,456,456,456,456,482,133,133,133,41,57,57,0,25,25,121,121,133,133,152,177,227,261,261,261,261],"floor_reached":42,"language":"ENG","playtime":4407,"items_purged":["hermit:LoneWolf"],"score":506,"play_id":"50d8ed88-c9f0-46bf-bc3f-0c5edecad542","local_time":"20210215171157","daily_mods":["Heirloom","Time Dilation","Flight"],"is_ascension_mode":false,"campfire_choices":[{"data":"infinitespire:Gouge","floor":6,"key":"SMITH"},{"data":"hermit:Dissolve","floor":8,"key":"SMITH"},{"data":"hermit:Determination","floor":10,"key":"SMITH"},{"data":"hermit:Covet","floor":11,"key":"SMITH"},{"data":"hermit:Vantage","floor":12,"key":"SMITH"},{"floor":15,"key":"REST"},{"floor":25,"key":"REST"},{"floor":32,"key":"REST"}],"circlet_count":0,"master_deck":["hermit:Defend_Hermit","hermit:Defend_Hermit","hermit:Defend_Hermit","hermit:Defend_Hermit","hermit:Snapshot","hermit:Covet+1","hermit:Vantage+1","hermit:Misfire","hermit:Glare","Injury","Clumsy","infinitespire:Gouge+1","hermit:Dissolve+1","hermit:Determination+1","hermit:Adapt","hermit:CursedWeapon","Bite","Bite","Bite","Bite","Bite","Looming Evil","hermit:Quickdraw+1","Dramatic Entrance","hermit:Dissolve","hermit:Desperado+1","hermit:ShadowCloak","hermit:SprayPray+1"],"relics":["hermit:Momento","replay:Trail_Library","mysticmod:CrystalBall","hubris:GlazedTorus","reliquary:Spinner","Matryoshka","reliquary:ThirdArm","reliquary:WritOfMandamus","ReplayTheSpireMod:Ring of Exchange","Nilry\u0027s Codex","reliquary:Stiletto","infinitespire:Bottled Soul","reliquary:PorcupineQuills","hermit:Spyglass","reliquary:BoilingFlask","Ring of Chaos","Runesmith:AutoHammer","Nunchaku","reliquary:Knoch","Peace Pipe","reliquary:WeakTea"],"acts_visited":["Exordium","TheCity","TheBeyond"],"potions_floor_usage":[16,23,23,24,40],"damage_taken":[{"damage":4,"enemies":"Cultist","floor":1,"turns":4},{"damage":1,"enemies":"2 Louse","floor":2,"turns":2},{"damage":6,"enemies":"Jaw Worm","floor":3,"turns":2},{"damage":12,"enemies":"2 Fungi Beasts","floor":4,"turns":3},{"damage":19,"enemies":"Gremlin Nob","floor":7,"turns":4},{"damage":43,"enemies":"The Guardian","floor":16,"turns":12},{"damage":0,"enemies":"Spheric Guardian","floor":18,"turns":4},{"damage":39,"enemies":"Slavers","floor":23,"turns":6},{"damage":16,"enemies":"Shell Parasite","floor":28,"turns":5},{"damage":18,"enemies":"HollowMod:Nosk","floor":31,"turns":5},{"damage":13,"enemies":"Champ","floor":33,"turns":8},{"damage":13,"enemies":"Orb Walker","floor":35,"turns":3},{"damage":11,"enemies":"3 Darklings","floor":37,"turns":6},{"damage":19,"enemies":"Mind Bloom Boss Battle","floor":39,"turns":7},{"damage":30,"enemies":"R_Hoarder","floor":40,"turns":8},{"damage":22,"enemies":"Sphere and 2 Shapes","floor":42,"turns":2}],"seed_played":"-8735395339777514326","potions_obtained":[{"floor":2,"key":"Adrenaline Potion"},{"floor":7,"key":"Strength Potion"},{"floor":18,"key":"Swift Potion"},{"floor":23,"key":"SkillPotion"},{"floor":39,"key":"Adrenaline Potion"}],"is_trial":true,"path_per_floor":["M","M","M","M","?","R","E","R","T","R","R","R","?","?","R","B",null,"M","?","AVR","?","?","E","$","R","T","$","M","$","?","E","R","B",null,"M","?","M","T","?","E","?","M"],"character_chosen":"HERMIT","items_purchased":["infinitespire:Bottled Soul","Fruit Juice","Dramatic Entrance"],"campfire_rested":3,"item_purchase_floors":[24,24,27],"current_hp_per_floor":[71,70,64,52,52,52,33,33,33,33,33,33,33,22,44,1,75,75,52,52,52,36,11,16,33,33,33,25,25,25,19,36,43,57,46,46,45,45,36,17,17,0,0],"gold":261,"neow_bonus":"","is_daily":false,"chose_seed":false,"campfire_upgraded":5,"win_rate":0.0,"timestamp":1613405517,"path_taken":["M","M","M","?","?","R","E","R","T","R","R","R","?","?","R","BOSS","M","?","AVR","?","?","E","$","R","T","?","?","?","?","E","R","BOSS","M","?","?","?","?","E","?","?"],"items_purchased_type":["Relic","Potion","Card"],"build_version":"2020-12-22","purchased_purges":1,"victory":false,"max_hp_per_floor":[75,75,75,75,75,75,75,75,75,75,75,75,75,75,75,75,75,75,52,52,52,52,52,57,57,57,57,57,57,57,57,57,57,57,57,57,57,57,57,57,57,57,57],"card_choices":[{"not_picked":["hermit:Maintenance","hermit:HighCaliber"],"picked":"hermit:Vantage","floor":1},{"not_picked":["hermit:SprayPray","hermit:HighCaliber"],"picked":"hermit:Misfire","floor":2},{"not_picked":["hermit:SprayPray","hermit:Manifest","hermit:BodyArmor"],"picked":"SKIP","floor":3},{"not_picked":["hermit:DeadMansHand","hermit:LowProfile"],"picked":"hermit:Glare","floor":4},{"not_picked":["infinitespire:DeathsTouch","hubris:Fate"],"picked":"infinitespire:Gouge","floor":5},{"not_picked":["hermit:Feint","hermit:Cheat"],"picked":"hermit:Dissolve","floor":7},{"not_picked":["hermit:HighNoon","hermit:EternalForm"],"picked":"hermit:Adapt","floor":16},{"not_picked":["hermit:Quickdraw","hermit:Manifest+1"],"picked":"hermit:CursedWeapon","floor":18},{"not_picked":["hermit:GoldenBullet","hermit:Misfire"],"picked":"hermit:Quickdraw+1","floor":23},{"not_picked":["hermit:LowProfile","hermit:Misfire+1","hermit:Coalescence"],"picked":"SKIP","floor":28},{"not_picked":["hermit:Scavenge+1","hermit:TakeCover+1","hermit:TrackingShot+1"],"picked":"SKIP","floor":31},{"not_picked":["hermit:Magnum","hermit:DeadOrAlive"],"picked":"hermit:Dissolve","floor":33},{"not_picked":["hermit:Roulette+1","hermit:BigShot+1","hermit:CalledShot"],"picked":"SKIP","floor":35},{"not_picked":["hermit:Enervate","hermit:HoleUp"],"picked":"hermit:Desperado+1","floor":37},{"not_picked":["hermit:Cheat+1","hermit:ShadowCloak"],"picked":"hermit:SprayPray+1","floor":39},{"not_picked":["hermit:TrackingShot+1","hermit:DeadMansHand","hermit:FullyLoaded+1"],"picked":"SKIP","floor":40}],"player_experience":567251,"relics_obtained":[{"floor":7,"key":"reliquary:Spinner"},{"floor":9,"key":"Matryoshka"},{"floor":21,"key":"ReplayTheSpireMod:Ring of Exchange"},{"floor":22,"key":"Nilry\u0027s Codex"},{"floor":23,"key":"reliquary:Stiletto"},{"floor":26,"key":"reliquary:PorcupineQuills"},{"floor":26,"key":"hermit:Spyglass"},{"floor":31,"key":"reliquary:BoilingFlask"},{"floor":38,"key":"Nunchaku"},{"floor":38,"key":"reliquary:Knoch"},{"floor":39,"key":"Peace Pipe"},{"floor":40,"key":"reliquary:WeakTea"}],"event_choices":[{"damage_healed":0,"gold_gain":75,"player_choice":"Gained Gold","damage_taken":0,"max_hp_gain":0,"max_hp_loss":0,"event_name":"Golden Wing","floor":13,"gold_loss":0},{"damage_healed":0,"gold_gain":75,"player_choice":"Gather Gold","damage_taken":11,"max_hp_gain":0,"max_hp_loss":0,"event_name":"World of Goop","floor":14,"gold_loss":0},{"damage_healed":0,"gold_gain":0,"player_choice":"Became a vampire","damage_taken":0,"max_hp_gain":0,"max_hp_loss":23,"event_name":"Vampires","floor":19,"gold_loss":0,"cards_obtained":["Bite","Bite","Bite","Bite","Bite"]},{"damage_healed":0,"gold_gain":0,"player_choice":"Obtained Book","damage_taken":16,"max_hp_gain":0,"max_hp_loss":0,"event_name":"Cursed Tome","floor":22,"gold_loss":0},{"damage_healed":0,"gold_gain":0,"player_choice":"Paid Fearfully","damage_taken":0,"max_hp_gain":0,"max_hp_loss":0,"event_name":"Masked Bandits","floor":30,"gold_loss":57},{"damage_healed":0,"gold_gain":0,"player_choice":"Gave Potion","damage_taken":0,"relics_obtained":["Runesmith:AutoHammer"],"max_hp_gain":0,"max_hp_loss":0,"event_name":"WeMeetAgain","floor":36,"gold_loss":0},{"damage_healed":0,"gold_gain":0,"player_choice":"Fight","damage_taken":0,"max_hp_gain":0,"max_hp_loss":0,"event_name":"MindBloom","floor":39,"gold_loss":0},{"damage_healed":0,"gold_gain":0,"player_choice":"Ignored","damage_taken":0,"max_hp_gain":0,"max_hp_loss":0,"event_name":"Tomb of Lord Red Mask","floor":41,"gold_loss":0}],"is_beta":false,"boss_relics":[{"not_picked":["SlaversCollar","hubris:HollowSoul"],"picked":"reliquary:ThirdArm"},{"not_picked":["Chemical X","Guardian:BottledAnomaly"],"picked":"Ring of Chaos"}],"items_purged_floors":[27],"is_endless":false,"potions_floor_spawned":[2,7,18,23,39],"killed_by":"Sphere and 2 Shapes","ascension_level":0}}