{"host":"d17dpptiltdcqz9s","time":1613367383,"event":{"mods":["BaseMod","Colored Powertips","Downfall","Minty Spire (QoL Compilation)","Replay The Spire","StSLib"],"gold_per_floor":[349,359,374,374,384,284,330,330,330,365,382,382,399,91,110,208,208,208,227,227,112,262,282,306,206,219,129,229,255,60,60,74,175,175,175,192,42,57,73,73,73,73,92,92,124,140,169,69,80,80,80,110,10,10,10,10,10,10],"floor_reached":56,"language":"ZHS","playtime":4434,"items_purged":["champ:Defend","Decay","champ:Strike"],"score":905,"play_id":"40e6786e-8d98-4bfa-8fca-b926873df4bd","local_time":"20210215133623","is_ascension_mode":true,"campfire_choices":[{"floor":1.0,"key":"RECALL"},{"data":"champ:StanceDance","floor":6.0,"key":"SMITH"},{"floor":9.0,"key":"REST"},{"floor":12.0,"key":"REST"},{"data":"champ:UltimateStance","floor":18.0,"key":"SMITH"},{"floor":25.0,"key":"REST"},{"data":"champ:Defend+1","floor":35,"key":"PURGE"},{"floor":42,"key":"REST"},{"data":"champ:DefensiveStyle","floor":44,"key":"SMITH"},{"data":"expansioncontent:AwakenDeath","floor":48,"key":"SMITH"},{"floor":54,"key":"REST"}],"circlet_count":0,"master_deck":["champ:Execute","champ:Taunt","champ:IronFortress","champ:TornadoPunch+1","champ:StanceDance+1","champ:CheapShot+1","champ:BerserkerStyle+1","champ:FlashCut","champ:EnGarde","Good Instincts","expansioncontent:DashGenerateEvil+1","champ:Encircle","champ:RisingSlash","champ:DefensiveStyle+1","champ:UltimateStance+1","champ:SwordSigil+1","champ:Shatter+1","expansioncontent:AwakenDeath+1","champ:ArenaPreparation","champ:MurderStrike+1","champ:VampiricStrike"],"relics":["champ:ChampionCrownUpgraded","downfall:HeartBlessingRed","Gremlin Food","BargainBundle","Busted Crown","downfall:HeartBlessingBlue","Medical Kit","PreservedInsect","TungstenRod","Quantum Egg","Centennial Puzzle","Membership Card","Whetstone","OrangePellets","Singing Bowl","Du-Vu Doll","Nunchaku","downfall:HeartBlessingGreen","Eternal Feather","Bag of Preparation"],"acts_visited":["Exordium","TheCity","TheBeyond","TheEnding"],"potions_floor_usage":[47,50,50,50,55,56],"damage_taken":[{"damage":14.0,"enemies":"2 Louse","floor":2.0,"turns":4.0},{"damage":26.0,"enemies":"Cultist","floor":3.0,"turns":3.0},{"damage":34.0,"enemies":"Jaw Worm","floor":5.0,"turns":6.0},{"damage":49.0,"enemies":"Gremlin Nob","floor":10.0,"turns":4.0},{"damage":0.0,"enemies":"3 Louse","floor":11.0,"turns":2.0},{"damage":16.0,"enemies":"Blue Slaver","floor":13.0,"turns":3.0},{"damage":24.0,"enemies":"downfall:FleeingMerchant","floor":14.0,"turns":5.0},{"damage":20.0,"enemies":"Lots of Slimes","floor":15.0,"turns":3.0},{"damage":42.0,"enemies":"IC_STATUS_ARCHETYPE","floor":16.0,"turns":8.0},{"damage":0.0,"enemies":"3 Byrds","floor":19.0,"turns":5.0},{"damage":38.0,"enemies":"downfall:FleeingMerchant","floor":21.0,"turns":5.0},{"damage":28.0,"enemies":"Chosen","floor":23.0,"turns":4.0},{"damage":20.0,"enemies":"Centurion and Healer","floor":26.0,"turns":4.0},{"damage":19.0,"enemies":"downfall:FleeingMerchant","floor":27.0,"turns":4.0},{"damage":34.0,"enemies":"IC_STATUS_ARCHETYPE","floor":28.0,"turns":4.0},{"damage":30.0,"enemies":"Gremlin Leader","floor":29.0,"turns":5.0},{"damage":37.0,"enemies":"Snake Plant","floor":32.0,"turns":3.0},{"damage":85.0,"enemies":"WA_ARCHETYPE_CALM","floor":33.0,"turns":5.0},{"damage":44,"enemies":"3 Darklings","floor":36,"turns":3},{"damage":36,"enemies":"3 Shapes","floor":38,"turns":3},{"damage":83,"enemies":"Writhing Mass","floor":39,"turns":4},{"damage":55,"enemies":"Spire Growth","floor":43,"turns":3},{"damage":12,"enemies":"Nemesis","floor":45,"turns":2},{"damage":57,"enemies":"Transient","floor":46,"turns":5},{"damage":60,"enemies":"Giant Head","floor":47,"turns":4},{"damage":47,"enemies":"Jaw Worm Horde","floor":49,"turns":3},{"damage":101,"enemies":"SI_POISON_ARCHETYPE","floor":50,"turns":6},{"damage":110,"enemies":"downfall:CharBossMerchant","floor":52,"turns":6},{"damage":148,"enemies":"downfall:NeowBoss","floor":55,"turns":13},{"damage":178,"enemies":"downfall:NeowBossFinal","floor":56,"turns":8}],"seed_played":"-935769076036440408","potions_obtained":[{"floor":10.0,"key":"Elixir"},{"floor":11.0,"key":"Explosive Potion"},{"floor":13.0,"key":"Fire Potion"},{"floor":16.0,"key":"LiquidMemories"},{"floor":20.0,"key":"CultistPotion"},{"floor":26.0,"key":"Regen Potion"},{"floor":28.0,"key":"Regen Potion"},{"floor":32.0,"key":"Explosive Potion"},{"floor":38,"key":"ColorlessPotion"},{"floor":46,"key":"BlessingOfTheForge"},{"floor":47,"key":"Energy Potion"},{"floor":52,"key":"Reflective Coating"}],"is_trial":false,"path_per_floor":["R","M","M","?","M","R","T","?","R","E","M","R","M","$","M","B",null,"R","M","?","$","?","M","T","R","M","$","?","E","$","?","M","B",null,"R","M","$","M","M","?","T","R","M","R","E","M","E","R","M","B",null,"E","$","R","B","B"],"character_chosen":"THE_CHAMP","items_purchased":["BargainBundle","PowerPotion","Dexterity Potion","Good Instincts","expansioncontent:DashGenerateEvil","champ:Encircle","champ:RisingSlash","Medical Kit","PreservedInsect","Membership Card","expansioncontent:AwakenDeath","Whetstone","OrangePellets","Bag of Preparation","Energy Potion"],"campfire_rested":5,"item_purchase_floors":[14,14,14,14,14,14,14,27,27,30,30,37,37,53,53],"current_hp_per_floor":[81,77,71,71,47,47,47,57,84,60,60,87,76,74,54,37,91,91,91,91,85,85,81,81,101,91,82,68,72,72,72,79,96,101,101,101,101,101,71,71,71,101,103,103,105,107,109,109,109,91,111,41,41,86,70,0,0,0],"gold":10,"neow_bonus":"TWO_FIFTY_GOLD","is_daily":false,"chose_seed":false,"campfire_upgraded":4,"win_rate":0.0,"timestamp":1613367383,"path_taken":["R","M","M","?","?","R","T","?","R","E","M","R","M","$","M","BOSS","R","M","?","$","?","M","T","R","?","$","?","E","$","?","M","BOSS","R","M","$","M","M","?","T","R","M","R","E","M","E","R","M","BOSS","E","$","R","BOSS","BOSS"],"items_purchased_type":["Relic","Potion","Potion","Card","Card","Card","Card","Relic","Relic","Relic","Card","Relic","Relic","Relic","Potion"],"build_version":"2020-12-22","purchased_purges":3,"victory":false,"max_hp_per_floor":[81,81,81,81,81,81,81,91,91,91,91,91,91,91,91,91,91,91,91,91,91,91,91,91,101,101,101,101,101,101,101,101,101,101,101,101,101,101,101,101,101,101,103,103,105,107,109,109,111,111,111,113,113,113,113,113,113,113],"card_choices":[{"not_picked":["champ:Haymaker","champ:DefensiveShout"],"picked":"champ:IronFortress","floor":2.0},{"not_picked":["champ:EndlessRage","champ:PreemptiveStrike"],"picked":"champ:TornadoPunch","floor":3.0},{"not_picked":["champ:EndlessRage","champ:Lariat"],"picked":"champ:StanceDance","floor":5.0},{"not_picked":["champ:EnGarde","champ:TornadoPunch"],"picked":"champ:CheapShot","floor":10.0},{"not_picked":["champ:StanceDance","champ:BerserkersShout"],"picked":"champ:BerserkerStyle","floor":11.0},{"not_picked":["champ:Parry","champ:BladeFlurry"],"picked":"champ:FlashCut","floor":13.0},{"not_picked":["champ:SetATrap","champ:Shatter"],"picked":"champ:EnGarde","floor":14.0},{"not_picked":["champ:PerfectedStrike","champ:RisingSlash"],"picked":"champ:DefensiveStyle","floor":15.0},{"not_picked":["champ:LastStand","champ:IgnorePain"],"picked":"champ:UltimateStance","floor":16.0},{"not_picked":["champ:FanOfKnives"],"picked":"SKIP","floor":19.0},{"not_picked":[],"picked":"champ:SwordSigil","floor":21.0},{"not_picked":[],"picked":"champ:Shatter+1","floor":23.0},{"not_picked":["champ:EndlessRage"],"picked":"SKIP","floor":26.0},{"not_picked":["champ:PreciseThrust"],"picked":"SKIP","floor":27.0},{"not_picked":["champ:ViciousMockery"],"picked":"SKIP","floor":29.0},{"not_picked":["champ:Shatter"],"picked":"SKIP","floor":32.0},{"not_picked":[],"picked":"champ:VampiricStrike","floor":33.0},{"not_picked":["champ:BladeFlurry"],"picked":"SKIP","floor":36},{"not_picked":["champ:PreciseThrust"],"picked":"SKIP","floor":38},{"not_picked":["champ:ShieldSigil+1"],"picked":"SKIP","floor":39},{"not_picked":["champ:Shatter"],"picked":"Singing Bowl","floor":43},{"not_picked":["champ:BerserkerStyle+1"],"picked":"Singing Bowl","floor":45},{"not_picked":["champ:CrownThrow+1"],"picked":"Singing Bowl","floor":46},{"not_picked":["champ:ShieldSigil+1"],"picked":"Singing Bowl","floor":47},{"not_picked":["champ:Backstep"],"picked":"Singing Bowl","floor":49},{"not_picked":["champ:IronFortress"],"picked":"Singing Bowl","floor":52}],"player_experience":256066,"relics_obtained":[{"floor":7.0,"key":"Gremlin Food"},{"floor":10.0,"key":"Juzu Bracelet"},{"floor":28.0,"key":"TungstenRod"},{"floor":28.0,"key":"Quantum Egg"},{"floor":29.0,"key":"Centennial Puzzle"},{"floor":41,"key":"Singing Bowl"},{"floor":45,"key":"Du-Vu Doll"},{"floor":47,"key":"Nunchaku"},{"floor":52,"key":"Eternal Feather"}],"event_choices":[{"damage_healed":0.0,"max_hp_gain":0.0,"max_hp_loss":0.0,"gold_gain":0.0,"cards_transformed":["champ:Defend","champ:Strike"],"event_name":"Drug Dealer","player_choice":"Became Test Subject","floor":31.0,"gold_loss":0.0,"damage_taken":0.0,"cards_obtained":["champ:ArenaPreparation","champ:MurderStrike"]},{"damage_healed":0,"gold_gain":0,"player_choice":"Forge","damage_taken":0,"max_hp_gain":0,"max_hp_loss":0,"event_name":"Accursed Blacksmith","floor":40,"gold_loss":0,"cards_upgraded":["expansioncontent:DashGenerateEvil"]}],"is_beta":false,"boss_relics":[{"not_picked":["Replay:Drink Me","Abe\u0027s Treasure"],"picked":"Busted Crown"},{"not_picked":["ReplayTheSpireMod:DimensionalGlitch","SlaversCollar"],"picked":"champ:ChampionCrownUpgraded"}],"items_purged_floors":[14,21,27],"is_endless":false,"potions_floor_spawned":[10,11,13,16,26,28,29,32,38,46,47,49,52],"killed_by":"downfall:NeowBossFinal","ascension_level":2}}