{"host":"3y2rtlgteqp2nuo3","time":1613375218,"event":{"mods":["2.2 Compatiblity","AchievementEnabler","BaseMod","Colored Map","DeckTracker","Highlight Path","Keyboard Shortcuts","Minty Spire (QoL Compilation)","Permanent Neow","Quick Restart","StSLib","SuperFastMode","everything is the same but u backflip on backflip"],"gold_per_floor":[109,121,132,57,76,76,26,45,68,86,86,103,129,144,144,144,144],"floor_reached":16,"language":"KOR","playtime":278,"items_purged":["Strike_R"],"score":175,"play_id":"eb93d1e2-ee53-4a27-baba-33d44109689d","local_time":"20210215164658","is_ascension_mode":true,"campfire_choices":[{"data":"Shockwave","floor":6,"key":"SMITH"},{"data":"Bash","floor":15,"key":"SMITH"}],"circlet_count":0,"master_deck":["AscendersBane","Strike_R","Strike_R+1","Defend_R","Defend_R","Defend_R","Defend_R","Bash+1","Thunderclap","Shockwave+1","Wild Strike","Second Wind","Shrug It Off","Decay","Carnage+1","Offering"],"relics":["Burning Blood","PreservedInsect","Whetstone"],"acts_visited":["Exordium"],"potions_floor_usage":[],"damage_taken":[{"damage":7,"enemies":"2 Louse","floor":1,"turns":3},{"damage":11,"enemies":"Small Slimes","floor":2,"turns":3},{"damage":6,"enemies":"Cultist","floor":3,"turns":4},{"damage":30,"enemies":"Lots of Slimes","floor":5,"turns":5},{"damage":17,"enemies":"Blue Slaver","floor":8,"turns":5},{"damage":7,"enemies":"Exordium Thugs","floor":10,"turns":4},{"damage":18,"enemies":"Looter","floor":12,"turns":4},{"damage":8,"enemies":"Gremlin Nob","floor":13,"turns":3},{"damage":20,"enemies":"Red Slaver","floor":14,"turns":3},{"damage":31,"enemies":"Slime Boss","floor":16,"turns":6}],"seed_played":"6505104779558283430","potions_obtained":[{"floor":1,"key":"PowerPotion"},{"floor":2,"key":"FairyPotion"}],"is_trial":false,"path_per_floor":["M","M","M","$","M","R","?","M","T","M","?","M","E","M","R","B"],"character_chosen":"IRONCLAD","items_purchased":[],"campfire_rested":0,"item_purchase_floors":[],"current_hp_per_floor":[71,66,66,66,42,42,42,31,31,30,30,18,16,30,30,0,0],"gold":144,"neow_bonus":"REMOVE_CARD","is_daily":false,"chose_seed":false,"campfire_upgraded":2,"win_rate":0.0,"timestamp":1613375218,"path_taken":["M","M","M","$","M","R","?","M","T","M","?","M","E","M","R","BOSS"],"items_purchased_type":[],"build_version":"2020-12-22","purchased_purges":1,"victory":false,"max_hp_per_floor":[80,80,80,80,80,80,80,80,80,80,80,80,80,80,80,80,80],"card_choices":[{"not_picked":["Reckless Charge","Evolve"],"picked":"Thunderclap","floor":1},{"not_picked":["Body Slam","Flame Barrier"],"picked":"Shockwave","floor":2},{"not_picked":["Iron Wave","Warcry","Wild Strike"],"picked":"SKIP","floor":3},{"not_picked":["Combust","Iron Wave"],"picked":"Wild Strike","floor":5},{"not_picked":["Clash","Headbutt"],"picked":"Second Wind","floor":8},{"not_picked":["Shockwave","Warcry"],"picked":"Shrug It Off","floor":10},{"not_picked":["True Grit","Pummel"],"picked":"Carnage","floor":12},{"not_picked":["Iron Wave","Twin Strike"],"picked":"Offering","floor":13},{"not_picked":["Twin Strike","Rampage","Wild Strike"],"picked":"SKIP","floor":14}],"player_experience":789969,"relics_obtained":[{"floor":9,"key":"PreservedInsect"},{"floor":13,"key":"Whetstone"}],"event_choices":[{"cards_removed":["Strike_R"],"damage_healed":0,"gold_gain":0,"player_choice":"Card Removal","damage_taken":0,"max_hp_gain":0,"max_hp_loss":0,"event_name":"The Cleric","floor":7,"gold_loss":50},{"damage_healed":0,"gold_gain":0,"player_choice":"Cursed","damage_taken":0,"max_hp_gain":0,"max_hp_loss":0,"event_name":"Wheel of Change","floor":11,"gold_loss":0,"cards_obtained":["Decay"]}],"is_beta":false,"boss_relics":[],"items_purged_floors":[4],"is_endless":false,"potions_floor_spawned":[1,2,12],"killed_by":"Slime Boss","ascension_level":13}}