{"host":"soyfmymeou4emntr","time":1613357015,"event":{"mods":["BaseMod","Minty Spire (QoL Compilation)","Permanent Neow","Relic Sorter","Relic Stats","StSLib"],"gold_per_floor":[115,115,65,78,89,89,118,118,118,118,146,146,163,2,2,75,75,94,108,108,126,34,34,47,47,123,123,137,154,188,238,238,238,238],"floor_reached":33,"language":"ENG","playtime":7500,"items_purged":["Strike_G"],"score":550,"play_id":"1566d9e3-fea7-4d8d-bca0-b0dd21b3b6b1","local_time":"20210214194335","is_ascension_mode":true,"campfire_choices":[{"data":"Noxious Fumes","floor":6.0,"key":"SMITH"},{"floor":8,"key":"REST"},{"data":"Blur","floor":10,"key":"SMITH"},{"floor":15,"key":"REST"},{"floor":23,"key":"REST"},{"data":"1","floor":25,"key":"LIFT"},{"data":"2","floor":27,"key":"LIFT"},{"floor":32,"key":"REST"}],"circlet_count":0,"master_deck":["AscendersBane","Strike_G","Strike_G","Strike_G","Strike_G","Defend_G","Defend_G","Defend_G","Defend_G","Defend_G","Survivor","Neutralize","Quick Slash+1","Noxious Fumes+1","Quick Slash","Blur+1","Dagger Spray+1","Eviscerate","Catalyst+1","Corpse Explosion","Bandage Up","Blade Dance","Deflect+1","Bouncing Flask"],"relics":["Ring of the Snake","Ornamental Fan","Thread and Needle","Girya","Vajra","Calipers","WristBlade","Pear","StrikeDummy"],"acts_visited":["Exordium","TheCity"],"potions_floor_usage":[7,29,29],"damage_taken":[{"damage":2.0,"enemies":"2 Louse","floor":1.0,"turns":5.0},{"damage":0.0,"enemies":"Jaw Worm","floor":4.0,"turns":4.0},{"damage":0.0,"enemies":"Cultist","floor":5.0,"turns":3.0},{"damage":26,"enemies":"Gremlin Nob","floor":7,"turns":5},{"damage":5,"enemies":"3 Sentries","floor":11,"turns":11},{"damage":1,"enemies":"Large Slime","floor":13,"turns":5},{"damage":6,"enemies":"The Guardian","floor":16,"turns":11},{"damage":9,"enemies":"Spheric Guardian","floor":18,"turns":5},{"damage":2,"enemies":"3 Byrds","floor":19,"turns":2},{"damage":17,"enemies":"Snake Plant","floor":21,"turns":4},{"damage":14,"enemies":"Centurion and Healer","floor":24,"turns":5},{"damage":0,"enemies":"3 Cultists","floor":28,"turns":2},{"damage":18,"enemies":"Snake Plant","floor":29,"turns":4},{"damage":30,"enemies":"Book of Stabbing","floor":30,"turns":5},{"damage":46,"enemies":"Collector","floor":33,"turns":3}],"seed_played":"6974227541395019370","potions_obtained":[{"floor":5.0,"key":"Fire Potion"},{"floor":21,"key":"Energy Potion"},{"floor":28,"key":"DistilledChaos"}],"is_trial":false,"path_per_floor":["M","?","?","M","M","R","E","R","T","R","E","?","M","$","R","B",null,"M","M","?","M","$","R","M","R","T","R","M","M","E","?","R","B"],"character_chosen":"THE_SILENT","items_purchased":["Catalyst","Bandage Up"],"campfire_rested":4,"item_purchase_floors":[14,22],"current_hp_per_floor":[57,46,46,46,46,46,20,39,39,39,34,14,13,13,32,26,56,47,45,45,28,28,47,37,37,47,47,51,37,11,11,33,0,0],"gold":238,"neow_bonus":"THREE_CARDS","is_daily":false,"chose_seed":false,"campfire_upgraded":2,"win_rate":0.0,"timestamp":1613357015,"path_taken":["M","?","?","?","M","R","E","R","T","R","E","?","M","$","R","BOSS","M","M","?","M","?","R","M","R","T","R","M","M","E","?","R","BOSS"],"items_purchased_type":["Card","Card"],"build_version":"2020-12-22","purchased_purges":1,"victory":false,"max_hp_per_floor":[66,66,66,66,66,66,66,66,66,66,66,66,66,66,66,66,66,66,66,66,66,66,66,66,66,76,76,76,76,76,76,76,76,76],"relic_stats":{"counters":[15,74],"Ornamental Fan":[72],"obtain_stats":[{"Girya":7,"Calipers":11,"Pear":26,"WristBlade":17,"Ornamental Fan":2,"Vajra":9,"Thread and Needle":3,"StrikeDummy":30,"Ring of the Snake":0},{"Girya":4,"Calipers":5,"Pear":11,"WristBlade":7,"Ornamental Fan":1,"Vajra":4,"Thread and Needle":1,"StrikeDummy":14,"Ring of the Snake":0},{"Girya":17,"Calipers":28,"Pear":60,"WristBlade":44,"Ornamental Fan":5,"Vajra":17,"Thread and Needle":5,"StrikeDummy":71,"Ring of the Snake":0}],"Ring of the Snake":[30]},"card_choices":[{"not_picked":["Finisher","Underhanded Strike"],"picked":"Quick Slash","floor":0.0},{"not_picked":["Underhanded Strike","Poisoned Stab"],"picked":"Noxious Fumes","floor":1.0},{"not_picked":["Acrobatics","Concentrate"],"picked":"Quick Slash","floor":4.0},{"not_picked":["Prepared","Choke","Slice"],"picked":"SKIP","floor":5.0},{"not_picked":["Backflip","PiercingWail"],"picked":"Blur","floor":7},{"not_picked":["Noxious Fumes","Deadly Poison"],"picked":"Dagger Spray","floor":11},{"not_picked":["Dagger Spray","Endless Agony"],"picked":"Eviscerate","floor":13},{"not_picked":["After Image","Glass Knife"],"picked":"Corpse Explosion","floor":16},{"not_picked":["Bane","Sucker Punch","Expertise"],"picked":"SKIP","floor":18},{"not_picked":["Outmaneuver","Heel Hook+1","Concentrate"],"picked":"SKIP","floor":19},{"not_picked":["Predator","Prepared","Dagger Spray"],"picked":"SKIP","floor":21},{"not_picked":["Prepared","Heel Hook","Dagger Spray"],"picked":"SKIP","floor":24},{"not_picked":["Deadly Poison","Sucker Punch"],"picked":"Blade Dance","floor":28},{"not_picked":["Dodge and Roll","Underhanded Strike"],"picked":"Deflect+1","floor":29},{"not_picked":["Choke","Doppelganger"],"picked":"Bouncing Flask","floor":30}],"player_experience":3317510,"relics_obtained":[{"floor":7,"key":"Girya"},{"floor":9,"key":"Vajra"},{"floor":11,"key":"Calipers"},{"floor":26,"key":"Pear"},{"floor":30,"key":"StrikeDummy"}],"event_choices":[{"damage_healed":0.0,"max_hp_gain":0.0,"max_hp_loss":0.0,"gold_gain":0.0,"event_name":"Scrap Ooze","player_choice":"Success","floor":2.0,"gold_loss":0.0,"damage_taken":11.0,"relics_obtained":["Ornamental Fan"]},{"damage_healed":0.0,"max_hp_gain":0.0,"max_hp_loss":0.0,"gold_gain":0.0,"event_name":"WeMeetAgain","player_choice":"Paid Gold","floor":3.0,"gold_loss":50.0,"damage_taken":0.0,"relics_obtained":["Thread and Needle"]},{"damage_healed":0,"gold_gain":0,"player_choice":"Entered Light","damage_taken":20,"max_hp_gain":0,"max_hp_loss":0,"event_name":"Shining Light","floor":12,"gold_loss":0,"cards_upgraded":["Dagger Spray","Quick Slash"]},{"damage_healed":0,"gold_gain":0,"player_choice":"Forge","damage_taken":0,"max_hp_gain":0,"max_hp_loss":0,"event_name":"Accursed Blacksmith","floor":20,"gold_loss":0,"cards_upgraded":["Catalyst"]},{"damage_healed":0,"gold_gain":50,"player_choice":"Stole From Cult","damage_taken":0,"max_hp_gain":0,"max_hp_loss":0,"event_name":"Nest","floor":31,"gold_loss":0}],"is_beta":false,"boss_relics":[{"not_picked":["HoveringKite","SacredBark"],"picked":"WristBlade"}],"items_purged_floors":[14],"is_endless":false,"potions_floor_spawned":[5,21,28],"killed_by":"Collector","ascension_level":20}}