{"host":"y0i0tbisecj7yjyn","time":1613364950,"event":{"mods":["AchievementEnabler","AlwaysNeverKeys","BaseMod","BetterRewards","Colored Map","Colored Powertips","Curses Come First","Disable Question Mark Monsters","Displayed Cursed Tome","Highlight Path","Keyboard Shortcuts","Minty Spire (QoL Compilation)","Quick Restart","Random Character Button","Rare Cards Sparkle","StSLib","SuperFastMode","Transform Curses","Weighted Paths"],"gold_per_floor":[112,112,130,144,154,186,186,218,218,232,232,263,263,277,277,277,277],"floor_reached":16,"language":"ENG","playtime":929,"items_purged":[],"score":134,"play_id":"5a0c5d3e-fdc3-4b32-b73c-b7d7d8f402f4","local_time":"20210214225550","is_ascension_mode":true,"campfire_choices":[{"floor":7,"key":"REST"},{"data":"Spot Weakness","floor":11,"key":"SMITH"},{"data":"Armaments","floor":13,"key":"SMITH"},{"data":"Armaments","floor":15,"key":"SMITH"}],"circlet_count":0,"master_deck":["Strike_R","Strike_R","Strike_R","Strike_R","Strike_R","Defend_R","Defend_R","Defend_R","Defend_R","Bash","Armaments+1","Sentinel","Armaments+1","Flame Barrier","Spot Weakness+1","Bludgeon","Armaments+1","Flame Barrier"],"relics":["Burning Blood","NeowsBlessing","Boot","Toy Ornithopter","Darkstone Periapt"],"acts_visited":["Exordium"],"potions_floor_usage":[6,10,14,16],"damage_taken":[{"damage":0,"enemies":"Jaw Worm","floor":1,"turns":1},{"damage":0,"enemies":"Cultist","floor":3,"turns":1},{"damage":3,"enemies":"2 Louse","floor":4,"turns":2},{"damage":0,"enemies":"Blue Slaver","floor":5,"turns":7},{"damage":38,"enemies":"3 Sentries","floor":6,"turns":15},{"damage":32,"enemies":"Lagavulin","floor":8,"turns":11},{"damage":17,"enemies":"Looter","floor":10,"turns":3},{"damage":14,"enemies":"Gremlin Nob","floor":12,"turns":3},{"damage":7,"enemies":"Lots of Slimes","floor":14,"turns":5},{"damage":60,"enemies":"Hexaghost","floor":16,"turns":13}],"seed_played":"-2886308578334578939","potions_obtained":[{"floor":3,"key":"GamblersBrew"},{"floor":5,"key":"ColorlessPotion"},{"floor":6,"key":"BloodPotion"},{"floor":12,"key":"Strength Potion"}],"is_trial":false,"path_per_floor":["M","?","M","M","M","E","R","E","T","M","R","E","R","M","R","B"],"character_chosen":"IRONCLAD","items_purchased":[],"campfire_rested":1,"item_purchase_floors":[],"current_hp_per_floor":[80,80,80,80,80,48,72,46,46,56,56,48,48,52,52,0,0],"gold":277,"neow_bonus":"THREE_ENEMY_KILL","is_daily":false,"chose_seed":false,"campfire_upgraded":3,"win_rate":0.0,"timestamp":1613364950,"path_taken":["M","?","M","M","M","E","R","E","T","M","R","E","R","?","R","BOSS"],"items_purchased_type":[],"build_version":"2020-12-22","purchased_purges":0,"victory":false,"max_hp_per_floor":[80,80,80,80,80,80,80,80,80,80,80,80,80,80,80,80,80],"card_choices":[{"not_picked":["Clothesline","Iron Wave"],"picked":"Armaments","floor":1},{"not_picked":["Shrug It Off","Wild Strike"],"picked":"Sentinel","floor":3},{"not_picked":["Searing Blow","Iron Wave"],"picked":"Armaments","floor":4},{"not_picked":["Seeing Red","Dual Wield","Whirlwind"],"picked":"SKIP","floor":5},{"not_picked":["Warcry","Rupture"],"picked":"Flame Barrier","floor":6},{"not_picked":["Clothesline","Shockwave"],"picked":"Spot Weakness","floor":8},{"not_picked":["Dark Embrace","Clothesline"],"picked":"Bludgeon","floor":10},{"not_picked":["Hemokinesis","Armaments","Clash"],"picked":"SKIP","floor":12},{"not_picked":["Hemokinesis","Clash"],"picked":"Armaments","floor":12},{"not_picked":["Evolve","Twin Strike"],"picked":"Flame Barrier","floor":14}],"player_experience":461433,"relics_obtained":[{"floor":6,"key":"Boot"},{"floor":8,"key":"Toy Ornithopter"},{"floor":9,"key":"Darkstone Periapt"}],"event_choices":[{"damage_healed":0,"gold_gain":0,"player_choice":"Upgraded","damage_taken":0,"max_hp_gain":0,"max_hp_loss":0,"event_name":"Upgrade Shrine","floor":2,"gold_loss":0,"cards_upgraded":["Armaments"]}],"is_beta":false,"boss_relics":[],"items_purged_floors":[],"is_endless":false,"potions_floor_spawned":[3,5,6,12],"killed_by":"Hexaghost","ascension_level":2}}