{"host":"7xbu8gt067z192g2","time":1613361290,"event":{"mods":["BaseMod","Better Note","BetterRewards","Colored Map","Colored Powertips","Decade(???)","Googly Eyes","Highlight Path","Infinite Spire","Jorbs\u0027s Wanderer Trilogy","Minty Spire (QoL Compilation)","Rare Cards Sparkle","Replay The Spire","StSLib","The Bladedancer","The Bug Knight","The Construct","The Cursed","The Hierophant","The Valiant","The Wild Card"],"gold_per_floor":[113,288,288,299,312,346,358,387,425,465,477,500,462,506,592,699,811,840,871,897,406,406,406,113,148,148,148,148],"floor_reached":27,"language":"ENG","playtime":1493,"items_purged":["ReplayTheSpireMod:Corrosion Curse+1","Writhe"],"score":551,"play_id":"ef5b03e2-849a-4e87-97ce-1867e48cdd80","local_time":"20210214225450","is_ascension_mode":true,"campfire_choices":[{"floor":7,"key":"RECALL"},{"floor":23,"key":"REST"}],"circlet_count":0,"master_deck":["Evolve","Fire Breathing","Power Through","Power Through","Power Through","Power Through","Power Through","Power Through","Power Through","Barricade","Fire Breathing","Offering","Immolate","ReplayTheSpireMod:Limb From Limb+1","Exhume+1","Offering","Impervious+1"],"relics":["Fusion Hammer","Replay:Wax Seal","MawBank","infinitespire:PuzzleCube","Smiling Mask","Pet Ghost","Replay:Grab Bag","Electric Blood","Replay:Wanted Poster","Astrolabe","Chemical X","Oddly Smooth Stone","Ring of Searing","ReplayTheSpireMod:CursedCoin","Replay:Towering Pillar of Hats","Tiny Chest","Blue Doll"],"acts_visited":["Exordium","TheCity"],"potions_floor_usage":[],"damage_taken":[{"damage":0,"enemies":"2 Louse","floor":1,"turns":3},{"damage":0,"enemies":"Jaw Worm","floor":4,"turns":5},{"damage":6,"enemies":"Cultist","floor":5,"turns":5},{"damage":0,"enemies":"Lagavulin","floor":6,"turns":6},{"damage":0,"enemies":"Lots of Slimes","floor":8,"turns":3},{"damage":0,"enemies":"HollowMod:MossKnight","floor":10,"turns":6},{"damage":6,"enemies":"2 Fungi Beasts","floor":12,"turns":4},{"damage":6,"enemies":"3 Sentries","floor":14,"turns":4},{"damage":6,"enemies":"Slime Boss","floor":16,"turns":5},{"damage":22,"enemies":"Spheric Guardian","floor":18,"turns":3},{"damage":23,"enemies":"3 Byrds","floor":19,"turns":3},{"damage":12,"enemies":"Sentry and Sphere","floor":20,"turns":3},{"damage":29,"enemies":"HollowMod:Nosk","floor":25,"turns":5},{"damage":30,"enemies":"Snecko","floor":27,"turns":3}],"seed_played":"-1887305972308183462","potions_obtained":[{"floor":6,"key":"Venom Potion"},{"floor":8,"key":"Fire Potion"},{"floor":10,"key":"ElixirPotion"}],"is_trial":false,"path_per_floor":["M","?","?","M","M","E","R","M","T","E","$","M","?","E","R_BF","B",null,"M","M","M","$","?","R","$","E","T","M"],"character_chosen":"IRONCLAD","items_purchased":["Offering","Chemical X","Oddly Smooth Stone","ReplayTheSpireMod:CursedCoin","Impervious+1","Replay:Towering Pillar of Hats"],"campfire_rested":1,"item_purchase_floors":[21,21,21,24,24,24],"current_hp_per_floor":[80,80,80,80,74,74,74,74,74,74,74,68,68,62,62,56,74,52,29,17,17,17,41,41,12,12,0,0],"gold":148,"neow_bonus":"BOSS_RELIC","is_daily":false,"chose_seed":false,"campfire_upgraded":0,"win_rate":0.0,"timestamp":1613361290,"path_taken":["M","?","?","?","M","E","R","M","T","E","?","M","?","E","R_BF","BOSS","M","M","M","$","?","R","$","E","T","M"],"items_purchased_type":["Card","Relic","Relic","Relic","Card","Relic"],"build_version":"2020-12-22","purchased_purges":2,"victory":false,"max_hp_per_floor":[80,80,80,80,80,80,80,80,80,80,80,80,80,80,80,80,80,80,80,80,80,80,80,80,80,80,80,80],"card_choices":[{"not_picked":["Flex","Carnage","Havoc"],"picked":"SKIP","floor":1},{"not_picked":["Run Through","ReplayTheSpireMod:Strike From Hell"],"picked":"Armaments","floor":4},{"not_picked":["Inflame","Sentinel"],"picked":"Fire Breathing","floor":5},{"not_picked":["Sentinel","Headbutt","ReplayTheSpireMod:Strike From Hell"],"picked":"SKIP","floor":6},{"not_picked":["Evolve","Defy Death","Sword Boomerang"],"picked":"SKIP","floor":8},{"not_picked":["Twin Strike","Iron Wave"],"picked":"Offering","floor":10},{"not_picked":["Searing Blow","Armaments"],"picked":"Wild Strike","floor":12},{"not_picked":["Flex","Feel No Pain","Ghostly Armor"],"picked":"SKIP","floor":14},{"not_picked":["Berserk","Hemogenesis"],"picked":"Immolate","floor":16},{"not_picked":["ReplayTheSpireMod:Corrosion Curse","Spot Weakness+1","Rage+1"],"picked":"SKIP","floor":18},{"not_picked":["Run Through","Wild Strike","Headbutt+1"],"picked":"SKIP","floor":19},{"not_picked":["Sentinel+1","Defy Death","Anger"],"picked":"SKIP","floor":20},{"not_picked":["Rampage","Ghostly Armor","ReplayTheSpireMod:Strike From Hell"],"picked":"SKIP","floor":25}],"player_experience":216251,"relics_obtained":[{"floor":6,"key":"MawBank"},{"floor":9,"key":"infinitespire:PuzzleCube"},{"floor":10,"key":"Smiling Mask"},{"floor":14,"key":"Pet Ghost"},{"floor":22,"key":"Ring of Searing"},{"floor":25,"key":"Tiny Chest"},{"floor":26,"key":"Blue Doll"}],"event_choices":[{"damage_healed":0,"gold_gain":175,"player_choice":"AGREE","damage_taken":0,"max_hp_gain":0,"max_hp_loss":0,"event_name":"Liars Game","floor":2,"gold_loss":0,"cards_obtained":["Doubt"]},{"cards_removed":["Power Through"],"damage_healed":0,"gold_gain":0,"player_choice":"Gave Card","damage_taken":0,"relics_obtained":["Replay:Wax Seal"],"max_hp_gain":0,"max_hp_loss":0,"event_name":"WeMeetAgain","floor":3,"gold_loss":0},{"cards_removed":["Doubt"],"damage_healed":0,"gold_gain":0,"player_choice":"Card Removal","damage_taken":0,"max_hp_gain":0,"max_hp_loss":0,"event_name":"The Cleric","floor":13,"gold_loss":50}],"is_beta":false,"boss_relics":[{"not_picked":["Velvet Choker","Snecko Heart"],"picked":"Replay:Grab Bag"},{"not_picked":["Replay:Bronze Core","Ooze Armor"],"picked":"Electric Blood"},{"not_picked":["Runic Dome","Coffee Dripper"],"picked":"Replay:Wanted Poster"},{"not_picked":["Runic Pyramid","Pandora\u0027s Box"],"picked":"Astrolabe"}],"items_purged_floors":[21,24],"is_endless":false,"potions_floor_spawned":[6,8,10,12,19,25],"killed_by":"Snecko","ascension_level":5}}