{"host":"8d3fefv2347kqkpz","time":1613427344,"event":{"mods":["AchievementEnabler","Aspiration","BaseMod","Better Vampires","BetterRewards","Colored Map","Colored Powertips","Downfall","Emptier Cage","Highlight Path","Marked Mod","Minty Spire (QoL Compilation)","Quick Restart","Rare Cards Sparkle","Relic Stats","Spicy Shops","StSLib","Waifu the Spire"],"gold_per_floor":[0,19,19,32,45,45,45,30,60,72,72,72,72,99,115,219,219,219,238,258,268,76,76,76,76,86,112,130,147,105,118,161,257,257,257,273,292,342,87,121,121,21,31,62,62,87,87,87,97,97],"floor_reached":51,"language":"ZHS","playtime":3124,"items_purged":["sneckomod:Unknown","sneckomod:Cheat","sneckomod:Defend"],"score":829,"play_id":"d5f03a28-5989-4372-8716-742f2e35444d","local_time":"20210216061544","is_ascension_mode":false,"campfire_choices":[{"data":"sneckomod:SnekBite","floor":1.0,"key":"SMITH"},{"data":"sneckomod:Strike","floor":11,"key":"PURGE"},{"data":"sneckomod:Restock","floor":13,"key":"SMITH"},{"data":"sneckomod:Strike","floor":18,"key":"PURGE"},{"data":"sneckomod:QuickBite","floor":23,"key":"SMITH"},{"data":"sneckomod:Restock","floor":35,"key":"SMITH"},{"data":"sneckomod:SoulDraw","floor":45,"key":"SMITH"}],"circlet_count":0,"master_deck":["sneckomod:Strike","sneckomod:Defend","sneckomod:Defend","sneckomod:TailWhip","sneckomod:SnekBite+1","sneckomod:Unknown","sneckomod:SoulRoll+1","sneckomod:QuickBite+1","sneckomod:Restock+1","sneckomod:Unknown2Cost","sneckomod:Restock","Impervious","sneckomod:QuickMove","sneckomod:QuickBite+1","sneckomod:Unknown2Cost","sneckomod:Unknown3Cost","sneckomod:SoulRoll","sneckomod:SoulDraw+1","sneckomod:Restock+1","sneckomod:Rotation"],"relics":["sneckomod:SuperSneckoSoul","Peace Pipe","Letter Opener","Dead Branch","Odd Mushroom","Mercury Hourglass","Juzu Bracelet","Lantern","expansioncontent:StudyCardRelic","StoneCalendar","bronze:DecasWashers","sneckomod:LoadedDie","Frozen Egg 2","aspiration:StickyExplosives_weak","PreservedInsect"],"acts_visited":["Exordium","TheCity","TheBeyond"],"potions_floor_usage":[21,32,33,50,50,50],"damage_taken":[{"damage":8.0,"enemies":"Jaw Worm","floor":2.0,"turns":4.0},{"damage":0.0,"enemies":"Cultist","floor":4.0,"turns":2.0},{"damage":0.0,"enemies":"2 Louse","floor":5.0,"turns":4.0},{"damage":5.0,"enemies":"downfall:FleeingMerchant","floor":8.0,"turns":4.0},{"damage":7,"enemies":"Blue Slaver","floor":10,"turns":3},{"damage":7,"enemies":"The Mushroom Lair","floor":14,"turns":2},{"damage":3,"enemies":"Large Slime","floor":15,"turns":3},{"damage":40,"enemies":"WA_ARCHETYPE_RETAIN","floor":16,"turns":6},{"damage":0,"enemies":"Spheric Guardian","floor":19,"turns":3},{"damage":10,"enemies":"3 Byrds","floor":20,"turns":3},{"damage":10,"enemies":"Centurion and Healer","floor":21,"turns":4},{"damage":0,"enemies":"downfall:FleeingMerchant","floor":22,"turns":4},{"damage":0,"enemies":"Snecko","floor":26,"turns":2},{"damage":0,"enemies":"Chosen and Byrds","floor":28,"turns":4},{"damage":0,"enemies":"3 Cultists","floor":29,"turns":3},{"damage":0,"enemies":"downfall:FleeingMerchant","floor":30,"turns":1},{"damage":0,"enemies":"Snecko","floor":31,"turns":1},{"damage":0,"enemies":"Shelled Parasite and Fungi","floor":32,"turns":2},{"damage":14,"enemies":"IC_MUSHROOM_ARCHETYPE","floor":33,"turns":5},{"damage":13,"enemies":"3 Shapes","floor":36,"turns":2},{"damage":0,"enemies":"3 Darklings","floor":37,"turns":2},{"damage":0,"enemies":"2 Orb Walkers","floor":38,"turns":1},{"damage":0,"enemies":"Nemesis","floor":40,"turns":3},{"damage":0,"enemies":"Transient","floor":43,"turns":5},{"damage":0,"enemies":"Reptomancer","floor":44,"turns":1},{"damage":0,"enemies":"Giant Head","floor":46,"turns":1},{"damage":0,"enemies":"Writhing Mass","floor":49,"turns":2},{"damage":23,"enemies":"DF_ARCHETYPE_ORBS","floor":50,"turns":3}],"seed_played":"53729584858785501","potions_obtained":[{"floor":10,"key":"DistilledChaos"},{"floor":14,"key":"sneckomod:DiceRollPotion"},{"floor":15,"key":"Dexterity Potion"},{"floor":21,"key":"SpeedPotion"},{"floor":26,"key":"Guardian:BlockOnCardUsePotion"},{"floor":29,"key":"ColorlessPotion"},{"floor":33,"key":"Fruit Juice"},{"floor":38,"key":"Regen Potion"}],"is_trial":false,"path_per_floor":["R","M","?","M","M","?","T","$","?","M","R","T","R","?","M","B",null,"R","M","M","M","$","R","T","?","M","T","M","M","$","M","M","B",null,"R","M","M","?","?","E","T","$","M","E","R","E","$","?","M","B",null],"character_chosen":"THE_SNECKO","items_purchased":["sneckomod:QuickBite","sneckomod:Unknown2Cost","Lantern","bronze:DecasWashers","sneckomod:Rotation"],"campfire_rested":0,"item_purchase_floors":[22,22,30,39,42],"current_hp_per_floor":[90,82,82,82,82,82,82,77,77,70,70,70,70,63,60,20,90,90,90,80,70,70,70,70,70,70,70,77,77,77,77,77,76,95,95,82,82,82,82,82,82,82,82,82,82,82,82,82,82,59],"gold":97,"neow_bonus":"ONE_RARE_RELIC","is_daily":false,"chose_seed":false,"campfire_upgraded":5,"win_rate":0.0,"timestamp":1613427344,"path_taken":["R","M","?","M","?","?","T","$","?","M","R","?","R","?","M","BOSS","R","M","M","M","$","R","T","?","?","?","M","M","?","M","M","BOSS","R","M","M","?","?","E","T","?","M","E","R","E","$","?","M","BOSS"],"items_purchased_type":["Card","Card","Relic","Relic","Card"],"build_version":"2020-12-22","purchased_purges":3,"victory":true,"max_hp_per_floor":[90,90,90,90,90,90,90,90,90,90,90,90,90,90,90,90,90,90,90,90,90,90,90,90,90,90,90,90,90,90,90,90,95,95,95,95,95,95,95,95,95,95,95,95,95,95,95,95,95,95],"relic_stats":{"Peace Pipe":3,"counters":[28,80],"Dead Branch":[130],"StoneCalendar":[0],"PreservedInsect":0,"Juzu Bracelet":1,"Letter Opener":[543],"obtain_stats":[{"Lantern":30,"sneckomod:LoadedDie":40,"Dead Branch":12,"bronze:DecasWashers":39,"StoneCalendar":38,"PreservedInsect":46,"Juzu Bracelet":27,"expansioncontent:StudyCardRelic":34,"Letter Opener":7,"Odd Mushroom":14,"Frozen Egg 2":41,"sneckomod:SneckoSoul":0,"Mercury Hourglass":24,"aspiration:StickyExplosives_weak":44,"Peace Pipe":0,"sneckomod:SuperSneckoSoul":17},{"Lantern":16,"sneckomod:LoadedDie":23,"Dead Branch":5,"bronze:DecasWashers":22,"StoneCalendar":22,"PreservedInsect":26,"Juzu Bracelet":13,"expansioncontent:StudyCardRelic":19,"Letter Opener":3,"Odd Mushroom":6,"Frozen Egg 2":23,"sneckomod:SneckoSoul":0,"Mercury Hourglass":12,"aspiration:StickyExplosives_weak":25,"Peace Pipe":0,"sneckomod:SuperSneckoSoul":8},{"Lantern":52,"sneckomod:LoadedDie":68,"Dead Branch":17,"bronze:DecasWashers":65,"StoneCalendar":65,"PreservedInsect":75,"Juzu Bracelet":44,"expansioncontent:StudyCardRelic":60,"Letter Opener":10,"Odd Mushroom":19,"Frozen Egg 2":68,"sneckomod:SneckoSoul":0,"Mercury Hourglass":42,"aspiration:StickyExplosives_weak":74,"Peace Pipe":0,"sneckomod:SuperSneckoSoul":28}],"Mercury Hourglass":[151]},"card_choices":[{"not_picked":["sneckomod:UnknownCommonAttack","sneckomod:Nope"],"picked":"sneckomod:SoulRoll","floor":2.0},{"not_picked":["sneckomod:UnknownCommonSkill","sneckomod:UnknownStrike"],"picked":"sneckomod:Unknown2Cost","floor":4.0},{"not_picked":["sneckomod:WideSting","sneckomod:RainOfDice"],"picked":"sneckomod:QuickBite","floor":5.0},{"not_picked":["sneckomod:ImprovisedAttack","sneckomod:UnknownCommonAttack"],"picked":"sneckomod:Restock","floor":8.0},{"not_picked":["sneckomod:UnknownCommonSkill","sneckomod:TrashToTreasure","sneckomod:SnekBeam"],"picked":"SKIP","floor":10},{"not_picked":["sneckomod:SoulDraw","sneckomod:UnknownClassBLUE"],"picked":"sneckomod:Unknown2Cost","floor":14},{"not_picked":["sneckomod:UnknownStrike","sneckomod:Rotation","sneckomod:RainOfDice"],"picked":"SKIP","floor":15},{"not_picked":["sneckomod:UnknownRarePower","sneckomod:SoulExchange"],"picked":"sneckomod:Restock","floor":16},{"not_picked":["sneckomod:UnknownCommonSkill","sneckomod:UnknownBlock"],"picked":"sneckomod:UnknownUncommonPower","floor":19},{"not_picked":["sneckomod:DefensiveFlair","sneckomod:Nope+1"],"picked":"sneckomod:QuickMove","floor":20},{"not_picked":["sneckomod:UnknownX","sneckomod:UnknownClassBLUE","sneckomod:UnknownUncommonPower"],"picked":"SKIP","floor":21},{"not_picked":["sneckomod:UnknownX","sneckomod:QuickMove"],"picked":"sneckomod:Cheat","floor":22},{"not_picked":["sneckomod:UnknownWeak","sneckomod:WideSting+1","sneckomod:UnknownClassRED"],"picked":"SKIP","floor":26},{"not_picked":["sneckomod:UnknownCommonAttack+1","sneckomod:SerpentIdol"],"picked":"sneckomod:SoulRoll","floor":28},{"not_picked":["sneckomod:IronFang+1","sneckomod:UnknownBlock","sneckomod:UnknownClassPURPLE"],"picked":"SKIP","floor":29},{"not_picked":["sneckomod:RainOfDice+1","sneckomod:UnknownClassRED","sneckomod:MixItUp+1"],"picked":"SKIP","floor":30},{"not_picked":["sneckomod:UnknownWeak","sneckomod:Memorize","sneckomod:DefensiveFlair"],"picked":"SKIP","floor":31},{"not_picked":["sneckomod:MasterEye","sneckomod:RainOfDice"],"picked":"sneckomod:SoulDraw","floor":32},{"not_picked":["sneckomod:MorePower","sneckomod:UnknownRareAttack"],"picked":"sneckomod:Restock","floor":33},{"not_picked":["sneckomod:UnknownCommonAttack","sneckomod:UnknownClassRED+1","sneckomod:DiceBlock"],"picked":"SKIP","floor":36},{"not_picked":["sneckomod:UnknownCommonAttack","sneckomod:UnknownCommonSkill","sneckomod:RainOfDice+1"],"picked":"SKIP","floor":37},{"not_picked":["sneckomod:QuickBite","sneckomod:Unknown0Cost","sneckomod:Unknown1Cost"],"picked":"SKIP","floor":40},{"not_picked":["sneckomod:IronFang","sneckomod:SoulExchange","sneckomod:UnknownWeak+1"],"picked":"SKIP","floor":43},{"not_picked":["sneckomod:IronFang+1","sneckomod:ImprovisedGuard","sneckomod:UnknownClassBLUE+1"],"picked":"SKIP","floor":44},{"not_picked":["sneckomod:IronFang+1","sneckomod:Nope","sneckomod:RainOfDice"],"picked":"SKIP","floor":46},{"not_picked":["sneckomod:WideSting+1","sneckomod:Nope+1","sneckomod:RainOfDice"],"picked":"SKIP","floor":49}],"player_experience":402382,"relics_obtained":[{"floor":7.0,"key":"Letter Opener"},{"floor":12,"key":"Dead Branch"},{"floor":14,"key":"Odd Mushroom"},{"floor":24,"key":"Mercury Hourglass"},{"floor":27,"key":"Juzu Bracelet"},{"floor":38,"key":"StoneCalendar"},{"floor":40,"key":"sneckomod:LoadedDie"},{"floor":41,"key":"Frozen Egg 2"},{"floor":44,"key":"aspiration:StickyExplosives_weak"},{"floor":46,"key":"PreservedInsect"}],"event_choices":[{"damage_healed":0.0,"max_hp_gain":0.0,"max_hp_loss":0.0,"gold_gain":0.0,"event_name":"Living Wall","player_choice":"Grow","floor":6.0,"gold_loss":0.0,"damage_taken":0.0,"cards_upgraded":["sneckomod:QuickBite"]},{"damage_healed":0,"gold_gain":0,"player_choice":"Fought Mushrooms","damage_taken":0,"max_hp_gain":0,"max_hp_loss":0,"event_name":"Mushrooms","floor":14,"gold_loss":0},{"damage_healed":0,"gold_gain":0,"player_choice":"Fight","damage_taken":0,"max_hp_gain":0,"max_hp_loss":0,"event_name":"Mysterious Sphere","floor":38,"gold_loss":0},{"cards_removed":["sneckomod:UnknownUncommonPower"],"damage_healed":0,"gold_gain":0,"player_choice":"Removed Power","damage_taken":0,"max_hp_gain":0,"max_hp_loss":0,"event_name":"Falling","floor":48,"gold_loss":0}],"is_beta":false,"boss_relics":[{"not_picked":["Busted Crown","Philosopher\u0027s Stone"],"picked":"sneckomod:SuperSneckoSoul"},{"not_picked":["aspiration:SilentSkillbook","Tiny House"],"picked":"expansioncontent:StudyCardRelic"}],"items_purged_floors":[22,30,30],"is_endless":false,"potions_floor_spawned":[10,14,15,21,26,29,31,33,38,43,46,49],"ascension_level":0}}