{"host":"i73ch23exsqar74a","time":1613380172,"event":{"mods":["AchievementEnabler","Aspiration","Astrologer","Bard","Bartender","BaseMod","Beaked The Cultist","Better Sensory Stone","CCEM2","CapriCore","Challenge The Spire","ChefMod","Chen","Colored Map","Colored Powertips","Conjunction","Conspire","Downfall","Fireblade Mod","FutureSeer","GifTheSpireLib","Glutton Mod","Gremlin Mod","Halation","Hermit","Highlight Path","HololiveMod","Hubris","Infinite Spire","Jedi Mod","Lobotomy","LobotomyExtend","Luminous","Marked Mod","Minty Spire (QoL Compilation)","Prisma Mod","Quarter Circle Forward PUNCH!","Quick Restart","Random Character Button","RatMod","Relic Sorter","Reliquary","Replay The Spire","SOS???????","Shade Mod","Spicy Shops","Spikes Relics","Spire Arcade","StSLib","Stuff the Spire","The Alterego","The Animator","The Bug Knight","The Construct","The Cursed","The Druid","The Exalted","The Immortal","The Judge","The Poker Player","The Sage","The Wild Card","TheHero","TheSwordswoman","TheVacant","TheVelvet","Thieving Mod","Yuri Mod","???Mod??????Boss","???mod?????"],"gold_per_floor":[128,128,156,175,203,203,240,240,240,250,39,72,72,104,104,209,209,224,224,15,27,27,27,81,81,81,101,7,7,37,47,47,143,143,161,161,173,189,218,218,253,253,279,297,297,297,315,325,325,275,275,275,275,670,720,775,857,857,228,303,383,383,383,478,547,409,409,524,524,524,524],"floor_reached":70,"language":"ENG","playtime":4210,"items_purged":["Spreading Infection"],"score":903,"play_id":"c64cd272-952c-4b14-a024-8ff5e5ca77ba","local_time":"20210215130932","is_ascension_mode":true,"campfire_choices":[{"data":"animator:YachiyoNanami","floor":6.0,"key":"SMITH"},{"floor":8.0,"key":"REST"},{"floor":13.0,"key":"REST"},{"data":"animator:DolaRiku","floor":15.0,"key":"SMITH"},{"data":"beaked:AwakenedForm","floor":23.0,"key":"SMITH"},{"data":"animator:Ainz","floor":25.0,"key":"SMITH"},{"floor":29.0,"key":"REST"},{"floor":32.0,"key":"REST"},{"data":"animator:Kyubey","floor":40.0,"key":"SMITH"},{"floor":42.0,"key":"REST"},{"floor":46.0,"key":"REST"},{"floor":49.0,"key":"REST"},{"data":"hubris:Fate","floor":53.0,"key":"SMITH"},{"floor":63.0,"key":"REST"},{"floor":67.0,"key":"REST"},{"floor":69,"key":"REST"}],"circlet_count":0,"master_deck":["animator:Strike_MadokaMagica+1","animator:Defend_MadokaMagica+1","animator:Strike+1","animator:Strike+1","animator:Defend+1","animator:Defend+1","animator:IrohaTamaki+1","animator:YuiTsuruno+1","animator:DolaSchwi+1","animator:YachiyoNanami+1","animator:NarberalGamma+1","animator:KyokoSakura+1","animator:OrikoMikuni","animator:Archer+1","animator:DolaRiku+1","Shame","animator:Rimuru","animator:MamiTomoe+1","animator:Ainz+1","animator:FielNirvalen+1","animator:PandorasActor+1","animator:Arpeggio+1","animator:Kuroyukihime+1","animator:KyokoSakura+1","beaked:AwakenedForm+1","animator:MadokaKaname+1","animator:SayakaMiki+1","animator:TanyaDegurechaff+1","animator:KyokoSakura+1","animator:MisaKurobane+1","animator:RoryMercury+1","animator:KyokoSakura+1","animator:Kyubey+1","animator:Tet+1","Discovery+1","animator:Arpeggio","Clumsy","animator:Aisha+1","animator:HigakiRinne+1","animator:NagisaMomoe+1","animator:Bozes+1","animator:Lancer+1","animator:Souei+1","animator:Albedo+1","animator:Lancer"],"relics":["animator:TheWolleyCore","animator:AncientMedallion"],"acts_visited":["Exordium","TheCity","TheBeyond","TheEnding","EYB:TheUnnamedReign"],"potions_floor_usage":[],"damage_taken":[{"damage":2.0,"enemies":"Jaw Worm","floor":1.0,"turns":4.0},{"damage":0.0,"enemies":"Cultist","floor":3.0,"turns":4.0},{"damage":13.0,"enemies":"2 Louse","floor":4.0,"turns":2.0},{"damage":8.0,"enemies":"Blue Slaver","floor":5.0,"turns":3.0},{"damage":13.0,"enemies":"Gremlin Nob","floor":7.0,"turns":4.0},{"damage":12.0,"enemies":"Gremlin Gang","floor":10.0,"turns":4.0},{"damage":20.0,"enemies":"3 Sentries","floor":12.0,"turns":5.0},{"damage":18.0,"enemies":"Gremlin Nob","floor":14.0,"turns":4.0},{"damage":20.0,"enemies":"Hexaghost","floor":16.0,"turns":8.0},{"damage":18.0,"enemies":"3 Byrds","floor":18.0,"turns":5.0},{"damage":19.0,"enemies":"conspire:HollyBat","floor":21.0,"turns":7.0},{"damage":8.0,"enemies":"Replay:Snechameleon","floor":24.0,"turns":6.0},{"damage":11.0,"enemies":"HollowMod:Nosk","floor":27.0,"turns":10.0},{"damage":14.0,"enemies":"Gremlin Leader","floor":30.0,"turns":4.0},{"damage":18.0,"enemies":"Sentry and Sphere","floor":31.0,"turns":4.0},{"damage":25.0,"enemies":"Champ","floor":33.0,"turns":8.0},{"damage":11.0,"enemies":"Orb Walker","floor":35.0,"turns":2.0},{"damage":0.0,"enemies":"3 Darklings","floor":37.0,"turns":2.0},{"damage":8.0,"enemies":"Sphere and 2 Shapes","floor":38.0,"turns":2.0},{"damage":37.0,"enemies":"Giant Head","floor":41.0,"turns":6.0},{"damage":0.0,"enemies":"Jaw Worm Horde","floor":44.0,"turns":2.0},{"damage":0.0,"enemies":"Spire Growth","floor":47.0,"turns":1.0},{"damage":39.0,"enemies":"Maw","floor":48.0,"turns":5.0},{"damage":38.0,"enemies":"Replay:Hell Engine","floor":50.0,"turns":5.0},{"damage":0.0,"enemies":"animator:UNNAMED_CULTIST_1","floor":55.0,"turns":4.0},{"damage":0.0,"enemies":"animator:UNNAMED_HAT","floor":56.0,"turns":7.0},{"damage":13.0,"enemies":"animator:LARGE_CRYSTAL","floor":60.0,"turns":5.0},{"damage":31.0,"enemies":"animator:UNNAMED_CULTIST_2","floor":61.0,"turns":7.0},{"damage":51.0,"enemies":"animator:ULTIMATE_WISP","floor":64.0,"turns":8.0},{"damage":42,"enemies":"animator:ULTIMATE_CUBE","floor":68,"turns":8},{"damage":132,"enemies":"animator:TheUnnamed","floor":70,"turns":4}],"seed_played":"1223616697566026472","potions_obtained":[{"floor":3.0,"key":"Elixir"},{"floor":4.0,"key":"construct:ShiftPotion"},{"floor":5.0,"key":"Toxic Potion"},{"floor":12.0,"key":"LiquidMemories"},{"floor":21.0,"key":"SteroidPotion"},{"floor":24.0,"key":"ThievingMod:ThievingPotion"},{"floor":30.0,"key":"FearPotion"},{"floor":33.0,"key":"sneckomod:MuddlingPotion"},{"floor":55.0,"key":"animator:FalseLifePotion"},{"floor":56.0,"key":"animator:FalseLifePotion"},{"floor":60.0,"key":"animator:FalseLifePotion"},{"floor":61.0,"key":"animator:FalseLifePotion"},{"floor":64.0,"key":"animator:FalseLifePotion"},{"floor":68,"key":"animator:FalseLifePotion"}],"is_trial":false,"path_per_floor":["M","?","M","M","M","R","E","R","T","M","$","E","R","E","R","B",null,"M","?","$","M","?","R","E","R","T","E","$","R","E","M","R","B",null,"M","AVR","M","M","?","R","E","R","T","M","?","R","M","M","R","B",null,null,"R","??","M","M","T","?","$","M","M","?","R","E","T","?","R","E","R","B"],"character_chosen":"THE_ANIMATOR","items_purchased":["Boot","reliquary:Stiletto","animator:PandorasActor","animator:Arpeggio","animator:Kuroyukihime","ReplayTheSpireMod:CursedCoin","animator:TanyaDegurechaff","animator:AncientMedallion","animator:AncientMedallion","animator:AncientMedallion"],"campfire_rested":10,"item_purchase_floors":[11,11,20,20,20,28,28,59,59,59],"current_hp_per_floor":[64,64,64,52,44,44,31,51,62,50,50,30,53,36,36,17,80,62,65,65,46,46,46,41,41,41,32,32,52,45,29,49,24,68,57,57,57,52,52,52,15,36,36,36,36,57,57,18,39,4,4,71,71,98,98,98,98,98,98,97,80,80,99,57,57,57,86,81,99,0,0],"gold":524,"neow_bonus":"TRANSFORM_CARD","is_daily":false,"chose_seed":false,"campfire_upgraded":6,"win_rate":0.0,"timestamp":1613380172,"path_taken":["M","?","M","?","?","R","E","R","T","M","$","E","R","E","R","BOSS","M","?","$","M","?","R","E","R","T","E","$","R","E","?","R","BOSS","M","AVR","M","M","?","R","E","R","T","?","?","R","M","M","R","BOSS","R","??","M","M","T","?","$","M","M","?","R","E","T","?","R","E","R","BOSS"],"items_purchased_type":["Relic","Relic","Card","Card","Card","Relic","Card","Relic","Relic","Relic"],"build_version":"2020-12-22","purchased_purges":1,"victory":false,"max_hp_per_floor":[66,66,66,67,67,67,67,67,78,78,78,78,78,79,79,80,80,80,83,83,83,63,63,66,66,66,68,68,68,68,68,68,68,68,68,68,68,71,71,71,71,71,71,71,71,71,71,71,71,71,71,71,71,98,98,98,98,98,98,98,99,99,99,99,99,99,99,99,99,99,99],"card_choices":[{"not_picked":["animator:Kaijin","animator:LeleiLaLalena"],"picked":"animator:YachiyoNanami","floor":1.0},{"not_picked":["animator:Kaijin","animator:Chung"],"picked":"animator:NarberalGamma","floor":3.0},{"not_picked":["animator:Alexander","animator:Elsword"],"picked":"animator:KyokoSakura","floor":4.0},{"not_picked":["animator:YachiyoNanami","animator:YuiTsuruno"],"picked":"animator:OrikoMikuni","floor":5.0},{"not_picked":["animator:Add","animator:Souei"],"picked":"animator:Archer","floor":7.0},{"not_picked":["animator:Alexander","animator:Archer"],"picked":"animator:DolaRiku","floor":10.0},{"not_picked":["animator:Demiurge","animator:TukaLunaMarceau"],"picked":"animator:Rimuru","floor":12.0},{"not_picked":["animator:NagisaMomoe","animator:IrohaTamaki"],"picked":"animator:MamiTomoe","floor":14.0},{"not_picked":["animator:Shiro","animator:Rimuru"],"picked":"animator:Ainz","floor":16.0},{"not_picked":["animator:Sebas","animator:Jibril"],"picked":"animator:FielNirvalen+1","floor":18.0},{"not_picked":["animator:Entoma","animator:Tyuule"],"picked":"animator:KyokoSakura","floor":21.0},{"not_picked":["animator:Shuna+1","animator:TukaLunaMarceau"],"picked":"animator:MadokaKaname","floor":24.0},{"not_picked":["animator:NagisaMomoe","animator:KyokoSakura"],"picked":"animator:SayakaMiki","floor":27.0},{"not_picked":["animator:Assassin","animator:Arpeggio+1"],"picked":"animator:RoryMercury","floor":30.0},{"not_picked":["animator:IrohaTamaki+1","animator:Archer"],"picked":"animator:KyokoSakura+1","floor":31.0},{"not_picked":["animator:Ainz","animator:Elesis"],"picked":"animator:Kyubey","floor":33.0},{"not_picked":["animator:Kuribayashi+1","animator:Shion+1"],"picked":"animator:Tet","floor":35.0},{"not_picked":["animator:Shion","animator:MamiTomoe+1"],"picked":"animator:Arpeggio+1","floor":38.0},{"not_picked":["animator:Kaijin","animator:Assassin+1"],"picked":"animator:Aisha+1","floor":39.0},{"not_picked":["animator:YachiyoNanami","animator:Archer","animator:OrikoMikuni+1"],"picked":"SKIP","floor":41.0},{"not_picked":["animator:DolaStephanie","animator:Berserker+1","animator:Demiurge+1"],"picked":"SKIP","floor":44.0},{"not_picked":["animator:YuiTsuruno","animator:SuzuneAmano"],"picked":"animator:NagisaMomoe","floor":47.0},{"not_picked":["animator:Tyuule+1","animator:Entoma","animator:Hakurou"],"picked":"SKIP","floor":48.0},{"not_picked":["animator:Laby","animator:Souei","animator:YaoHaDucy"],"picked":"SKIP","floor":55.0},{"not_picked":["animator:Berserker+1","animator:YachiyoNanami","animator:Sebas"],"picked":"SKIP","floor":56.0},{"not_picked":["animator:Entoma","animator:ShinjiMatou"],"picked":"animator:Bozes","floor":60.0},{"not_picked":["animator:Kaijin","animator:Ara+1"],"picked":"animator:Lancer","floor":61.0},{"not_picked":["animator:DolaCouronne","animator:PandorasActor"],"picked":"animator:Souei","floor":64.0},{"not_picked":["animator:Rimuru","animator:Ainz+1"],"picked":"animator:Albedo+1","floor":66.0},{"not_picked":["animator:TukaLunaMarceau+1","animator:Kuribayashi"],"picked":"animator:Lancer","floor":68}],"player_experience":1464957,"relics_obtained":[{"floor":1.0,"key":"LetterFromLob"},{"floor":7.0,"key":"Replay:Bottled Eggs"},{"floor":9.0,"key":"CCEMRelics:CanOfSoda"},{"floor":12.0,"key":"animator:WizardHat"},{"floor":14.0,"key":"Bromod:ArcaneDeflection"},{"floor":24.0,"key":"halation:EternalFortune"},{"floor":24.0,"key":"CherryCoatedStake"},{"floor":26.0,"key":"Letter Opener"},{"floor":27.0,"key":"HollowMod:StagPassRelic"},{"floor":30.0,"key":"jedi:bottledfury"},{"floor":38.0,"key":"halation:EternalFortune"},{"floor":39.0,"key":"hubris:64BitClover"},{"floor":41.0,"key":"reliquary:FerryPass"},{"floor":43.0,"key":"Bromod:ArcaneNullifier"},{"floor":54.0,"key":"animator:TheWolleyCore"},{"floor":54.0,"key":"animator:AncientMedallion"},{"floor":55.0,"key":"LetterFromLob"},{"floor":56.0,"key":"LetterFromLob"},{"floor":57.0,"key":"animator:AncientMedallion"},{"floor":60.0,"key":"LetterFromLob"},{"floor":61.0,"key":"LetterFromLob"},{"floor":64.0,"key":"animator:AncientMedallion"},{"floor":64.0,"key":"LetterFromLob"},{"floor":65.0,"key":"animator:AncientMedallion"},{"floor":68,"key":"animator:AncientMedallion"},{"floor":68,"key":"LetterFromLob"}],"event_choices":[{"cards_removed":["animator:Defend"],"damage_healed":0.0,"max_hp_gain":0.0,"max_hp_loss":0.0,"gold_gain":0.0,"event_name":"Bonfire Elementals","player_choice":"Offered Basic","floor":2.0,"gold_loss":0.0,"damage_taken":0.0}],"is_beta":false,"boss_relics":[{"not_picked":["halation:ForbiddenBikini","Hololive_TopUpMoneyS"],"picked":"halation:HeavySnake"},{"not_picked":["aspiration:BardSkillbook","qcfpunch:Dark_Gi"],"picked":"Cursed Key"}],"items_purged_floors":[28],"is_endless":false,"potions_floor_spawned":[3,4,5,12,21,24,30,33,35,44,55,68],"killed_by":"animator:TheUnnamed","ascension_level":1}}