{"host":"prxrhpgaxnj4om9r","time":1613368951,"event":{"mods":["AchievementEnabler","BaseMod","Colored Map","DeckTracker","Minty Spire (QoL Compilation)"],"gold_per_floor":[114,114,34,109,120,120,150,175,198,210,210,235,254,283,283,387,387,401,401,416,435,32,32,32,50,98,130,180,196,196,207,207,207,207],"floor_reached":33,"language":"KOR","playtime":1604,"items_purged":[],"score":342,"play_id":"8fad64dc-9376-4b46-a29a-200f66232728","local_time":"20210215150231","is_ascension_mode":true,"campfire_choices":[{"data":"Berserk","floor":6,"key":"SMITH"},{"floor":11,"key":"REST"},{"floor":15,"key":"REST"},{"data":"Fire Breathing","floor":23,"key":"SMITH"},{"floor":32,"key":"REST"}],"circlet_count":0,"master_deck":["Strike_R+1","Strike_R","Strike_R","Strike_R","Strike_R","Defend_R","Defend_R","Defend_R","Bash","Berserk+1","Thunderclap+1","Searing Blow","Shrug It Off","Entrench","Wild Strike","Limit Break","Armaments","Cleave","Fire Breathing+1","Feed","Wild Strike","Necronomicurse","Heavy Blade+1","Power Through","Second Wind","Searing Blow+1","Disarm","Dropkick+1","Body Slam+1"],"relics":["Burning Blood","CaptainsWheel","Dream Catcher","Whetstone","Art of War","Blood Vial","Snecko Eye","Necronomicon","Meat on the Bone","Nunchaku","Centennial Puzzle","The Courier","Kunai"],"acts_visited":["Exordium","TheCity"],"potions_floor_usage":[12,12,13,16,21,31,31],"damage_taken":[{"damage":0,"enemies":"Cultist","floor":1,"turns":4},{"damage":7,"enemies":"Small Slimes","floor":5,"turns":3},{"damage":26,"enemies":"Gremlin Nob","floor":7,"turns":4},{"damage":13,"enemies":"Jaw Worm","floor":10,"turns":3},{"damage":16,"enemies":"3 Sentries","floor":12,"turns":8},{"damage":14,"enemies":"Red Slaver","floor":13,"turns":2},{"damage":16,"enemies":"Gremlin Nob","floor":14,"turns":4},{"damage":30,"enemies":"Slime Boss","floor":16,"turns":10},{"damage":0,"enemies":"Chosen","floor":18,"turns":4},{"damage":8,"enemies":"3 Byrds","floor":20,"turns":5},{"damage":6,"enemies":"Sentry and Sphere","floor":21,"turns":4},{"damage":9,"enemies":"Centurion and Healer","floor":25,"turns":5},{"damage":26,"enemies":"Slavers","floor":27,"turns":4},{"damage":4,"enemies":"Chosen and Byrds","floor":29,"turns":4},{"damage":18,"enemies":"Shelled Parasite and Fungi","floor":31,"turns":5},{"damage":84,"enemies":"Automaton","floor":33,"turns":6}],"seed_played":"4308738158656615454","potions_obtained":[{"floor":5,"key":"EssenceOfSteel"},{"floor":7,"key":"LiquidMemories"},{"floor":10,"key":"SpeedPotion"},{"floor":12,"key":"ColorlessPotion"},{"floor":18,"key":"SkillPotion"},{"floor":27,"key":"Fire Potion"},{"floor":29,"key":"DuplicationPotion"}],"is_trial":false,"path_per_floor":["M","$","$","?","M","R","E","T","T","M","R","E","M","E","R","B",null,"M","?","M","M","$","R","?","M","T","E","?","M","T","M","R","B"],"character_chosen":"IRONCLAD","items_purchased":["Searing Blow","Meat on the Bone","Nunchaku"],"campfire_rested":3,"item_purchase_floors":[3,22,22],"current_hp_per_floor":[80,80,80,69,68,68,48,48,48,41,65,55,47,37,61,39,80,80,64,67,69,69,69,69,71,71,56,56,63,63,53,80,0,0],"gold":207,"neow_bonus":"ONE_RANDOM_RARE_CARD","is_daily":false,"chose_seed":false,"campfire_upgraded":2,"win_rate":0.0,"timestamp":1613368951,"path_taken":["M","?","$","?","M","R","E","?","T","?","R","E","M","E","R","BOSS","M","?","M","M","$","R","?","?","T","E","?","?","?","M","R","BOSS"],"items_purchased_type":["Card","Relic","Relic"],"build_version":"2020-12-22","purchased_purges":0,"victory":false,"max_hp_per_floor":[80,80,80,80,80,80,80,80,80,80,80,80,80,80,80,80,80,80,80,83,83,83,83,83,86,86,89,89,92,92,92,92,92,92],"card_choices":[{"not_picked":["Evolve","Seeing Red"],"picked":"Thunderclap","floor":1},{"not_picked":["Anger","Pommel Strike"],"picked":"Shrug It Off","floor":5},{"not_picked":["Perfected Strike","Evolve"],"picked":"Entrench","floor":7},{"not_picked":["Twin Strike","Cleave"],"picked":"Wild Strike","floor":10},{"not_picked":["Second Wind","Ghostly Armor"],"picked":"Limit Break","floor":11},{"not_picked":["Hemokinesis","Perfected Strike"],"picked":"Armaments","floor":12},{"not_picked":["Whirlwind","Dark Embrace"],"picked":"Cleave","floor":13},{"not_picked":["Armaments","Cleave","Clothesline"],"picked":"SKIP","floor":14},{"not_picked":["Armaments","Twin Strike"],"picked":"Fire Breathing","floor":15},{"not_picked":["Reaper","Barricade"],"picked":"Feed","floor":16},{"not_picked":["Whirlwind","Rage"],"picked":"Wild Strike","floor":18},{"not_picked":["Rampage","Thunderclap"],"picked":"Heavy Blade+1","floor":20},{"not_picked":["Shrug It Off","Warcry+1"],"picked":"Power Through","floor":21},{"not_picked":["Wild Strike","Anger+1"],"picked":"Searing Blow+1","floor":25},{"not_picked":["Flex","Searing Blow","Havoc"],"picked":"SKIP","floor":27},{"not_picked":["Whirlwind","Thunderclap"],"picked":"Disarm","floor":29},{"not_picked":["Perfected Strike","Shrug It Off+1"],"picked":"Dropkick+1","floor":31},{"not_picked":["Dropkick","Burning Pact+1"],"picked":"Body Slam+1","floor":32}],"player_experience":459868,"relics_obtained":[{"floor":7,"key":"CaptainsWheel"},{"floor":8,"key":"Dream Catcher"},{"floor":9,"key":"Whetstone"},{"floor":12,"key":"Art of War"},{"floor":14,"key":"Blood Vial"},{"floor":19,"key":"Necronomicon"},{"floor":26,"key":"Centennial Puzzle"},{"floor":27,"key":"The Courier"},{"floor":30,"key":"Kunai"}],"event_choices":[{"damage_healed":0,"gold_gain":75,"player_choice":"Gather Gold","damage_taken":11,"max_hp_gain":0,"max_hp_loss":0,"event_name":"World of Goop","floor":4,"gold_loss":0},{"damage_healed":0,"gold_gain":0,"player_choice":"Obtained Book","damage_taken":16,"max_hp_gain":0,"max_hp_loss":0,"event_name":"Cursed Tome","floor":19,"gold_loss":0},{"damage_healed":0,"gold_gain":0,"cards_transformed":["Defend_R"],"player_choice":"Transformed","damage_taken":0,"max_hp_gain":0,"max_hp_loss":0,"event_name":"Transmorgrifier","floor":24,"gold_loss":0,"cards_obtained":["Second Wind"]},{"damage_healed":0,"gold_gain":100,"player_choice":"Bet on Murderer","damage_taken":0,"max_hp_gain":0,"max_hp_loss":0,"event_name":"The Joust","floor":28,"gold_loss":50}],"is_beta":false,"boss_relics":[{"not_picked":["Velvet Choker","Pandora\u0027s Box"],"picked":"Snecko Eye"}],"items_purged_floors":[],"is_endless":false,"potions_floor_spawned":[5,7,10,12,18,27,29],"killed_by":"Automaton","ascension_level":4}}