{"host":"y0i0tbisecj7yjyn","time":1613353335,"event":{"mods":["AchievementEnabler","AlwaysNeverKeys","BaseMod","BetterRewards","Colored Map","Colored Powertips","Curses Come First","Disable Question Mark Monsters","Displayed Cursed Tome","Highlight Path","Keyboard Shortcuts","Minty Spire (QoL Compilation)","Quick Restart","Random Character Button","Rare Cards Sparkle","StSLib","SuperFastMode","Transform Curses","Weighted Paths"],"gold_per_floor":[110,70,86,49,49,49,74,74,74,103,103,53,88,99,99,200,250,266,280,280,280,296,325,341,341,341],"floor_reached":25,"language":"ENG","playtime":1900,"items_purged":[],"score":337,"play_id":"f966d0d1-6d96-405e-8754-82088c28d31f","local_time":"20210214194215","is_ascension_mode":true,"campfire_choices":[{"data":"Storm","floor":6,"key":"SMITH"},{"data":"Zap","floor":8,"key":"SMITH"},{"floor":11,"key":"REST"},{"data":"Dualcast","floor":15,"key":"SMITH"}],"circlet_count":0,"master_deck":["Strike_B","Strike_B","Strike_B","Defend_B","Defend_B","Defend_B","Defend_B","Zap+1","Dualcast+1","Gash","Rebound","Electrodynamics+1","Storm+1","Redo+1","Leap","Ball Lightning","Thunder Strike","Self Repair","Static Discharge+1","Defragment","Ball Lightning","White Noise","Static Discharge+1","Beam Cell","Hello World+1"],"relics":["Cracked Core","Vajra","Question Card","Prayer Wheel","Pear","Tiny House","Happy Flower","Strawberry"],"acts_visited":["Exordium","TheCity"],"potions_floor_usage":[2,13,19,25,25],"damage_taken":[{"damage":0,"enemies":"Small Slimes","floor":1,"turns":3},{"damage":0,"enemies":"Cultist","floor":3,"turns":3},{"damage":25,"enemies":"Lagavulin","floor":7,"turns":7},{"damage":10,"enemies":"3 Sentries","floor":10,"turns":3},{"damage":25,"enemies":"Lagavulin","floor":13,"turns":5},{"damage":15,"enemies":"2 Louse","floor":14,"turns":2},{"damage":31,"enemies":"The Guardian","floor":16,"turns":9},{"damage":12,"enemies":"3 Byrds","floor":18,"turns":2},{"damage":12,"enemies":"Shell Parasite","floor":19,"turns":4},{"damage":18,"enemies":"Snecko","floor":22,"turns":3},{"damage":35,"enemies":"Book of Stabbing","floor":23,"turns":2},{"damage":38,"enemies":"3 Cultists","floor":24,"turns":4},{"damage":21,"enemies":"Gremlin Leader","floor":25,"turns":2}],"seed_played":"2181455216870635788","potions_obtained":[{"floor":2,"key":"Fruit Juice"},{"floor":2,"key":"FearPotion"},{"floor":2,"key":"CultistPotion"},{"floor":3,"key":"SpeedPotion"},{"floor":7,"key":"Energy Potion"},{"floor":13,"key":"Fruit Juice"},{"floor":17,"key":"EssenceOfDarkness"},{"floor":19,"key":"FocusPotion"}],"is_trial":false,"path_per_floor":["M","?","M","$","?","R","E","R","T","E","R","?","E","M","R","B",null,"M","M","?","?","M","E","M","E"],"character_chosen":"DEFECT","items_purchased":["Storm"],"campfire_rested":1,"item_purchase_floors":[4],"current_hp_per_floor":[75,80,80,80,80,80,55,55,55,45,69,69,59,44,44,13,100,95,90,90,90,79,58,20,0,0],"gold":341,"neow_bonus":"THREE_CARDS","is_daily":false,"chose_seed":false,"campfire_upgraded":3,"win_rate":0.0,"timestamp":1613353335,"path_taken":["M","?","?","$","?","R","E","R","T","E","R","?","E","M","R","BOSS","M","M","?","?","?","E","M","E"],"items_purchased_type":["Card"],"build_version":"2020-12-22","purchased_purges":0,"victory":false,"max_hp_per_floor":[75,80,80,80,80,80,80,80,80,80,80,80,95,95,95,95,100,100,100,100,100,100,107,107,107,107],"card_choices":[{"not_picked":["Turbo","Barrage"],"picked":"Gash","floor":0},{"not_picked":["Hologram","Coolheaded"],"picked":"Rebound","floor":1},{"not_picked":["Lockon","Beam Cell"],"picked":"Electrodynamics","floor":3},{"not_picked":["Coolheaded","Turbo"],"picked":"Redo","floor":7},{"not_picked":["Barrage","Undo","Stack","Lockon"],"picked":"SKIP","floor":10},{"not_picked":["Coolheaded","Cold Snap","Barrage","Streamline"],"picked":"SKIP","floor":13},{"not_picked":["Auto Shields","Recycle","Rebound"],"picked":"Leap","floor":14},{"not_picked":["Undo","Compile Driver","Chaos"],"picked":"Ball Lightning","floor":14},{"not_picked":["Seek","Machine Learning","Fission"],"picked":"Thunder Strike","floor":16},{"not_picked":["Cold Snap","Aggregate","Gash"],"picked":"Self Repair","floor":17},{"not_picked":["Go for the Eyes","Streamline+1","Doom and Gloom"],"picked":"Static Discharge+1","floor":18},{"not_picked":["Gash","Turbo","Hello World+1"],"picked":"Defragment","floor":18},{"not_picked":["Reprogram","Barrage","Aggregate+1"],"picked":"Ball Lightning","floor":19},{"not_picked":["Lockon","Streamline","Hologram+1"],"picked":"Hello World","floor":19},{"not_picked":["Reprogram+1","Streamline","Gash"],"picked":"White Noise","floor":22},{"not_picked":["Ball Lightning+1","Steam Power","Lockon"],"picked":"Static Discharge+1","floor":22},{"not_picked":["Seek","Reprogram","Go for the Eyes","Streamline"],"picked":"SKIP","floor":23},{"not_picked":["Stack+1","Cold Snap","Turbo"],"picked":"Beam Cell","floor":24},{"not_picked":["Hologram","Scrape","Barrage"],"picked":"Hello World+1","floor":24}],"player_experience":457585,"relics_obtained":[{"floor":7,"key":"Vajra"},{"floor":9,"key":"Question Card"},{"floor":10,"key":"Prayer Wheel"},{"floor":13,"key":"Pear"},{"floor":23,"key":"Strawberry"}],"event_choices":[{"damage_healed":0,"gold_gain":0,"player_choice":"Bought 3 Potions","damage_taken":0,"max_hp_gain":0,"max_hp_loss":0,"event_name":"The Woman in Blue","floor":2,"gold_loss":0},{"damage_healed":0,"gold_gain":0,"player_choice":"Grow","damage_taken":0,"max_hp_gain":0,"max_hp_loss":0,"event_name":"Living Wall","floor":5,"gold_loss":0,"cards_upgraded":["Electrodynamics"]},{"cards_removed":["Strike_B"],"damage_healed":0,"gold_gain":0,"player_choice":"Card Removal","damage_taken":0,"max_hp_gain":0,"max_hp_loss":0,"event_name":"The Cleric","floor":12,"gold_loss":50},{"damage_healed":0,"gold_gain":0,"player_choice":"Ignored","damage_taken":0,"max_hp_gain":0,"max_hp_loss":0,"event_name":"Beggar","floor":20,"gold_loss":0},{"cards_removed":["Hello World"],"damage_healed":0,"gold_gain":0,"player_choice":"Gave Card","damage_taken":0,"relics_obtained":["Happy Flower"],"max_hp_gain":0,"max_hp_loss":0,"event_name":"WeMeetAgain","floor":21,"gold_loss":0}],"is_beta":false,"boss_relics":[{"not_picked":["Runic Pyramid","Ectoplasm"],"picked":"Tiny House"}],"items_purged_floors":[],"is_endless":false,"potions_floor_spawned":[3,7,13,19,23],"killed_by":"Gremlin Leader","ascension_level":4}}