{"host":"udzsrhbqdxqtlypj","time":1613402977,"event":{"mods":["BaseMod","Minty Spire (QoL Compilation)","Relic Stats"],"gold_per_floor":[113,79,29,29,49,49,78,92,92,92,108,134,134,164,164,243,243,258,183,201,48,58,92,104,104,104,104,104,116,151,171,171,171,171],"floor_reached":33,"language":"ENG","playtime":1920,"items_purged":["Defend_R"],"score":586,"play_id":"e617dfa8-f06b-45db-99c0-195cbddd7cf5","local_time":"20210215092937","is_ascension_mode":true,"campfire_choices":[{"data":"Sword Boomerang","floor":6.0,"key":"SMITH"},{"data":"Battle Trance","floor":15,"key":"SMITH"},{"data":"Berserk","floor":28,"key":"SMITH"},{"data":"Ghostly","floor":32,"key":"SMITH"}],"circlet_count":0,"master_deck":["AscendersBane","Defend_R","Defend_R","Defend_R+1","Bash","Sword Boomerang+1","Disarm","Spot Weakness+1","Heavy Blade","Flame Barrier","Headbutt","Disarm","Battle Trance+1","Berserk+1","Shrug It Off","Uppercut","Heavy Blade+1","Double Tap","Disarm+1","Ghostly","Ghostly+1","Ghostly","Ghostly","Ghostly","Thunderclap"],"relics":["Burning Blood","NeowsBlessing","Mercury Hourglass","InkBottle","Self Forming Clay","Tiny Chest","Empty Cage","Torii","Pantograph","White Beast Statue"],"acts_visited":["Exordium","TheCity"],"potions_floor_usage":[20,23,30],"damage_taken":[{"damage":0.0,"enemies":"Small Slimes","floor":1.0,"turns":1.0},{"damage":0.0,"enemies":"2 Louse","floor":5.0,"turns":1.0},{"damage":0.0,"enemies":"3 Sentries","floor":7.0,"turns":1.0},{"damage":0.0,"enemies":"Cultist","floor":8.0,"turns":2.0},{"damage":7.0,"enemies":"2 Fungi Beasts","floor":11.0,"turns":3.0},{"damage":4.0,"enemies":"Gremlin Nob","floor":12.0,"turns":3.0},{"damage":16,"enemies":"Lagavulin","floor":14,"turns":6},{"damage":4,"enemies":"Hexaghost","floor":16,"turns":8},{"damage":0,"enemies":"Chosen","floor":18,"turns":6},{"damage":11,"enemies":"Shell Parasite","floor":20,"turns":4},{"damage":0,"enemies":"Snecko","floor":22,"turns":4},{"damage":21,"enemies":"Book of Stabbing","floor":23,"turns":5},{"damage":14,"enemies":"Centurion and Healer","floor":24,"turns":4},{"damage":4,"enemies":"Sentry and Sphere","floor":29,"turns":6},{"damage":6,"enemies":"Slavers","floor":30,"turns":6},{"damage":21,"enemies":"Cultist and Chosen","floor":31,"turns":7},{"damage":63,"enemies":"Automaton","floor":33,"turns":6}],"seed_played":"8584579257794519486","potions_obtained":[{"floor":7.0,"key":"Weak Potion"},{"floor":8.0,"key":"DuplicationPotion"},{"floor":14,"key":"Weak Potion"},{"floor":20,"key":"Explosive Potion"},{"floor":29,"key":"Dexterity Potion"},{"floor":31,"key":"FearPotion"}],"is_trial":false,"path_per_floor":["M","$","?","?","M","R","E","M","T","?","M","E","?","E","R","B",null,"M","?","M","$","M","E","M","?","T","?","R","M","E","M","R","B"],"character_chosen":"IRONCLAD","items_purchased":["Disarm","Uppercut"],"campfire_rested":0,"item_purchase_floors":[2,21],"current_hp_per_floor":[74,74,74,74,75,75,75,75,75,60,59,61,61,51,51,53,70,75,75,70,70,75,60,52,37,37,33,33,35,35,20,20,0,0],"gold":171,"neow_bonus":"THREE_ENEMY_KILL","is_daily":false,"chose_seed":false,"campfire_upgraded":4,"win_rate":0.0,"timestamp":1613402977,"path_taken":["M","$","?","?","M","R","E","?","T","?","M","E","?","E","R","BOSS","M","?","M","$","M","E","M","?","T","?","R","M","E","M","R","BOSS"],"items_purchased_type":["Card","Card"],"build_version":"2020-12-22","purchased_purges":1,"victory":false,"max_hp_per_floor":[75,75,75,75,75,75,75,75,75,75,75,75,75,75,75,75,75,75,75,75,75,75,75,75,37,37,42,42,42,42,42,42,42,42],"relic_stats":{"Torii":1,"counters":[17,73],"Self Forming Clay":[81],"Pantograph":22,"Tiny Chest":0,"obtain_stats":[{"NeowsBlessing":0,"Torii":23,"Self Forming Clay":12,"Pantograph":26,"Tiny Chest":14,"Empty Cage":17,"Burning Blood":0,"InkBottle":9,"White Beast Statue":30,"Mercury Hourglass":7},{"NeowsBlessing":0,"Torii":12,"Self Forming Clay":6,"Pantograph":13,"Tiny Chest":7,"Empty Cage":8,"Burning Blood":0,"InkBottle":4,"White Beast Statue":15,"Mercury Hourglass":3},{"NeowsBlessing":0,"Torii":44,"Self Forming Clay":11,"Pantograph":48,"Tiny Chest":17,"Empty Cage":25,"Burning Blood":0,"InkBottle":5,"White Beast Statue":60,"Mercury Hourglass":3}],"Burning Blood":77,"InkBottle":[12],"Mercury Hourglass":[271]},"card_choices":[{"not_picked":["Perfected Strike","Intimidate"],"picked":"Sword Boomerang","floor":1.0},{"not_picked":["Heavy Blade","Clash"],"picked":"Spot Weakness","floor":5.0},{"not_picked":["Bloodletting","Wild Strike"],"picked":"Heavy Blade","floor":7.0},{"not_picked":["Infernal Blade","Bloodletting"],"picked":"Flame Barrier","floor":8.0},{"not_picked":["True Grit","Shrug It Off"],"picked":"Headbutt","floor":11.0},{"not_picked":["Feel No Pain","Searing Blow"],"picked":"Disarm","floor":12.0},{"not_picked":["Body Slam","Wild Strike"],"picked":"Battle Trance","floor":14},{"not_picked":["Juggernaut","Barricade"],"picked":"Berserk","floor":16},{"not_picked":["Wild Strike+1","Clothesline","Pommel Strike"],"picked":"SKIP","floor":18},{"not_picked":["Twin Strike","Clash"],"picked":"Shrug It Off","floor":20},{"not_picked":["Havoc","Feel No Pain+1"],"picked":"Heavy Blade+1","floor":22},{"not_picked":["Clash","Combust"],"picked":"Double Tap","floor":23},{"not_picked":["Inflame","Sentinel"],"picked":"Disarm+1","floor":24},{"not_picked":["Whirlwind","Anger","Cleave+1"],"picked":"SKIP","floor":29},{"not_picked":["Twin Strike+1","Cleave"],"picked":"Thunderclap","floor":30},{"not_picked":["Infernal Blade","Body Slam","Wild Strike"],"picked":"SKIP","floor":31}],"player_experience":2910804,"relics_obtained":[{"floor":7.0,"key":"Mercury Hourglass"},{"floor":9.0,"key":"InkBottle"},{"floor":12.0,"key":"Self Forming Clay"},{"floor":14,"key":"Tiny Chest"},{"floor":23,"key":"Torii"},{"floor":26,"key":"Pantograph"},{"floor":30,"key":"White Beast Statue"}],"event_choices":[{"cards_removed":["Strike_R"],"damage_healed":0.0,"max_hp_gain":0.0,"max_hp_loss":0.0,"gold_gain":0.0,"event_name":"The Cleric","player_choice":"Card Removal","floor":3.0,"gold_loss":50.0,"damage_taken":0.0},{"cards_removed":["Strike_R"],"damage_healed":0.0,"max_hp_gain":0.0,"max_hp_loss":0.0,"gold_gain":0.0,"event_name":"Bonfire Elementals","player_choice":"Offered Basic","floor":4.0,"gold_loss":0.0,"damage_taken":0.0},{"damage_healed":0.0,"max_hp_gain":0.0,"max_hp_loss":0.0,"gold_gain":0.0,"event_name":"Shining Light","player_choice":"Entered Light","floor":10.0,"gold_loss":0.0,"damage_taken":15.0,"cards_upgraded":["Defend_R","Spot Weakness"]},{"damage_healed":0.0,"max_hp_gain":0.0,"max_hp_loss":0.0,"gold_gain":0.0,"event_name":"Liars Game","player_choice":"Ignored","floor":13.0,"gold_loss":0.0,"damage_taken":0.0},{"cards_removed":["Strike_R"],"damage_healed":0,"gold_gain":0,"player_choice":"Gave Gold","damage_taken":0,"max_hp_gain":0,"max_hp_loss":0,"event_name":"Beggar","floor":19,"gold_loss":75},{"damage_healed":0,"gold_gain":0,"player_choice":"Became a Ghost","damage_taken":0,"max_hp_gain":0,"max_hp_loss":38,"event_name":"Ghosts","floor":25,"gold_loss":0,"cards_obtained":["Ghostly","Ghostly","Ghostly","Ghostly","Ghostly"]},{"damage_healed":0,"gold_gain":0,"player_choice":"Shed Blood","damage_taken":9,"max_hp_gain":5,"max_hp_loss":0,"event_name":"Forgotten Altar","floor":27,"gold_loss":0}],"is_beta":false,"boss_relics":[{"not_picked":["Fusion Hammer","Black Star"],"picked":"Empty Cage"}],"items_purged_floors":[21],"is_endless":false,"potions_floor_spawned":[7,8,14,20,22,29,31],"killed_by":"Automaton","ascension_level":14}}