{"host":"bwv3g1hezaeonepb","time":1613361293,"event":{"mods":["Aspiration","BaseMod","Colored Powertips","Conspire","KomeijiMod","Minty Spire (QoL Compilation)","Replay The Spire","Shop Mod","StSLib","The Construct","The Cursed","The Runesmith"],"gold_per_floor":[113,113,74,24,37,66,66,81,81,81,81,92,103,103,120,133,133,229,229,209,209,209,227,239,239,239,239],"floor_reached":26,"language":"ZHS","playtime":987,"items_purged":[],"score":235,"play_id":"6e25f1bf-8a59-4466-8126-6817d72984d3","local_time":"20210215115453","is_ascension_mode":false,"campfire_choices":[{"data":"Corruption","floor":7,"key":"SMITH"},{"floor":17,"key":"REST"},{"floor":25,"key":"REST"}],"circlet_count":0,"master_deck":["Strike_R","Strike_R","Strike_R","Strike_R","Defend_R","Defend_R","Defend_R","Defend_R","Bash","Metallicize","Thunderclap","Thunderclap","Corruption+1","Pommel Strike","Pommel Strike","Cleave","Clash","Demonic Infusion","Seeing Red","Life Link"],"relics":["Burning Blood","NeowsBlessing","Counterbalance","White Beast Statue","aspiration:MobileForge"],"acts_visited":["Exordium","TheCity"],"potions_floor_usage":[17,18,18,24,24,26],"damage_taken":[{"damage":0,"enemies":"Small Slimes","floor":1,"turns":1},{"damage":0,"enemies":"Jaw Worm","floor":5,"turns":1},{"damage":0,"enemies":"3 Sentries","floor":6,"turns":1},{"damage":6,"enemies":"Cultist","floor":8,"turns":4},{"damage":11,"enemies":"3 Louse","floor":12,"turns":4},{"damage":20,"enemies":"Looter","floor":13,"turns":3},{"damage":21,"enemies":"Lots of Slimes","floor":15,"turns":4},{"damage":14,"enemies":"Red Slaver","floor":16,"turns":5},{"damage":67,"enemies":"Slime Boss","floor":18,"turns":13},{"damage":23,"enemies":"2 Thieves","floor":20,"turns":4},{"damage":20,"enemies":"conspire:FuzzyDice","floor":23,"turns":7},{"damage":34,"enemies":"3 Cultists","floor":24,"turns":5},{"damage":41,"enemies":"Centurion and Healer","floor":26,"turns":8}],"seed_played":"-5561144431365172765","potions_obtained":[{"floor":1,"key":"ColorlessPotion"},{"floor":8,"key":"BloodPotion"},{"floor":13,"key":"SkillPotion"},{"floor":18,"key":"CalmPotion"},{"floor":20,"key":"Block Potion"},{"floor":23,"key":"Weak Potion"},{"floor":24,"key":"EssenceOfSteel"}],"is_trial":false,"path_per_floor":["M","?","$","?","M","E","R","M","T","PTL","PTL","M","M","?","M","M","R","B",null,"M","?","?","M","M","R","M"],"character_chosen":"IRONCLAD","items_purchased":["Thunderclap"],"campfire_rested":2,"item_purchase_floors":[3],"current_hp_per_floor":[80,80,80,80,80,80,80,80,80,80,80,75,61,61,46,38,78,17,80,63,48,57,43,15,40,0,0],"gold":239,"neow_bonus":"THREE_ENEMY_KILL","is_daily":false,"chose_seed":false,"campfire_upgraded":1,"win_rate":0.0,"timestamp":1613361293,"path_taken":["M","?","$","?","M","E","R","M","T","PTL","PTL","M","M","?","M","?","R","BOSS","M","?","?","M","?","R","M"],"items_purchased_type":["Card"],"build_version":"2020-12-22","purchased_purges":0,"victory":false,"max_hp_per_floor":[80,80,80,80,80,80,80,80,80,80,80,80,80,80,80,80,80,80,80,80,85,85,85,85,85,85,85],"card_choices":[{"not_picked":["Inflame","Headbutt"],"picked":"Metallicize","floor":1},{"not_picked":["Iron Wave","Dual Wield","ReplayTheSpireMod:Strike From Hell"],"picked":"SKIP","floor":5},{"not_picked":["conspire:Charge","Reckless Charge"],"picked":"Corruption","floor":6},{"not_picked":["Fire Breathing","Spot Weakness","Sword Boomerang"],"picked":"SKIP","floor":8},{"not_picked":["Replay:Undeath\u0027s Touch","Shrug It Off"],"picked":"Pommel Strike","floor":12},{"not_picked":["Defy Death","Replay:Undeath\u0027s Touch"],"picked":"Pommel Strike","floor":13},{"not_picked":["Disarm","Warcry"],"picked":"Cleave","floor":15},{"not_picked":["Massacre","Whirlwind"],"picked":"Clash","floor":16},{"not_picked":["Impervious","Hemogenesis"],"picked":"Demonic Infusion","floor":18},{"not_picked":["Intimidate+1","Thunderclap"],"picked":"Seeing Red","floor":20},{"not_picked":["Abandon","Intimidate+1"],"picked":"Life Link","floor":23},{"not_picked":["Pommel Strike","Anger","Fire Breathing"],"picked":"SKIP","floor":24}],"player_experience":4921,"relics_obtained":[{"floor":6,"key":"Counterbalance"},{"floor":9,"key":"White Beast Statue"}],"event_choices":[{"cards_removed":["Strike_R"],"damage_healed":0,"gold_gain":0,"player_choice":"Card Removal","damage_taken":0,"max_hp_gain":0,"max_hp_loss":0,"event_name":"The Cleric","floor":4,"gold_loss":50},{"damage_healed":0,"gold_gain":0,"player_choice":"Got Potions","damage_taken":0,"max_hp_gain":0,"max_hp_loss":0,"event_name":"Lab","floor":14,"gold_loss":0},{"damage_healed":0,"gold_gain":0,"player_choice":"Shed Blood","damage_taken":20,"max_hp_gain":5,"max_hp_loss":0,"event_name":"Forgotten Altar","floor":21,"gold_loss":0}],"is_beta":false,"boss_relics":[{"not_picked":["Snecko Eye","aspiration:PoetsPen_weak"],"picked":"aspiration:MobileForge"}],"items_purged_floors":[],"is_endless":false,"potions_floor_spawned":[1,8,12,13,15,16,18,20,23,24],"killed_by":"Centurion and Healer","ascension_level":0}}