{"host":"mnpd8gh7cwxsn5kh","time":1613415160,"event":{"mods":["BaseMod","Bestiary","Block Reminder","Colored Map","Colored Powertips","Highlight Path","Minty Spire (QoL Compilation)","Relic Sorter","Relic Stats"],"gold_per_floor":[109,4,4,21,37,68,68,93,120,120,154,154,172,199,199,278,278,291,291,307,98,108,141,141,173,199,199,237,263,301,329,329,329,329],"floor_reached":33,"language":"ENG","playtime":2740,"items_purged":["Strike_R"],"score":696,"play_id":"5d361a24-3b99-4541-abf0-0dbae95040ee","local_time":"20210215195240","is_ascension_mode":true,"campfire_choices":[{"data":"Armaments","floor":7.0,"key":"SMITH"},{"floor":10.0,"key":"REST"},{"data":"Metallicize","floor":15.0,"key":"SMITH"},{"floor":24.0,"key":"REST"},{"floor":27.0,"key":"REST"},{"data":"Body Slam","floor":32.0,"key":"SMITH"}],"circlet_count":0,"master_deck":["AscendersBane","Strike_R","Strike_R","Strike_R","Strike_R","Defend_R","Defend_R","Defend_R","Defend_R","Bash","Clothesline+1","Metallicize+1","Pommel Strike","Armaments+1","Fire Breathing","Iron Wave","True Grit","Feed","Metallicize+1","Shrug It Off","Shrug It Off","Searing Blow+1","Fiend Fire","Bludgeon","Headbutt","Juggernaut","Body Slam+1"],"relics":["Burning Blood","NeowsBlessing","Akabeko","Bag of Marbles","Ancient Tea Set","Bronze Scales","The Courier","Black Star","Happy Flower","Eternal Feather","Lantern","Prayer Wheel","Vajra","CeramicFish","Pear","Bottled Flame","Orichalcum","Juzu Bracelet"],"acts_visited":["Exordium","TheCity"],"potions_floor_usage":[33,33],"damage_taken":[{"damage":0.0,"enemies":"Cultist","floor":1.0,"turns":1.0},{"damage":0.0,"enemies":"2 Louse","floor":4.0,"turns":1.0},{"damage":0.0,"enemies":"Jaw Worm","floor":5.0,"turns":1.0},{"damage":35.0,"enemies":"3 Sentries","floor":6.0,"turns":11.0},{"damage":34.0,"enemies":"Gremlin Nob","floor":8.0,"turns":5.0},{"damage":8.0,"enemies":"Lagavulin","floor":11.0,"turns":9.0},{"damage":6.0,"enemies":"Gremlin Gang","floor":13.0,"turns":5.0},{"damage":26.0,"enemies":"Gremlin Nob","floor":14.0,"turns":4.0},{"damage":12.0,"enemies":"Slime Boss","floor":16.0,"turns":8.0},{"damage":26.0,"enemies":"Shell Parasite","floor":18.0,"turns":9.0},{"damage":14.0,"enemies":"Spheric Guardian","floor":20.0,"turns":11.0},{"damage":7.0,"enemies":"Cultist and Chosen","floor":22.0,"turns":8.0},{"damage":30.0,"enemies":"Slavers","floor":23.0,"turns":6.0},{"damage":29.0,"enemies":"Book of Stabbing","floor":25.0,"turns":6.0},{"damage":53.0,"enemies":"Slavers","floor":28.0,"turns":7.0},{"damage":4.0,"enemies":"Centurion and Healer","floor":29.0,"turns":9.0},{"damage":54.0,"enemies":"Gremlin Leader","floor":30.0,"turns":10.0},{"damage":0.0,"enemies":"Chosen and Byrds","floor":31.0,"turns":5.0},{"damage":69,"enemies":"Collector","floor":33,"turns":6}],"seed_played":"-4961477033758022909","potions_obtained":[{"floor":4.0,"key":"BlessingOfTheForge"},{"floor":8.0,"key":"Strength Potion"},{"floor":11.0,"key":"DuplicationPotion"},{"floor":16.0,"key":"SkillPotion"},{"floor":23.0,"key":"Ancient Potion"},{"floor":30.0,"key":"SkillPotion"},{"floor":31.0,"key":"BlessingOfTheForge"}],"is_trial":false,"path_per_floor":["M","$","?","M","M","E","R","E","T","R","E","?","M","E","R","B",null,"M","?","M","$","M","E","R","E","T","R","E","M","E","M","R","B"],"character_chosen":"IRONCLAD","items_purchased":["FairyPotion","Shrug It Off","Happy Flower"],"campfire_rested":3,"item_purchase_floors":[2,21,21],"current_hp_per_floor":[74,74,74,75,75,46,46,18,18,40,38,63,63,43,43,37,66,46,46,41,41,40,16,51,28,28,63,26,32,20,26,41,0,0],"gold":329,"neow_bonus":"THREE_ENEMY_KILL","is_daily":false,"chose_seed":false,"campfire_upgraded":3,"win_rate":0.0,"timestamp":1613415160,"path_taken":["M","$","?","M","?","E","R","E","T","R","E","?","M","E","R","BOSS","M","?","?","$","?","E","R","E","T","R","E","M","E","M","R","BOSS"],"items_purchased_type":["Potion","Card","Relic"],"build_version":"2020-12-22","purchased_purges":1,"victory":false,"max_hp_per_floor":[75,75,75,75,75,75,75,75,75,75,75,75,75,75,75,75,75,75,75,78,78,78,78,78,78,78,78,88,92,96,96,96,96,96],"relic_stats":{"Happy Flower":[19],"counters":[19,122],"Bronze Scales":[283],"CeramicFish":36,"Eternal Feather":39,"Prayer Wheel":2,"Black Star":4,"Juzu Bracelet":0,"Orichalcum":[36],"obtain_stats":[{"Lantern":23,"Pear":28,"NeowsBlessing":0,"Happy Flower":21,"CeramicFish":26,"Vajra":25,"Eternal Feather":23,"The Courier":14,"Juzu Bracelet":30,"Orichalcum":30,"Ancient Tea Set":9,"Burning Blood":0,"Akabeko":6,"Bottled Flame":28,"Bronze Scales":11,"Prayer Wheel":25,"Bag of Marbles":8,"Black Star":17},{"Lantern":13,"Pear":15,"NeowsBlessing":0,"Happy Flower":11,"CeramicFish":14,"Vajra":14,"Eternal Feather":13,"The Courier":8,"Juzu Bracelet":17,"Orichalcum":17,"Ancient Tea Set":5,"Burning Blood":0,"Akabeko":4,"Bottled Flame":15,"Bronze Scales":6,"Prayer Wheel":14,"Bag of Marbles":5,"Black Star":9},{"Lantern":79,"Pear":92,"NeowsBlessing":0,"Happy Flower":65,"CeramicFish":85,"Vajra":85,"Eternal Feather":79,"The Courier":37,"Juzu Bracelet":111,"Orichalcum":111,"Ancient Tea Set":19,"Burning Blood":0,"Akabeko":14,"Bottled Flame":92,"Bronze Scales":28,"Prayer Wheel":85,"Bag of Marbles":19,"Black Star":45}],"Burning Blood":97},"card_choices":[{"not_picked":["Clash","Burning Pact"],"picked":"Clothesline","floor":1.0},{"not_picked":["Pummel","Rage"],"picked":"Metallicize","floor":4.0},{"not_picked":["Clothesline","Clash"],"picked":"Pommel Strike","floor":5.0},{"not_picked":["Cleave","Clash"],"picked":"Armaments","floor":6.0},{"not_picked":["Dual Wield","Armaments"],"picked":"Fire Breathing","floor":8.0},{"not_picked":["Feel No Pain","Body Slam"],"picked":"Iron Wave","floor":11.0},{"not_picked":["Anger","Flex"],"picked":"True Grit","floor":13.0},{"not_picked":["Dual Wield","Feel No Pain","Sword Boomerang"],"picked":"SKIP","floor":14.0},{"not_picked":["Offering","Fiend Fire"],"picked":"Feed","floor":16.0},{"not_picked":["Thunderclap","Burning Pact","Warcry"],"picked":"SKIP","floor":18.0},{"not_picked":["Cleave","True Grit"],"picked":"Shrug It Off","floor":20.0},{"not_picked":["Armaments","Thunderclap"],"picked":"Searing Blow+1","floor":22.0},{"not_picked":["Shrug It Off","Feel No Pain+1"],"picked":"Fiend Fire","floor":23.0},{"not_picked":["Thunderclap","Burning Pact","Sword Boomerang"],"picked":"SKIP","floor":25.0},{"not_picked":["Exhume","Thunderclap"],"picked":"Bludgeon","floor":28.0},{"not_picked":["Anger+1","Flex"],"picked":"Headbutt","floor":29.0},{"not_picked":["Dual Wield","Thunderclap","Clash"],"picked":"SKIP","floor":29.0},{"not_picked":["Havoc","Perfected Strike"],"picked":"Juggernaut","floor":30.0},{"not_picked":["Flex","Infernal Blade"],"picked":"Body Slam","floor":31.0},{"not_picked":["Clash+1","Warcry","Clothesline"],"picked":"SKIP","floor":31.0}],"player_experience":559707,"relics_obtained":[{"floor":6.0,"key":"Akabeko"},{"floor":8.0,"key":"Bag of Marbles"},{"floor":9.0,"key":"Ancient Tea Set"},{"floor":11.0,"key":"Bronze Scales"},{"floor":14.0,"key":"The Courier"},{"floor":23.0,"key":"Eternal Feather"},{"floor":23.0,"key":"Lantern"},{"floor":25.0,"key":"Prayer Wheel"},{"floor":25.0,"key":"Vajra"},{"floor":26.0,"key":"CeramicFish"},{"floor":28.0,"key":"Pear"},{"floor":28.0,"key":"Bottled Flame"},{"floor":30.0,"key":"Orichalcum"},{"floor":30.0,"key":"Juzu Bracelet"}],"event_choices":[{"damage_healed":0.0,"max_hp_gain":0.0,"max_hp_loss":0.0,"gold_gain":0.0,"event_name":"Accursed Blacksmith","player_choice":"Forge","floor":3.0,"gold_loss":0.0,"damage_taken":0.0,"cards_upgraded":["Clothesline"]},{"damage_healed":25.0,"max_hp_gain":0.0,"max_hp_loss":0.0,"gold_gain":0.0,"event_name":"Big Fish","player_choice":"Banana","floor":12.0,"gold_loss":0.0,"damage_taken":0.0},{"damage_healed":0.0,"max_hp_gain":0.0,"max_hp_loss":0.0,"gold_gain":0.0,"event_name":"Duplicator","player_choice":"Copied","floor":19.0,"gold_loss":0.0,"damage_taken":0.0,"cards_obtained":["Metallicize"]}],"is_beta":false,"boss_relics":[{"not_picked":["Philosopher\u0027s Stone","Runic Cube"],"picked":"Black Star"}],"items_purged_floors":[21],"is_endless":false,"potions_floor_spawned":[4,5,8,11,16,23,25,30,31],"killed_by":"Collector","ascension_level":18}}