{"host":"y8kub5kglio122n4","time":1613365821,"event":{"mods":["Aspiration","Bard","BaseMod","Colored Powertips","Conspire","Downfall","Hubris","Minty Spire (QoL Compilation)","Replay The Spire","StSLib","The Hierophant","The Jungle","The Runesmith","The Servant 0.9.4","The Valiant","The Wild Card"],"gold_per_floor":[99,117,129,144,219,236,236,236,253,157,171,171,121,166,183,293,293,293,305,305,340,172,172,172,191,382,398,398,424,424,89,105,235,235,235,249,262,3,21,50,50,50,79,99,99,116,43,43,67,67],"floor_reached":51,"language":"ENG","playtime":4417,"items_purged":[],"score":728,"play_id":"1293f0f7-3d6d-4490-8ee5-efd3e0792eea","local_time":"20210215001021","is_ascension_mode":false,"campfire_choices":[{"data":"Slimebound:Split","floor":1.0,"key":"SMITH"},{"data":"Slimebound:FirmFortitude","floor":12.0,"key":"SMITH"},{"data":"Slimebound:SlimeTap","floor":18.0,"key":"SMITH"},{"data":"Slimebound:LevelUp","floor":23.0,"key":"SMITH"},{"floor":28.0,"key":"REST"},{"data":"Slimebound:GoopSpray","floor":30.0,"key":"SMITH"},{"data":"Slimebound:LivingWall","floor":35,"key":"SMITH"},{"floor":45,"key":"REST"}],"circlet_count":0,"master_deck":["Slimebound:Strike_Slimebound","Slimebound:Strike_Slimebound","Slimebound:Tackle","Slimebound:Defend_Slimebound","Slimebound:Defend_Slimebound","Slimebound:Defend_Slimebound","Slimebound:Defend_Slimebound","Slimebound:Split+1","Slimebound:CorrosiveSpit","Slimebound:SplitLeeching","Slimebound:SplitMire","Slimebound:ComboTackle","Slimebound:FirmFortitude+1","Slimebound:Split+1","Slimebound:LivingWall+1","Slimebound:PressTheAttack","Slimebound:SlimeTap+1","Slimebound:GrowthPunch","conspire:SpireCoStock","Slimebound:SplitMire","Slimebound:DivideAndConquer","CurseOfTheBell","Slimebound:SplitAcid","Slimebound:LevelUp+1","Slimebound:LeadByExample","Slimebound:SplitBruiser+1","Slimebound:GoopSpray+1","Slimebound:Overexert","Slimebound:SlimeBarrage","Slimebound:ForwardTackle","Slimebound:Overexert","Slimebound:Prepare+1","Slimebound:SplitAcid+1","Slimebound:LevelUp","Slimebound:Overexert"],"relics":["Slimebound:AbsorbEndCombat","Archangels Feather","Shuriken","PreservedInsect","Calling Bell","Strawberry","Replay:Accelerometer","conspire:GlowingRock","Replay:Wax Seal","aspiration:ChemicalBlood","ReplayFunnel","hubris:SphereOfDissonance","conspire:SeveredTorchhead","Slimebound:MaxSlimesRelic","hubris:Teleporter","hubris:Spice"],"acts_visited":["Exordium","TheCity","TheBeyond"],"potions_floor_usage":[40,50,50,50,50],"damage_taken":[{"damage":7.0,"enemies":"2 Louse","floor":2.0,"turns":3.0},{"damage":0.0,"enemies":"Small Slimes","floor":3.0,"turns":5.0},{"damage":0.0,"enemies":"Jaw Worm","floor":4.0,"turns":3.0},{"damage":8.0,"enemies":"Large Slime","floor":6.0,"turns":4.0},{"damage":7.0,"enemies":"Blue Slaver","floor":9.0,"turns":4.0},{"damage":3.0,"enemies":"downfall:FleeingMerchant","floor":10.0,"turns":4.0},{"damage":6.0,"enemies":"Gremlin Gang","floor":11.0,"turns":4.0},{"damage":10.0,"enemies":"Gremlin Nob","floor":14.0,"turns":3.0},{"damage":4.0,"enemies":"Red Slaver","floor":15.0,"turns":3.0},{"damage":33.0,"enemies":"IC_STATUS_ARCHETYPE","floor":16.0,"turns":5.0},{"damage":12.0,"enemies":"conspire:FuzzyDice","floor":19.0,"turns":7.0},{"damage":17.0,"enemies":"Shell Parasite","floor":21.0,"turns":3.0},{"damage":10.0,"enemies":"downfall:FleeingMerchant","floor":22.0,"turns":4.0},{"damage":37.0,"enemies":"Shelled Parasite and Fungi","floor":25.0,"turns":6.0},{"damage":20.0,"enemies":"downfall:FleeingMerchant","floor":26.0,"turns":4.0},{"damage":16.0,"enemies":"Snake Plant","floor":27.0,"turns":3.0},{"damage":7.0,"enemies":"conspire:SneckoGhost","floor":29.0,"turns":4.0},{"damage":1.0,"enemies":"conspire:HollyBat","floor":32.0,"turns":6.0},{"damage":52.0,"enemies":"WA_ARCHETYPE_CALM","floor":33.0,"turns":10.0},{"damage":7,"enemies":"Orb Walker","floor":36,"turns":3},{"damage":16,"enemies":"3 Shapes","floor":37,"turns":3},{"damage":30,"enemies":"Sphere and 2 Shapes","floor":39,"turns":5},{"damage":35,"enemies":"Reptomancer","floor":40,"turns":5},{"damage":8,"enemies":"Maw","floor":43,"turns":5},{"damage":13,"enemies":"Jaw Worm Horde","floor":44,"turns":3},{"damage":4,"enemies":"3 Darklings","floor":46,"turns":4},{"damage":24,"enemies":"Maw","floor":49,"turns":5},{"damage":57,"enemies":"DF_ARCHETYPE_ORBS","floor":50,"turns":5}],"seed_played":"5721295817255132265","potions_obtained":[{"floor":4.0,"key":"PowerPotion"},{"floor":11.0,"key":"Slimebound:SpawnSlimePotion"},{"floor":14.0,"key":"Languid Potion"},{"floor":21.0,"key":"Weak Potion"},{"floor":27.0,"key":"Regen Potion"},{"floor":29.0,"key":"Slimebound:SlimyTonguePotion"}],"is_trial":false,"path_per_floor":["R","M","M","M","?","M","T","?","M","$","M","R","?","E","M","B",null,"R","M","?","M","$","R","T","M","$","M","R","E","R","$","M","B",null,"R","M","M","$","M","E","T","?","M","M","R","M","$","?","M","B",null],"character_chosen":"SLIMEBOUND","items_purchased":["Slimebound:SlimeTap","Slimebound:LeadByExample","Replay:Wax Seal","Slimebound:Overexert","hubris:SphereOfDissonance","Slimebound:SlimeBarrage","Slimebound:MaxSlimesRelic","Slimebound:LevelUp"],"campfire_rested":2,"item_purchase_floors":[10,22,22,26,31,31,38,47],"current_hp_per_floor":[47,46,54,64,64,63,63,63,58,65,65,65,65,57,65,40,72,72,72,82,67,73,73,73,48,36,28,52,58,58,58,67,29,82,82,77,66,66,48,27,35,35,47,42,69,73,73,73,65,24],"gold":67,"neow_bonus":"ONE_RARE_RELIC","is_daily":false,"chose_seed":false,"campfire_upgraded":6,"win_rate":0.0,"timestamp":1613365821,"path_taken":["R","M","M","M","?","M","T","?","?","$","M","R","?","E","M","BOSS","R","M","?","?","$","R","T","M","?","M","R","E","R","$","M","BOSS","R","M","M","$","M","E","T","?","M","M","R","M","$","?","M","BOSS"],"items_purchased_type":["Card","Card","Relic","Card","Relic","Card","Relic","Card"],"build_version":"2020-12-22","purchased_purges":0,"victory":true,"max_hp_per_floor":[65,65,65,65,65,65,65,65,65,65,65,65,65,65,65,65,72,72,72,82,82,82,82,82,82,82,82,82,82,82,82,82,82,82,82,82,82,82,82,82,90,90,90,90,90,90,90,90,90,90],"card_choices":[{"not_picked":["Slimebound:SlimeSpikes","Slimebound:PressTheAttack"],"picked":"Slimebound:SplitLeeching","floor":2.0},{"not_picked":["Slimebound:Schlurp","Slimebound:SamplingLick"],"picked":"Slimebound:SplitMire","floor":3.0},{"not_picked":["Slimebound:LeechEnergy","Slimebound:SplitLeeching"],"picked":"Slimebound:ComboTackle","floor":4.0},{"not_picked":["Slimebound:Schlurp","Slimebound:LeechingTouch"],"picked":"Slimebound:FirmFortitude","floor":6.0},{"not_picked":["Slimebound:LeechEnergy","Slimebound:SplitMire"],"picked":"Slimebound:LivingWall","floor":9.0},{"not_picked":["Slimebound:Grow","Slimebound:ProtectTheBoss"],"picked":"Slimebound:PressTheAttack","floor":10.0},{"not_picked":["Slimebound:Prepare","Slimebound:RainOfGoop"],"picked":"Slimebound:GrowthPunch","floor":11.0},{"not_picked":["Slimebound:Prepare","Slimebound:ComboTackle"],"picked":"Slimebound:SplitMire","floor":14.0},{"not_picked":["Slimebound:Schlurp","Slimebound:RollThrough"],"picked":"Slimebound:DivideAndConquer","floor":15.0},{"not_picked":["Slimebound:DouseInSlime","Slimebound:PrepareCrush"],"picked":"Slimebound:LeechLife","floor":16.0},{"not_picked":["Slimebound:SlimeSpikes","Slimebound:FinishingTackle+1"],"picked":"Slimebound:SplitAcid","floor":19.0},{"not_picked":["Slimebound:GrowthPunch+1","Slimebound:LivingWall","Slimebound:Schlurp"],"picked":"SKIP","floor":21.0},{"not_picked":["Slimebound:SlimeSlap","Slimebound:SplitMire"],"picked":"Slimebound:LevelUp","floor":22.0},{"not_picked":["Slimebound:GoopSpray","Slimebound:Chomp"],"picked":"Slimebound:SplitBruiser+1","floor":25.0},{"not_picked":["Slimebound:Chomp","Slimebound:AcidTongue"],"picked":"Slimebound:GoopSpray","floor":26.0},{"not_picked":["Slimebound:LeadByExample","Slimebound:SlimeSlap","Slimebound:GoopSpray"],"picked":"SKIP","floor":27.0},{"not_picked":["Slimebound:LeadByExample","Slimebound:SlimeSlap","Slimebound:GoopSpray"],"picked":"SKIP","floor":27.0},{"not_picked":["Slimebound:LeechingTouch","Slimebound:BestDefense+1","Slimebound:FinishingTackle"],"picked":"SKIP","floor":29.0},{"not_picked":["Slimebound:SlimeSpikes","Slimebound:SamplingLick"],"picked":"Slimebound:ForwardTackle","floor":32.0},{"not_picked":["Slimebound:WasteNot","Slimebound:MassFeed"],"picked":"Slimebound:Overexert","floor":33.0},{"not_picked":["Slimebound:ItLooksTasty","Slimebound:Equalize+1","Slimebound:PressTheAttack+1"],"picked":"SKIP","floor":36},{"not_picked":["Slimebound:LeechingTouch+1","Slimebound:ItLooksTasty","Slimebound:ServeAndProtect"],"picked":"SKIP","floor":37},{"not_picked":["Slimebound:SplitAcid","Slimebound:Dissolve","Slimebound:SplitLeeching"],"picked":"SKIP","floor":39},{"not_picked":["Slimebound:SamplingLick","Slimebound:LeechingTouch","Slimebound:HauntingLick+1"],"picked":"SKIP","floor":40},{"not_picked":["Slimebound:LeechEnergy","Slimebound:HauntingLick"],"picked":"Slimebound:Prepare+1","floor":43},{"not_picked":["Slimebound:Chomp","Slimebound:PressTheAttack+1"],"picked":"Slimebound:SplitAcid+1","floor":44},{"not_picked":["Slimebound:SplitBruiser","Slimebound:Grow+1","Slimebound:SlimeBrawl"],"picked":"SKIP","floor":46},{"not_picked":["Slimebound:LeechingTouch","Slimebound:SplitAcid+1"],"picked":"Slimebound:Overexert","floor":49}],"player_experience":425489,"relics_obtained":[{"floor":7.0,"key":"Shuriken"},{"floor":14.0,"key":"PreservedInsect"},{"floor":17.0,"key":"Strawberry"},{"floor":17.0,"key":"Replay:Accelerometer"},{"floor":17.0,"key":"conspire:GlowingRock"},{"floor":24.0,"key":"aspiration:ChemicalBlood"},{"floor":29.0,"key":"ReplayFunnel"},{"floor":40,"key":"hubris:Teleporter"},{"floor":41,"key":"hubris:Spice"}],"event_choices":[{"damage_healed":0.0,"max_hp_gain":0.0,"max_hp_loss":0.0,"gold_gain":0.0,"event_name":"conspire:Investor","player_choice":"Invest 1","floor":13.0,"gold_loss":0.0,"damage_taken":0.0},{"cards_removed":["Slimebound:LeechLife"],"damage_healed":0.0,"max_hp_gain":10.0,"max_hp_loss":0.0,"gold_gain":0.0,"event_name":"Bonfire Elementals","player_choice":"Offered Rare","floor":20.0,"gold_loss":0.0,"damage_taken":0.0},{"cards_removed":["Slimebound:Strike_Slimebound"],"damage_healed":0,"gold_gain":0,"player_choice":"Removed Attack","damage_taken":0,"max_hp_gain":0,"max_hp_loss":0,"event_name":"Falling","floor":42,"gold_loss":0}],"is_beta":false,"boss_relics":[{"not_picked":["Empty Cage","Tiny House"],"picked":"Calling Bell"},{"not_picked":["SacredBark","Pandora\u0027s Box"],"picked":"conspire:SeveredTorchhead"}],"items_purged_floors":[],"is_endless":false,"potions_floor_spawned":[4,11,14,15,16,21,27,29,33,37,39,40,46,49],"ascension_level":0}}