{"host":"sl5hpy1jvdbpn5jq","time":1613424459,"event":{"mods":["Act Like it!","Ascension Reborn","BaseMod","Better Skull","Dota2Spire","Downfall","Elementarium","Filter the Spire","GifTheSpireLib","Halation","Hubris","Minty Spire (QoL Compilation)","Permanent Neow","Replay The Spire","Shop Mod","Spicy Shops","StSLib","The Jungle"],"gold_per_floor":[99,99,99,153,328,406,406,206,281,12,12,108,108,162,204,525,525,525,564,564,652,440,440,631,631,716,883,892,992,892,901,901,986,1369,1369,1387,1457,1548,1148,792,792,804,863,875,887,899,1059,1071,1163,1175,1278,1340,1352,1519,799,799,865,880],"floor_reached":59,"language":"ENG","playtime":2715,"items_purged":["hubris:Compulsion","Pain"],"score":1569,"play_id":"f7135913-3ca5-4137-9567-5af3dd604ebd","local_time":"20210215152739","daily_mods":["Vintage","Heirloom","Time Dilation","Flight","Elite Swarm","Lethality","Midas"],"is_ascension_mode":true,"campfire_choices":[{"floor":1,"key":"RECALL"},{"floor":8,"key":"REST"},{"floor":30,"key":"REST"},{"floor":42,"key":"REST"},{"floor":46,"key":"REST"},{"floor":56,"key":"REST"}],"circlet_count":0,"master_deck":["Guardian:Strike_Guardian","Guardian:Strike_Guardian","Guardian:Strike_Guardian","Guardian:Defend_Guardian","Guardian:Defend_Guardian","Guardian:Defend_Guardian","Guardian:Defend_Guardian","Guardian:CurlUp+1","Guardian:Recover+1","Guardian:BaubleBeam+1","Guardian:FastForward+1","Guardian:Suspension+1","sneckomod:UnknownRarePower","sneckomod:Restock","Slimebound:CheckThePlaybook","Guardian:Preprogram+1","Parasite","sneckomod:UnknownRarePower"],"relics":["Guardian:ModeShifter","Replay:PocketPolymizer","Guardian:PocketSentry","halation:QuantumPhysicsTextbook","downfall:HeartBlessingRed","downfall:HeartBlessingBlue","Shuriken","Dota2Spire:AghanimScepter","Dota2Spire:AssaultCuirass","CeramicFish","Toy Ornithopter","Replay:Wax Seal","hubris:DisguiseKit","Busted Crown","Meat on the Bone","downfall:KnowingSkull","halation:AfternoonTea","hexamod:CandleOfCauterizing","Dota2Spire:MantaStyle","Dota2Spire:Butterfly","War Paint","Pen Nib","PreservedInsect","Unceasing Top","hexamod:BolsterEngine","downfall:HeartBlessingGreen","Guardian:PickAxe","ReplayTheSpireMod:TigerMarble","Snack Pack","Replay:Baseball","Calipers","Letter Opener","Mummified Hand","sneckomod:BlankCard","halation:IllGainedPizza","MawBank","Blue Doll","Pantograph","Onion Ring","hubris:Reverence","ReplayTheSpireMod:Lightbulb","Torii","halation:Komachan","Replay:WaspNest","Simple Rune","Frozen Eye"],"acts_visited":["Exordium","TheCity","TheBeyond","TheEnding"],"potions_floor_usage":[16,16,16,24,34,57,58,58,58,58],"damage_taken":[{"damage":0,"enemies":"Jaw Worm","floor":4,"turns":3},{"damage":11,"enemies":"Lagavulin","floor":6,"turns":6},{"damage":9,"enemies":"Gremlin Nob","floor":9,"turns":3},{"damage":15,"enemies":"downfall:FleeingMerchant","floor":10,"turns":4},{"damage":9,"enemies":"3 Sentries","floor":12,"turns":6},{"damage":0,"enemies":"2 Louse","floor":14,"turns":2},{"damage":0,"enemies":"Small Slimes","floor":15,"turns":2},{"damage":0,"enemies":"DF_ARCHETYPE_STREAMLINE","floor":16,"turns":9},{"damage":0,"enemies":"downfall:LooterAlt2","floor":19,"turns":3},{"damage":3,"enemies":"Shell Parasite","floor":21,"turns":3},{"damage":3,"enemies":"downfall:FleeingMerchant","floor":22,"turns":4},{"damage":12,"enemies":"Gremlin Leader","floor":24,"turns":3},{"damage":3,"enemies":"Centurion and Healer","floor":26,"turns":5},{"damage":21,"enemies":"Slavers","floor":27,"turns":5},{"damage":22,"enemies":"Chosen and Byrds","floor":29,"turns":4},{"damage":38,"enemies":"Cultist and Chosen","floor":33,"turns":2},{"damage":16,"enemies":"WA_ARCHETYPE_CALM","floor":34,"turns":3},{"damage":7,"enemies":"3 Darklings","floor":37,"turns":2},{"damage":14,"enemies":"3 Shapes","floor":38,"turns":2},{"damage":8,"enemies":"downfall:FleeingMerchant","floor":39,"turns":2},{"damage":6,"enemies":"Reptomancer","floor":47,"turns":1},{"damage":3,"enemies":"3 Darklings","floor":49,"turns":1},{"damage":9,"enemies":"Writhing Mass","floor":51,"turns":2},{"damage":24,"enemies":"SI_POISON_ARCHETYPE","floor":52,"turns":3},{"damage":3,"enemies":"downfall:CharBossMerchant","floor":54,"turns":1},{"damage":60,"enemies":"downfall:NeowBoss","floor":57,"turns":12},{"damage":6,"enemies":"downfall:NeowBossFinal","floor":58,"turns":6}],"seed_played":"-202502968682710867","potions_obtained":[{"floor":4,"key":"LifebloodPotion"},{"floor":9,"key":"Strength Potion"},{"floor":14,"key":"EssenceOfSteel"},{"floor":16,"key":"FearPotion"},{"floor":18,"key":"Ancient Potion"},{"floor":18,"key":"AttackPotion"},{"floor":27,"key":"BlessingOfTheForge"},{"floor":33,"key":"AttackPotion"},{"floor":34,"key":"PowerPotion"}],"is_trial":true,"path_per_floor":["R","?","?","M","?","E","T","R","E","$","?","E","?","M","M","B",null,"R","M","?","M","$","T","E","T","M","E","?","M","R","?","?","M","B",null,"R","M","M","$","$","?","R","T","$","?","R","E","?","M","T","M","B",null,"E","$","R","B","B",null],"character_chosen":"GUARDIAN","items_purchased":["Dota2Spire:AghanimScepter","hexamod:CandleOfCauterizing","Replay:Baseball","Calipers","Letter Opener","Mummified Hand","halation:Komachan","Replay:WaspNest","Simple Rune","Frozen Eye","PowerPotion"],"campfire_rested":5,"item_purchase_floors":[10,22,39,39,39,40,55,55,55,55,55],"current_hp_per_floor":[80,80,80,80,80,69,69,90,81,66,66,57,20,20,20,35,90,90,90,82,79,76,76,69,69,66,57,57,47,74,43,43,52,53,90,90,83,69,63,63,2,29,29,29,29,56,52,52,51,51,46,55,90,90,90,90,58,89],"gold":880,"neow_bonus":"","is_daily":false,"chose_seed":false,"campfire_upgraded":0,"win_rate":0.0,"timestamp":1613424459,"path_taken":["R","?","?","?","?","E","T","R","E","?","?","E","?","?","M","BOSS","R","M","?","M","$","?","E","T","?","E","?","?","R","?","?","M","BOSS","R","M","M","$","$","?","R","T","?","?","R","E","?","?","?","M","BOSS","E","$","R","BOSS","BOSS"],"items_purchased_type":["Relic","Relic","Relic","Relic","Relic","Relic","Relic","Relic","Relic","Relic","Potion"],"build_version":"2020-12-22","purchased_purges":2,"victory":true,"max_hp_per_floor":[80,80,80,80,80,80,80,90,90,90,90,90,90,90,90,90,90,90,90,90,90,90,90,90,90,90,90,90,90,90,90,90,90,90,90,90,90,90,90,90,90,90,90,90,90,90,90,90,90,90,90,90,90,90,90,90,90,90],"card_choices":[{"not_picked":["Guardian:ExploitGems","Guardian:Gem_Synthetic"],"picked":"Guardian:BaubleBeam","floor":6},{"not_picked":["Guardian:HyperBeam_Guardian","Guardian:BaubleBeam","Guardian:RevengeProtocol"],"picked":"SKIP","floor":9},{"not_picked":["Guardian:Recover","Guardian:Gem_Cyan"],"picked":"Guardian:Gem_Red","floor":10},{"not_picked":["Guardian:RevengeProtocol","Guardian:FastForward"],"picked":"Guardian:Gem_Orange","floor":12},{"not_picked":["Guardian:ExploitGems","Guardian:SphericShield","sneckomod:UnlimitedRolls"],"picked":"Guardian:FastForward","floor":16},{"not_picked":["sneckomod:UnknownX"],"picked":"Guardian:Suspension","floor":22},{"not_picked":["Guardian:ExploitGems"],"picked":"sneckomod:UnknownRarePower","floor":24},{"not_picked":["Guardian:StasisField"],"picked":"sneckomod:Restock","floor":27},{"not_picked":["sneckomod:Unknown2Cost"],"picked":"Guardian:Preprogram+1","floor":39},{"not_picked":["Guardian:AncientConstruct","sneckomod:SerpentMind"],"picked":"SKIP","floor":47},{"not_picked":["Guardian:Gem_Orange"],"picked":"sneckomod:UnknownRarePower","floor":54}],"player_experience":231015,"relics_obtained":[{"floor":4,"key":"Guardian:PocketSentry"},{"floor":6,"key":"halation:QuantumPhysicsTextbook"},{"floor":9,"key":"Shuriken"},{"floor":12,"key":"Dota2Spire:AssaultCuirass"},{"floor":14,"key":"Replay:Wax Seal"},{"floor":15,"key":"hubris:DisguiseKit"},{"floor":19,"key":"Meat on the Bone"},{"floor":21,"key":"halation:AfternoonTea"},{"floor":23,"key":"Dota2Spire:MantaStyle"},{"floor":24,"key":"Dota2Spire:Butterfly"},{"floor":25,"key":"War Paint"},{"floor":26,"key":"Pen Nib"},{"floor":27,"key":"PreservedInsect"},{"floor":29,"key":"hexamod:BolsterEngine"},{"floor":33,"key":"Guardian:PickAxe"},{"floor":37,"key":"ReplayTheSpireMod:TigerMarble"},{"floor":38,"key":"Snack Pack"},{"floor":43,"key":"Blue Doll"},{"floor":47,"key":"Pantograph"},{"floor":49,"key":"Onion Ring"},{"floor":50,"key":"hubris:Reverence"},{"floor":51,"key":"ReplayTheSpireMod:Lightbulb"},{"floor":54,"key":"Torii"}],"event_choices":[{"damage_healed":0,"gold_gain":0,"player_choice":"RE RE ","damage_taken":41,"relics_obtained":["CeramicFish","Toy Ornithopter"],"max_hp_gain":0,"max_hp_loss":0,"event_name":"betterSkull:BetterSkull","floor":13,"gold_loss":0,"cards_upgraded":[]},{"damage_healed":0,"gold_gain":0,"player_choice":"RE RE RE ","damage_taken":67,"relics_obtained":["sneckomod:BlankCard","halation:IllGainedPizza","MawBank"],"max_hp_gain":0,"max_hp_loss":0,"event_name":"betterSkull:BetterSkull","floor":41,"gold_loss":0,"cards_upgraded":[]},{"damage_healed":0,"gold_gain":0,"player_choice":"Got Potions","damage_taken":0,"max_hp_gain":0,"max_hp_loss":0,"event_name":"Lab","floor":48,"gold_loss":0}],"is_beta":false,"boss_relics":[{"not_picked":["Runic Pyramid","Empty Cage"],"picked":"Busted Crown"},{"not_picked":["Pandora\u0027s Box","halation:MonkeysPaw","halation:HeavySnake"]}],"items_purged_floors":[39,40],"is_endless":false,"potions_floor_spawned":[4,9,14,16,19,27,33,34,37,49],"ascension_level":0}}