{"host":"a5lz0e76zb3fcwkm","time":1613408637,"event":{"mods":["AchievementEnabler","BaseMod","Colored Map","Colored Powertips","Minty Spire (QoL Compilation)","StSLib","SuperFastMode"],"gold_per_floor":[111,111,36,36,55,89,89,105,185,212,223,223,254,272,272,351,351,364,364,377,99,119,119,138,163,163,163,88,103,3,15,15,91,91,108,119,132,152,152,152],"floor_reached":39,"language":"KOR","playtime":1184,"items_purged":["Strike_G","Strike_G+1"],"score":1075,"play_id":"ee1c6784-cba7-4e75-ba2d-3eb045cc5395","local_time":"20210216020357","is_ascension_mode":true,"campfire_choices":[{"data":"Deadly Poison","floor":7.0,"key":"SMITH"},{"data":"Footwork","floor":12.0,"key":"SMITH"},{"data":"Bullet Time","floor":15.0,"key":"SMITH"},{"data":"Noxious Fumes","floor":23.0,"key":"SMITH"},{"floor":27.0,"key":"REST"},{"data":"Catalyst","floor":32.0,"key":"SMITH"}],"circlet_count":0,"master_deck":["AscendersBane","Defend_G","Defend_G","Defend_G","Defend_G","Survivor","Neutralize+1","Deadly Poison+1","Footwork+1","Backflip","Corpse Explosion","Bullet Time+1","Crippling Poison","PiercingWail","Noxious Fumes+1","Catalyst+1","Acrobatics","Venomology","Venomology"],"relics":["Ring of the Snake","NeowsBlessing","PreservedInsect","Sundial","Centennial Puzzle","Pocketwatch","Empty Cage","Pen Nib","Singing Bowl","Black Star"],"acts_visited":["Exordium","TheCity","TheBeyond"],"potions_floor_usage":[33,33,35,35,36,37,37,37,38,39,39],"damage_taken":[{"damage":0.0,"enemies":"Jaw Worm","floor":1.0,"turns":1.0},{"damage":0.0,"enemies":"Small Slimes","floor":5.0,"turns":1.0},{"damage":0.0,"enemies":"Lagavulin","floor":6.0,"turns":1.0},{"damage":0.0,"enemies":"Cultist","floor":8.0,"turns":4.0},{"damage":26.0,"enemies":"3 Sentries","floor":10.0,"turns":9.0},{"damage":7.0,"enemies":"3 Louse","floor":11.0,"turns":3.0},{"damage":4.0,"enemies":"Lagavulin","floor":13.0,"turns":5.0},{"damage":0.0,"enemies":"Blue Slaver","floor":14.0,"turns":4.0},{"damage":0.0,"enemies":"Hexaghost","floor":16.0,"turns":9.0},{"damage":11.0,"enemies":"Spheric Guardian","floor":18.0,"turns":3.0},{"damage":0.0,"enemies":"Chosen","floor":20.0,"turns":4.0},{"damage":0.0,"enemies":"3 Cultists","floor":22.0,"turns":3.0},{"damage":2.0,"enemies":"Snake Plant","floor":24.0,"turns":6.0},{"damage":12.0,"enemies":"Slavers","floor":25.0,"turns":3.0},{"damage":5.0,"enemies":"Centurion and Healer","floor":29.0,"turns":4.0},{"damage":0.0,"enemies":"3 Cultists","floor":31.0,"turns":3.0},{"damage":8,"enemies":"Automaton","floor":33,"turns":8},{"damage":5,"enemies":"3 Darklings","floor":35,"turns":3},{"damage":4,"enemies":"3 Shapes","floor":36,"turns":4},{"damage":62,"enemies":"Transient","floor":37,"turns":6},{"damage":15,"enemies":"Writhing Mass","floor":38,"turns":6},{"damage":16,"enemies":"Sphere and 2 Shapes","floor":39,"turns":3}],"seed_played":"-866959500826465144","potions_obtained":[{"floor":1.0,"key":"Fruit Juice"},{"floor":6.0,"key":"Weak Potion"},{"floor":11.0,"key":"EssenceOfSteel"},{"floor":13.0,"key":"SteroidPotion"},{"floor":20.0,"key":"LiquidBronze"},{"floor":24.0,"key":"DuplicationPotion"},{"floor":31.0,"key":"Poison Potion"},{"floor":33,"key":"FearPotion"},{"floor":37,"key":"Dexterity Potion"}],"is_trial":false,"path_per_floor":["M","?","?","$","M","E","R","M","T","E","M","R","E","M","R","B",null,"M","?","M","$","M","R","M","E","T","R","?","M","$","M","R","B",null,"M","M","M","M","M"],"character_chosen":"THE_SILENT","items_purchased":["Noxious Fumes","FairyPotion"],"campfire_rested":1,"item_purchase_floors":[21,21],"current_hp_per_floor":[59,39,39,39,39,39,39,39,39,13,11,11,7,7,7,7,55,44,24,24,24,24,24,22,10,10,32,32,29,29,29,29,21,64,61,59,26,13,0,0],"gold":152,"neow_bonus":"THREE_ENEMY_KILL","is_daily":false,"chose_seed":false,"campfire_upgraded":5,"win_rate":0.0,"timestamp":1613408637,"path_taken":["M","?","?","$","M","E","R","M","T","E","M","R","E","M","R","BOSS","M","?","M","$","M","R","M","E","T","R","?","?","$","M","R","BOSS","M","?","M","M","M"],"items_purchased_type":["Card","Potion"],"build_version":"2020-12-22","purchased_purges":2,"victory":false,"max_hp_per_floor":[66,66,66,66,66,66,66,66,66,66,71,71,71,71,71,71,71,71,76,76,76,76,76,76,76,76,76,76,78,78,78,78,78,78,80,82,84,86,86,86],"card_choices":[{"not_picked":["PiercingWail","Slice"],"picked":"Deadly Poison","floor":1.0},{"not_picked":["Concentrate","Underhanded Strike","Cloak And Dagger"],"picked":"SKIP","floor":5.0},{"not_picked":["Tactician","Calculated Gamble"],"picked":"Footwork","floor":6.0},{"not_picked":["Dagger Spray","Dodge and Roll"],"picked":"Backflip","floor":8.0},{"not_picked":["Poisoned Stab","Setup"],"picked":"Corpse Explosion","floor":10.0},{"not_picked":["Dagger Throw","Dagger Spray","Outmaneuver"],"picked":"SKIP","floor":11.0},{"not_picked":["Prepared","Flying Knee"],"picked":"Bullet Time","floor":13.0},{"not_picked":["Blur","Expertise"],"picked":"Crippling Poison","floor":14.0},{"not_picked":["All Out Attack","Eviscerate"],"picked":"PiercingWail","floor":18.0},{"not_picked":["All Out Attack","Concentrate","Leg Sweep"],"picked":"SKIP","floor":20.0},{"not_picked":["All Out Attack","Concentrate","Leg Sweep"],"picked":"SKIP","floor":20.0},{"not_picked":["Dash","Poisoned Stab","Outmaneuver"],"picked":"SKIP","floor":22.0},{"not_picked":["Deadly Poison+1","PiercingWail+1"],"picked":"Catalyst","floor":24.0},{"not_picked":["Deadly Poison","Cloak And Dagger"],"picked":"Acrobatics","floor":25.0},{"not_picked":["Dagger Spray","Predator","Concentrate+1"],"picked":"Singing Bowl","floor":29.0},{"not_picked":["Poisoned Stab","Dagger Throw"],"picked":"Venomology","floor":31.0},{"not_picked":["Doppelganger","After Image"],"picked":"Venomology","floor":33},{"not_picked":["Dagger Spray","Backflip+1","Quick Slash"],"picked":"Singing Bowl","floor":35},{"not_picked":["Flying Knee","Prepared","Blade Dance"],"picked":"Singing Bowl","floor":36},{"not_picked":["Caltrops","Cloak And Dagger","Endless Agony"],"picked":"Singing Bowl","floor":37},{"not_picked":["Prepared","Dodge and Roll+1","Outmaneuver"],"picked":"Singing Bowl","floor":38}],"player_experience":1899402,"relics_obtained":[{"floor":6.0,"key":"PreservedInsect"},{"floor":9.0,"key":"Sundial"},{"floor":10.0,"key":"Centennial Puzzle"},{"floor":13.0,"key":"Pocketwatch"},{"floor":25.0,"key":"Pen Nib"},{"floor":26.0,"key":"Singing Bowl"}],"event_choices":[{"damage_healed":0.0,"max_hp_gain":0.0,"max_hp_loss":0.0,"gold_gain":0.0,"event_name":"Shining Light","player_choice":"Entered Light","floor":2.0,"gold_loss":0.0,"damage_taken":20.0,"cards_upgraded":["Strike_G","Neutralize"]},{"cards_removed":["Strike_G"],"damage_healed":0.0,"max_hp_gain":0.0,"max_hp_loss":0.0,"gold_gain":0.0,"event_name":"The Cleric","player_choice":"Card Removal","floor":3.0,"gold_loss":75.0,"damage_taken":0.0},{"damage_healed":0.0,"max_hp_gain":5.0,"max_hp_loss":0.0,"gold_gain":0.0,"event_name":"Forgotten Altar","player_choice":"Shed Blood","floor":19.0,"gold_loss":0.0,"damage_taken":25.0},{"cards_removed":["Strike_G"],"damage_healed":0.0,"max_hp_gain":0.0,"max_hp_loss":0.0,"gold_gain":0.0,"event_name":"Beggar","player_choice":"Gave Gold","floor":28.0,"gold_loss":75.0,"damage_taken":0.0}],"is_beta":false,"boss_relics":[{"not_picked":["Sozu","SlaversCollar"],"picked":"Empty Cage"},{"not_picked":["WristBlade","Calling Bell"],"picked":"Black Star"}],"items_purged_floors":[21,30],"is_endless":false,"potions_floor_spawned":[1,6,11,13,20,24,31,33,35,37],"killed_by":"Sphere and 2 Shapes","ascension_level":20}}