{"host":"tod","time":1613390187,"event":{"mods":["Act Like it!","BaseMod","CapriCore","Energized Spire","Highlight Path","Lobotomy","Marisa£®ÏF”Í°°ƒß¿Ì…≥£©","Minty Spire (QoL Compilation)","Quick Restart","Reimu£®≤©¿ˆ¡È√Œ£©","Relic Filter Mod","Relic Stats","Remilia£®¿Ÿ√◊¿Ú—«£©","Replay The Spire","Shop Mod","StSLib","The Cursed","The Immortal","Yakumo Yukari mod","Youmu£®ªÍ∆«—˝√Œ£©"],"gold_per_floor":[116,166,166,179,179,179,198,198,198,73,73,73,73],"floor_reached":12,"language":"ZHS","playtime":486,"items_purged":["Defend_R"],"score":125,"play_id":"4cf77c4a-1abc-484c-8247-91889d0fe2c1","local_time":"20210215195627","is_ascension_mode":true,"campfire_choices":[{"data":"Havoc","floor":6,"key":"SMITH"},{"data":"Pommel Strike","floor":8,"key":"SMITH"},{"data":"ReplayTheSpireMod:Strike From Hell","floor":11,"key":"SMITH"}],"circlet_count":0,"master_deck":["AscendersBane","Strike_R","Strike_R","Strike_R","Strike_R","Defend_R","Defend_R","Defend_R","Bash","ReplayTheSpireMod:Strike From Hell+1","Doubt","Havoc+1","Pommel Strike+1","Havoc+1"],"relics":["Burning Blood","ReplayFunnel","Ring of Greed","Ring of Misfortune","Tiny Chest","Blue Doll","RuthlessExorcism:ReiMu","Golden Egg"],"acts_visited":["Exordium"],"potions_floor_usage":[],"damage_taken":[{"damage":2.0,"enemies":"2 Louse","floor":1.0,"turns":4.0},{"damage":5,"enemies":"Small Slimes","floor":4,"turns":4},{"damage":0,"enemies":"Cultist","floor":7,"turns":4},{"damage":175,"enemies":"Lagavulin","floor":12,"turns":4}],"seed_played":"-1111230540201876660","potions_obtained":[{"floor":7,"key":"Elixir"}],"is_trial":false,"path_per_floor":["M","?","?","M","?","R","M","R","T","$","R","E"],"character_chosen":"IRONCLAD","items_purchased":["Havoc"],"campfire_rested":0,"item_purchase_floors":[10],"current_hp_per_floor":[72,72,67,68,68,68,74,74,74,74,74,0,0],"gold":73,"neow_bonus":"RANDOM_COMMON_RELIC","is_daily":false,"chose_seed":false,"campfire_upgraded":3,"win_rate":0.0,"timestamp":1613390187,"path_taken":["M","?","?","M","?","R","M","R","T","$","R","E"],"items_purchased_type":["Card"],"build_version":"2020-12-18","purchased_purges":1,"victory":false,"max_hp_per_floor":[75,75,75,75,75,75,75,75,75,75,75,75,75],"relic_stats":{"counters":[4,16],"Tiny Chest":0,"obtain_stats":[{"ReplayFunnel":0,"Golden Egg":9,"Ring of Misfortune":2,"Tiny Chest":2,"Blue Doll":2,"Ring of Greed":2,"Burning Blood":0,"RuthlessExorcism:ReiMu":3},{"ReplayFunnel":0,"Golden Egg":3,"Ring of Misfortune":1,"Tiny Chest":1,"Blue Doll":1,"Ring of Greed":1,"Burning Blood":0,"RuthlessExorcism:ReiMu":1},{"ReplayFunnel":0,"Golden Egg":12,"Ring of Misfortune":4,"Tiny Chest":4,"Blue Doll":4,"Ring of Greed":4,"Burning Blood":0,"RuthlessExorcism:ReiMu":4}],"Burning Blood":18},"card_choices":[{"not_picked":["Pommel Strike","Armaments"],"picked":"ReplayTheSpireMod:Strike From Hell","floor":1.0},{"not_picked":["Uppercut","Anger"],"picked":"Havoc","floor":4},{"not_picked":["Limit Break","Replay:Undeath\u0027s Touch"],"picked":"Pommel Strike","floor":7}],"player_experience":385146,"relics_obtained":[{"floor":2,"key":"Ring of Greed"},{"floor":2,"key":"Ring of Misfortune"},{"floor":2,"key":"Tiny Chest"},{"floor":2,"key":"Blue Doll"},{"floor":9,"key":"Golden Egg"}],"event_choices":[{"damage_healed":0,"gold_gain":0,"player_choice":"Success","damage_taken":5,"relics_obtained":["RuthlessExorcism:ReiMu"],"max_hp_gain":0,"max_hp_loss":0,"event_name":"Scrap Ooze","floor":3,"gold_loss":0},{"cards_removed":["Strike_R"],"damage_healed":0,"gold_gain":0,"player_choice":"Purged","damage_taken":0,"max_hp_gain":0,"max_hp_loss":0,"event_name":"Purifier","floor":5,"gold_loss":0}],"is_beta":true,"boss_relics":[],"items_purged_floors":[10],"is_endless":false,"potions_floor_spawned":[7],"killed_by":"Lagavulin","ascension_level":18}}