{"host":"jia7ll8nra240w6d","time":1613400193,"event":{"mods":["BaseMod","Downfall","Duelist Mod","GifTheSpireLib","Minty Spire (QoL Compilation)","Replay The Spire","StSLib","The Bug Knight","The Hierophant","The Servant 0.9.4"],"gold_per_floor":[118,118,45,220,237,237,156,156,156,18,34,62,62,75,75,75,75],"floor_reached":16,"language":"ZHS","playtime":730,"items_purged":[],"score":125,"play_id":"6c493267-e18b-412c-b727-a7398b0c8628","local_time":"20210215224313","is_ascension_mode":false,"campfire_choices":[{"data":"Exchange","floor":6,"key":"SMITH"},{"floor":8,"key":"REST"},{"floor":13,"key":"REST"},{"data":"WasteNot","floor":15,"key":"SMITH"}],"circlet_count":0,"master_deck":["Strike_S","Strike_S","Strike_S","Strike_S","Defend_S+1","Defend_S","Defend_S","Defend_S+1","KidneyShot","Exchange+1","Initiator","Defy","ShatteredReality","ShatteredReality","FastForward","Doubt","Ricochet","DualDimension","ReplayTheSpireMod:IOU","SurpressingFire","DoubleEdge","Solidify","WasteNot+1","Potential"],"relics":["Uniform","Replay:Wax Seal","Incense Burner","Lantern","Pantograph"],"acts_visited":["Exordium"],"potions_floor_usage":[7,16],"damage_taken":[{"damage":0,"enemies":"Small Slimes","floor":1,"turns":3},{"damage":0,"enemies":"2 Louse","floor":5,"turns":2},{"damage":11,"enemies":"Jaw Worm","floor":7,"turns":2},{"damage":13,"enemies":"Blue Slaver","floor":11,"turns":3},{"damage":0,"enemies":"HollowMod:MossKnight","floor":12,"turns":5},{"damage":5,"enemies":"Looter","floor":14,"turns":4},{"damage":73,"enemies":"Fading Forest","floor":16,"turns":8}],"seed_played":"5990746597413786506","potions_obtained":[{"floor":1,"key":"Strength Potion"},{"floor":14,"key":"champ:CounterPotion"}],"is_trial":false,"path_per_floor":["M","?","$","?","M","R","M","R","T","$","M","E","R","M","R","B"],"character_chosen":"THE_SERVANT","items_purchased":["Replay:Wax Seal","ShatteredReality","FastForward","Lantern","SurpressingFire","DoubleEdge"],"campfire_rested":2,"item_purchase_floors":[3,3,3,10,10,10],"current_hp_per_floor":[65,52,52,52,52,52,41,60,60,60,47,47,65,60,60,0,0],"gold":75,"neow_bonus":"ONE_RANDOM_RARE_CARD","is_daily":false,"chose_seed":false,"campfire_upgraded":2,"win_rate":0.0,"timestamp":1613400193,"path_taken":["M","?","$","?","M","R","M","R","T","$","M","E","R","M","R","BOSS"],"items_purchased_type":["Relic","Card","Card","Relic","Card","Card"],"build_version":"2020-12-22","purchased_purges":0,"victory":false,"max_hp_per_floor":[65,65,65,65,65,65,65,65,65,65,65,65,65,65,65,65,65],"card_choices":[{"not_picked":["TimeWarp","Spin"],"picked":"Defy","floor":1},{"not_picked":["Potential","ShatteredReality"],"picked":"Ricochet","floor":5},{"not_picked":["DoubleEdge","Potential"],"picked":"DualDimension","floor":7},{"not_picked":["ReturningBlade","Rewind"],"picked":"Solidify","floor":11},{"not_picked":["Luminosity","ShatteredReality"],"picked":"WasteNot","floor":12},{"not_picked":["ShiftingGears","Unruled"],"picked":"Potential","floor":14}],"player_experience":128182,"relics_obtained":[{"floor":9,"key":"Incense Burner"},{"floor":12,"key":"Pantograph"}],"event_choices":[{"damage_healed":0,"gold_gain":0,"player_choice":"Entered Light","damage_taken":13,"max_hp_gain":0,"max_hp_loss":0,"event_name":"Shining Light","floor":2,"gold_loss":0,"cards_upgraded":["Defend_S","Defend_S"]},{"damage_healed":0,"gold_gain":175,"player_choice":"AGREE","damage_taken":0,"max_hp_gain":0,"max_hp_loss":0,"event_name":"Liars Game","floor":4,"gold_loss":0,"cards_obtained":["Doubt"]}],"is_beta":false,"boss_relics":[],"items_purged_floors":[],"is_endless":false,"potions_floor_spawned":[1,14],"killed_by":"Fading Forest","ascension_level":0}}