{"host":"yy1cu9q9bsxhflzi","time":1613418204,"event":{"mods":["BaseMod","DeckTracker","Minty Spire (QoL Compilation)","Quick Restart","StSLib","SuperFastMode","everything is the same but u backflip on backflip"],"gold_per_floor":[9999,9120,9120,8113,8113,8113,8129,8129,8129,8183,8183,7367,6677,6720,6720,6845,6872,6917,6172,6193,6242,6242,6242,6242,6285,6285,6325,6367,6367,6407,6455,6455,6577,6577,6610,6661,5853,5871,5761,5812,5812,5857,5857,5857,5930,5056,5115,5115,5115],"floor_reached":48,"language":"KOR","playtime":895,"items_purged":["Strike_G","Strike_G","Strike_G","Defend_G","Strike_G","Deadly Poison","Masterful Stab"],"score":1446,"play_id":"d99bd227-fb35-416b-9344-d4d69a2bec75","local_time":"20210216044324","is_ascension_mode":true,"campfire_choices":[{"data":"Tactician","floor":6,"key":"SMITH"},{"data":"Prepared","floor":8,"key":"SMITH"},{"data":"Noxious Fumes","floor":15,"key":"SMITH"},{"floor":23,"key":"REST"},{"data":"Phantasmal Killer","floor":32,"key":"SMITH"},{"data":"Calculated Gamble","floor":41,"key":"SMITH"},{"data":"Burst","floor":44,"key":"SMITH"}],"circlet_count":0,"master_deck":["AscendersBane","Survivor","Neutralize","Reflex+1","Noxious Fumes+1","Tactician+1","Prepared+1","Well Laid Plans","HandOfGreed","Dagger Throw","Phantasmal Killer+1","Panache","Acrobatics","Corpse Explosion","Leg Sweep+1","Heel Hook+1","Die Die Die+1","Acrobatics","Blur","Footwork","Wraith Form v2","Adrenaline","Calculated Gamble+1","Master of Strategy","Deep Breath","Burst+1"],"relics":["Ring of the Snake","NeowsBlessing","Meat on the Bone","Art of War","Cauldron","StrikeDummy","Juzu Bracelet","Medical Kit","Golden Idol","Lantern","Vajra","Tiny Chest","Nunchaku","ClockworkSouvenir","Lee\u0027s Waffle","Omamori","CeramicFish","Astrolabe","Boot","PreservedInsect","Sling","Prayer Wheel","Blood Vial","Bag of Preparation","MutagenicStrength","Philosopher\u0027s Stone","Girya","OrangePellets","Ornamental Fan","Orichalcum","Happy Flower","Centennial Puzzle","Kunai","Toy Ornithopter","Eternal Feather","HandDrill","Thread and Needle","Anchor","Potion Belt"],"acts_visited":["Exordium","TheCity","TheBeyond"],"potions_floor_usage":[],"damage_taken":[{"damage":0,"enemies":"Small Slimes","floor":1,"turns":1},{"damage":0,"enemies":"Cultist","floor":7,"turns":1},{"damage":0,"enemies":"Gremlin Nob","floor":10,"turns":1},{"damage":0,"enemies":"2 Louse","floor":14,"turns":1},{"damage":20,"enemies":"Hexaghost","floor":16,"turns":6},{"damage":14,"enemies":"2 Thieves","floor":18,"turns":3},{"damage":16,"enemies":"Spheric Guardian","floor":20,"turns":4},{"damage":24,"enemies":"Centurion and Healer","floor":21,"turns":4},{"damage":9,"enemies":"Gremlin Leader","floor":25,"turns":5},{"damage":26,"enemies":"Slavers","floor":27,"turns":2},{"damage":0,"enemies":"Cultist and Chosen","floor":28,"turns":2},{"damage":26,"enemies":"Book of Stabbing","floor":30,"turns":3},{"damage":0,"enemies":"Collector","floor":33,"turns":4},{"damage":2,"enemies":"Orb Walker","floor":35,"turns":2},{"damage":0,"enemies":"Mind Bloom Boss Battle","floor":36,"turns":4},{"damage":0,"enemies":"Giant Head","floor":40,"turns":3},{"damage":0,"enemies":"Nemesis","floor":42,"turns":3},{"damage":0,"enemies":"Giant Head","floor":47,"turns":5},{"damage":0,"enemies":"3 Shapes","floor":48,"turns":1}],"seed_played":"4112980642829773728","potions_obtained":[{"floor":2,"key":"BlessingOfTheForge"},{"floor":2,"key":"DuplicationPotion"}],"is_trial":false,"path_per_floor":["M","$","?","$","?","R","M","R","T","E","?","$","$","M","R","B",null,"M","$","M","M","?","R","?","E","T","E","M","?","E","T","R","B",null,"M","?","$","?","?","E","R","E","T","R","T","$","E","M"],"character_chosen":"THE_SILENT","items_purchased":["Meat on the Bone","Art of War","Reflex","Masterful Stab","Noxious Fumes","Cauldron","Prepared","Well Laid Plans","StrikeDummy","Juzu Bracelet","Medical Kit","HandOfGreed","Tiny Chest","Nunchaku","ClockworkSouvenir","Panache","Acrobatics","Lee\u0027s Waffle","Omamori","CeramicFish","Boot","PreservedInsect","Sling","Blur","OrangePellets","Ornamental Fan","Orichalcum","HandDrill","Thread and Needle","Anchor"],"campfire_rested":1,"item_purchase_floors":[2,2,2,2,2,2,4,4,4,4,4,4,12,12,12,12,13,13,13,13,19,19,19,19,37,37,37,46,46,46],"current_hp_per_floor":[59,59,59,59,59,59,59,59,59,59,59,59,67,67,67,47,62,48,48,44,32,32,52,52,43,43,31,45,45,33,33,33,35,59,59,61,61,51,51,53,53,55,55,55,55,55,57,59,59],"gold":5115,"neow_bonus":"THREE_ENEMY_KILL","is_daily":false,"chose_seed":false,"campfire_upgraded":6,"win_rate":0.0,"timestamp":1613418204,"path_taken":["M","$","?","$","?","R","M","R","T","E","?","?","$","M","R","BOSS","M","$","M","M","?","R","?","E","T","E","M","?","E","?","R","BOSS","M","?","$","?","?","E","R","E","T","R","?","$","E","M"],"items_purchased_type":["Relic","Relic","Card","Card","Card","Relic","Card","Card","Relic","Relic","Relic","Card","Relic","Relic","Relic","Card","Card","Relic","Relic","Relic","Relic","Relic","Relic","Card","Relic","Relic","Relic","Relic","Relic","Relic"],"build_version":"2020-12-22","purchased_purges":7,"victory":false,"max_hp_per_floor":[66,66,66,66,60,60,60,60,60,60,60,60,67,67,67,67,67,67,67,67,67,67,67,67,67,67,67,67,67,67,67,67,67,67,67,67,67,67,67,67,67,67,67,67,67,67,67,67,67],"card_choices":[{"not_picked":["Setup","Infinite Blades"],"picked":"Deadly Poison","floor":1},{"not_picked":["Underhanded Strike","Infinite Blades"],"picked":"Dagger Throw","floor":7},{"not_picked":["Deflect","Catalyst"],"picked":"Phantasmal Killer","floor":10},{"not_picked":["Dagger Spray","Cloak And Dagger","All Out Attack"],"picked":"SKIP","floor":14},{"not_picked":["Doppelganger","Malaise"],"picked":"Corpse Explosion","floor":16},{"not_picked":["Backstab","Well Laid Plans"],"picked":"Acrobatics","floor":18},{"not_picked":["Sucker Punch","Well Laid Plans","PiercingWail"],"picked":"SKIP","floor":20},{"not_picked":["Backflip","Prepared"],"picked":"Footwork","floor":21},{"not_picked":["PiercingWail","Well Laid Plans","Dagger Spray+1"],"picked":"SKIP","floor":25},{"not_picked":["Dodge and Roll","Flying Knee","Poisoned Stab"],"picked":"SKIP","floor":27},{"not_picked":["Catalyst","Finisher"],"picked":"Wraith Form v2","floor":28},{"not_picked":["Bouncing Flask","Slice","Dodge and Roll"],"picked":"SKIP","floor":28},{"not_picked":["Predator","Cloak And Dagger","Backflip"],"picked":"SKIP","floor":30},{"not_picked":["Corpse Explosion","Malaise"],"picked":"Adrenaline","floor":33},{"not_picked":["Poisoned Stab+1","Endless Agony+1"],"picked":"Calculated Gamble","floor":35},{"not_picked":["Slice","PiercingWail","Blur+1"],"picked":"SKIP","floor":35},{"not_picked":["Panacea","Blind"],"picked":"Master of Strategy","floor":38},{"not_picked":["Transmutation","Purity"],"picked":"Deep Breath","floor":38},{"not_picked":["Dash","Dagger Throw","Predator+1"],"picked":"SKIP","floor":40},{"not_picked":["Setup+1","Underhanded Strike"],"picked":"Burst","floor":42},{"not_picked":["Flechettes","Predator","Masterful Stab"],"picked":"SKIP","floor":47}],"player_experience":3917764,"relics_obtained":[{"floor":9,"key":"Lantern"},{"floor":10,"key":"Vajra"},{"floor":25,"key":"Prayer Wheel"},{"floor":26,"key":"Blood Vial"},{"floor":27,"key":"Bag of Preparation"},{"floor":36,"key":"Girya"},{"floor":40,"key":"Centennial Puzzle"},{"floor":42,"key":"Kunai"},{"floor":43,"key":"Toy Ornithopter"},{"floor":45,"key":"Eternal Feather"},{"floor":47,"key":"Potion Belt"}],"event_choices":[{"damage_healed":0,"gold_gain":0,"cards_transformed":["Defend_G"],"player_choice":"Transformed","damage_taken":0,"max_hp_gain":0,"max_hp_loss":0,"event_name":"Transmorgrifier","floor":3,"gold_loss":0,"cards_obtained":["Tactician"]},{"damage_healed":0,"gold_gain":0,"player_choice":"Lose Max HP","damage_taken":0,"relics_obtained":["Golden Idol"],"max_hp_gain":0,"max_hp_loss":6,"event_name":"Golden Idol","floor":5,"gold_loss":0},{"cards_removed":["Defend_G"],"damage_healed":0,"gold_gain":0,"player_choice":"Purged","damage_taken":0,"max_hp_gain":0,"max_hp_loss":0,"event_name":"Purifier","floor":11,"gold_loss":0},{"damage_healed":0,"gold_gain":0,"player_choice":"Upgraded","damage_taken":0,"max_hp_gain":0,"max_hp_loss":0,"event_name":"Upgrade Shrine","floor":22,"gold_loss":0,"cards_upgraded":["Reflex"]},{"damage_healed":0,"gold_gain":0,"player_choice":"Ignored","damage_taken":0,"max_hp_gain":0,"max_hp_loss":0,"event_name":"The Mausoleum","floor":24,"gold_loss":0},{"damage_healed":0,"gold_gain":0,"player_choice":"Inject Mutagens","damage_taken":0,"relics_obtained":["MutagenicStrength"],"max_hp_gain":0,"max_hp_loss":0,"event_name":"Drug Dealer","floor":29,"gold_loss":0},{"damage_healed":0,"gold_gain":0,"player_choice":"Fight","damage_taken":0,"max_hp_gain":0,"max_hp_loss":0,"event_name":"MindBloom","floor":36,"gold_loss":0},{"damage_healed":0,"gold_gain":0,"player_choice":"Memory 3","damage_taken":10,"max_hp_gain":0,"max_hp_loss":0,"event_name":"SensoryStone","floor":38,"gold_loss":0},{"damage_healed":0,"gold_gain":0,"player_choice":"Paid Gold","damage_taken":0,"relics_obtained":["Happy Flower"],"max_hp_gain":0,"max_hp_loss":0,"event_name":"WeMeetAgain","floor":39,"gold_loss":110}],"is_beta":false,"boss_relics":[{"not_picked":["Runic Dome","SacredBark"],"picked":"Astrolabe"},{"not_picked":["Tiny House","WristBlade"],"picked":"Philosopher\u0027s Stone"}],"items_purged_floors":[2,4,12,13,19,37,46],"is_endless":false,"potions_floor_spawned":[10,16,18,21,25,33,42],"killed_by":"3 Shapes","ascension_level":17}}