{"host":"d52brwsy6af8zvaq","time":1613427922,"event":{"mods":["AchievementEnabler","BaseMod","Bestiary","Highlight Path","Minty Spire (QoL Compilation)","Quick Restart","Relic Stats","ojb\u0027s Better Paths Mod"],"gold_per_floor":[119,119,139,218,228,254,254,267,267,267,278,296,296,325,325,401,401,411,411,422,433,446,446,446],"floor_reached":23,"language":"ENG","playtime":989,"items_purged":[],"score":410,"play_id":"dcdc1564-27af-4220-a420-6bdf753baca1","local_time":"20210215152522","is_ascension_mode":true,"campfire_choices":[{"data":"Zap","floor":7,"key":"SMITH"},{"floor":10,"key":"REST"},{"data":"Sunder","floor":13,"key":"SMITH"},{"data":"Glacier","floor":15,"key":"SMITH"}],"circlet_count":0,"master_deck":["AscendersBane","Strike_B","Strike_B","Strike_B","Strike_B","Defend_B","Defend_B","Defend_B","Defend_B","Zap+1","Dualcast","Sunder+1","Chaos","Glacier+1","Turbo","Cold Snap","Cold Snap","Static Discharge","Hologram","Echo Form","Barrage+1","Turbo","Stack","BootSequence"],"relics":["Cracked Core","Orichalcum","Darkstone Periapt","StrikeDummy","Molten Egg 2","Cursed Key"],"acts_visited":["TheCity"],"potions_floor_usage":[22],"damage_taken":[{"damage":6.0,"enemies":"Jaw Worm","floor":1.0,"turns":2.0},{"damage":0,"enemies":"2 Louse","floor":3,"turns":2},{"damage":0,"enemies":"Cultist","floor":5,"turns":3},{"damage":27,"enemies":"Gremlin Nob","floor":6,"turns":4},{"damage":12,"enemies":"Large Slime","floor":8,"turns":4},{"damage":4,"enemies":"Looter","floor":11,"turns":2},{"damage":2,"enemies":"3 Louse","floor":12,"turns":2},{"damage":4,"enemies":"3 Sentries","floor":14,"turns":7},{"damage":13,"enemies":"The Guardian","floor":16,"turns":15},{"damage":14,"enemies":"3 Byrds","floor":18,"turns":5},{"damage":0,"enemies":"Spheric Guardian","floor":20,"turns":7},{"damage":27,"enemies":"3 Cultists","floor":21,"turns":5},{"damage":18,"enemies":"Snake Plant","floor":22,"turns":5},{"damage":16,"enemies":"Book of Stabbing","floor":23,"turns":4}],"seed_played":"-106183433507895619","potions_obtained":[{"floor":1.0,"key":"PotionOfCapacity"},{"floor":11,"key":"FocusPotion"},{"floor":21,"key":"Regen Potion"},{"floor":22,"key":"SpeedPotion"}],"is_trial":false,"path_per_floor":["M","?","M","?","M","E","R","M","T","R","M","M","R","E","R","B",null,"M","?","M","M","M","E"],"character_chosen":"DEFECT","items_purchased":[],"campfire_rested":1,"item_purchase_floors":[],"current_hp_per_floor":[58,58,58,58,58,31,31,19,19,40,36,34,34,30,30,17,58,44,44,44,17,11,0,0],"gold":446,"neow_bonus":"RANDOM_COMMON_RELIC","is_daily":false,"chose_seed":false,"campfire_upgraded":3,"win_rate":0.0,"timestamp":1613427922,"path_taken":["M","?","M","?","M","E","R","M","T","R","M","M","R","E","R","BOSS","M","?","M","M","M","E"],"items_purchased_type":[],"build_version":"2020-12-22","purchased_purges":0,"victory":false,"max_hp_per_floor":[71,71,71,71,71,71,71,71,71,71,71,71,71,71,71,71,71,71,71,71,71,71,71,71],"relic_stats":{"Darkstone Periapt":0,"counters":[14,67],"Orichalcum":[120],"Cursed Key":0,"obtain_stats":[{"Darkstone Periapt":6,"Molten Egg 2":14,"Orichalcum":0,"Cracked Core":0,"StrikeDummy":9,"Cursed Key":17},{"Darkstone Periapt":4,"Molten Egg 2":8,"Orichalcum":0,"Cracked Core":0,"StrikeDummy":5,"Cursed Key":9},{"Darkstone Periapt":11,"Molten Egg 2":26,"Orichalcum":0,"Cracked Core":0,"StrikeDummy":15,"Cursed Key":41}]},"card_choices":[{"not_picked":["Hologram","Leap"],"picked":"Sunder","floor":1.0},{"not_picked":["Storm","Stack"],"picked":"Chaos","floor":3},{"not_picked":["Hologram","Aggregate"],"picked":"Glacier","floor":5},{"not_picked":["Skim","Auto Shields"],"picked":"Turbo","floor":6},{"not_picked":["Turbo","Consume"],"picked":"Cold Snap","floor":8},{"not_picked":["Steam","Hologram"],"picked":"Cold Snap","floor":11},{"not_picked":["Ball Lightning","Rip and Tear"],"picked":"Static Discharge","floor":12},{"not_picked":["Machine Learning","Sunder+1"],"picked":"Hologram","floor":14},{"not_picked":["Creative AI","Machine Learning"],"picked":"Echo Form","floor":16},{"not_picked":["Go for the Eyes+1","Sweeping Beam+1"],"picked":"Barrage+1","floor":18},{"not_picked":["Cold Snap+1","Turbo","Sweeping Beam+1"],"picked":"SKIP","floor":20},{"not_picked":["White Noise","Redo"],"picked":"Stack","floor":21},{"not_picked":["Stack","Ball Lightning+1"],"picked":"BootSequence","floor":22}],"player_experience":2280176,"relics_obtained":[{"floor":6,"key":"Darkstone Periapt"},{"floor":9,"key":"StrikeDummy"},{"floor":14,"key":"Molten Egg 2"}],"event_choices":[{"damage_healed":0.0,"max_hp_gain":0.0,"max_hp_loss":0.0,"gold_gain":0.0,"event_name":"Shining Light","player_choice":"Ignored","floor":2.0,"gold_loss":0.0,"damage_taken":0.0},{"damage_healed":0,"gold_gain":79,"player_choice":"Gained Gold","damage_taken":0,"max_hp_gain":0,"max_hp_loss":0,"event_name":"Golden Wing","floor":4,"gold_loss":0},{"damage_healed":0,"gold_gain":0,"player_choice":"Copied","damage_taken":0,"max_hp_gain":0,"max_hp_loss":0,"event_name":"Duplicator","floor":19,"gold_loss":0,"cards_obtained":["Turbo"]}],"is_beta":false,"boss_relics":[{"not_picked":["Inserter","Nuclear Battery"],"picked":"Cursed Key"}],"items_purged_floors":[],"is_endless":false,"potions_floor_spawned":[1,11,12,16,21,22],"killed_by":"Book of Stabbing","ascension_level":20}}