{"host":"qgrlfjrqk9z96gfi","time":1613420368,"event":{"mods":["BaseMod","Block Reminder","Colored Map","Custom Start","DeckTracker","Minty Spire (QoL Compilation)"],"gold_per_floor":[115,115,139,159,159,191,202,202,202,227,244,256,271,297,297,375,375,375,300,300,215,215,215,215,215,215,12,12,12,12,12,12,12,12,12,12,12,0,0,0,0,0,0,0,0,0,0,0,0,0,0],"floor_reached":50,"language":"ENG","playtime":2065,"items_purged":["Strike_G"],"score":1470,"play_id":"15506b66-a0f1-4776-b0cc-2ed5a7d8f633","local_time":"20210215101928","is_ascension_mode":true,"campfire_choices":[{"data":"Neutralize","floor":8,"key":"SMITH"},{"data":"Calculated Gamble","floor":15,"key":"SMITH"},{"data":"Corpse Explosion","floor":23,"key":"SMITH"},{"data":"Well Laid Plans","floor":25,"key":"SMITH"},{"data":"Catalyst","floor":30,"key":"SMITH"},{"floor":32,"key":"RECALL"},{"floor":42,"key":"REST"},{"data":"Acrobatics","floor":49,"key":"SMITH"}],"circlet_count":0,"master_deck":["AscendersBane","Strike_G+1","Strike_G+1","Strike_G+1","Defend_G+1","Defend_G+1","Defend_G+1","Defend_G+1","Defend_G+1","Survivor","Neutralize+1","Dagger Throw+1","Terror","Endless Agony","Deadly Poison","Bane","Calculated Gamble+1","Well Laid Plans+1","PiercingWail","Corpse Explosion+1","Reflex","Catalyst+1","Predator","Eviscerate","Acrobatics+1","Phantasmal Killer","Reflex+1","Footwork","Terror+1","Deflect+1","Catalyst+1","Backflip+1","Backflip","Caltrops+1"],"relics":["Ring of the Snake","NeowsBlessing","Art of War","TungstenRod","Dead Branch","Centennial Puzzle","Meat on the Bone","Ectoplasm","Mango","White Beast Statue","Pen Nib","TwistedFunnel","Mummified Hand","Omamori","Anchor","Philosopher\u0027s Stone","Red Mask","Tingsha","MealTicket","Orichalcum"],"acts_visited":["Exordium","TheCity","TheBeyond"],"potions_floor_usage":[10,24,29,31],"damage_taken":[{"damage":0,"enemies":"2 Louse","floor":1,"turns":1},{"damage":0,"enemies":"Jaw Worm","floor":4,"turns":1},{"damage":0,"enemies":"Gremlin Nob","floor":6,"turns":1},{"damage":0,"enemies":"Cultist","floor":7,"turns":2},{"damage":8,"enemies":"3 Sentries","floor":10,"turns":6},{"damage":0,"enemies":"3 Louse","floor":11,"turns":3},{"damage":0,"enemies":"Blue Slaver","floor":12,"turns":2},{"damage":2,"enemies":"Exordium Wildlife","floor":13,"turns":3},{"damage":0,"enemies":"Lagavulin","floor":14,"turns":3},{"damage":11,"enemies":"Hexaghost","floor":16,"turns":9},{"damage":0,"enemies":"Chosen","floor":18,"turns":4},{"damage":0,"enemies":"Spheric Guardian","floor":22,"turns":3},{"damage":9,"enemies":"Slavers","floor":24,"turns":4},{"damage":0,"enemies":"Gremlin Leader","floor":29,"turns":4},{"damage":4,"enemies":"Slavers","floor":31,"turns":2},{"damage":23,"enemies":"Champ","floor":33,"turns":6},{"damage":0,"enemies":"Orb Walker","floor":35,"turns":3},{"damage":0,"enemies":"3 Shapes","floor":36,"turns":2},{"damage":2,"enemies":"Writhing Mass","floor":37,"turns":4},{"damage":0,"enemies":"Jaw Worm Horde","floor":39,"turns":1},{"damage":13,"enemies":"Nemesis","floor":40,"turns":7},{"damage":0,"enemies":"Transient","floor":44,"turns":6},{"damage":1,"enemies":"3 Darklings","floor":45,"turns":3},{"damage":5,"enemies":"Giant Head","floor":46,"turns":4},{"damage":8,"enemies":"Writhing Mass","floor":47,"turns":4},{"damage":0,"enemies":"Reptomancer","floor":48,"turns":4},{"damage":113,"enemies":"Awakened One","floor":50,"turns":11}],"seed_played":"-6360730398946067333","potions_obtained":[{"floor":4,"key":"Fire Potion"},{"floor":10,"key":"Fire Potion"},{"floor":11,"key":"Regen Potion"},{"floor":29,"key":"Energy Potion"},{"floor":31,"key":"Explosive Potion"},{"floor":33,"key":"SpeedPotion"},{"floor":39,"key":"FairyPotion"},{"floor":45,"key":"PowerPotion"}],"is_trial":false,"path_per_floor":["M","?","T","M","?","E","M","R","T","E","M","M","M","E","R","B",null,"M","$","?","?","M","R","E","R","T","$","T","E","R","E","R","B",null,"M","M","M","?","M","E","?","R","T","M","M","E","M","E","R","B"],"character_chosen":"THE_SILENT","items_purchased":["TwistedFunnel","Eviscerate"],"campfire_rested":1,"item_purchase_floors":[27,27],"current_hp_per_floor":[59,52,52,52,52,52,52,52,52,44,44,44,42,42,42,43,60,60,60,60,74,74,74,76,76,76,76,76,76,76,72,72,49,72,72,72,70,70,70,57,57,80,80,80,79,74,66,66,66,0,0],"gold":0,"neow_bonus":"THREE_ENEMY_KILL","is_daily":false,"chose_seed":false,"campfire_upgraded":6,"win_rate":0.0,"timestamp":1613420368,"path_taken":["M","?","?","M","?","E","M","R","T","E","M","?","M","E","R","BOSS","M","$","?","?","M","R","E","R","T","$","?","E","R","E","R","BOSS","M","M","M","?","M","E","?","R","T","M","?","E","M","E","R","BOSS"],"items_purchased_type":["Relic","Card"],"build_version":"2020-12-22","purchased_purges":1,"victory":false,"max_hp_per_floor":[66,66,66,66,66,66,66,66,66,66,66,66,66,66,66,66,66,66,66,66,80,80,80,80,80,80,80,80,80,80,80,80,80,80,80,80,80,80,80,80,80,80,80,80,80,80,80,80,80,80,80],"card_choices":[{"not_picked":["Blur","Quick Slash"],"picked":"Dagger Throw","floor":1},{"not_picked":["Quick Slash","Blur"],"picked":"Terror","floor":4},{"not_picked":["Deflect","Deadly Poison"],"picked":"Endless Agony","floor":6},{"not_picked":["Flying Knee","Bane"],"picked":"Deadly Poison","floor":7},{"not_picked":["Blade Dance","Blur"],"picked":"Bane","floor":10},{"not_picked":["Backflip","Dodge and Roll"],"picked":"Calculated Gamble","floor":11},{"not_picked":["All Out Attack","Flechettes"],"picked":"Well Laid Plans","floor":12},{"not_picked":["Choke","Heel Hook","Outmaneuver"],"picked":"SKIP","floor":13},{"not_picked":["Deadly Poison","Quick Slash"],"picked":"PiercingWail","floor":14},{"not_picked":["Storm of Steel","Unload"],"picked":"Corpse Explosion","floor":16},{"not_picked":["Deadly Poison","Quick Slash"],"picked":"Reflex","floor":18},{"not_picked":["Predator","Quick Slash"],"picked":"Catalyst","floor":22},{"not_picked":["Sucker Punch","Blade Dance"],"picked":"Predator","floor":24},{"not_picked":["Sucker Punch","Expertise"],"picked":"Acrobatics","floor":29},{"not_picked":["All Out Attack","Bane","Setup"],"picked":"SKIP","floor":31},{"not_picked":["Grand Finale","Corpse Explosion"],"picked":"Phantasmal Killer","floor":33},{"not_picked":["Bane","Blade Dance","All Out Attack"],"picked":"SKIP","floor":35},{"not_picked":["Infinite Blades","Dagger Spray"],"picked":"Reflex+1","floor":36},{"not_picked":["Heel Hook","Dagger Spray"],"picked":"Footwork","floor":37},{"not_picked":["Skewer","Quick Slash"],"picked":"Terror+1","floor":39},{"not_picked":["Cloak And Dagger","Heel Hook"],"picked":"Deflect+1","floor":40},{"not_picked":["Well Laid Plans","Infinite Blades","Slice"],"picked":"SKIP","floor":44},{"not_picked":["Accuracy","Choke","Distraction"],"picked":"SKIP","floor":45},{"not_picked":["Dodge and Roll","Grand Finale"],"picked":"Backflip+1","floor":46},{"not_picked":["Dagger Throw+1","Riddle With Holes"],"picked":"Backflip","floor":47},{"not_picked":["Expertise","Dagger Spray"],"picked":"Caltrops+1","floor":48}],"player_experience":1146470,"relics_obtained":[{"floor":3,"key":"Art of War"},{"floor":6,"key":"TungstenRod"},{"floor":9,"key":"Dead Branch"},{"floor":10,"key":"Centennial Puzzle"},{"floor":14,"key":"Meat on the Bone"},{"floor":24,"key":"White Beast Statue"},{"floor":26,"key":"Pen Nib"},{"floor":28,"key":"Mummified Hand"},{"floor":29,"key":"Omamori"},{"floor":31,"key":"Anchor"},{"floor":40,"key":"Tingsha"},{"floor":46,"key":"MealTicket"},{"floor":48,"key":"Orichalcum"}],"event_choices":[{"cards_removed":["Strike_G"],"damage_healed":0,"gold_gain":0,"player_choice":"Card Removal","damage_taken":7,"max_hp_gain":0,"max_hp_loss":0,"event_name":"Golden Wing","floor":2,"gold_loss":0},{"damage_healed":0,"gold_gain":0,"player_choice":"Forge","damage_taken":0,"max_hp_gain":0,"max_hp_loss":0,"event_name":"Accursed Blacksmith","floor":5,"gold_loss":0,"cards_upgraded":["Dagger Throw"]},{"damage_healed":0,"gold_gain":0,"player_choice":"Simplicity","damage_taken":0,"max_hp_gain":0,"max_hp_loss":0,"event_name":"Back to Basics","floor":20,"gold_loss":0,"cards_upgraded":["Strike_G","Strike_G","Strike_G","Defend_G","Defend_G","Defend_G","Defend_G","Defend_G"]},{"damage_healed":0,"gold_gain":0,"player_choice":"Obtained Relic","damage_taken":0,"relics_obtained":["Mango"],"max_hp_gain":0,"max_hp_loss":0,"event_name":"Addict","floor":21,"gold_loss":85},{"damage_healed":0,"gold_gain":0,"player_choice":"Paid","damage_taken":0,"relics_obtained":["Red Mask"],"max_hp_gain":0,"max_hp_loss":0,"event_name":"Tomb of Lord Red Mask","floor":38,"gold_loss":12},{"damage_healed":0,"gold_gain":0,"player_choice":"Copied","damage_taken":0,"max_hp_gain":0,"max_hp_loss":0,"event_name":"Duplicator","floor":41,"gold_loss":0,"cards_obtained":["Catalyst"]}],"is_beta":false,"boss_relics":[{"not_picked":["Coffee Dripper","Black Star"],"picked":"Ectoplasm"},{"not_picked":["Pandora\u0027s Box","Busted Crown"],"picked":"Philosopher\u0027s Stone"}],"items_purged_floors":[19],"is_endless":false,"potions_floor_spawned":[4,10,11,12,22,29,31,33,35,36,37,39,40,44,45,46,47,48],"killed_by":"Awakened One","ascension_level":20}}