{"host":"wuernuywc9gl215o","time":1613350722,"event":{"mods":["2.2 Compatiblity","AchievementEnabler","BaseMod","Bestiary","Block Reminder","Displayed Cursed Tome","Highlight Path","Key Reminder","Minty Spire (QoL Compilation)","Permanent Neow","Potion Indicator Mod","Quick Restart","Rare Cards Sparkle","Relic Stats","ojb\u0027s Info Mod"],"gold_per_floor":[110,110,285,295,295,323,323,337,337,363,363,373,373,385,385,490,490,503,30,30,47,65,98,98,110,186,186,201,219,233,233,233,331,381,395,93,107,120,138,138,172,172,172,201,201,226,276,276,276,276,276,276,122,152,152,152],"floor_reached":55,"language":"ENG","playtime":4057,"items_purged":[],"score":1082,"play_id":"e2f008b4-ac32-498d-a7cd-845fb103e1d0","local_time":"20210215005842","is_ascension_mode":true,"campfire_choices":[{"data":"Coolheaded","floor":7.0,"key":"SMITH"},{"floor":11.0,"key":"REST"},{"data":"Streamline","floor":15.0,"key":"SMITH"},{"floor":24.0,"key":"REST"},{"floor":32.0,"key":"RECALL"},{"floor":40.0,"key":"REST"},{"floor":45.0,"key":"REST"},{"floor":49.0,"key":"REST"},{"floor":52.0,"key":"REST"}],"circlet_count":0,"master_deck":["Defend_B","Defend_B","Defend_B","Defend_B","Zap","Dualcast","Coolheaded+1","Cold Snap","Stack","Beam Cell","Conserve Battery","Streamline+1","Cold Snap","Meteor Strike+1","Barrage+1","Static Discharge+1","Compile Driver","Undo","Buffer+1","Genetic Algorithm","Reboot","Multi-Cast","Capacitor+1","Sweeping Beam","Thunder Strike","Sweeping Beam","FTL","Self Repair+1","Consume","Go for the Eyes+1","Electrodynamics+1","Cold Snap+1","Chaos+1","BootSequence+1","Ball Lightning","Core Surge","BootSequence","Ball Lightning+1"],"relics":["Nuclear Battery","Turnip","Bottled Flame","Bronze Scales","Fusion Hammer","Frozen Egg 2","Vajra","Pear","Tiny House","Lee\u0027s Waffle","Sundial","Mercury Hourglass","Eternal Feather","FossilizedHelix","Orrery","Bag of Preparation"],"acts_visited":["Exordium","TheCity","TheBeyond","TheEnding"],"potions_floor_usage":[54,55,55,55],"damage_taken":[{"damage":4.0,"enemies":"Jaw Worm","floor":1.0,"turns":4.0},{"damage":3.0,"enemies":"2 Louse","floor":4.0,"turns":4.0},{"damage":22.0,"enemies":"3 Sentries","floor":6.0,"turns":10.0},{"damage":1.0,"enemies":"Cultist","floor":8.0,"turns":4.0},{"damage":23.0,"enemies":"Lagavulin","floor":10.0,"turns":9.0},{"damage":6.0,"enemies":"Red Slaver","floor":12.0,"turns":4.0},{"damage":13.0,"enemies":"Large Slime","floor":14.0,"turns":5.0},{"damage":14.0,"enemies":"The Guardian","floor":16.0,"turns":12.0},{"damage":0.0,"enemies":"Spheric Guardian","floor":18.0,"turns":3.0},{"damage":0.0,"enemies":"Shell Parasite","floor":21.0,"turns":4.0},{"damage":1.0,"enemies":"Snecko","floor":22.0,"turns":4.0},{"damage":9.0,"enemies":"Book of Stabbing","floor":23.0,"turns":4.0},{"damage":0.0,"enemies":"Sentry and Sphere","floor":25.0,"turns":6.0},{"damage":0.0,"enemies":"Snake Plant","floor":28.0,"turns":5.0},{"damage":0.0,"enemies":"Snecko","floor":29.0,"turns":5.0},{"damage":0.0,"enemies":"3 Cultists","floor":30.0,"turns":6.0},{"damage":40.0,"enemies":"Automaton","floor":33.0,"turns":9.0},{"damage":23.0,"enemies":"3 Darklings","floor":35.0,"turns":6.0},{"damage":8.0,"enemies":"Orb Walker","floor":37.0,"turns":4.0},{"damage":10.0,"enemies":"Jaw Worm Horde","floor":38.0,"turns":5.0},{"damage":21.0,"enemies":"Transient","floor":39.0,"turns":5.0},{"damage":53.0,"enemies":"Reptomancer","floor":41.0,"turns":7.0},{"damage":14.0,"enemies":"Nemesis","floor":44.0,"turns":11.0},{"damage":32.0,"enemies":"Reptomancer","floor":46.0,"turns":6.0},{"damage":11.0,"enemies":"Mind Bloom Boss Battle","floor":47.0,"turns":7.0},{"damage":58.0,"enemies":"Time Eater","floor":50.0,"turns":12.0},{"damage":94,"enemies":"Shield and Spear","floor":54,"turns":7},{"damage":22,"enemies":"The Heart","floor":55,"turns":5}],"seed_played":"-871069562157710161","potions_obtained":[{"floor":4.0,"key":"Swift Potion"},{"floor":6.0,"key":"SkillPotion"},{"floor":12.0,"key":"Regen Potion"},{"floor":16.0,"key":"EssenceOfDarkness"},{"floor":18.0,"key":"FearPotion"},{"floor":22.0,"key":"EssenceOfDarkness"},{"floor":23.0,"key":"Dexterity Potion"},{"floor":25.0,"key":"SteroidPotion"},{"floor":34.0,"key":"SkillPotion"},{"floor":35.0,"key":"SpeedPotion"},{"floor":44.0,"key":"Ancient Potion"},{"floor":46.0,"key":"Regen Potion"},{"floor":54,"key":"ColorlessPotion"}],"is_trial":false,"path_per_floor":["M","?","?","M","?","E","R","M","T","E","R","M","?","M","R","B",null,"M","$","?","M","M","E","R","M","T","?","M","M","M","?","R","B",null,"M","$","M","M","M","R","E","?","T","E","R","E","?","?","R","B",null,"R","$","E","B"],"character_chosen":"DEFECT","items_purchased":["Frozen Egg 2","Static Discharge+1","Compile Driver","Undo","Explosive Potion","Lee\u0027s Waffle","FTL","Self Repair+1","Orrery"],"campfire_rested":6,"item_purchase_floors":[19,19,19,19,19,36,36,36,53],"current_hp_per_floor":[64,57,57,54,54,32,32,31,31,8,30,24,24,25,25,11,59,59,59,59,59,58,49,71,71,81,81,81,81,81,73,73,33,77,54,97,97,97,86,97,54,54,54,50,79,57,56,56,92,44,80,92,92,22,0,0],"gold":152,"neow_bonus":"BOSS_RELIC","is_daily":false,"chose_seed":false,"campfire_upgraded":2,"win_rate":0.0,"timestamp":1613350722,"path_taken":["M","?","?","M","?","E","R","M","T","E","R","M","?","M","R","BOSS","M","$","?","M","?","E","R","M","T","?","M","M","M","?","R","BOSS","M","$","M","M","?","R","E","?","T","E","R","E","?","?","R","BOSS","R","$","E","BOSS"],"items_purchased_type":["Relic","Card","Card","Card","Potion","Relic","Card","Card","Relic"],"build_version":"2020-12-22","purchased_purges":0,"victory":false,"max_hp_per_floor":[75,75,75,75,75,75,75,75,75,75,75,75,75,75,75,75,75,75,75,75,75,75,75,75,75,85,85,85,85,85,85,85,85,90,90,97,97,97,97,97,97,97,97,97,97,97,97,92,92,92,92,92,92,92,92,92],"relic_stats":{"Lee\u0027s Waffle":43,"counters":[28,173],"Sundial":[4],"Bronze Scales":[557],"Eternal Feather":30,"Turnip":[14],"Bag of Preparation":[2],"obtain_stats":[{"Lee\u0027s Waffle":36,"Pear":26,"Tiny House":34,"Vajra":23,"Eternal Feather":46,"Bag of Preparation":54,"Frozen Egg 2":19,"Nuclear Battery":0,"Mercury Hourglass":44,"keyreminder:keyreminder":32,"Bottled Flame":9,"Sundial":41,"Bronze Scales":10,"Orrery":53,"Turnip":6,"Fusion Hammer":17,"Cracked Core":0,"FossilizedHelix":47},{"Lee\u0027s Waffle":18,"Pear":13,"Tiny House":17,"Vajra":12,"Eternal Feather":24,"Bag of Preparation":27,"Frozen Egg 2":9,"Nuclear Battery":0,"Mercury Hourglass":23,"keyreminder:keyreminder":16,"Bottled Flame":4,"Sundial":22,"Bronze Scales":5,"Orrery":26,"Turnip":3,"Fusion Hammer":8,"Cracked Core":0,"FossilizedHelix":25},{"Lee\u0027s Waffle":104,"Pear":73,"Tiny House":98,"Vajra":67,"Eternal Feather":142,"Bag of Preparation":168,"Frozen Egg 2":55,"Nuclear Battery":0,"Mercury Hourglass":136,"keyreminder:keyreminder":89,"Bottled Flame":22,"Sundial":125,"Bronze Scales":31,"Orrery":161,"Turnip":18,"Fusion Hammer":52,"Cracked Core":0,"FossilizedHelix":149}],"Mercury Hourglass":[123]},"card_choices":[{"not_picked":["Aggregate","Gash"],"picked":"Coolheaded","floor":1.0},{"not_picked":["Turbo","Steam"],"picked":"Cold Snap","floor":4.0},{"not_picked":["Beam Cell","Aggregate"],"picked":"Stack","floor":6.0},{"not_picked":["Rebound","Aggregate"],"picked":"Beam Cell","floor":8.0},{"not_picked":["Leap","Tempest"],"picked":"Conserve Battery","floor":10.0},{"not_picked":["Go for the Eyes","Tempest"],"picked":"Streamline","floor":12.0},{"not_picked":["Turbo","Aggregate"],"picked":"Cold Snap","floor":14.0},{"not_picked":["All For One","Multi-Cast"],"picked":"Meteor Strike","floor":16.0},{"not_picked":["Hologram+1","Turbo"],"picked":"Barrage+1","floor":18.0},{"not_picked":["Recycle","Compile Driver","Hologram"],"picked":"SKIP","floor":21.0},{"not_picked":["Compile Driver","Gash","Hologram"],"picked":"SKIP","floor":22.0},{"not_picked":["Conserve Battery","Sweeping Beam"],"picked":"Buffer+1","floor":23.0},{"not_picked":["Hologram","Barrage"],"picked":"Genetic Algorithm","floor":25.0},{"not_picked":["Sweeping Beam","Steam+1"],"picked":"Capacitor+1","floor":28.0},{"not_picked":["Stack","Conserve Battery"],"picked":"Sweeping Beam","floor":29.0},{"not_picked":["Beam Cell","Turbo+1","Coolheaded"],"picked":"SKIP","floor":30.0},{"not_picked":["Fission","Amplify"],"picked":"Thunder Strike","floor":33.0},{"not_picked":["Gash","Compile Driver"],"picked":"Sweeping Beam","floor":34.0},{"not_picked":["Leap","Sunder","Rip and Tear+1"],"picked":"SKIP","floor":35.0},{"not_picked":["Ball Lightning","Conserve Battery+1"],"picked":"Consume","floor":37.0},{"not_picked":["Hologram","Barrage","Streamline+1"],"picked":"SKIP","floor":38.0},{"not_picked":["Compile Driver+1","Storm+1"],"picked":"Go for the Eyes+1","floor":39.0},{"not_picked":["Gash","Beam Cell"],"picked":"Electrodynamics+1","floor":41.0},{"not_picked":["Compile Driver+1","Sweeping Beam","Coolheaded"],"picked":"SKIP","floor":44.0},{"not_picked":["Sweeping Beam+1","Leap+1"],"picked":"Cold Snap+1","floor":46.0},{"not_picked":["Streamline","Cold Snap"],"picked":"Chaos+1","floor":53.0},{"not_picked":["Turbo+1","Aggregate+1"],"picked":"BootSequence+1","floor":53.0},{"not_picked":["Beam Cell","Recycle"],"picked":"Ball Lightning","floor":53.0},{"not_picked":["Conserve Battery+1","Coolheaded"],"picked":"Core Surge","floor":53.0},{"not_picked":["Hello World+1","Sunder"],"picked":"BootSequence","floor":53.0},{"not_picked":["Turbo+1","Steam+1"],"picked":"Ball Lightning+1","floor":54}],"player_experience":968953,"relics_obtained":[{"floor":6.0,"key":"Turnip"},{"floor":9.0,"key":"Bottled Flame"},{"floor":10.0,"key":"Bronze Scales"},{"floor":23.0,"key":"Vajra"},{"floor":26.0,"key":"Pear"},{"floor":41.0,"key":"Sundial"},{"floor":44.0,"key":"Mercury Hourglass"},{"floor":46.0,"key":"Eternal Feather"},{"floor":47.0,"key":"FossilizedHelix"},{"floor":54,"key":"Bag of Preparation"}],"event_choices":[{"cards_removed":["Strike_B"],"damage_healed":0.0,"max_hp_gain":0.0,"max_hp_loss":0.0,"gold_gain":0.0,"event_name":"Golden Wing","player_choice":"Card Removal","floor":2.0,"gold_loss":0.0,"damage_taken":7.0},{"damage_healed":0.0,"max_hp_gain":0.0,"max_hp_loss":0.0,"gold_gain":175.0,"event_name":"Liars Game","player_choice":"AGREE","floor":3.0,"gold_loss":0.0,"damage_taken":0.0,"cards_obtained":["Doubt"]},{"cards_removed":["Doubt"],"damage_healed":0.0,"max_hp_gain":0.0,"max_hp_loss":0.0,"gold_gain":0.0,"event_name":"Living Wall","player_choice":"Forget","floor":5.0,"gold_loss":0.0,"damage_taken":0.0},{"cards_removed":["Strike_B"],"damage_healed":0.0,"max_hp_gain":0.0,"max_hp_loss":0.0,"gold_gain":0.0,"event_name":"Purifier","player_choice":"Purged","floor":13.0,"gold_loss":0.0,"damage_taken":0.0},{"damage_healed":0.0,"max_hp_gain":0.0,"max_hp_loss":0.0,"gold_gain":0.0,"event_name":"N\u0027loth","player_choice":"Ignored","floor":20.0,"gold_loss":0.0,"damage_taken":0.0},{"damage_healed":0.0,"max_hp_gain":0.0,"max_hp_loss":0.0,"gold_gain":0.0,"cards_transformed":["Strike_B","Strike_B"],"event_name":"Drug Dealer","player_choice":"Became Test Subject","floor":27.0,"gold_loss":0.0,"damage_taken":0.0,"cards_obtained":["Reboot","Multi-Cast"]},{"damage_healed":0.0,"max_hp_gain":0.0,"max_hp_loss":0.0,"gold_gain":0.0,"event_name":"Wheel of Change","player_choice":"Damaged","floor":31.0,"gold_loss":0.0,"damage_taken":8.0},{"damage_healed":0.0,"max_hp_gain":0.0,"max_hp_loss":0.0,"gold_gain":0.0,"event_name":"Tomb of Lord Red Mask","player_choice":"Ignored","floor":42.0,"gold_loss":0.0,"damage_taken":0.0},{"damage_healed":0.0,"max_hp_gain":0.0,"max_hp_loss":0.0,"gold_gain":0.0,"event_name":"MindBloom","player_choice":"Fight","floor":47.0,"gold_loss":0.0,"damage_taken":0.0},{"damage_healed":0.0,"max_hp_gain":0.0,"max_hp_loss":5.0,"gold_gain":0.0,"event_name":"Winding Halls","player_choice":"Max HP","floor":48.0,"gold_loss":0.0,"damage_taken":0.0}],"is_beta":false,"boss_relics":[{"not_picked":["Black Star","Busted Crown"],"picked":"Fusion Hammer"},{"not_picked":["Runic Dome","Coffee Dripper"],"picked":"Tiny House"}],"items_purged_floors":[],"is_endless":false,"potions_floor_spawned":[4,6,12,16,18,22,23,25,35,44,46,54],"killed_by":"The Heart","ascension_level":8}}