{"host":"r0h3ysx70cq9cujv","time":1613364937,"event":{"mods":["Act Like it!","Aspiration","BaseMod","Minty Spire (QoL Compilation)","Pale of the Ancients","Red Circlet Mod","Reliquary","Replay The Spire","RumiaBox-露米娅的神秘盒子","StSLib","【功能Mod】混沌之环修复补丁"],"gold_per_floor":[116,116,116,127,127,159,159,178,228,303,338,338,357,374,374,471,471,491,504,234,249,249,284,284,304,304,304,54,67,94,113,113,209,209,225,238,238,253,76,107,107,117,196,228,228,255,273,286,286,286,301,319,78,78,78,95,95,174,174,174],"floor_reached":61,"language":"ZHS","playtime":2620,"items_purged":["Defend_G","Defend_G"],"score":1590,"play_id":"8b3d1481-75a0-446e-beda-6c32f01bfa02","local_time":"20210215125537","is_ascension_mode":false,"campfire_choices":[{"data":"Neutralize","floor":7,"key":"SMITH"},{"floor":12,"key":"REST"},{"data":"Eviscerate","floor":15,"key":"SMITH"},{"data":"Phantasmal Killer","floor":24,"key":"SMITH"},{"data":"Acrobatics","floor":32,"key":"SMITH"},{"data":"Eviscerate","floor":41,"key":"SMITH"},{"data":"Outmaneuver","floor":45,"key":"SMITH"},{"data":"Defend_G","floor":49,"key":"SMITH"},{"data":"Strike_G","floor":55,"key":"SMITH"},{"data":"Escape Plan","floor":57,"key":"SMITH"}],"circlet_count":0,"master_deck":["Strike_G+1","Strike_G+1","Defend_G+1","Defend_G+1","Defend_G","Survivor+1","Neutralize+1","SashWhip+1","Acrobatics+1","All Out Attack","Eviscerate+1","ReplayTheSpireMod:Exploit Weakness","Phantasmal Killer+1","TalkToTheHand+1","After Image+1","Calculated Gamble+1","Prepared+1","Escape Plan+1","Tactician+1","Escape Plan","Outmaneuver+1","Acrobatics+1","Terror+1","Hidden Blade+1","ReplayTheSpireMod:The Works+1","ReplayTheSpireMod:The Works+1","Dagger Throw+1","Eviscerate+1","Eviscerate+1","Acrobatics+1","Calculated Gamble+1"],"relics":["Ring of the Snake","aspiration:Nostalgia","Replay:M_StaffOfTheSnake","reliquary:RosewoodLute","Simple Rune","reliquary:Stiletto","Astrolabe","ClockworkSouvenir","aspiration:Stabinomicon","Golden Egg","reliquary:BoilingFlask","Bronze Scales","reliquary:QuartzCube","Replay:Wax Seal","SoulBox","GodSword1","aspiration:HummingbirdHeart","reliquary:HotPoker","paleoftheancients:Timepiece","Ice Cream","Gremlin Horn","paleoftheancients:SoulOfTheShapes","Snack Pack","Gambling Chip","Onion Ring"],"acts_visited":["Exordium","TheCity","TheBeyond","paleoftheancients:PaleOfTheAncients"],"potions_floor_usage":[6,33,51,60],"damage_taken":[{"damage":0,"enemies":"2 Louse","floor":1,"turns":3},{"damage":0,"enemies":"Jaw Worm","floor":4,"turns":4},{"damage":19,"enemies":"Lagavulin","floor":6,"turns":7},{"damage":0,"enemies":"Small Slimes","floor":8,"turns":2},{"damage":15,"enemies":"3 Sentries","floor":11,"turns":7},{"damage":0,"enemies":"Exordium Wildlife","floor":13,"turns":3},{"damage":2,"enemies":"Looter","floor":14,"turns":3},{"damage":32,"enemies":"Hexaghost","floor":16,"turns":15},{"damage":0,"enemies":"Chosen","floor":18,"turns":6},{"damage":1,"enemies":"3 Byrds","floor":19,"turns":5},{"damage":3,"enemies":"Centurion and Healer","floor":21,"turns":6},{"damage":3,"enemies":"Slavers","floor":23,"turns":4},{"damage":0,"enemies":"Snecko","floor":25,"turns":2},{"damage":0,"enemies":"Snake Plant","floor":29,"turns":1},{"damage":0,"enemies":"Book of Stabbing","floor":30,"turns":3},{"damage":0,"enemies":"Centurion and Healer","floor":31,"turns":2},{"damage":3,"enemies":"Champ","floor":33,"turns":5},{"damage":5,"enemies":"3 Darklings","floor":35,"turns":6},{"damage":0,"enemies":"Orb Walker","floor":36,"turns":1},{"damage":0,"enemies":"Transient","floor":38,"turns":5},{"damage":0,"enemies":"Reptomancer","floor":40,"turns":2},{"damage":0,"enemies":"Spire Growth","floor":42,"turns":3},{"damage":0,"enemies":"Nemesis","floor":44,"turns":1},{"damage":0,"enemies":"R_Hoarder","floor":46,"turns":6},{"damage":0,"enemies":"3 Darklings","floor":47,"turns":3},{"damage":2,"enemies":"4 Shapes","floor":48,"turns":3},{"damage":6,"enemies":"Donu and Deca","floor":50,"turns":4},{"damage":0,"enemies":"Donu and Deca","floor":51,"turns":4},{"damage":14,"enemies":"Donu and Deca","floor":52,"turns":3},{"damage":0,"enemies":"Donu and Deca","floor":56,"turns":1},{"damage":15,"enemies":"paleoftheancients:N","floor":60,"turns":8}],"seed_played":"-8225423521714765959","potions_obtained":[{"floor":1,"key":"Cursed Concoction"},{"floor":6,"key":"Weak Potion"},{"floor":11,"key":"Block Potion"},{"floor":18,"key":"Block Potion"},{"floor":36,"key":"DistilledChaos"},{"floor":51,"key":"GamblersBrew"},{"floor":56,"key":"FairyPotion"}],"is_trial":false,"path_per_floor":["M","?","?","M","?","E","R","M","T","?","E","R","M","M","R","B",null,"M","M","$","M","?","E","R","M","T","T","$","M","E","M","R","B",null,"M","M","?","M","$","E","R","M","T","E","R","E","M","M","R","B","M","M","$","T","R","M","R","T","?","B",null],"character_chosen":"THE_SILENT","items_purchased":["ClockworkSouvenir","Escape Plan","reliquary:QuartzCube","Eviscerate","Snack Pack"],"campfire_rested":1,"item_purchase_floors":[20,20,28,39,53],"current_hp_per_floor":[70,70,75,75,60,41,41,41,41,34,19,41,41,39,39,7,75,75,74,74,71,55,52,52,52,52,52,52,52,52,52,52,49,75,70,70,63,63,63,63,63,63,63,63,63,63,63,61,61,75,75,68,68,68,68,75,75,75,75,72],"gold":174,"neow_bonus":"NOSTALGIA","is_daily":false,"chose_seed":false,"campfire_upgraded":9,"win_rate":0.0,"timestamp":1613364937,"path_taken":["M","?","?","M","?","E","R","?","T","?","E","R","?","M","R","BOSS","M","M","$","M","?","E","R","M","T","?","?","?","E","M","R","BOSS","M","M","?","M","$","E","R","M","T","E","R","E","?","M","R","BOSS","M","M","?","T","R","M","R","T","?","BOSS"],"items_purchased_type":["Relic","Card","Relic","Card","Relic"],"build_version":"2020-12-22","purchased_purges":2,"victory":true,"max_hp_per_floor":[70,70,75,75,75,75,75,75,75,75,75,75,75,75,75,75,75,75,75,75,75,75,75,75,75,75,75,75,75,75,75,75,75,75,75,75,75,75,75,75,75,75,75,75,75,75,75,75,75,75,75,75,75,75,75,75,75,75,75,75],"card_choices":[{"not_picked":["Bouncing Flask","Outmaneuver"],"picked":"SashWhip","floor":1},{"not_picked":["Deflect","Backstab"],"picked":"Acrobatics","floor":4},{"not_picked":["Calculated Gamble","Sneak Up"],"picked":"All Out Attack","floor":6},{"not_picked":["Draining Mist","Dagger Throw","Crescendo"],"picked":"SKIP","floor":8},{"not_picked":["Dash","Leg Sweep"],"picked":"Eviscerate","floor":11},{"not_picked":["PiercingWail","Caltrops","Setup"],"picked":"SKIP","floor":13},{"not_picked":["Outmaneuver","Caltrops"],"picked":"ReplayTheSpireMod:Exploit Weakness","floor":14},{"not_picked":["Poison Darts","MasterReality"],"picked":"Phantasmal Killer","floor":16},{"not_picked":["Outmaneuver","Bouncing Flask"],"picked":"Prepared+1","floor":18},{"not_picked":["Deadly Poison","Skewer","Slice"],"picked":"SKIP","floor":19},{"not_picked":["Noxious Fumes","Prepared"],"picked":"Tactician+1","floor":21},{"not_picked":["Well Laid Plans","Prepared"],"picked":"Escape Plan","floor":23},{"not_picked":["Underhanded Strike","Prepared"],"picked":"Outmaneuver","floor":25},{"not_picked":["Quick Slash","Blade Dance"],"picked":"Acrobatics","floor":29},{"not_picked":["Glass Knife","Hidden Blade+1"],"picked":"Terror+1","floor":30},{"not_picked":["Quick Slash","Blade Dance"],"picked":"Hidden Blade+1","floor":31},{"not_picked":["Blade Dance","PiercingWail+1"],"picked":"ReplayTheSpireMod:The Works+1","floor":35},{"not_picked":["Escape Plan","Replay:Poison Smokescreen+1"],"picked":"ReplayTheSpireMod:The Works+1","floor":36},{"not_picked":["Prepared","Poisoned Stab+1"],"picked":"Dagger Throw+1","floor":38},{"not_picked":["Dagger Spray","Leg Sweep"],"picked":"Eviscerate","floor":40},{"not_picked":["ReplayTheSpireMod:Shiv Toss","Dodge and Roll+1"],"picked":"Acrobatics+1","floor":42},{"not_picked":["Distraction","Slice+1"],"picked":"Calculated Gamble+1","floor":44},{"not_picked":["Flying Knee","Blade Dance+1","PiercingWail+1"],"picked":"SKIP","floor":46},{"not_picked":["Poisoned Stab","Dash","Sucker Punch"],"picked":"SKIP","floor":47},{"not_picked":["Backflip","Deadly Poison+1","Skewer"],"picked":"SKIP","floor":48},{"not_picked":["Outmaneuver+1","Calculated Gamble","Flying Knee"],"picked":"SKIP","floor":51},{"not_picked":["Replay:Poison Smokescreen+1","ReplayTheSpireMod:The Works+1","Dodge and Roll"],"picked":"SKIP","floor":52},{"not_picked":["Dodge and Roll+1","ReplayTheSpireMod:Shiv Toss","Unload"],"picked":"SKIP","floor":56}],"player_experience":3516,"relics_obtained":[{"floor":6,"key":"reliquary:RosewoodLute"},{"floor":9,"key":"Simple Rune"},{"floor":11,"key":"reliquary:Stiletto"},{"floor":22,"key":"aspiration:Stabinomicon"},{"floor":23,"key":"Golden Egg"},{"floor":26,"key":"reliquary:BoilingFlask"},{"floor":27,"key":"Bronze Scales"},{"floor":30,"key":"Replay:Wax Seal"},{"floor":40,"key":"GodSword1"},{"floor":44,"key":"aspiration:HummingbirdHeart"},{"floor":46,"key":"reliquary:HotPoker"},{"floor":51,"key":"paleoftheancients:SoulOfTheShapes"},{"floor":52,"key":"paleoftheancients:SoulOfTheIroncluck"},{"floor":54,"key":"Gambling Chip"},{"floor":58,"key":"Onion Ring"}],"event_choices":[{"damage_healed":0,"gold_gain":0,"player_choice":"Donut","damage_taken":0,"max_hp_gain":5,"max_hp_loss":0,"event_name":"Big Fish","floor":3,"gold_loss":0},{"damage_healed":0,"gold_gain":0,"player_choice":"Entered Light","damage_taken":15,"max_hp_gain":0,"max_hp_loss":0,"event_name":"Shining Light","floor":5,"gold_loss":0,"cards_upgraded":["Acrobatics","Survivor"]},{"damage_healed":0,"gold_gain":75,"player_choice":"Touch","damage_taken":7,"max_hp_gain":0,"max_hp_loss":0,"event_name":"FaceTrader","floor":10,"gold_loss":0},{"damage_healed":0,"gold_gain":0,"player_choice":"Obtained Book","damage_taken":16,"max_hp_gain":0,"max_hp_loss":0,"event_name":"Cursed Tome","floor":22,"gold_loss":0},{"damage_healed":0,"gold_gain":0,"player_choice":"Damaged","damage_taken":7,"max_hp_gain":0,"max_hp_loss":0,"event_name":"Wheel of Change","floor":37,"gold_loss":0}],"is_beta":false,"boss_relics":[{"not_picked":["Fusion Hammer","Abe\u0027s Treasure"],"picked":"Astrolabe"},{"not_picked":["WristBlade","Tiny House"],"picked":"SoulBox"}],"items_purged_floors":[20,39],"is_endless":false,"potions_floor_spawned":[1,6,11,18,23,25,31,36,40,47,51,52,56],"ascension_level":0}}