{"host":"v5au5eh5ych42xnd","time":1613376479,"event":{"mods":["AchievementEnabler","AlwaysNeverKeys","BaseMod","Better Altar","Better Third Choice","Better-Laid Plans","BetterRewards","Colored Map","Colored Powertips","Curses Come First","Defuse TimeMaze Blight","Emptier Cage","Googly Eyes","Halation","Infinite Spire","Minty Spire (QoL Compilation)","Permanent Neow","Quick Restart","Relic Stats","Reliquary","Replay The Spire","Shop Mod","StSLib","SuperFastMode","Synergy Search","everything is the same but u backflip on backflip","slay the spire mod where everything is the same but ironclad has a cowboy hat"],"gold_per_floor":[116,191,7,27,27,61,61,61,61,109,124,124,124],"floor_reached":12,"language":"ENG","playtime":468,"items_purged":[],"score":91,"play_id":"d0227b14-aa4c-4814-9027-4a88fc26fc7d","local_time":"20210215090759","is_ascension_mode":true,"campfire_choices":[{"data":"ReplayTheSpireMod:Scrap Shanks","floor":7,"key":"SMITH"}],"circlet_count":0,"master_deck":["Strike_G","Strike_G","Strike_G","Strike_G","Strike_G","Defend_G","Defend_G","Defend_G","Defend_G","Defend_G","Survivor","Neutralize","infinitespire:Pacifist","Vigilance","Adrenaline","Flash of Steel","ReplayTheSpireMod:??????????????????????","Deflect","Backstab","Dagger Spray","ReplayTheSpireMod:Scrap Shanks+1","Replay:Poison Smokescreen"],"relics":["ReplayTheSpireMod:SealedPack","Replay:Rubber Ducky","Pantograph","halation:PinkSoulGem","Peace Pipe","reliquary:PartyBalloon"],"acts_visited":["Exordium"],"potions_floor_usage":[6],"damage_taken":[{"damage":3,"enemies":"2 Louse","floor":1,"turns":5},{"damage":0,"enemies":"Jaw Worm","floor":4,"turns":3},{"damage":27,"enemies":"Gremlin Nob","floor":6,"turns":4},{"damage":0,"enemies":"Small Slimes","floor":11,"turns":3},{"damage":30,"enemies":"Lagavulin","floor":12,"turns":5}],"seed_played":"1424887898341162336","potions_obtained":[{"floor":4,"key":"Poison Potion"}],"is_trial":false,"path_per_floor":["M","?","$","M","$","E","R","?","T","T","M","E"],"character_chosen":"THE_SILENT","items_purchased":["Replay:Rubber Ducky","Backstab"],"campfire_rested":0,"item_purchase_floors":[3,3],"current_hp_per_floor":[67,56,56,56,56,29,29,29,29,29,29,0,0],"gold":124,"neow_bonus":"BOSS_RELIC","is_daily":false,"chose_seed":false,"campfire_upgraded":1,"win_rate":0.0,"timestamp":1613376479,"path_taken":["M","?","?","M","$","E","R","?","T","?","M","E"],"items_purchased_type":["Relic","Card"],"build_version":"2020-12-22","purchased_purges":0,"victory":false,"max_hp_per_floor":[70,70,70,70,70,70,70,70,70,70,70,70,70],"relic_stats":{"Peace Pipe":0,"counters":[5,20],"Pantograph":0,"obtain_stats":[{"Peace Pipe":9,"reliquary:PartyBalloon":10,"Pantograph":6,"ReplayTheSpireMod:SealedPack":0,"halation:PinkSoulGem":8,"Ring of the Snake":0,"Replay:Rubber Ducky":3},{"Peace Pipe":3,"reliquary:PartyBalloon":3,"Pantograph":3,"ReplayTheSpireMod:SealedPack":0,"halation:PinkSoulGem":3,"Ring of the Snake":0,"Replay:Rubber Ducky":1},{"Peace Pipe":12,"reliquary:PartyBalloon":12,"Pantograph":12,"ReplayTheSpireMod:SealedPack":0,"halation:PinkSoulGem":12,"Ring of the Snake":0,"Replay:Rubber Ducky":5}]},"card_choices":[{"not_picked":["Dualcast","Neutralize"],"picked":"Vigilance","floor":0},{"not_picked":["ReplayTheSpireMod:From All Sides","Malaise"],"picked":"Adrenaline","floor":0},{"not_picked":["ReplayTheSpireMod:Private Reserves","Replay:Parry"],"picked":"Flash of Steel","floor":0},{"not_picked":["infinitespire:Menacing","infinitespire:Fortify"],"picked":"ReplayTheSpireMod:??????????????????????","floor":0},{"not_picked":["Accuracy","Riddle With Holes"],"picked":"Deflect","floor":1},{"not_picked":["Deflect","Flying Knee"],"picked":"Dagger Spray","floor":4},{"not_picked":["Sucker Punch","Flechettes"],"picked":"ReplayTheSpireMod:Scrap Shanks","floor":6},{"not_picked":["Calculated Gamble","Caltrops"],"picked":"Replay:Poison Smokescreen","floor":11}],"player_experience":767736,"relics_obtained":[{"floor":6,"key":"Pantograph"},{"floor":9,"key":"Peace Pipe"},{"floor":10,"key":"reliquary:PartyBalloon"}],"event_choices":[{"damage_healed":0,"gold_gain":75,"player_choice":"Gold","damage_taken":11,"max_hp_gain":0,"max_hp_loss":0,"event_name":"betterThird:BetterGoop","floor":2,"gold_loss":0}],"is_beta":false,"boss_relics":[],"items_purged_floors":[],"is_endless":false,"potions_floor_spawned":[4],"killed_by":"Lagavulin","ascension_level":4}}