{"host":"ow66nzv2xecjoor3","time":1613355465,"event":{"mods":["BaseMod","Bestiary","Block Reminder","Colored Powertips","Curses Come First","Highlight Path","Keyboard Shortcuts","Minty Spire (QoL Compilation)","Permanent Neow","Relic Stats","StSLib","UnlockEverythingMod"],"gold_per_floor":[117,129,129,144,208,208,241,318,318,318,395,408,426,488,488,560,560,572,622,672,741,758,758,758],"floor_reached":23,"language":"ENG","playtime":1107,"items_purged":[],"score":440,"play_id":"4dcecf67-5c29-45f2-9cd9-9faa076d74a0","local_time":"20210214201745","is_ascension_mode":true,"campfire_choices":[{"data":"Buffer","floor":6,"key":"SMITH"},{"floor":10,"key":"REST"},{"data":"Coolheaded","floor":15,"key":"SMITH"}],"circlet_count":0,"master_deck":["AscendersBane","Strike_B","Strike_B","Strike_B","Strike_B","Defend_B","Defend_B","Defend_B","Defend_B","Zap","Dualcast","The Bomb","Glacier","Buffer+1","Doom and Gloom","Reinforced Body","Coolheaded+1","Glacier","Chill","Coolheaded","Core Surge","Turbo","Turbo","Static Discharge","Recycle"],"relics":["Cracked Core","SsserpentHead","Torii","Odd Mushroom","The Courier","Centennial Puzzle","SlaversCollar"],"acts_visited":["Exordium","TheCity"],"potions_floor_usage":[13],"damage_taken":[{"damage":16,"enemies":"Small Slimes","floor":1,"turns":5},{"damage":1,"enemies":"Cultist","floor":2,"turns":4},{"damage":7,"enemies":"2 Louse","floor":4,"turns":3},{"damage":18,"enemies":"Exordium Wildlife","floor":5,"turns":5},{"damage":0,"enemies":"Gremlin Nob","floor":7,"turns":5},{"damage":7,"enemies":"The Mushroom Lair","floor":8,"turns":3},{"damage":1,"enemies":"Red Slaver","floor":12,"turns":4},{"damage":0,"enemies":"Looter","floor":13,"turns":4},{"damage":0,"enemies":"Exordium Wildlife","floor":14,"turns":8},{"damage":14,"enemies":"The Guardian","floor":16,"turns":18},{"damage":31,"enemies":"3 Byrds","floor":18,"turns":4},{"damage":8,"enemies":"Spheric Guardian","floor":21,"turns":11},{"damage":18,"enemies":"Snake Plant","floor":22,"turns":7},{"damage":45,"enemies":"Gremlin Leader","floor":23,"turns":7}],"seed_played":"4194418827845733632","potions_obtained":[{"floor":2,"key":"FairyPotion"},{"floor":7,"key":"AttackPotion"},{"floor":12,"key":"PotionOfCapacity"},{"floor":14,"key":"DuplicationPotion"}],"is_trial":false,"path_per_floor":["M","M","?","M","M","R","E","?","T","R","T","M","M","M","R","B",null,"M","?","?","M","M","E"],"character_chosen":"DEFECT","items_purchased":[],"campfire_rested":1,"item_purchase_floors":[],"current_hp_per_floor":[48,47,47,40,22,22,22,15,15,34,34,33,33,33,33,19,53,22,22,64,56,38,0,0],"gold":758,"neow_bonus":"RANDOM_COLORLESS_2","is_daily":false,"chose_seed":false,"campfire_upgraded":2,"win_rate":0.0,"timestamp":1613355465,"path_taken":["M","M","?","M","?","R","E","?","T","R","?","M","M","?","R","BOSS","M","?","?","?","M","E"],"items_purchased_type":[],"build_version":"2020-12-22","purchased_purges":0,"victory":false,"max_hp_per_floor":[64,64,64,64,64,64,64,64,64,64,64,64,64,64,64,64,64,64,64,64,64,64,64,64],"relic_stats":{"SsserpentHead":350,"Centennial Puzzle":[18],"Torii":3,"counters":[14,88],"obtain_stats":[{"SsserpentHead":3,"SlaversCollar":17,"Centennial Puzzle":11,"Torii":7,"The Courier":9,"Odd Mushroom":8,"Cracked Core":0},{"SsserpentHead":2,"SlaversCollar":10,"Centennial Puzzle":6,"Torii":5,"The Courier":6,"Odd Mushroom":6,"Cracked Core":0},{"SsserpentHead":9,"SlaversCollar":59,"Centennial Puzzle":25,"Torii":22,"The Courier":25,"Odd Mushroom":25,"Cracked Core":0}]},"card_choices":[{"not_picked":["Panache","Sadistic Nature"],"picked":"The Bomb","floor":0},{"not_picked":["Leap","Coolheaded"],"picked":"Glacier","floor":1},{"not_picked":["Turbo","Hologram"],"picked":"Buffer","floor":2},{"not_picked":["Beam Cell","Double Energy"],"picked":"Doom and Gloom","floor":4},{"not_picked":["Heatsinks","Redo"],"picked":"Reinforced Body","floor":5},{"not_picked":["Rip and Tear","Doom and Gloom","Streamline"],"picked":"SKIP","floor":7},{"not_picked":["FTL","Streamline"],"picked":"Coolheaded","floor":8},{"not_picked":["Coolheaded","Hologram"],"picked":"Glacier","floor":12},{"not_picked":["Tempest","Sweeping Beam"],"picked":"Chill","floor":13},{"not_picked":["Hello World","Redo"],"picked":"Coolheaded","floor":14},{"not_picked":["Machine Learning","Thunder Strike"],"picked":"Core Surge","floor":16},{"not_picked":["Ball Lightning","Stack"],"picked":"Turbo","floor":18},{"not_picked":["Steam","Go for the Eyes"],"picked":"Static Discharge","floor":21},{"not_picked":["Reprogram","Loop"],"picked":"Recycle","floor":22}],"player_experience":2867567,"relics_obtained":[{"floor":7,"key":"Torii"},{"floor":8,"key":"Odd Mushroom"},{"floor":9,"key":"The Courier"},{"floor":11,"key":"Centennial Puzzle"}],"event_choices":[{"damage_healed":0,"gold_gain":0,"player_choice":"Trade","damage_taken":0,"relics_obtained":["SsserpentHead"],"max_hp_gain":0,"max_hp_loss":0,"event_name":"FaceTrader","floor":3,"gold_loss":0},{"damage_healed":0,"gold_gain":0,"player_choice":"Fought Mushrooms","damage_taken":0,"max_hp_gain":0,"max_hp_loss":0,"event_name":"Mushrooms","floor":8,"gold_loss":0},{"damage_healed":0,"gold_gain":0,"player_choice":"Read","damage_taken":0,"max_hp_gain":0,"max_hp_loss":0,"event_name":"The Library","floor":19,"gold_loss":0,"cards_obtained":["Turbo"]},{"damage_healed":42,"gold_gain":0,"player_choice":"Full Heal","damage_taken":0,"max_hp_gain":0,"max_hp_loss":0,"event_name":"Wheel of Change","floor":20,"gold_loss":0}],"is_beta":false,"boss_relics":[{"not_picked":["Runic Pyramid","Busted Crown"],"picked":"SlaversCollar"}],"items_purged_floors":[],"is_endless":false,"potions_floor_spawned":[2,7,12,14,18],"killed_by":"Gremlin Leader","ascension_level":20}}