{"host":"a57oumegxze0vmhs","time":1613433169,"event":{"mods":["AchievementEnabler","BaseMod","Colored Powertips","Minty Spire (QoL Compilation)","Relic Stats"],"gold_per_floor":[114,184,198,218,147,147,170,196,196,196,223,241,241,218,218,218,218],"floor_reached":16,"language":"ENG","playtime":507,"items_purged":[],"score":157,"play_id":"8dc208fa-b3ab-41d3-8c44-24c8cf288c19","local_time":"20210216015249","is_ascension_mode":true,"campfire_choices":[{"data":"Searing Blow","floor":6,"key":"SMITH"},{"data":"Searing Blow+1","floor":10,"key":"SMITH"},{"floor":13,"key":"REST"},{"data":"Searing Blow+2","floor":15,"key":"SMITH"}],"circlet_count":0,"master_deck":["Strike_R","Strike_R","Strike_R","Strike_R","Defend_R","Defend_R","Defend_R","Defend_R","Bash","Searing Blow+3","Whirlwind","Armaments","Headbutt","Feed","Flame Barrier","Cleave"],"relics":["Burning Blood","MealTicket","Bag of Preparation","Ornamental Fan","Anchor"],"acts_visited":["Exordium"],"potions_floor_usage":[8,8],"damage_taken":[{"damage":7,"enemies":"Small Slimes","floor":1,"turns":3},{"damage":8,"enemies":"Jaw Worm","floor":3,"turns":5},{"damage":1,"enemies":"Cultist","floor":4,"turns":4},{"damage":5,"enemies":"3 Sentries","floor":8,"turns":4},{"damage":43,"enemies":"Lagavulin","floor":11,"turns":10},{"damage":4,"enemies":"Red Slaver","floor":12,"turns":7},{"damage":94,"enemies":"Slime Boss","floor":16,"turns":12}],"seed_played":"-4633104575179780558","potions_obtained":[{"floor":1,"key":"Explosive Potion"},{"floor":3,"key":"Explosive Potion"}],"is_trial":false,"path_per_floor":["M","?","M","M","$","R","T","E","T","R","E","M","R","$","R","B"],"character_chosen":"IRONCLAD","items_purchased":["Feed","Cleave"],"campfire_rested":1,"item_purchase_floors":[5,14],"current_hp_per_floor":[71,71,69,74,74,74,74,78,78,78,44,49,75,89,89,0,0],"gold":218,"neow_bonus":"TRANSFORM_CARD","is_daily":false,"chose_seed":false,"campfire_upgraded":3,"win_rate":0.0,"timestamp":1613433169,"path_taken":["M","?","M","M","$","R","?","E","T","R","E","M","R","?","R","BOSS"],"items_purchased_type":["Card","Card"],"build_version":"2020-12-22","purchased_purges":0,"victory":false,"max_hp_per_floor":[80,80,80,80,80,80,80,83,83,83,86,89,89,89,89,89,89],"relic_stats":{"counters":[7,45],"Ornamental Fan":[0],"MealTicket":14,"Bag of Preparation":[6],"obtain_stats":[{"Anchor":11,"Ornamental Fan":9,"MealTicket":7,"Bag of Preparation":8,"Burning Blood":0},{"Anchor":5,"Ornamental Fan":4,"MealTicket":3,"Bag of Preparation":4,"Burning Blood":0},{"Anchor":26,"Ornamental Fan":16,"MealTicket":12,"Bag of Preparation":16,"Burning Blood":0}],"Burning Blood":36},"card_choices":[{"not_picked":["True Grit","Bloodletting"],"picked":"Whirlwind","floor":1},{"not_picked":["Pommel Strike","Heavy Blade"],"picked":"Armaments","floor":3},{"not_picked":["Rupture","Anger"],"picked":"Headbutt","floor":4},{"not_picked":["Fiend Fire","Perfected Strike"],"picked":"Flame Barrier","floor":8},{"not_picked":["Rage","Armaments","Sword Boomerang"],"picked":"SKIP","floor":11},{"not_picked":["Blood for Blood","Twin Strike","Burning Pact"],"picked":"SKIP","floor":12}],"player_experience":446779,"relics_obtained":[{"floor":7,"key":"MealTicket"},{"floor":8,"key":"Bag of Preparation"},{"floor":9,"key":"Ornamental Fan"},{"floor":11,"key":"Anchor"}],"event_choices":[{"damage_healed":0,"gold_gain":70,"player_choice":"Gained Gold","damage_taken":0,"max_hp_gain":0,"max_hp_loss":0,"event_name":"Golden Wing","floor":2,"gold_loss":0}],"is_beta":false,"boss_relics":[],"items_purged_floors":[],"is_endless":false,"potions_floor_spawned":[1,3],"killed_by":"Slime Boss","ascension_level":9}}