{"host":"c0rqchpxu0yjpthq","time":1613405971,"event":{"mods":["100% Spire Juice","BaseMod","Challenge The Spire","Conspire","Downfall","HololiveMod","Minty Spire (QoL Compilation)","Reimu£®≤©¿ˆ¡È√Œ£©","Relic Stats","Reliquary","Spicy Shops","StSLib","Wide Potions","[GremlinLeader]The Maniac"],"gold_per_floor":[66,84848,84178,84195,83665,83700,83723,83523,82964,82980,83006,82906,82906,82926,82945,83042,83042,83042,83061,82766,82779,82798,82798,82798,82798,82809,82809,82809,82809,82827,82211,82229,82324,82324,82324,82339,82351,82370,81574,81600,81648,80853,80880,80913,80913,80913,80948,79786,79805,79805,79805,79838,79359,79359,79359,79359],"floor_reached":57,"language":"ZHS","playtime":2223,"items_purged":["Hololive_Strike","Clumsy","Regret","Hololive_Defend","Hololive_Defend","Writhe","Hololive_Strike","Hololive_Strike+1","Hololive_Defend+1"],"score":2144,"play_id":"8e9cf7d8-1e87-41ac-9a5d-bfbc8d4de396","local_time":"20210216001931","is_ascension_mode":true,"campfire_choices":[{"floor":1,"key":"RECALL"},{"data":"Hololive_Trident","floor":8,"key":"SMITH"},{"data":"Hololive_Yoholoon","floor":12,"key":"SMITH"},{"data":"Hololive_DurableLive","floor":18,"key":"SMITH"},{"data":"Hololive_LuckPotion","floor":23,"key":"SMITH"},{"data":"Hololive_Strike","floor":25,"key":"SMITH"},{"data":"Hololive_DurableLive","floor":35,"key":"SMITH"},{"data":"expansioncontent:DashGenerateEvil","floor":46,"key":"SMITH"},{"data":"Hololive_DiamondStrike","floor":54,"key":"SMITH"}],"circlet_count":0,"master_deck":["Hololive_Strike+1","Hololive_Defend+1","Hololive_LuckPotion+1","Hololive_Trident+1","Hololive_Drill+1","Hololive_DurableLive+1","Hololive_Yoholoon+1","Hololive_DurableLive+1","Hololive_SoulCatcher","expansioncontent:DashGenerateEvil+1","Hololive_CallMoonaHoshinova","Hololive_DiamondStrike+1","Apotheosis+1","Hololive_Breathe+1","Hololive_Yoholoon+1"],"relics":["Hololive_TheStar","Hololive_Peko","Pocketwatch","Membership Card","Centennial Puzzle","Boot","HornCleat","Tiny Chest","Cauldron","reliquary:WeakTea","Hololive_LightStick","reliquary:QuartzCube","White Beast Statue","HandDrill","Strange Spoon","Happy Flower","downfall:HeartBlessingRed","downfall:HeartBlessingBlue","Dream Catcher","Pantograph","Oddly Smooth Stone","Toolbox","Whetstone","Orrery","Pen Nib","downfall:HeartBlessingGreen","reliquary:KinkedSpring","reliquary:RosewoodLute","conspire:DecoderRing","reliquary:Firecrackers","Sling","Chemical X","conspire:BottledYoYo","RuthlessExorcism:ReiMu","reliquary:FerryPass","WingedGreaves","reliquary:TuningFork","Mango","reliquary:ExpiredCoupon","PreservedInsect","ClockworkSouvenir","OrangePellets","conspire:SlowCooker","Hololive_FriedShrimpLion","Medical Kit","reliquary:BrokenClock","reliquary:Boomerang","Darkstone Periapt","Torii","reliquary:TatteredRug","War Paint","Orichalcum","reliquary:RoseTintedGlasses","Pear","Toxic Egg 2","CrazyTorch:ReiMu","Omamori","Potion Belt","Eternal Feather","reliquary:Knoch","Bag of Preparation","Calipers","reliquary:BallBearing","reliquary:SilkGlove","Frozen Egg 2","Bottled Lightning","reliquary:Stiletto","reliquary:FeatherDuster","Vajra","Lantern","Bronze Scales","reliquary:PartyBalloon","Shuriken"],"acts_visited":["Exordium","TheCity","TheBeyond","TheEnding"],"potions_floor_usage":[55,56,56,56,56],"damage_taken":[{"damage":0,"enemies":"Cultist","floor":2,"turns":2},{"damage":0,"enemies":"downfall:FleeingMerchant","floor":3,"turns":4},{"damage":0,"enemies":"2 Louse","floor":4,"turns":2},{"damage":0,"enemies":"downfall:FleeingMerchant","floor":5,"turns":4},{"damage":0,"enemies":"Gremlin Nob","floor":6,"turns":3},{"damage":0,"enemies":"downfall:FleeingMerchant","floor":9,"turns":4},{"damage":0,"enemies":"Jaw Worm","floor":10,"turns":1},{"damage":0,"enemies":"3 Sentries","floor":11,"turns":2},{"damage":0,"enemies":"downfall:LooterAlt","floor":14,"turns":1},{"damage":0,"enemies":"Gremlin Gang","floor":15,"turns":3},{"damage":0,"enemies":"SI_SHIV_ARCHETYPE","floor":16,"turns":4},{"damage":0,"enemies":"Spheric Guardian","floor":19,"turns":2},{"damage":0,"enemies":"downfall:FleeingMerchant","floor":20,"turns":2},{"damage":0,"enemies":"3 Byrds","floor":21,"turns":3},{"damage":0,"enemies":"3 Cultists","floor":22,"turns":3},{"damage":1,"enemies":"Snake Plant","floor":26,"turns":2},{"damage":0,"enemies":"Chosen and Byrds","floor":30,"turns":2},{"damage":0,"enemies":"Centurion and Healer","floor":32,"turns":2},{"damage":12,"enemies":"IC_MUSHROOM_ARCHETYPE","floor":33,"turns":4},{"damage":0,"enemies":"3 Shapes","floor":36,"turns":3},{"damage":0,"enemies":"Orb Walker","floor":37,"turns":2},{"damage":2,"enemies":"Spire Growth","floor":38,"turns":3},{"damage":0,"enemies":"conspire:MimicChest","floor":40,"turns":4},{"damage":0,"enemies":"Nemesis","floor":44,"turns":2},{"damage":0,"enemies":"Reptomancer","floor":47,"turns":2},{"damage":2,"enemies":"4 Shapes","floor":49,"turns":3},{"damage":0,"enemies":"DF_ARCHETYPE_ORBS","floor":50,"turns":1},{"damage":0,"enemies":"downfall:CharBossMerchant","floor":52,"turns":1},{"damage":0,"enemies":"downfall:NeowBoss","floor":55,"turns":5},{"damage":27,"enemies":"downfall:NeowBossFinal","floor":56,"turns":6}],"seed_played":"1590163367075542093","potions_obtained":[{"floor":3,"key":"PowerPotion"},{"floor":3,"key":"Regen Potion"},{"floor":44,"key":"Swift Potion"}],"is_trial":false,"path_per_floor":["R","M","$","M","$","E","T","R","$","M","E","R","?","M","M","B",null,"R","M","$","M","M","R","T","R","M","?","T","?","M","$","M","B",null,"R","M","M","M","$","?","T","$","T","E","?","R","E","$","M","B",null,"E","$","R","B","B",null],"character_chosen":"Hololive_HololiveCharacter","items_purchased":["Membership Card","Centennial Puzzle","Boot","HornCleat","Tiny Chest","Cauldron","Hololive_Drill","reliquary:WeakTea","Hololive_LightStick","reliquary:QuartzCube","White Beast Statue","HandDrill","Strange Spoon","Dream Catcher","Pantograph","Oddly Smooth Stone","Toolbox","Whetstone","Orrery","Hololive_Yoholoon","reliquary:RosewoodLute","conspire:DecoderRing","reliquary:Firecrackers","Sling","Chemical X","conspire:BottledYoYo","reliquary:TuningFork","Mango","reliquary:ExpiredCoupon","PreservedInsect","ClockworkSouvenir","OrangePellets","Hololive_SoulCatcher","Hololive_FriedShrimpLion","Medical Kit","reliquary:BrokenClock","reliquary:Boomerang","Darkstone Periapt","Torii","expansioncontent:DashGenerateEvil","FairyPotion","Hololive_CallMoonaHoshinova","Orichalcum","reliquary:RoseTintedGlasses","Pear","Toxic Egg 2","CrazyTorch:ReiMu","Omamori","Bag of Preparation","Calipers","reliquary:BallBearing","reliquary:SilkGlove","Frozen Egg 2","Hololive_DiamondStrike","Apotheosis+1","Bottled Lightning","Hololive_Breathe+1","Fire Potion","AttackPotion","Dexterity Potion","reliquary:FeatherDuster","Vajra","Lantern","Bronze Scales","reliquary:PartyBalloon","Shuriken"],"campfire_rested":0,"item_purchase_floors":[3,3,3,3,3,3,3,5,5,5,5,5,5,9,9,9,9,9,9,9,20,20,20,20,20,20,31,31,31,31,31,31,31,39,39,39,39,39,39,39,39,39,42,42,42,42,42,42,48,48,48,48,48,48,48,48,48,48,48,48,53,53,53,53,53,53],"current_hp_per_floor":[32,32,32,32,32,33,33,43,44,45,46,46,46,47,48,49,49,49,50,51,52,53,53,53,53,53,53,53,53,54,68,69,59,71,71,73,75,75,75,77,77,87,87,89,89,91,92,92,91,94,94,95,95,95,95,68],"gold":79359,"neow_bonus":"ONE_RARE_RELIC","is_daily":false,"chose_seed":false,"campfire_upgraded":8,"win_rate":0.0,"timestamp":1613405971,"path_taken":["R","M","$","?","$","E","T","R","$","M","E","R","?","M","M","BOSS","R","M","$","M","M","R","T","R","M","?","?","?","M","$","M","BOSS","R","M","?","M","$","?","T","$","?","E","?","R","E","$","M","BOSS","E","$","R","BOSS","BOSS"],"items_purchased_type":["Relic","Relic","Relic","Relic","Relic","Relic","Card","Relic","Relic","Relic","Relic","Relic","Relic","Relic","Relic","Relic","Relic","Relic","Relic","Card","Relic","Relic","Relic","Relic","Relic","Relic","Relic","Relic","Relic","Relic","Relic","Relic","Card","Relic","Relic","Relic","Relic","Relic","Relic","Card","Potion","Card","Relic","Relic","Relic","Relic","Relic","Relic","Relic","Relic","Relic","Relic","Relic","Card","Card","Relic","Card","Potion","Potion","Potion","Relic","Relic","Relic","Relic","Relic","Relic"],"build_version":"2020-12-22","purchased_purges":9,"victory":true,"max_hp_per_floor":[32,32,32,32,32,33,33,43,44,45,46,46,46,47,48,49,49,49,50,51,52,53,53,53,53,54,54,54,54,55,69,70,71,71,71,73,75,77,77,79,79,89,89,91,91,91,92,92,93,94,94,95,95,95,95,95],"relic_stats":{"Darkstone Periapt":0,"Torii":0,"Bag of Preparation":[5],"Whetstone":["Hololive_Strike","Hololive_Drill"],"Boot":[286],"Centennial Puzzle":[12],"Dream Catcher":0,"Pantograph":3,"Tiny Chest":2,"HandDrill":[32],"Chemical X":[1],"Happy Flower":[22],"counters":[30,82],"Eternal Feather":2,"Pen Nib":[15],"PreservedInsect":181,"War Paint":["Hololive_Defend","Hololive_Defend"],"Orichalcum":[12],"Medical Kit":[0],"Strange Spoon":[52],"OrangePellets":[0],"Shuriken":[5],"Bronze Scales":[30],"obtain_stats":[{"reliquary:FeatherDuster":53,"Calipers":48,"reliquary:PartyBalloon":53,"Vajra":53,"downfall:HeartBlessingGreen":12,"Whetstone":9,"Boot":3,"reliquary:QuartzCube":5,"Sling":20,"reliquary:FerryPass":27,"Centennial Puzzle":3,"HornCleat":3,"conspire:DecoderRing":20,"HandDrill":5,"Toxic Egg 2":42,"Pear":42,"Happy Flower":6,"Oddly Smooth Stone":9,"Eternal Feather":44,"Pen Nib":11,"conspire:SlowCooker":34,"reliquary:TatteredRug":40,"reliquary:WeakTea":5,"War Paint":41,"OrangePellets":31,"Shuriken":53,"Bronze Scales":53,"Hololive_TheStar":0,"reliquary:BallBearing":48,"conspire:BottledYoYo":20,"reliquary:BrokenClock":39,"reliquary:Knoch":47,"Pocketwatch":0,"Darkstone Periapt":39,"Lantern":53,"reliquary:Boomerang":39,"reliquary:SilkGlove":48,"Torii":39,"Hololive_Peko":0,"reliquary:Firecrackers":20,"Mango":31,"Bag of Preparation":48,"ClockworkSouvenir":31,"Dream Catcher":9,"downfall:HeartBlessingBlue":8,"Pantograph":9,"Toolbox":9,"Tiny Chest":3,"WingedGreaves":28,"reliquary:RoseTintedGlasses":42,"Chemical X":20,"Potion Belt":43,"downfall:HeartBlessingRed":8,"PreservedInsect":31,"Omamori":42,"reliquary:RosewoodLute":20,"Orichalcum":42,"Frozen Egg 2":48,"Medical Kit":39,"White Beast Statue":5,"reliquary:KinkedSpring":17,"Cauldron":3,"Strange Spoon":5,"reliquary:ExpiredCoupon":31,"Hololive_LightStick":5,"Orrery":9,"CrazyTorch:ReiMu":42,"Hololive_FriedShrimpLion":39,"reliquary:Stiletto":52,"reliquary:TuningFork":31,"Membership Card":3,"Bottled Lightning":48,"RuthlessExorcism:ReiMu":24},{"reliquary:FeatherDuster":28,"Calipers":25,"reliquary:PartyBalloon":28,"Vajra":28,"downfall:HeartBlessingGreen":8,"Whetstone":6,"Boot":2,"reliquary:QuartzCube":4,"Sling":13,"reliquary:FerryPass":16,"Centennial Puzzle":2,"HornCleat":2,"conspire:DecoderRing":13,"HandDrill":4,"Toxic Egg 2":23,"Pear":23,"Happy Flower":5,"Oddly Smooth Stone":6,"Eternal Feather":24,"Pen Nib":8,"conspire:SlowCooker":19,"reliquary:TatteredRug":23,"reliquary:WeakTea":4,"War Paint":23,"OrangePellets":17,"Shuriken":28,"Bronze Scales":28,"Hololive_TheStar":0,"reliquary:BallBearing":25,"conspire:BottledYoYo":13,"reliquary:BrokenClock":22,"reliquary:Knoch":25,"Pocketwatch":0,"Darkstone Periapt":22,"Lantern":28,"reliquary:Boomerang":22,"reliquary:SilkGlove":25,"Torii":22,"Hololive_Peko":0,"reliquary:Firecrackers":13,"Mango":17,"Bag of Preparation":25,"ClockworkSouvenir":17,"Dream Catcher":6,"downfall:HeartBlessingBlue":5,"Pantograph":6,"Toolbox":6,"Tiny Chest":2,"WingedGreaves":16,"reliquary:RoseTintedGlasses":23,"Chemical X":13,"Potion Belt":23,"downfall:HeartBlessingRed":5,"PreservedInsect":17,"Omamori":23,"reliquary:RosewoodLute":13,"Orichalcum":23,"Frozen Egg 2":25,"Medical Kit":22,"White Beast Statue":4,"reliquary:KinkedSpring":11,"Cauldron":2,"Strange Spoon":4,"reliquary:ExpiredCoupon":17,"Hololive_LightStick":4,"Orrery":6,"CrazyTorch:ReiMu":23,"Hololive_FriedShrimpLion":22,"reliquary:Stiletto":28,"reliquary:TuningFork":17,"Membership Card":2,"Bottled Lightning":25,"RuthlessExorcism:ReiMu":15},{"reliquary:FeatherDuster":71,"Calipers":66,"reliquary:PartyBalloon":71,"Vajra":71,"downfall:HeartBlessingGreen":22,"Whetstone":19,"Boot":6,"reliquary:QuartzCube":12,"Sling":34,"reliquary:FerryPass":42,"Centennial Puzzle":6,"HornCleat":6,"conspire:DecoderRing":34,"HandDrill":12,"Toxic Egg 2":62,"Pear":62,"Happy Flower":15,"Oddly Smooth Stone":19,"Eternal Feather":64,"Pen Nib":22,"conspire:SlowCooker":50,"reliquary:TatteredRug":62,"reliquary:WeakTea":12,"War Paint":62,"OrangePellets":44,"Shuriken":71,"Bronze Scales":71,"Hololive_TheStar":0,"reliquary:BallBearing":66,"conspire:BottledYoYo":34,"reliquary:BrokenClock":58,"reliquary:Knoch":66,"Pocketwatch":0,"Darkstone Periapt":58,"Lantern":71,"reliquary:Boomerang":58,"reliquary:SilkGlove":66,"Torii":58,"Hololive_Peko":0,"reliquary:Firecrackers":34,"Mango":44,"Bag of Preparation":66,"ClockworkSouvenir":44,"Dream Catcher":19,"downfall:HeartBlessingBlue":15,"Pantograph":19,"Toolbox":19,"Tiny Chest":6,"WingedGreaves":42,"reliquary:RoseTintedGlasses":62,"Chemical X":34,"Potion Belt":62,"downfall:HeartBlessingRed":15,"PreservedInsect":44,"Omamori":62,"reliquary:RosewoodLute":34,"Orichalcum":62,"Frozen Egg 2":66,"Medical Kit":58,"White Beast Statue":12,"reliquary:KinkedSpring":30,"Cauldron":6,"Strange Spoon":12,"reliquary:ExpiredCoupon":44,"Hololive_LightStick":12,"Orrery":19,"CrazyTorch:ReiMu":62,"Hololive_FriedShrimpLion":58,"reliquary:Stiletto":71,"reliquary:TuningFork":44,"Membership Card":6,"Bottled Lightning":66,"RuthlessExorcism:ReiMu":40}],"Pocketwatch":[17]},"card_choices":[{"not_picked":["Hololive_Psychosis","Hololive_CocoNews","Hololive_Watashimo","Hololive_CallKiryuuCoco"],"picked":"SKIP","floor":2},{"not_picked":["Hololive_Psychosis","Hololive_Rebound","Hololive_Trident","Hololive_Sequa"],"picked":"SKIP","floor":3},{"not_picked":["Hololive_Breathe","Hololive_FlyingPonyTail","Hololive_Sequa","Hololive_Rebound"],"picked":"SKIP","floor":4},{"not_picked":["Hololive_CallTokinoSora","Hololive_Trident","Hololive_Breathe"],"picked":"Hololive_AWSL","floor":5},{"not_picked":["Hololive_CallKiryuuCoco","Hololive_CallYuzukiChoco","Hololive_CallAmaneKanata","Hololive_DevilCharm"],"picked":"SKIP","floor":6},{"not_picked":["Hololive_Rebound","Hololive_Drill","Hololive_OvertimeWork","Hololive_CocoNews"],"picked":"SKIP","floor":9},{"not_picked":["Hololive_Rebound","Hololive_Spy","Hololive_CocoNews"],"picked":"Hololive_DurableLive","floor":9},{"not_picked":["Hololive_Breathe","Hololive_Psychosis","Hololive_Drill","Hololive_LuckPotion"],"picked":"SKIP","floor":10},{"not_picked":["Hololive_CocoNews","Hololive_Breathe","Hololive_RevenueBasedLive","Hololive_HuntDinosaur"],"picked":"SKIP","floor":11},{"not_picked":["Hololive_CallAkaiHaato","Hololive_CallTokinoSora","Hololive_DevilCharm","Hololive_Drill"],"picked":"SKIP","floor":14},{"not_picked":["Hololive_StrengthChampion","Hololive_Rebirth","Hololive_CallCivia","Hololive_CocoNews"],"picked":"SKIP","floor":15},{"not_picked":["Hololive_Breathe+1","Hololive_Rebound","Hololive_Sequa+1","Hololive_Drill+1"],"picked":"SKIP","floor":19},{"not_picked":["Hololive_Rebound","Hololive_Trident+1","Hololive_Psychosis+1","Hololive_CallFriendA+1"],"picked":"SKIP","floor":20},{"not_picked":["Hololive_FlyingPonyTail","Hololive_StrengthChampion+1","Hololive_Psychosis","Hololive_Drill"],"picked":"SKIP","floor":21},{"not_picked":["Hololive_Sequa","Hololive_Psychosis","Hololive_CallYuzukiChoco","Hololive_Trident+1"],"picked":"SKIP","floor":22},{"not_picked":["Hololive_OvertimeWork","Hololive_Breathe","Hololive_HuntDinosaur+1","Hololive_LuckPotion"],"picked":"SKIP","floor":26},{"not_picked":["Hololive_FlyingPonyTail","Hololive_StrengthChampion","Hololive_Drill+1"],"picked":"Hololive_DurableLive","floor":30},{"not_picked":["Hololive_Sequa+1","Hololive_CallYozoraMel","Hololive_HuntDinosaur+1","Hololive_Rebound"],"picked":"SKIP","floor":32},{"not_picked":["Hololive_Thief","Hololive_StarCraft","Hololive_Recruit"],"picked":"Hololive_AWSL","floor":33},{"not_picked":["Hololive_LuckPotion+1","Hololive_FlyingPonyTail","Hololive_Sequa+1","Hololive_StrengthChampion+1"],"picked":"SKIP","floor":36},{"not_picked":["Hololive_StrengthChampion+1","Hololive_CallNatsuiroMatsuri+1","Hololive_Drill+1","Hololive_Trident+1"],"picked":"SKIP","floor":37},{"not_picked":["Hololive_Psychosis","Hololive_CallShiranuiFlare","Hololive_Trident","Hololive_RevenueBasedLive"],"picked":"SKIP","floor":38},{"not_picked":["Hololive_Teleport+1","Hololive_CocoNews+1","Hololive_CallShiroganeNoel","Hololive_Drill"],"picked":"SKIP","floor":44},{"not_picked":["Hololive_Breathe+1","Hololive_CallTokinoSora+1","Hololive_CallAZKi","Hololive_Psychosis+1"],"picked":"SKIP","floor":47},{"not_picked":["Hololive_RevenueBasedLive+1","Hololive_Drill","Hololive_Rebound+1","Hololive_Breathe+1"],"picked":"SKIP","floor":49},{"not_picked":["Hololive_Spy+1","Hololive_OvertimeWork+1","Hololive_ManjiGathering+1"],"picked":"Hololive_Yoholoon+1","floor":52}],"player_experience":68402,"relics_obtained":[{"floor":6,"key":"Happy Flower"},{"floor":11,"key":"Pen Nib"},{"floor":24,"key":"RuthlessExorcism:ReiMu"},{"floor":28,"key":"WingedGreaves"},{"floor":40,"key":"reliquary:TatteredRug"},{"floor":41,"key":"War Paint"},{"floor":43,"key":"Potion Belt"},{"floor":44,"key":"Eternal Feather"},{"floor":47,"key":"reliquary:Knoch"},{"floor":52,"key":"reliquary:Stiletto"}],"event_choices":[{"damage_healed":0,"gold_gain":0,"player_choice":"Leave","damage_taken":0,"max_hp_gain":0,"max_hp_loss":0,"event_name":"conspire:Investor","floor":13,"gold_loss":0},{"damage_healed":0,"gold_gain":0,"player_choice":"Got Potions","damage_taken":0,"max_hp_gain":0,"max_hp_loss":0,"event_name":"Lab","floor":29,"gold_loss":0},{"cards_removed":["Hololive_AWSL"],"damage_healed":0,"gold_gain":0,"player_choice":"Removed Skill","damage_taken":0,"max_hp_gain":0,"max_hp_loss":0,"event_name":"Falling","floor":45,"gold_loss":0}],"is_beta":false,"boss_relics":[{"not_picked":["conspire:SeveredTorchhead","Snecko Eye"],"picked":"reliquary:KinkedSpring"},{"not_picked":["conspire:RoyalGoblet","Tiny House"],"picked":"conspire:SlowCooker"}],"items_purged_floors":[3,5,9,20,31,39,42,42,48],"is_endless":false,"potions_floor_spawned":[4,6,9,10,11,14,15,16,19,20,21,22,26,30,32,33,36,37,38,40,44,47,49,52],"ascension_level":3}}