{"host":"dpbezu80jg8zk7un","time":1613405409,"event":{"mods":["BaseMod","Colored Map","Colored Powertips","Custom Start","DeckTracker","Minty Spire (QoL Compilation)","Quick Restart","StSLib","SuperFastMode"],"gold_per_floor":[109,120,136,156,40,40,57,91,114,114,114],"floor_reached":10,"language":"KOR","playtime":277,"items_purged":["Defend_P"],"score":140,"play_id":"1f815497-d9e5-4e1d-a9a4-974e8bfeec76","local_time":"20210216011009","is_ascension_mode":true,"campfire_choices":[{"data":"Eruption","floor":6.0,"key":"SMITH"}],"circlet_count":0,"master_deck":["AscendersBane","Strike_P","Strike_P","Strike_P","Defend_P","Defend_P","Eruption+1","Vigilance","Establishment","FearNoEvil","Vault"],"relics":["PureWater","Tiny Chest","Lantern"],"acts_visited":["Exordium"],"potions_floor_usage":[10],"damage_taken":[{"damage":0.0,"enemies":"Cultist","floor":1.0,"turns":2.0},{"damage":2.0,"enemies":"2 Louse","floor":2.0,"turns":4.0},{"damage":7.0,"enemies":"Jaw Worm","floor":3.0,"turns":3.0},{"damage":11.0,"enemies":"Blue Slaver","floor":4.0,"turns":11.0},{"damage":6.0,"enemies":"Exordium Wildlife","floor":7.0,"turns":4.0},{"damage":24.0,"enemies":"Gremlin Nob","floor":8.0,"turns":4.0},{"damage":25,"enemies":"3 Sentries","floor":10,"turns":3}],"seed_played":"-5965908984349185053","potions_obtained":[{"floor":2.0,"key":"Weak Potion"},{"floor":4.0,"key":"Swift Potion"},{"floor":8.0,"key":"Fire Potion"}],"is_trial":false,"path_per_floor":["M","M","M","M","$","R","M","E","T","E"],"character_chosen":"WATCHER","items_purchased":["FearNoEvil"],"campfire_rested":0,"item_purchase_floors":[5],"current_hp_per_floor":[61,59,52,41,41,41,35,11,11,0,0],"gold":114,"neow_bonus":"REMOVE_TWO","is_daily":false,"chose_seed":false,"campfire_upgraded":1,"win_rate":0.0,"timestamp":1613405409,"path_taken":["M","?","M","M","$","R","M","E","T","E"],"items_purchased_type":["Card"],"build_version":"2020-12-22","purchased_purges":1,"victory":false,"max_hp_per_floor":[62,62,62,62,62,62,62,62,62,62,62],"card_choices":[{"not_picked":["PathToVictory","Halt","CutThroughFate"],"picked":"SKIP","floor":1.0},{"not_picked":["Nirvana","Halt","CutThroughFate"],"picked":"SKIP","floor":2.0},{"not_picked":["CrushJoints","Protect"],"picked":"Establishment","floor":3.0},{"not_picked":["Nirvana","Pray","Weave"],"picked":"SKIP","floor":4.0},{"not_picked":["Evaluate","ThirdEye","SignatureMove"],"picked":"SKIP","floor":7.0},{"not_picked":["BowlingBash","Judgement"],"picked":"Vault","floor":8.0}],"player_experience":2973965,"relics_obtained":[{"floor":8.0,"key":"Tiny Chest"},{"floor":9.0,"key":"Lantern"}],"event_choices":[],"is_beta":false,"boss_relics":[],"items_purged_floors":[5],"is_endless":false,"potions_floor_spawned":[2,4,8],"killed_by":"3 Sentries","ascension_level":20}}