{"host":"w2kjv12xyhtt0cv2","time":1613391079,"event":{"mods":["100% Spire Juice","Act Like it!","BaseMod","Colored Map","Friendly Minions","Gensokyo","GifTheSpireLib","Highlight Path","Hubris","Marisa（F雨　魔理沙）","Minty Spire (QoL Compilation)","Prisma Mod","Quick Restart","Reimu（博丽灵梦）","Relic Stats","Reliquary","Replay The Spire","Robot Space Explorer","RumiaBox-露米娅的神秘盒子","Shop Mod","Spicy Shops","StSLib","The Bug Knight","The Cursed","The Dragon Tamer","The Servant 0.9.4","UnlockEverythingMod","Waifu the Spire","[功能]功能增强和修复MOD","【功能Mod】Neow奖励","【遗物卡牌】REMEMod","没有小屋子和绿帽子啦"],"gold_per_floor":[115,115,36,36,55,89,89,89,113,113,145,77,88,119,119,197,197,212,27,77,104,29,69,29,88,88,124,124,157,166,227,227,339,375,398,40,342,499,499,583,628,677,711,755,755,799,58,107,107,87,87,87,439,479,459],"floor_reached":56,"language":"ZHS","playtime":3616,"items_purged":["Pain","TheCursedMod:Strike_TheCursed","TheCursedMod:Strike_TheCursed","TheCursedMod:Strike_TheCursed","TheCursedMod:Strike_TheCursed","TheCursedMod:Defend_TheCursed"],"score":3048,"play_id":"5c9dd3d9-03ce-4728-bcfd-fb8ab67449c9","local_time":"20210215201119","is_ascension_mode":true,"campfire_choices":[{"data":"CasketOfStar","floor":8.0,"key":"SMITH"},{"data":"TheCursedMod:LuckyCharm","floor":10.0,"key":"SMITH"},{"data":"TheCursedMod:AbyssShockwave","floor":15.0,"key":"SMITH"},{"data":"TheCursedMod:VoidForm","floor":32.0,"key":"SMITH"},{"data":"Replay:Sssssssssshield","floor":45,"key":"SMITH"},{"floor":49,"key":"RECALL"},{"data":"TheCursedMod:CollectTribute","floor":52,"key":"SMITH"}],"circlet_count":0,"master_deck":["AscendersBane","TheCursedMod:Defend_TheCursed","TheCursedMod:Defend_TheCursed","TheCursedMod:Defend_TheCursed","TheCursedMod:CursedWand","TheCursedMod:Dregs","CasketOfStar+1","Replay:Sssssssssshield+1","TheCursedMod:LuckyCharm+1","TheCursedMod:RapidMovement","TheCursedMod:AbyssShockwave+1","TheCursedMod:CollectTribute+1","TheCursedMod:BlessingInDisguise","ReplayTheSpireMod:Restless Dread","TheCursedMod:DarkBarrier","ReplayTheSpireMod:Doomed","TheCursedMod:AshesToAshes+1","TheCursedMod:NeowsMight","TheCursedMod:VoidForm+1","TheCursedMod:Dregs","Gensokyo:ShootingStar","TheCursedMod:CollectTribute+1","CasketOfStar+1","Regret","CommonCold","hubris:Despair","TheCursedMod:PrepareRite","Parasite","Sickly","Voices","Regret","TheCursedMod:HellfireBreathing","Gensokyo:AllTheWorldsEvil","TheCursedMod:CircleOfWindfury+1","Decay","Doubt","hubris:Sloth","Clumsy","TheCursedMod:VoidForm","hubris:Insight","Shame","Gensokyo:AllTheWorldsEvil","hubris:Disease","Parasite","TheCursedMod:Neurasthenia","Languid","Adrenaline","TheCursedMod:SpitefulPlan","TheCursedMod:AshesToAshes","TheCursedMod:CursedSpellbook","Shame","TheCursedMod:LuckyCharm","Replay:Sluggish","Hallucinations","Noxious Fumes"],"relics":["TheCursedMod:BlackMagic101","REME_ComplimentaryCards","reliquary:BoilingFlask","Gensokyo:LunaticRedEyes","GodSword7","hubris:Towel","reliquary:RoseTintedGlasses","Replay:Mystery Machine","Replay:Kaleidoscope","SoulBox","ReplayTheSpireMod:Ring of Collecting","Ring of Greed","Golden Idol","Smiling Mask","ReplayTheSpireMod:Ring of Exchange","CeramicFish","reliquary:TuningFork","Juzu Bracelet","Ring of Fury","PreservedInsect","hubris:SphereOfDissonance","Gensokyo:RedStar","MoreBug","Tiny Chest","Ornamental Fan","DollysMirror","hubris:DisguiseKit","Ancient Tea Set","reliquary:Aerogel","Ring of Fangs","Shuriken","Lantern","Pear","ReplayTheSpireMod:Ring of Challenge","GodSword3","reliquary:Stiletto","Iron Hammer","ReplayTheSpireMod:TigerMarble","Toolbox","Tea:ReiMu","hubris:NiceRug","hubris:SlimyHat","Replay:Rubber Ducky","ReplayTheSpireMod:DimensionalGlitch","ReplayTheSpireMod:Lightbulb","ReplayTheSpireMod:Shallot","EasyGame_NEW","reliquary:NewFriend"],"acts_visited":["Gensokyo:Gensokyo","Gensokyo:Gensokyoer","TheBeyond","TheEnding"],"potions_floor_usage":[55],"damage_taken":[{"damage":5.0,"enemies":"Gensokyo:2_Kodama","floor":1.0,"turns":4.0},{"damage":5.0,"enemies":"Gensokyo:Gryphon","floor":5.0,"turns":3.0},{"damage":15.0,"enemies":"Gensokyo:Mamizou","floor":6.0,"turns":9.0},{"damage":14.0,"enemies":"Gensokyo:Cirno","floor":11.0,"turns":7.0},{"damage":8.0,"enemies":"Gensokyo:3_Fairies","floor":13.0,"turns":4.0},{"damage":15.0,"enemies":"Gensokyo:Mamizou","floor":14.0,"turns":8.0},{"damage":2.0,"enemies":"Gensokyo:Reimu","floor":16.0,"turns":8.0},{"damage":0.0,"enemies":"Gensokyo:2_Gloops","floor":18.0,"turns":3.0},{"damage":1.0,"enemies":"Gensokyo:Tenshi","floor":23.0,"turns":4.0},{"damage":8.0,"enemies":"Gensokyo:Koishi","floor":25.0,"turns":7.0},{"damage":7.0,"enemies":"Gensokyo:Tenshi","floor":27.0,"turns":4.0},{"damage":8.0,"enemies":"Gensokyo:Koishi","floor":29.0,"turns":4.0},{"damage":1.0,"enemies":"Gensokyo:Tenshi","floor":31.0,"turns":2.0},{"damage":0.0,"enemies":"Gensokyo:Eiki","floor":33.0,"turns":3.0},{"damage":0.0,"enemies":"Orb Walker","floor":35.0,"turns":2.0},{"damage":0.0,"enemies":"HollowMod:StalkingDevout","floor":40.0,"turns":2.0},{"damage":0,"enemies":"Giant Head","floor":42,"turns":3},{"damage":15,"enemies":"R_Hoarder","floor":44,"turns":6},{"damage":2,"enemies":"Nemesis","floor":46,"turns":3},{"damage":0,"enemies":"Reptomancer","floor":48,"turns":1},{"damage":0,"enemies":"Donu and Deca","floor":50,"turns":4},{"damage":7,"enemies":"hubris:Merchant","floor":53,"turns":4},{"damage":0,"enemies":"Shield and Spear","floor":54,"turns":1},{"damage":2,"enemies":"The Heart","floor":55,"turns":6}],"seed_played":"4091668234209084789","potions_obtained":[{"floor":5.0,"key":"LiquidBronze"},{"floor":11.0,"key":"Strength Potion"},{"floor":13.0,"key":"Elixir"},{"floor":25.0,"key":"SkillPotion"},{"floor":29.0,"key":"Regen Potion"},{"floor":53,"key":"FearPotion"}],"is_trial":false,"path_per_floor":["M","T","$","?","M","E","?","R","T","R","E","$","M","E","R","B",null,"M","$","?","T","COS","E","?","E","T","E","?","E","?","E","R","B",null,"M","$","?","?","T","E","?","E","T","E","R","E","$","E","R","B",null,"R","$","E","B",null],"character_chosen":"THE_CURSED","items_purchased":["TheCursedMod:LuckyCharm","PowerPotion","hubris:DisguiseKit","Ancient Tea Set","Iron Hammer","ReplayTheSpireMod:TigerMarble","TheCursedMod:SpitefulPlan","TheCursedMod:AshesToAshes","Toolbox"],"campfire_rested":0,"item_purchase_floors":[3,19,36,36,47,47,47,47,47],"current_hp_per_floor":[59,59,59,59,54,39,39,39,39,39,25,25,17,5,5,3,54,54,54,54,54,54,53,53,45,45,38,41,34,37,38,38,71,71,71,71,71,71,71,71,71,81,81,77,77,79,79,79,79,79,81,81,74,74,81],"gold":459,"neow_bonus":"RANDOM_COLORLESS","is_daily":false,"chose_seed":false,"campfire_upgraded":6,"win_rate":0.0,"timestamp":1613391079,"path_taken":["M","?","$","?","?","E","?","R","T","R","E","$","M","E","R","BOSS","M","$","?","?","COS","E","?","E","T","E","?","E","?","E","R","BOSS","M","$","?","?","?","E","?","E","T","E","R","E","$","E","R","BOSS","R","$","E","BOSS"],"items_purchased_type":["Card","Potion","Relic","Relic","Relic","Relic","Card","Card","Relic"],"build_version":"2020-12-22","purchased_purges":6,"victory":true,"max_hp_per_floor":[71,71,71,71,71,71,71,71,71,71,71,71,71,71,71,71,71,71,71,71,71,71,71,71,71,71,71,71,71,71,71,71,71,71,71,71,71,71,71,71,71,81,81,81,81,81,81,81,81,81,81,81,81,81,81],"relic_stats":{"counters":[24,102],"Golden Idol":242,"Ornamental Fan":[112],"Shuriken":[21],"CeramicFish":378,"Tiny Chest":1,"PreservedInsect":589,"Juzu Bracelet":3,"Smiling Mask":450,"obtain_stats":[{"CeramicFish":21,"Tea:ReiMu":48,"SoulBox":17,"DollysMirror":34,"Iron Hammer":47,"MoreBug":29,"TheCursedMod:BlackMagic101":0,"Pear":42,"hubris:SphereOfDissonance":27,"Replay:Kaleidoscope":14,"ReplayTheSpireMod:Shallot":53,"Shuriken":39,"ReplayTheSpireMod:Ring of Collecting":20,"GodSword7":6,"ReplayTheSpireMod:TigerMarble":47,"GodSword3":44,"ReplayTheSpireMod:DimensionalGlitch":53,"EasyGame_NEW":53,"ReplayTheSpireMod:Ring of Exchange":21,"Lantern":40,"reliquary:Aerogel":38,"reliquary:BoilingFlask":2,"Juzu Bracelet":25,"hubris:SlimyHat":53,"Replay:Mystery Machine":11,"Smiling Mask":20,"Ancient Tea Set":36,"Gensokyo:LunaticRedEyes":4,"Replay:Rubber Ducky":53,"Frozen Eye":25,"Ring of Fangs":39,"Toolbox":47,"Tiny Chest":29,"reliquary:NewFriend":54,"reliquary:RoseTintedGlasses":9,"hubris:DisguiseKit":36,"Golden Idol":20,"PreservedInsect":26,"Ring of Greed":20,"hubris:Towel":7,"Gensokyo:RedStar":28,"Ornamental Fan":31,"Ring of Fury":26,"reliquary:Stiletto":46,"reliquary:TuningFork":23,"ReplayTheSpireMod:Ring of Challenge":43,"ReplayTheSpireMod:Lightbulb":53,"REME_ComplimentaryCards":0,"hubris:NiceRug":53},{"CeramicFish":8,"Tea:ReiMu":20,"SoulBox":7,"DollysMirror":14,"Iron Hammer":19,"MoreBug":12,"TheCursedMod:BlackMagic101":0,"Pear":17,"hubris:SphereOfDissonance":11,"Replay:Kaleidoscope":6,"ReplayTheSpireMod:Shallot":22,"Shuriken":15,"ReplayTheSpireMod:Ring of Collecting":8,"GodSword7":3,"ReplayTheSpireMod:TigerMarble":19,"GodSword3":18,"ReplayTheSpireMod:DimensionalGlitch":22,"EasyGame_NEW":22,"ReplayTheSpireMod:Ring of Exchange":8,"Lantern":16,"reliquary:Aerogel":15,"reliquary:BoilingFlask":1,"Juzu Bracelet":10,"hubris:SlimyHat":22,"Replay:Mystery Machine":4,"Smiling Mask":8,"Ancient Tea Set":15,"Gensokyo:LunaticRedEyes":1,"Replay:Rubber Ducky":22,"Frozen Eye":9,"Ring of Fangs":15,"Toolbox":19,"Tiny Chest":12,"reliquary:NewFriend":23,"reliquary:RoseTintedGlasses":3,"hubris:DisguiseKit":15,"Golden Idol":8,"PreservedInsect":10,"Ring of Greed":8,"hubris:Towel":3,"Gensokyo:RedStar":11,"Ornamental Fan":13,"Ring of Fury":10,"reliquary:Stiletto":19,"reliquary:TuningFork":9,"ReplayTheSpireMod:Ring of Challenge":17,"ReplayTheSpireMod:Lightbulb":22,"REME_ComplimentaryCards":0,"hubris:NiceRug":22},{"CeramicFish":46,"Tea:ReiMu":87,"SoulBox":43,"DollysMirror":70,"Iron Hammer":86,"MoreBug":63,"TheCursedMod:BlackMagic101":0,"Pear":77,"hubris:SphereOfDissonance":61,"Replay:Kaleidoscope":35,"ReplayTheSpireMod:Shallot":95,"Shuriken":72,"ReplayTheSpireMod:Ring of Collecting":46,"GodSword7":16,"ReplayTheSpireMod:TigerMarble":86,"GodSword3":83,"ReplayTheSpireMod:DimensionalGlitch":95,"EasyGame_NEW":95,"ReplayTheSpireMod:Ring of Exchange":46,"Lantern":74,"reliquary:Aerogel":72,"reliquary:BoilingFlask":4,"Juzu Bracelet":57,"hubris:SlimyHat":95,"Replay:Mystery Machine":23,"Smiling Mask":46,"Ancient Tea Set":72,"Gensokyo:LunaticRedEyes":4,"Replay:Rubber Ducky":95,"Frozen Eye":50,"Ring of Fangs":72,"Toolbox":86,"Tiny Chest":65,"reliquary:NewFriend":96,"reliquary:RoseTintedGlasses":16,"hubris:DisguiseKit":72,"Golden Idol":46,"PreservedInsect":57,"Ring of Greed":46,"hubris:Towel":16,"Gensokyo:RedStar":61,"Ornamental Fan":67,"Ring of Fury":57,"reliquary:Stiletto":86,"reliquary:TuningFork":50,"ReplayTheSpireMod:Ring of Challenge":77,"ReplayTheSpireMod:Lightbulb":95,"REME_ComplimentaryCards":0,"hubris:NiceRug":95}]},"card_choices":[{"not_picked":["REME_MagicPocketWatch","Replay:Parry"],"picked":"Replay:Sssssssssshield","floor":0.0},{"not_picked":["TheCursedMod:Wield","TheCursedMod:SmokeScreen","TheCursedMod:SpitefulStrike"],"picked":"SKIP","floor":1.0},{"not_picked":["TheCursedMod:ReleasedKnowledge","TheCursedMod:CircleOfCorruption","TheCursedMod:CircleOfFocus"],"picked":"SKIP","floor":5.0},{"not_picked":["TheCursedMod:SaltUponWound","TheCursedMod:RavingStaff"],"picked":"TheCursedMod:RapidMovement","floor":6.0},{"not_picked":["TheCursedMod:Evocation","TheCursedMod:RapidMovement","TheCursedMod:Obscuration"],"picked":"SKIP","floor":11.0},{"not_picked":["TheCursedMod:Stretching","TheCursedMod:SmokeScreen","TheCursedMod:CircleOfFocus"],"picked":"SKIP","floor":13.0},{"not_picked":["TheCursedMod:Stretching","TheCursedMod:RavingStaff"],"picked":"TheCursedMod:AbyssShockwave","floor":14.0},{"not_picked":["TheCursedMod:DarkBarrier","TheCursedMod:DemonicPact"],"picked":"TheCursedMod:CollectTribute","floor":16.0},{"not_picked":["TheCursedMod:CursedMace","TheCursedMod:WearCloak"],"picked":"TheCursedMod:BlessingInDisguise","floor":18.0},{"not_picked":["TheCursedMod:Obscuration","TheCursedMod:Torture"],"picked":"TheCursedMod:DarkBarrier","floor":23.0},{"not_picked":["TheCursedMod:SaltUponWound","TheCursedMod:CursedMace+1"],"picked":"TheCursedMod:AshesToAshes+1","floor":25.0},{"not_picked":["TheCursedMod:HellsGateOpen","TheCursedMod:CursedAmulet","TheCursedMod:VitalStrike"],"picked":"SKIP","floor":27.0},{"not_picked":["TheCursedMod:FleshFromBone","TheCursedMod:SmokeScreen+1","TheCursedMod:StingEye"],"picked":"SKIP","floor":29.0},{"not_picked":["TheCursedMod:SoulCrush","TheCursedMod:FuryStrike"],"picked":"TheCursedMod:VoidForm","floor":31.0},{"not_picked":[],"picked":"Gensokyo:ShootingStar","floor":33.0},{"not_picked":["TheCursedMod:ParallelWorld","TheCursedMod:ShockAndAwe"],"picked":"TheCursedMod:CollectTribute","floor":33.0},{"not_picked":["TheCursedMod:WearCloak+1","TheCursedMod:HellsGateOpen"],"picked":"TheCursedMod:PrepareRite","floor":35.0},{"not_picked":["TheCursedMod:HellsGateOpen","TheCursedMod:Grudge","Slice"],"picked":"TheCursedMod:HellfireBreathing","floor":38.0},{"not_picked":["TheCursedMod:CursedMace","TheCursedMod:WearCloak","Well Laid Plans"],"picked":"TheCursedMod:CircleOfWindfury+1","floor":38.0},{"not_picked":["TheCursedMod:CursedBlade","TheCursedMod:CircleOfCorruption","hubris:Sniper"],"picked":"TheCursedMod:VoidForm","floor":40.0},{"not_picked":["Specialist","hubris:Ssssneak"],"picked":"hubris:Insight","floor":41},{"not_picked":["TheCursedMod:CursedBlade","TheCursedMod:TacticalStrike","Predator"],"picked":"TheCursedMod:Neurasthenia","floor":42},{"not_picked":["TheCursedMod:CircleOfFlame+1","TheCursedMod:ReleasedStrength","TheCursedMod:CursedBlade"],"picked":"Adrenaline","floor":44},{"not_picked":["TheCursedMod:HellsGateOpen","TheCursedMod:RavingStaff","TheCursedMod:TacticalStrike","Leg Sweep"],"picked":"SKIP","floor":46},{"not_picked":["TheCursedMod:CursedAmulet","TheCursedMod:BlessingInDisguise","PiercingWail"],"picked":"TheCursedMod:CursedSpellbook","floor":48},{"not_picked":[],"picked":"TheCursedMod:LuckyCharm","floor":53},{"not_picked":["TheCursedMod:CursedBlade"],"picked":"SKIP","floor":53},{"not_picked":["TheCursedMod:Stigma"],"picked":"SKIP","floor":53},{"not_picked":["TheCursedMod:WearCloak"],"picked":"SKIP","floor":53},{"not_picked":["TheCursedMod:ReleasedStrength"],"picked":"SKIP","floor":53},{"not_picked":["HandOfGreedLower"],"picked":"SKIP","floor":53},{"not_picked":["Transmutation"],"picked":"SKIP","floor":53},{"not_picked":["TheCursedMod:LuckyCharm","TheCursedMod:SpitefulPray","TheCursedMod:SmokeScreen"],"picked":"Noxious Fumes","floor":54}],"player_experience":238274,"relics_obtained":[{"floor":2.0,"key":"reliquary:BoilingFlask"},{"floor":6.0,"key":"GodSword7"},{"floor":9.0,"key":"reliquary:RoseTintedGlasses"},{"floor":11.0,"key":"Replay:Mystery Machine"},{"floor":14.0,"key":"Replay:Kaleidoscope"},{"floor":20.0,"key":"ReplayTheSpireMod:Ring of Collecting"},{"floor":20.0,"key":"Ring of Greed"},{"floor":20.0,"key":"Golden Idol"},{"floor":20.0,"key":"Smiling Mask"},{"floor":21.0,"key":"ReplayTheSpireMod:Ring of Exchange"},{"floor":21.0,"key":"CeramicFish"},{"floor":23.0,"key":"reliquary:TuningFork"},{"floor":25.0,"key":"Juzu Bracelet"},{"floor":26.0,"key":"Ring of Fury"},{"floor":26.0,"key":"PreservedInsect"},{"floor":27.0,"key":"hubris:SphereOfDissonance"},{"floor":29.0,"key":"Tiny Chest"},{"floor":31.0,"key":"Ornamental Fan"},{"floor":38.0,"key":"reliquary:Aerogel"},{"floor":39.0,"key":"Ring of Fangs"},{"floor":39.0,"key":"Shuriken"},{"floor":40.0,"key":"Lantern"},{"floor":42,"key":"Pear"},{"floor":43,"key":"ReplayTheSpireMod:Ring of Challenge"},{"floor":44,"key":"GodSword3"},{"floor":46,"key":"reliquary:Stiletto"},{"floor":48,"key":"Tea:ReiMu"},{"floor":53,"key":"hubris:SlimyHat"},{"floor":53,"key":"Replay:Rubber Ducky"},{"floor":53,"key":"ReplayTheSpireMod:DimensionalGlitch"},{"floor":53,"key":"ReplayTheSpireMod:Lightbulb"},{"floor":53,"key":"ReplayTheSpireMod:Shallot"},{"floor":53,"key":"EasyGame_NEW"},{"floor":54,"key":"reliquary:NewFriend"}],"event_choices":[{"damage_healed":0.0,"max_hp_gain":0.0,"max_hp_loss":0.0,"gold_gain":275.0,"event_name":"Golden Shrine","player_choice":"Desecrate","floor":37.0,"gold_loss":0.0,"damage_taken":0.0,"cards_obtained":["Regret"]},{"damage_healed":0,"gold_gain":0,"player_choice":"Memory 1","damage_taken":0,"max_hp_gain":0,"max_hp_loss":0,"event_name":"SensoryStone","floor":41,"gold_loss":0}],"is_beta":false,"boss_relics":[{"not_picked":["Velvet Choker","reliquary:KinkedSpring"],"picked":"SoulBox"},{"not_picked":["Sozu","Empty Cage"],"picked":"DollysMirror"}],"items_purged_floors":[12,19,36,47,47,53],"is_endless":false,"potions_floor_spawned":[5,11,13,23,25,29,33,35,40,48],"ascension_level":19}}