{"host":"qrt7o4dq2qslzw13","time":1613411005,"event":{"mods":["AchievementEnabler","BaseMod","Colored Map","Colored Powertips","Minty Spire (QoL Compilation)","Quick Restart","StSLib","SuperFastMode"],"gold_per_floor":[115,115,5,23,38,38,48,48,48,63,63,63,77,3,3,76,76,87,19,38,38,38],"floor_reached":21,"language":"ENG","playtime":296,"items_purged":[],"score":342,"play_id":"61ba9cdf-62f3-4e88-aced-afe10a1ed9bd","local_time":"20210215124325","is_ascension_mode":true,"campfire_choices":[{"data":"Blood for Blood","floor":6.0,"key":"SMITH"},{"data":"Entrench","floor":8.0,"key":"SMITH"},{"data":"Inflame","floor":12.0,"key":"SMITH"},{"data":"Carnage","floor":15.0,"key":"SMITH"}],"circlet_count":0,"master_deck":["AscendersBane","Strike_R","Strike_R","Strike_R","Strike_R","Defend_R","Defend_R","Defend_R","Bash","Headbutt","Impervious","Inflame+1","Blood for Blood+1","Entrench+1","Feel No Pain","Twin Strike","Anger","Thunderclap","Carnage+1","Double Tap","Flex+1"],"relics":["Burning Blood","Paper Frog","Mark of Pain","Matryoshka"],"acts_visited":["Exordium","TheCity"],"potions_floor_usage":[],"damage_taken":[{"damage":9.0,"enemies":"Jaw Worm","floor":1.0,"turns":5.0},{"damage":1.0,"enemies":"Cultist","floor":4.0,"turns":3.0},{"damage":10.0,"enemies":"Small Slimes","floor":5.0,"turns":3.0},{"damage":6.0,"enemies":"3 Louse","floor":7.0,"turns":3.0},{"damage":13.0,"enemies":"Red Slaver","floor":10.0,"turns":4.0},{"damage":6.0,"enemies":"Looter","floor":13.0,"turns":2.0},{"damage":13.0,"enemies":"Slime Boss","floor":16.0,"turns":5.0},{"damage":33.0,"enemies":"3 Byrds","floor":18.0,"turns":5.0},{"damage":20.0,"enemies":"2 Thieves","floor":20.0,"turns":5.0},{"damage":30,"enemies":"Chosen and Byrds","floor":21,"turns":3}],"seed_played":"1333827341227344216","potions_obtained":[{"floor":5.0,"key":"Fire Potion"},{"floor":7.0,"key":"Swift Potion"},{"floor":10.0,"key":"SkillPotion"},{"floor":13.0,"key":"BlessingOfTheForge"}],"is_trial":false,"path_per_floor":["M","?","$","M","M","R","M","R","T","M","$","R","M","$","R","B",null,"M","?","M","M"],"character_chosen":"IRONCLAD","items_purchased":["Inflame","Blood for Blood","Carnage"],"campfire_rested":0,"item_purchase_floors":[3,3,14],"current_hp_per_floor":[65,65,65,68,64,64,64,64,64,57,57,57,57,57,57,50,64,37,37,23,0,0],"gold":38,"neow_bonus":"REMOVE_TWO","is_daily":false,"chose_seed":false,"campfire_upgraded":4,"win_rate":0.0,"timestamp":1613411005,"path_taken":["M","?","$","?","M","R","M","R","T","M","$","R","M","?","R","BOSS","M","?","M","M"],"items_purchased_type":["Card","Card","Card"],"build_version":"2020-12-22","purchased_purges":0,"victory":false,"max_hp_per_floor":[68,68,68,68,68,68,68,68,68,68,68,68,68,68,68,68,68,68,68,68,68,68],"card_choices":[{"not_picked":["Body Slam","Wild Strike"],"picked":"Headbutt","floor":1.0},{"not_picked":["Warcry","Thunderclap"],"picked":"Entrench","floor":4.0},{"not_picked":["Dropkick","Sever Soul"],"picked":"Feel No Pain","floor":5.0},{"not_picked":["Battle Trance","Evolve"],"picked":"Twin Strike","floor":7.0},{"not_picked":["Metallicize","Intimidate"],"picked":"Anger","floor":10.0},{"not_picked":["Evolve","Sentinel"],"picked":"Thunderclap","floor":13.0},{"not_picked":["Juggernaut","Berserk"],"picked":"Double Tap","floor":16.0},{"not_picked":["Body Slam","Heavy Blade","Armaments"],"picked":"SKIP","floor":18.0},{"not_picked":["Blood for Blood","Thunderclap"],"picked":"Flex+1","floor":20.0}],"player_experience":639594,"relics_obtained":[{"floor":9.0,"key":"Paper Frog"}],"event_choices":[{"damage_healed":0.0,"max_hp_gain":0.0,"max_hp_loss":0.0,"gold_gain":0.0,"event_name":"Match and Keep!","player_choice":"1 cards matched","floor":2.0,"gold_loss":0.0,"damage_taken":0.0,"cards_obtained":["Impervious"]},{"damage_healed":0.0,"max_hp_gain":0.0,"max_hp_loss":0.0,"gold_gain":0.0,"event_name":"WeMeetAgain","player_choice":"Paid Gold","floor":19.0,"gold_loss":68.0,"damage_taken":0.0,"relics_obtained":["Matryoshka"]}],"is_beta":false,"boss_relics":[{"not_picked":["SlaversCollar","Velvet Choker"],"picked":"Mark of Pain"}],"items_purged_floors":[],"is_endless":false,"potions_floor_spawned":[5,7,10,13],"killed_by":"Chosen and Byrds","ascension_level":20}}