{"host":"684z1xpuwaoqmmh1","time":1613405492,"event":{"mods":["A Magickal Journey","BaseMod","Downfall","Hermit","Jorbs\u0027s Wanderer Trilogy","Marisa????????","Minty Spire (QoL Compilation)","Robot Space Explorer","Shade Mod","StSLib","The Bug Knight","The Dragon Tamer","The Elementalist","The Hayseed","The Hierophant","The Marked","The Mystic","The Runesmith","The Saiyan","The Senshi","The Spell Scribe","The Vixen","TheBandit","TheFirefly"],"gold_per_floor":[114,164,164,183,202,202,234,244,244,277,277,73,85,104,104,208,208,228,228,239,239,253,279,45,45,45,45,78,90,124,140,140,245,245,257,307,1,21,21,21,50,50,50],"floor_reached":42,"language":"ENG","playtime":2561,"items_purged":["Runesmith:Strike_RS"],"score":819,"play_id":"a64c7c55-9012-4d10-923e-9aec0d3d597d","local_time":"20210215181132","is_ascension_mode":true,"campfire_choices":[{"floor":6,"key":"REST"},{"data":"Runesmith:CraftFirestone","floor":11,"key":"SMITH"},{"data":"Runesmith:CraftIndustria","floor":15,"key":"SMITH"},{"floor":25,"key":"REST"},{"floor":32,"key":"REST"},{"floor":40,"key":"RECALL"}],"circlet_count":0,"master_deck":["AscendersBane","Runesmith:Strike_RS+1","Runesmith:Strike_RS+1","Runesmith:Strike_RS+1","Runesmith:Defend_RS+1","Runesmith:Defend_RS+1","Runesmith:Defend_RS+1","Runesmith:Defend_RS+1","Runesmith:CraftFirestone+1","Runesmith:Fortify","Runesmith:BackupBattery","Runesmith:EarthShield","Runesmith:EnergizedChisel","Runesmith:CraftProtectio","Runesmith:CraftIndustria+1","Runesmith:PoweredAnvil","Runesmith:RuneHurl","Runesmith:CreatorForm","Runesmith:Augment","Runesmith:CraftIncendium","Runesmith:Accelerate","Runesmith:Permafrost","Runesmith:RuneHurl","Runesmith:PerfectChisel","Runesmith:Supernova","Runesmith:LithiumIon+1","Runesmith:UnlimitedPower","Runesmith:Firestorm+1","Runesmith:HammerThrow+1"],"relics":["Runesmith:BrokenRuby","hexamod:BolsterEngine","Vajra","Unceasing Top","Gremlin Horn","Blood Vial","Philosopher\u0027s Stone","MutagenicStrength","HollowMod:LifeEnderRelic","Runesmith:MiniCore","CaptainsWheel","Girya","Torii","Black Star","hexamod:Sixitude","TungstenRod","theSenshi:SailorFukuRelic","Akabeko"],"acts_visited":["Exordium","TheCity","TheBeyond"],"potions_floor_usage":[8,16,22,30,31,41,42],"damage_taken":[{"damage":0,"enemies":"Small Slimes","floor":1,"turns":4},{"damage":0,"enemies":"2 Louse","floor":4,"turns":4},{"damage":0,"enemies":"Jaw Worm","floor":5,"turns":4},{"damage":7,"enemies":"HollowMod:MossKnight","floor":7,"turns":10},{"damage":24,"enemies":"Exordium Thugs","floor":8,"turns":6},{"damage":0,"enemies":"Lagavulin","floor":10,"turns":10},{"damage":0,"enemies":"Looter","floor":13,"turns":4},{"damage":0,"enemies":"Blue Slaver","floor":14,"turns":5},{"damage":16,"enemies":"The Guardian","floor":16,"turns":13},{"damage":14,"enemies":"Chosen","floor":18,"turns":7},{"damage":8,"enemies":"Spheric Guardian","floor":20,"turns":7},{"damage":6,"enemies":"Snecko","floor":22,"turns":7},{"damage":10,"enemies":"Book of Stabbing","floor":23,"turns":8},{"damage":0,"enemies":"Gremlin Leader","floor":28,"turns":6},{"damage":7,"enemies":"Shelled Parasite and Fungi","floor":29,"turns":7},{"damage":33,"enemies":"Slavers","floor":30,"turns":6},{"damage":0,"enemies":"Snake Plant","floor":31,"turns":4},{"damage":2,"enemies":"Automaton","floor":33,"turns":9},{"damage":0,"enemies":"Orb Walker","floor":35,"turns":5},{"damage":0,"enemies":"Mind Bloom Boss Battle","floor":36,"turns":8},{"damage":0,"enemies":"3 Shapes","floor":38,"turns":2},{"damage":58,"enemies":"Reptomancer","floor":41,"turns":6},{"damage":14,"enemies":"Writhing Mass","floor":42,"turns":2}],"seed_played":"-4872902668051525540","potions_obtained":[{"floor":4,"key":"Swift Potion"},{"floor":7,"key":"LiquidMemories"},{"floor":14,"key":"ColorlessPotion"},{"floor":28,"key":"Block Potion"},{"floor":29,"key":"DuplicationPotion"},{"floor":30,"key":"bronze:BurnAndBuffPotion"},{"floor":31,"key":"champ:CounterPotion"},{"floor":36,"key":"DistilledChaos"}],"is_trial":false,"path_per_floor":["M","?","?","M","M","R","E","M","T","E","R","$","M","M","R","B",null,"M","?","M","?","M","E","$","R","T","?","E","M","E","M","R","B",null,"M","?","$","M","?","R","E","M"],"character_chosen":"RUNESMITH_CLASS","items_purchased":["Runesmith:PoweredAnvil","Runesmith:RuneHurl","Runesmith:Permafrost","Runesmith:MiniCore","Runesmith:RuneHurl","TungstenRod"],"campfire_rested":3,"item_purchase_floors":[12,12,24,24,24,37],"current_hp_per_floor":[63,63,30,30,30,51,44,20,20,20,20,20,22,24,24,10,55,43,43,37,37,33,25,25,46,46,46,48,43,12,14,35,35,61,63,65,65,67,67,67,11,0,0],"gold":50,"neow_bonus":"RANDOM_COMMON_RELIC","is_daily":false,"chose_seed":false,"campfire_upgraded":2,"win_rate":0.0,"timestamp":1613405492,"path_taken":["M","?","?","M","M","R","E","M","T","E","R","?","M","M","R","BOSS","M","?","M","?","M","E","$","R","T","?","E","M","E","M","R","BOSS","M","?","$","M","?","R","E","M"],"items_purchased_type":["Card","Card","Card","Relic","Card","Relic"],"build_version":"2020-12-22","purchased_purges":1,"victory":false,"max_hp_per_floor":[70,70,70,70,70,70,70,70,70,70,70,70,70,70,70,70,70,70,70,70,70,70,70,70,70,70,70,70,70,70,70,70,70,70,70,70,70,70,70,70,70,70,70],"card_choices":[{"not_picked":["Runesmith:Overpower","Runesmith:Grindstone"],"picked":"Runesmith:BackupBattery","floor":1},{"not_picked":["Runesmith:BackupBattery","Runesmith:CraftMagma"],"picked":"Runesmith:EarthShield","floor":4},{"not_picked":["Runesmith:ShiftingStrike","Runesmith:HammerAndChisel","Runesmith:Grindstone"],"picked":"SKIP","floor":5},{"not_picked":["Runesmith:Grindstone","Runesmith:CraftMagma"],"picked":"Runesmith:EnergizedChisel","floor":7},{"not_picked":["Runesmith:ChiselStab","Runesmith:UnstableHammer"],"picked":"Runesmith:CraftProtectio","floor":8},{"not_picked":["Runesmith:EnergizedChisel","Runesmith:FieryHammer"],"picked":"Runesmith:CraftIndustria","floor":10},{"not_picked":["Runesmith:BackupBattery","Runesmith:StaticCage","Runesmith:Grindstone"],"picked":"SKIP","floor":13},{"not_picked":["Runesmith:Overpower","Runesmith:Terraform","Runesmith:WhiteBalance"],"picked":"SKIP","floor":14},{"not_picked":["Runesmith:Duplicate","Runesmith:LastStand"],"picked":"Runesmith:CreatorForm","floor":16},{"not_picked":["Runesmith:EnergizedChisel","Runesmith:Overpower"],"picked":"Runesmith:Augment","floor":18},{"not_picked":["Runesmith:EarthShield","Runesmith:CraftMagma","Runesmith:Superposition"],"picked":"SKIP","floor":20},{"not_picked":["Runesmith:CraftProtectio","Runesmith:ElementalConversion+1"],"picked":"Runesmith:CraftIncendium","floor":22},{"not_picked":["Runesmith:BackupBattery","Runesmith:Superposition"],"picked":"Runesmith:Accelerate","floor":23},{"not_picked":["Runesmith:Malloc","Runesmith:CraftProtectio"],"picked":"Runesmith:Supernova","floor":28},{"not_picked":["Runesmith:ChargedHammer+1","Runesmith:PerfectChisel","Runesmith:MakeshiftArmor"],"picked":"SKIP","floor":29},{"not_picked":["Runesmith:EarthShield","Runesmith:EnergizedChisel+1"],"picked":"Runesmith:LithiumIon+1","floor":30},{"not_picked":["Runesmith:Augment","Runesmith:Discharge","Runesmith:HeatExchange"],"picked":"SKIP","floor":31},{"not_picked":["Runesmith:DuctTape","Runesmith:Duplicate"],"picked":"Runesmith:UnlimitedPower","floor":33},{"not_picked":["Runesmith:CraftReservo+1","Runesmith:ShiftingStrike+1","Runesmith:HammerThrow"],"picked":"SKIP","floor":35},{"not_picked":["Runesmith:Permafrost+1","Runesmith:HammerAndChisel+1"],"picked":"Runesmith:Firestorm+1","floor":36},{"not_picked":["Runesmith:EnergizedChisel","Runesmith:CraftProtectio"],"picked":"Runesmith:HammerThrow+1","floor":38},{"not_picked":["Runesmith:HammerThrow+1","Runesmith:ChiselStab+1","Runesmith:ElementalConversion"],"picked":"SKIP","floor":41}],"player_experience":3300453,"relics_obtained":[{"floor":7,"key":"Unceasing Top"},{"floor":9,"key":"Gremlin Horn"},{"floor":10,"key":"Blood Vial"},{"floor":23,"key":"HollowMod:LifeEnderRelic"},{"floor":26,"key":"CaptainsWheel"},{"floor":28,"key":"Girya"},{"floor":30,"key":"Torii"},{"floor":36,"key":"hexamod:Sixitude"},{"floor":41,"key":"theSenshi:SailorFukuRelic"},{"floor":41,"key":"Akabeko"}],"event_choices":[{"damage_healed":0,"gold_gain":0,"player_choice":"Success","damage_taken":33,"relics_obtained":["Vajra"],"max_hp_gain":0,"max_hp_loss":0,"event_name":"Scrap Ooze","floor":3,"gold_loss":0},{"damage_healed":0,"gold_gain":0,"player_choice":"Simplicity","damage_taken":0,"max_hp_gain":0,"max_hp_loss":0,"event_name":"Back to Basics","floor":19,"gold_loss":0,"cards_upgraded":["Runesmith:Strike_RS","Runesmith:Strike_RS","Runesmith:Strike_RS","Runesmith:Defend_RS","Runesmith:Defend_RS","Runesmith:Defend_RS","Runesmith:Defend_RS"]},{"damage_healed":0,"gold_gain":0,"player_choice":"Inject Mutagens","damage_taken":0,"relics_obtained":["MutagenicStrength"],"max_hp_gain":0,"max_hp_loss":0,"event_name":"Drug Dealer","floor":21,"gold_loss":0},{"damage_healed":0,"gold_gain":0,"player_choice":"Read","damage_taken":0,"max_hp_gain":0,"max_hp_loss":0,"event_name":"The Library","floor":27,"gold_loss":0,"cards_obtained":["Runesmith:PerfectChisel"]},{"damage_healed":0,"gold_gain":0,"player_choice":"Fight","damage_taken":0,"max_hp_gain":0,"max_hp_loss":0,"event_name":"MindBloom","floor":36,"gold_loss":0},{"damage_healed":0,"gold_gain":0,"player_choice":"Memory 1","damage_taken":0,"max_hp_gain":0,"max_hp_loss":0,"event_name":"SensoryStone","floor":39,"gold_loss":0}],"is_beta":false,"boss_relics":[{"not_picked":["Empty Cage","SacredBark"],"picked":"Philosopher\u0027s Stone"},{"not_picked":["Sozu","Calling Bell"],"picked":"Black Star"}],"items_purged_floors":[12],"is_endless":false,"potions_floor_spawned":[4,7,14,28,29,30,31,36],"killed_by":"Writhing Mass","ascension_level":10}}