{"host":"Tom","time":1613363062,"event":{"mods":["BaseMod","Downfall","Hermit","Jorbs\u0027s Wanderer Trilogy","Minty Spire (QoL Compilation)","Replay The Spire","Shop Mod","StSLib","The Animator","The Cursed","The Hierophant"],"gold_per_floor":[111,125,143,154,166,166,191,202,226,37,138,156,156,166,166,166,166],"floor_reached":16,"language":"ENG","playtime":1000,"items_purged":[],"score":106,"play_id":"f6cbf409-9daa-40ea-8257-e80aeb2c5d02","local_time":"20210215132422","is_ascension_mode":false,"campfire_choices":[{"floor":6.0,"key":"REST"},{"floor":15,"key":"REST"}],"circlet_count":0,"master_deck":["hermit:Strike_Hermit","hermit:Strike_Hermit","hermit:Strike_Hermit","hermit:Strike_Hermit","hermit:Defend_Hermit","hermit:Defend_Hermit","hermit:Defend_Hermit","hermit:Defend_Hermit","hermit:Snapshot","hermit:Covet","hermit:OverwhelmingPower","hermit:LoneWolf","hermit:Ricochet","hermit:Ricochet","hermit:SprayPray","hermit:Reprieve","hermit:Brawl","hermit:Combo","ReplayTheSpireMod:Splinters","hermit:Midnight","hermit:Malice","hermit:Enervate","hermit:GoldenBullet","Sickly","hermit:Grudge"],"relics":["hermit:Momento","Letter Opener","Centennial Puzzle","Toolbox","Ring of Hypnosis"],"acts_visited":["Exordium"],"potions_floor_usage":[7,8,8,12,16,16],"damage_taken":[{"damage":1.0,"enemies":"Jaw Worm","floor":1.0,"turns":3.0},{"damage":12.0,"enemies":"2 Louse","floor":2.0,"turns":4.0},{"damage":0.0,"enemies":"Small Slimes","floor":3.0,"turns":2.0},{"damage":0.0,"enemies":"Looter","floor":4.0,"turns":1.0},{"damage":27.0,"enemies":"Large Slime","floor":5.0,"turns":5.0},{"damage":18,"enemies":"3 Sentries","floor":7,"turns":7},{"damage":2,"enemies":"Blue Slaver","floor":8,"turns":2},{"damage":0,"enemies":"Exordium Wildlife","floor":12,"turns":1},{"damage":2,"enemies":"Large Slime","floor":14,"turns":5},{"damage":68,"enemies":"The Guardian","floor":16,"turns":6}],"seed_played":"5656976163465144922","potions_obtained":[{"floor":1.0,"key":"SpeedPotion"},{"floor":5.0,"key":"AttackPotion"},{"floor":7,"key":"EntropicBrew"},{"floor":14,"key":"LiquidMemories"}],"is_trial":false,"path_per_floor":["M","M","M","M","M","R","E","M","T","$","?","M","?","M","R","B"],"character_chosen":"HERMIT","items_purchased":["hermit:Combo","Toolbox"],"campfire_rested":2,"item_purchase_floors":[10,10],"current_hp_per_floor":[74,62,62,62,35,57,39,37,37,37,37,37,37,35,57,0,0],"gold":166,"neow_bonus":"ONE_RANDOM_RARE_CARD","is_daily":false,"chose_seed":false,"campfire_upgraded":0,"win_rate":0.0,"timestamp":1613363062,"path_taken":["M","M","M","M","M","R","E","M","T","$","?","M","?","M","R","BOSS"],"items_purchased_type":["Card","Relic"],"build_version":"2020-12-18","purchased_purges":0,"victory":false,"max_hp_per_floor":[75,75,75,75,75,75,75,75,75,75,75,75,75,75,75,75,75],"card_choices":[{"not_picked":["hermit:Coalescence","hermit:Manifest"],"picked":"hermit:LoneWolf","floor":1.0},{"not_picked":["hermit:Headshot","hermit:LowProfile"],"picked":"hermit:Ricochet","floor":2.0},{"not_picked":["hermit:TakeCover","hermit:Manifest"],"picked":"hermit:Ricochet","floor":3.0},{"not_picked":["hermit:Misfire","hermit:DeadMansHand","hermit:CalledShot"],"picked":"SKIP","floor":4.0},{"not_picked":["hermit:DeadMansHand","hermit:ShadowCloak"],"picked":"hermit:SprayPray","floor":5.0},{"not_picked":["hermit:Grudge","hermit:HighNoon"],"picked":"hermit:Reprieve","floor":7},{"not_picked":["hermit:ShadowCloak","hermit:SprayPray"],"picked":"hermit:Brawl","floor":8},{"not_picked":["hermit:Brawl","hermit:Malice"],"picked":"hermit:Midnight","floor":11},{"not_picked":["hermit:Manifest","hermit:ItchyTrigger"],"picked":"hermit:Malice","floor":11},{"not_picked":["hermit:CursedWeapon","hermit:Headshot"],"picked":"hermit:Enervate","floor":11},{"not_picked":["hermit:WideOpen","hermit:Quickdraw"],"picked":"hermit:GoldenBullet","floor":12},{"not_picked":["hermit:Virtue","hermit:Roulette"],"picked":"hermit:Grudge","floor":14}],"player_experience":263742,"relics_obtained":[{"floor":7,"key":"Letter Opener"},{"floor":9,"key":"Centennial Puzzle"},{"floor":13,"key":"Ring of Hypnosis"}],"event_choices":[],"is_beta":true,"boss_relics":[],"items_purged_floors":[],"is_endless":false,"potions_floor_spawned":[1,5,7,14],"killed_by":"The Guardian","ascension_level":0}}