{"host":"n2havra2dgtcizuw","time":1613380272,"event":{"mods":["100% Spire Juice","ATMod(°¢èªMod)","Bard","BaseMod","Downfall","Marisa£¨ìFÓê¡¡Ä§ÀíÉ³£©","Minty Spire (QoL Compilation)","Permanent Neow","Reliquary","Remilia£¨ÀÙÃ×ÀòÑÇ£©","Replay The Spire","RumiaBox-Â¶Ã×æ«µÄÉñÃØºÐ×Ó","StSLib","TestMod","The Alterego","The Animator","The Servant 0.9.4","[IsaacMod]ÒÔÈö¼âËþ"],"gold_per_floor":[117,128,139,139,250,250,250],"floor_reached":6,"language":"ZHS","playtime":288,"items_purged":[],"score":50,"play_id":"d999e032-bc03-46e0-9959-bb33df8be0f6","local_time":"20210215171112","is_ascension_mode":true,"campfire_choices":[],"circlet_count":0,"master_deck":["Strike_P","Strike_P","Strike_P","Strike_P","Defend_P","Defend_P","Defend_P","Defend_P","Eruption","Vigilance","Bomb","Omniscience","BowlingBash","JustLucky","Worship","TalkToTheHand","PathToVictory","BowlingBash"],"relics":["PureWater","HushsDoor","AT_ATBox","testmod-Justice","TheBean","Baka","Void"],"acts_visited":["Exordium"],"potions_floor_usage":[6],"damage_taken":[{"damage":2,"enemies":"Cultist","floor":1,"turns":3},{"damage":1,"enemies":"Jaw Worm","floor":2,"turns":2},{"damage":0,"enemies":"2 Louse","floor":3,"turns":3},{"damage":48,"enemies":"Replay:BlueRogue","floor":6,"turns":3}],"seed_played":"-7175337212345766276","potions_obtained":[{"floor":1,"key":"BlessingOfTheForge"},{"floor":2,"key":"BlessingOfTheForge"}],"is_trial":false,"path_per_floor":["M","M","M","?","?","E"],"character_chosen":"WATCHER","items_purchased":[],"campfire_rested":0,"item_purchase_floors":[],"current_hp_per_floor":[63,62,62,62,34,0,0],"gold":250,"neow_bonus":"ONE_RANDOM_RARE_CARD","is_daily":false,"chose_seed":false,"campfire_upgraded":0,"win_rate":0.0,"timestamp":1613380272,"path_taken":["M","?","M","?","?","E"],"items_purchased_type":[],"build_version":"2020-12-22","purchased_purges":0,"victory":false,"max_hp_per_floor":[72,72,72,72,72,72,72],"card_choices":[{"not_picked":[],"picked":"Bomb","floor":0},{"not_picked":["FlyingSleeves","DeceiveReality"],"picked":"BowlingBash","floor":1},{"not_picked":["Protect","Replay:ManipulateFuture"],"picked":"JustLucky","floor":2},{"not_picked":["EmptyBody","FollowUp"],"picked":"Worship","floor":3},{"not_picked":["FollowUp","JustLucky"],"picked":"TalkToTheHand","floor":5},{"not_picked":["Study","Evaluate"],"picked":"PathToVictory","floor":5},{"not_picked":["EmptyFist","Replay:AtTheReady"],"picked":"BowlingBash","floor":5}],"player_experience":762358,"relics_obtained":[{"floor":1,"key":"Baka"},{"floor":2,"key":"Void"}],"event_choices":[{"damage_healed":0,"gold_gain":0,"player_choice":"Ignored","damage_taken":0,"max_hp_gain":0,"max_hp_loss":0,"event_name":"Golden Wing","floor":4,"gold_loss":0}],"is_beta":false,"boss_relics":[],"items_purged_floors":[],"is_endless":false,"potions_floor_spawned":[1,2],"killed_by":"Replay:BlueRogue","ascension_level":8}}