{"host":"xo0glkmxta74xh34","time":1613427494,"event":{"mods":["BaseMod","Downfall","Minty Spire (QoL Compilation)","Reliquary","Replay The Spire","StSLib"],"gold_per_floor":[99,112,170,170,76,101,101,130,130,161,161,194,194,194,206,303,303,303,315,315,415,427,445,445,457,476,476,501,516,535,560,571,671,671,623,635,647,661,680,98,177,210,230,230,249,276,276,276,294,294],"floor_reached":51,"language":"ENG","playtime":7212,"items_purged":[],"score":1199,"play_id":"5b301ab9-db91-4f18-b112-67c720389dee","local_time":"20210215161814","is_ascension_mode":true,"campfire_choices":[{"data":"ReplayTheSpireMod:Brewmster","floor":1,"key":"SMITH"},{"data":"Guardian:PiercingHide","floor":13,"key":"SMITH"},{"data":"Guardian:BaubleBeam","floor":18,"key":"SMITH"},{"data":"Guardian:TwinSlam","floor":27,"key":"SMITH"},{"data":"Guardian:ConstructionForm","floor":44,"key":"SMITH"},{"data":"Guardian:FierceBash","floor":47,"key":"SMITH"}],"circlet_count":0,"master_deck":["Guardian:CurlUp","Guardian:TwinSlam+1","ReplayTheSpireMod:Brewmster+1","Guardian:Incinerate+1","Guardian:ArmoredProtocol","Guardian:PiercingHide+1","Guardian:FuturePlans","Guardian:ChargeUp","Guardian:SpikerProtocol","Guardian:BaubleBeam+1","Guardian:Repulse","Guardian:ShieldCharger+1","Guardian:ConstructionForm+1","Guardian:ArmoredProtocol","Guardian:Clone","Guardian:TimeBomb","Guardian:TimeSifter","Guardian:PiercingHide","Guardian:RollAttack","Guardian:FierceBash","Guardian:FierceBash+1","Guardian:TimeCapacitor+1","Guardian:Orbwalk+1","Guardian:PiercingHide","Guardian:EvasiveProtocol","Guardian:Incinerate+1"],"relics":["Guardian:ModeShifter","Snack Pack","Omamori","Bottled Lightning","Dream Catcher","Lizard Tail","reliquary:FeatherDuster","Bottled Flame","Snecko Eye","sneckomod:BabySnecko","BranchBurnRelic","CaptainsWheel","Red Mask","Replay:Grab Bag","reliquary:RedCape","Busted Crown","Pandora\u0027s Box","downfall:HeartBlessingGreen","Bird Faced Urn","TungstenRod","Bronze Scales","reliquary:BoilingFlask","StoneCalendar","ReplayTheSpireMod:Shallot","Ring of Peace","ReplayTheSpireMod:Ring of Collecting"],"acts_visited":["Exordium","TheCity","TheBeyond"],"potions_floor_usage":[3,3,3,3,3,3,5,5,6,6,6,6,8,8,8,10,10,10,12,12,12,15,16,16,16,16,16,16,16,16,16,16,19,19,23,23,25,25,26,28,28,28,29,30,30,31,32,33,33,33,33,33,35,36,37,39,40,43,45,50,50,50,50],"damage_taken":[{"damage":18,"enemies":"Jaw Worm","floor":2,"turns":6},{"damage":16,"enemies":"Gremlin Nob","floor":3,"turns":4},{"damage":0,"enemies":"downfall:FleeingMerchant","floor":5,"turns":4},{"damage":10,"enemies":"3 Sentries","floor":6,"turns":9},{"damage":0,"enemies":"Lagavulin","floor":8,"turns":6},{"damage":12,"enemies":"3 Sentries","floor":10,"turns":12},{"damage":10,"enemies":"Lagavulin","floor":12,"turns":7},{"damage":3,"enemies":"Small Slimes","floor":15,"turns":5},{"damage":15,"enemies":"WA_ARCHETYPE_RETAIN","floor":16,"turns":7},{"damage":0,"enemies":"Chosen","floor":19,"turns":7},{"damage":0,"enemies":"3 Byrds","floor":22,"turns":1},{"damage":14,"enemies":"3 Cultists","floor":23,"turns":5},{"damage":12,"enemies":"Snake Plant","floor":25,"turns":5},{"damage":5,"enemies":"Shelled Parasite and Fungi","floor":26,"turns":5},{"damage":4,"enemies":"Gremlin Leader","floor":28,"turns":8},{"damage":0,"enemies":"Sentry and Sphere","floor":29,"turns":4},{"damage":8,"enemies":"Snake Plant","floor":30,"turns":5},{"damage":0,"enemies":"Masked Bandits","floor":31,"turns":4},{"damage":11,"enemies":"Shelled Parasite and Fungi","floor":32,"turns":5},{"damage":0,"enemies":"DF_ARCHETYPE_CLAW","floor":33,"turns":8},{"damage":6,"enemies":"2 Orb Walkers","floor":35,"turns":4},{"damage":0,"enemies":"Orb Walker","floor":36,"turns":3},{"damage":14,"enemies":"3 Shapes","floor":37,"turns":2},{"damage":21,"enemies":"Spire Growth","floor":38,"turns":5},{"damage":0,"enemies":"Transient","floor":39,"turns":5},{"damage":0,"enemies":"downfall:FleeingMerchant","floor":40,"turns":4},{"damage":0,"enemies":"Giant Head","floor":42,"turns":6},{"damage":0,"enemies":"Sphere and 2 Shapes","floor":43,"turns":4},{"damage":0,"enemies":"4 Shapes","floor":45,"turns":2},{"damage":0,"enemies":"Reptomancer","floor":46,"turns":3},{"damage":0,"enemies":"Transient","floor":49,"turns":5},{"damage":0,"enemies":"SI_POISON_ARCHETYPE","floor":50,"turns":6}],"seed_played":"832717804682166144","potions_obtained":[{"floor":12,"key":"DuplicationPotion"},{"floor":26,"key":"Adrenaline Potion"},{"floor":28,"key":"Strength Potion"},{"floor":29,"key":"Dexterity Potion"},{"floor":31,"key":"PowerPotion"},{"floor":33,"key":"Strength Potion"},{"floor":43,"key":"Languid Potion"},{"floor":45,"key":"Fruit Juice"},{"floor":46,"key":"CultistPotion"}],"is_trial":false,"path_per_floor":["R","M","?","?","$","E","T","E","?","E","?","E","R","T","M","B",null,"R","M","?","?","M","M","T","M","M","R","E","M","M","?","M","B",null,"R","M","M","M","M","$","T","E","M","R","M","E","R","?","M","B",null],"character_chosen":"GUARDIAN","items_purchased":["Guardian:FuturePlans","TungstenRod","Bronze Scales","Guardian:Orbwalk+1","Guardian:PiercingHide"],"campfire_rested":0,"item_purchase_floors":[5,40,40,40,40],"current_hp_per_floor":[72,54,40,40,40,32,32,36,60,65,65,61,61,61,58,47,66,66,70,70,70,70,60,60,50,51,51,72,72,66,70,61,71,72,72,72,64,56,72,72,72,72,72,72,77,77,77,77,77,77],"gold":294,"neow_bonus":"RANDOM_COLORLESS_2","is_daily":false,"chose_seed":false,"campfire_upgraded":6,"win_rate":0.0,"timestamp":1613427494,"path_taken":["R","M","?","?","$","E","T","E","?","E","?","E","R","?","M","BOSS","R","M","?","?","?","?","T","M","?","R","E","?","M","?","M","BOSS","R","M","M","M","M","$","T","E","?","R","M","E","R","?","M","BOSS"],"items_purchased_type":["Card","Relic","Relic","Card","Card"],"build_version":"2020-12-22","purchased_purges":0,"victory":true,"max_hp_per_floor":[72,72,72,72,72,72,72,72,72,72,72,72,72,72,72,72,72,72,72,72,72,72,72,72,72,72,72,72,72,72,72,72,72,72,72,72,72,72,72,72,72,72,72,72,77,77,77,77,77,77],"card_choices":[{"not_picked":["ReplayUltimateDefense","Master of Strategy"],"picked":"ReplayTheSpireMod:Brewmster","floor":0},{"not_picked":["Guardian:Reroute","Guardian:CrystalBeam"],"picked":"Guardian:Incinerate","floor":2},{"not_picked":["Guardian:PiercingHide","Guardian:Gem_Green"],"picked":"Guardian:ArmoredProtocol","floor":3},{"not_picked":["Guardian:VentSteam","Guardian:ChargeCore"],"picked":"Guardian:PiercingHide","floor":5},{"not_picked":["Guardian:VentSteam","Guardian:PrismaticBeam"],"picked":"Guardian:Gem_Fragmented","floor":6},{"not_picked":["Guardian:SentryBeam","Guardian:Incinerate"],"picked":"Guardian:ChargeUp","floor":8},{"not_picked":["Guardian:SentryBeam","Guardian:TemporalShield"],"picked":"Guardian:Gem_Crimson","floor":10},{"not_picked":["Guardian:GuardianWhirl","Guardian:TemporalShield"],"picked":"Guardian:SpikerProtocol","floor":12},{"not_picked":["Guardian:ChargeCore","Guardian:GuardianWhirl"],"picked":"Guardian:Gem_Yellow","floor":15},{"not_picked":["Guardian:GemFinder","Guardian:HyperBeam_Guardian"],"picked":"Guardian:BaubleBeam","floor":16},{"not_picked":["Guardian:VentSteam","Guardian:Incinerate+1"],"picked":"Guardian:Gem_Fragmented","floor":19},{"not_picked":["Guardian:Suspension","Guardian:Reroute+1"],"picked":"Guardian:Gem_Fragmented","floor":22},{"not_picked":["Guardian:Incinerate","Guardian:Suspension"],"picked":"Guardian:Gem_Synthetic","floor":23},{"not_picked":["Guardian:PolyBeam","Guardian:BronzeOrb"],"picked":"Guardian:Repulse","floor":25},{"not_picked":["Guardian:Harden","Guardian:RollAttack"],"picked":"Guardian:ShieldCharger+1","floor":26},{"not_picked":["Guardian:TemporalStrike","Guardian:RefractedBeam"],"picked":"Guardian:ConstructionForm","floor":28},{"not_picked":["Guardian:Suspension","Guardian:TemporalShield+1","Guardian:ChargeCore"],"picked":"SKIP","floor":29},{"not_picked":["Guardian:RollAttack","Guardian:PrimingBeam+1"],"picked":"Guardian:ArmoredProtocol","floor":30},{"not_picked":["Guardian:Incinerate+1","Guardian:Reroute"],"picked":"Guardian:Clone","floor":31},{"not_picked":["Guardian:Suspension","Guardian:Gem_Cyan"],"picked":"Guardian:TimeBomb","floor":32},{"not_picked":["Guardian:SphericShield","Guardian:Gem_Orange"],"picked":"Guardian:TimeSifter","floor":33},{"not_picked":[],"picked":"Guardian:Gem_Blue","floor":36},{"not_picked":["Guardian:Gem_Red"],"picked":"SKIP","floor":37},{"not_picked":["Guardian:TemporalStrike"],"picked":"SKIP","floor":38},{"not_picked":[],"picked":"Guardian:TimeCapacitor+1","floor":39},{"not_picked":["Guardian:RollAttack"],"picked":"SKIP","floor":40},{"not_picked":[],"picked":"Guardian:EvasiveProtocol","floor":42},{"not_picked":[],"picked":"Guardian:Incinerate+1","floor":43},{"not_picked":["Guardian:Gem_Green"],"picked":"SKIP","floor":45},{"not_picked":["Guardian:VentSteam"],"picked":"SKIP","floor":46},{"not_picked":["Guardian:Reroute"],"picked":"SKIP","floor":49}],"player_experience":487034,"relics_obtained":[{"floor":6,"key":"Omamori"},{"floor":7,"key":"Bottled Lightning"},{"floor":8,"key":"Dream Catcher"},{"floor":10,"key":"Lizard Tail"},{"floor":12,"key":"reliquary:FeatherDuster"},{"floor":14,"key":"Bottled Flame"},{"floor":24,"key":"Dead Branch"},{"floor":28,"key":"CaptainsWheel"},{"floor":31,"key":"Red Mask"},{"floor":35,"key":"Bird Faced Urn"},{"floor":41,"key":"reliquary:BoilingFlask"},{"floor":42,"key":"StoneCalendar"},{"floor":46,"key":"ReplayTheSpireMod:Shallot"},{"floor":48,"key":"Ring of Peace"},{"floor":48,"key":"ReplayTheSpireMod:Ring of Collecting"}],"event_choices":[{"damage_healed":24,"gold_gain":0,"player_choice":"Banana","damage_taken":0,"max_hp_gain":0,"max_hp_loss":0,"event_name":"Big Fish","floor":9,"gold_loss":0},{"damage_healed":0,"gold_gain":0,"player_choice":"Fought Bandits","damage_taken":0,"max_hp_gain":0,"max_hp_loss":0,"event_name":"Masked Bandits","floor":31,"gold_loss":0},{"damage_healed":0,"gold_gain":0,"player_choice":"Fight","damage_taken":0,"max_hp_gain":0,"max_hp_loss":0,"event_name":"Mysterious Sphere","floor":35,"gold_loss":0}],"is_beta":false,"boss_relics":[{"not_picked":["Replay:Wanted Poster","Velvet Choker"],"picked":"Snecko Eye"},{"not_picked":["Ring of Chaos","Runic Dome"],"picked":"Replay:Grab Bag"},{"not_picked":["ChewingGum","Painkiller Herb"],"picked":"reliquary:RedCape"},{"not_picked":["Replay:Bronze Core","ReplayTheSpireMod:DimensionalGlitch"],"picked":"Busted Crown"},{"not_picked":["Astrolabe","Kintsugi"],"picked":"Pandora\u0027s Box"}],"items_purged_floors":[],"is_endless":false,"potions_floor_spawned":[2,3,12,16,26,28,29,31,33,39,43,45,46],"ascension_level":6}}