{"host":"fbdlh90rovbiajun","time":1613366227,"event":{"mods":["AchievementEnabler","BaseMod","Colored Map","Keyboard Shortcuts","Minty Spire (QoL Compilation)","SuperFastMode"],"gold_per_floor":[112,40,51,61,11,11,22,22,22,36,36,54,72,84,84,182,182,195,208,208,208,64,91,111,111,111,111,144,144,94,114,114,219,219,237,252,263,263,263,263,278,278,328,76,88,114,114,144,144,144,144,144,72,98,98,98],"floor_reached":55,"language":"KOR","playtime":3682,"items_purged":["Strike_G","Reflex+1"],"score":909,"play_id":"f5d7793e-7177-4b04-86db-99c668dd4d43","local_time":"20210215141707","is_ascension_mode":false,"campfire_choices":[{"data":"Noxious Fumes","floor":6.0,"key":"SMITH"},{"data":"Footwork","floor":11.0,"key":"SMITH"},{"data":"Footwork","floor":15.0,"key":"SMITH"},{"data":"Footwork","floor":27.0,"key":"SMITH"},{"data":"Noxious Fumes","floor":29.0,"key":"SMITH"},{"data":"Adrenaline","floor":32.0,"key":"SMITH"},{"floor":40.0,"key":"RECALL"},{"floor":42.0,"key":"REST"},{"floor":49.0,"key":"REST"},{"floor":52,"key":"REST"}],"circlet_count":0,"master_deck":["Defend_G+1","Defend_G+1","Defend_G+1","Defend_G+1","Survivor+1","Neutralize+1","Noxious Fumes+1","Crippling Poison+1","Backflip+1","Footwork+1","Footwork+1","Calculated Gamble+1","Blur+1","Adrenaline+1","Prepared+1","Slice+1","Prepared+1","Noxious Fumes+1","Footwork+1","Dodge and Roll+1","Deadly Poison+1","Well Laid Plans+1","Deadly Poison+1","Adrenaline+1"],"relics":["Ring of the Serpent","NeowsBlessing","Anchor","Mercury Hourglass","FossilizedHelix","Singing Bowl","Pantograph","Empty Cage","Mark of the Bloom","Strawberry","Letter Opener","Toy Ornithopter","Bottled Tornado"],"acts_visited":["Exordium","TheCity","TheBeyond","TheEnding"],"potions_floor_usage":[50,55,55],"damage_taken":[{"damage":0.0,"enemies":"2 Louse","floor":1.0,"turns":1.0},{"damage":0.0,"enemies":"Small Slimes","floor":3.0,"turns":1.0},{"damage":0.0,"enemies":"Cultist","floor":4.0,"turns":1.0},{"damage":6.0,"enemies":"Lots of Slimes","floor":7.0,"turns":4.0},{"damage":0.0,"enemies":"Exordium Wildlife","floor":10.0,"turns":4.0},{"damage":0.0,"enemies":"Looter","floor":12.0,"turns":4.0},{"damage":0.0,"enemies":"Blue Slaver","floor":13.0,"turns":5.0},{"damage":0.0,"enemies":"Large Slime","floor":14.0,"turns":5.0},{"damage":13.0,"enemies":"The Guardian","floor":16.0,"turns":15.0},{"damage":0.0,"enemies":"Chosen","floor":18.0,"turns":8.0},{"damage":0.0,"enemies":"Spheric Guardian","floor":19.0,"turns":6.0},{"damage":0.0,"enemies":"Book of Stabbing","floor":23.0,"turns":10.0},{"damage":13.0,"enemies":"Snake Plant","floor":24.0,"turns":7.0},{"damage":18.0,"enemies":"Gremlin Leader","floor":28.0,"turns":9.0},{"damage":0.0,"enemies":"3 Cultists","floor":31.0,"turns":6.0},{"damage":0.0,"enemies":"Collector","floor":33.0,"turns":10.0},{"damage":0.0,"enemies":"Orb Walker","floor":35.0,"turns":6.0},{"damage":0.0,"enemies":"3 Shapes","floor":36.0,"turns":6.0},{"damage":0.0,"enemies":"Spire Growth","floor":37.0,"turns":7.0},{"damage":0.0,"enemies":"Writhing Mass","floor":41.0,"turns":6.0},{"damage":30.0,"enemies":"4 Shapes","floor":45.0,"turns":5.0},{"damage":0.0,"enemies":"Giant Head","floor":46.0,"turns":10.0},{"damage":0.0,"enemies":"Nemesis","floor":48.0,"turns":9.0},{"damage":6,"enemies":"Donu and Deca","floor":50,"turns":13},{"damage":0,"enemies":"Shield and Spear","floor":54,"turns":10},{"damage":43,"enemies":"The Heart","floor":55,"turns":3}],"seed_played":"5612256289591068086","potions_obtained":[{"floor":1.0,"key":"GamblersBrew"},{"floor":3.0,"key":"EssenceOfSteel"},{"floor":12.0,"key":"EssenceOfSteel"},{"floor":18.0,"key":"Ancient Potion"},{"floor":54,"key":"Dexterity Potion"}],"is_trial":false,"path_per_floor":["M","$","M","M","?","R","M","?","T","M","R","M","M","M","R","B",null,"M","M","?","?","$","E","M","T","T","R","E","R","?","M","R","B",null,"M","M","M","?","?","R","M","R","T","$","M","E","?","E","R","B",null,"R","$","E","B"],"character_chosen":"THE_SILENT","items_purchased":["Noxious Fumes","Footwork","Strawberry","DistilledChaos"],"campfire_rested":3,"item_purchase_floors":[2,22,44,53],"current_hp_per_floor":[70,70,70,70,70,70,64,64,64,64,64,64,64,64,64,51,70,70,70,70,70,70,70,57,57,57,57,39,39,39,41,41,68,74,74,74,76,76,76,76,76,76,76,76,46,46,46,46,46,40,40,40,40,40,0,0],"gold":98,"neow_bonus":"THREE_ENEMY_KILL","is_daily":false,"chose_seed":false,"campfire_upgraded":6,"win_rate":0.0,"timestamp":1613366227,"path_taken":["M","$","M","M","?","R","M","?","T","M","R","M","?","?","R","BOSS","M","M","?","?","$","E","M","?","T","R","E","R","?","M","R","BOSS","M","?","?","?","?","R","M","R","T","$","?","E","?","E","R","BOSS","R","$","E","BOSS"],"items_purchased_type":["Card","Card","Relic","Potion"],"build_version":"2020-12-22","purchased_purges":2,"victory":false,"max_hp_per_floor":[70,70,70,70,70,70,70,70,70,70,70,70,70,70,70,70,70,70,70,70,70,70,70,70,70,70,70,70,70,70,72,72,74,74,74,74,76,76,78,78,80,80,80,87,89,91,91,93,93,93,93,93,93,95,95,95],"card_choices":[{"not_picked":["Finisher","Riddle With Holes"],"picked":"Reflex","floor":1.0},{"not_picked":["Underhanded Strike","Dagger Throw"],"picked":"Crippling Poison","floor":3.0},{"not_picked":["Underhanded Strike","Predator","Outmaneuver"],"picked":"SKIP","floor":4.0},{"not_picked":["Cloak And Dagger","Skewer"],"picked":"Backflip","floor":7.0},{"not_picked":["Prepared","Dodge and Roll"],"picked":"Footwork","floor":10.0},{"not_picked":["Escape Plan","Poisoned Stab"],"picked":"Footwork","floor":12.0},{"not_picked":["Backflip","Quick Slash"],"picked":"Calculated Gamble","floor":13.0},{"not_picked":["Terror","Dodge and Roll"],"picked":"Blur","floor":14.0},{"not_picked":["Bullet Time","Glass Knife"],"picked":"Adrenaline","floor":16.0},{"not_picked":["Acrobatics","Bane"],"picked":"Prepared","floor":18.0},{"not_picked":["Flying Knee","Eviscerate","Reflex"],"picked":"SKIP","floor":19.0},{"not_picked":["Dash","Terror+1"],"picked":"Dodge and Roll+1","floor":23.0},{"not_picked":["Finisher+1","Bane+1","Prepared"],"picked":"SKIP","floor":24.0},{"not_picked":["Outmaneuver","Footwork"],"picked":"Deadly Poison","floor":28.0},{"not_picked":["Terror","Bane","Acrobatics"],"picked":"Singing Bowl","floor":31.0},{"not_picked":["Envenom","Malaise","Glass Knife"],"picked":"Singing Bowl","floor":33.0},{"not_picked":["Escape Plan+1","Infinite Blades+1"],"picked":"Well Laid Plans+1","floor":35.0},{"not_picked":["Escape Plan","Acrobatics"],"picked":"Deadly Poison+1","floor":36.0},{"not_picked":["Bane+1","Underhanded Strike+1","Sucker Punch"],"picked":"Singing Bowl","floor":37.0},{"not_picked":["Finesse","Flash of Steel","Deep Breath"],"picked":"Singing Bowl","floor":39.0},{"not_picked":["Predator","Infinite Blades","Backstab+1"],"picked":"Singing Bowl","floor":41.0},{"not_picked":["Skewer+1","Sucker Punch+1","Expertise+1"],"picked":"Singing Bowl","floor":45.0},{"not_picked":["Dash+1","Underhanded Strike","Deadly Poison+1"],"picked":"Singing Bowl","floor":46.0},{"not_picked":["All Out Attack","Backstab","Dagger Spray"],"picked":"Singing Bowl","floor":48.0},{"not_picked":["Prepared+1","Riddle With Holes+1","Dagger Spray"],"picked":"Singing Bowl","floor":54}],"player_experience":53815,"relics_obtained":[{"floor":9.0,"key":"Anchor"},{"floor":23.0,"key":"Mercury Hourglass"},{"floor":25.0,"key":"FossilizedHelix"},{"floor":26.0,"key":"Singing Bowl"},{"floor":28.0,"key":"Pantograph"},{"floor":46.0,"key":"Letter Opener"},{"floor":48.0,"key":"Toy Ornithopter"},{"floor":54,"key":"Bottled Tornado"}],"event_choices":[{"cards_removed":["Strike_G"],"damage_healed":0.0,"max_hp_gain":0.0,"max_hp_loss":0.0,"gold_gain":0.0,"event_name":"The Cleric","player_choice":"Card Removal","floor":5.0,"gold_loss":50.0,"damage_taken":0.0},{"damage_healed":0.0,"max_hp_gain":0.0,"max_hp_loss":0.0,"gold_gain":0.0,"cards_transformed":["Strike_G"],"event_name":"Transmorgrifier","player_choice":"Transformed","floor":8.0,"gold_loss":0.0,"damage_taken":0.0,"cards_obtained":["Finisher"]},{"damage_healed":0.0,"max_hp_gain":0.0,"max_hp_loss":0.0,"gold_gain":0.0,"cards_transformed":["Strike_G","Strike_G"],"event_name":"Drug Dealer","player_choice":"Became Test Subject","floor":20.0,"gold_loss":0.0,"damage_taken":0.0,"cards_obtained":["Slice","Prepared"]},{"damage_healed":0.0,"max_hp_gain":0.0,"max_hp_loss":0.0,"gold_gain":0.0,"event_name":"The Library","player_choice":"Read","floor":21.0,"gold_loss":0.0,"damage_taken":0.0,"cards_obtained":["Noxious Fumes"]},{"damage_healed":0.0,"max_hp_gain":0.0,"max_hp_loss":0.0,"gold_gain":0.0,"event_name":"The Joust","player_choice":"Bet on Owner","floor":30.0,"gold_loss":50.0,"damage_taken":0.0},{"damage_healed":0.0,"max_hp_gain":0.0,"max_hp_loss":0.0,"gold_gain":0.0,"event_name":"MindBloom","player_choice":"Upgrade","floor":38.0,"gold_loss":0.0,"damage_taken":0.0,"cards_upgraded":["Defend_G","Defend_G","Defend_G","Defend_G","Survivor","Neutralize","Reflex","Crippling Poison","Backflip","Calculated Gamble","Blur","Prepared","Slice","Prepared","Deadly Poison"],"relics_obtained":["Mark of the Bloom"]},{"damage_healed":0.0,"max_hp_gain":0.0,"max_hp_loss":0.0,"gold_gain":0.0,"event_name":"SensoryStone","player_choice":"Memory 1","floor":39.0,"gold_loss":0.0,"damage_taken":0.0},{"damage_healed":0.0,"max_hp_gain":0.0,"max_hp_loss":0.0,"gold_gain":0.0,"event_name":"Duplicator","player_choice":"Copied","floor":47.0,"gold_loss":0.0,"damage_taken":0.0,"cards_obtained":["Adrenaline"]}],"is_beta":false,"boss_relics":[{"not_picked":["Calling Bell","Runic Pyramid"],"picked":"Ring of the Serpent"},{"not_picked":["Velvet Choker","Cursed Key"],"picked":"Empty Cage"}],"items_purged_floors":[22,44],"is_endless":false,"potions_floor_spawned":[1,3,12,18,24,33,46,48,54],"killed_by":"The Heart","ascension_level":0}}