{"host":"y4fuci1jk2rsxnep","time":1613418269,"event":{"mods":["AchievementEnabler","BaseMod","Colored Powertips","Custom Start","Defuse TimeMaze Blight","Dio Mod","Downfall","Hermit","Hero for Fun","Hubris","Hunter ??","Infinite Spire","Minty Spire (QoL Compilation)","Quick Restart","Reliquary","Remove Card Discount Mod","Replay The Spire","StSLib","The Blackbeard","The Bug Knight","The Mystic","The Runesmith"],"gold_per_floor":[115,134,134,150,150,150,150,150,220,252,266,146,146,339,339,391,391,409,409,426,283,283,283],"floor_reached":22,"language":"ENG","playtime":1707,"items_purged":["hermit:Strike_Hermit","hermit:Strike_Hermit","hermit:Defend_Hermit","hermit:Defend_Hermit"],"score":191,"play_id":"f883556f-e56b-4541-90c7-6a6f0fa9f60c","local_time":"20210215204429","is_ascension_mode":true,"campfire_choices":[{"data":"hermit:Deadeye","floor":6,"key":"SMITH"},{"data":"ReplayTheSpireMod:Uncanny Aura","floor":13,"key":"SMITH"},{"floor":15,"key":"REST"}],"circlet_count":0,"master_deck":["hermit:Strike_Hermit","hermit:Strike_Hermit","hermit:Defend_Hermit","hermit:Defend_Hermit","hermit:Snapshot","hermit:Covet","hermit:Roughhouse","hermit:EyeOfTheStorm","hermit:Deadeye+1","Decay","hubris:Wrath","infinitespire:UltimateForm","hermit:Quickdraw","hermit:Deadeye","hermit:Glare","ReplayTheSpireMod:Uncanny Aura+1","hermit:HighCaliber","ReplayTheSpireMod:Splinters","hermit:HighCaliber","hermit:FromBeyond","hermit:BodyArmor","Shame","hermit:ShadowCloak","hermit:Midnight"],"relics":["hermit:Momento","hubris:Icosahedron","Bag of Preparation","Toy Ornithopter","hubris:Backtick","hermit:CharredGlove","Darkstone Periapt","reliquary:TatteredRug"],"acts_visited":["Exordium","TheCity"],"potions_floor_usage":[16,16],"damage_taken":[{"damage":0,"enemies":"2 Louse","floor":1,"turns":2},{"damage":1,"enemies":"Jaw Worm","floor":2,"turns":4},{"damage":5,"enemies":"Small Slimes","floor":4,"turns":2},{"damage":34,"enemies":"Lagavulin","floor":10,"turns":6},{"damage":0,"enemies":"2 Fungi Beasts","floor":11,"turns":3},{"damage":38,"enemies":"Hexaghost","floor":16,"turns":7},{"damage":20,"enemies":"Shell Parasite","floor":18,"turns":4},{"damage":21,"enemies":"2 Thieves","floor":20,"turns":4},{"damage":55,"enemies":"Cultist and Chosen","floor":22,"turns":6}],"seed_played":"-2014690295598973774","potions_obtained":[{"floor":4,"key":"Milkshake"},{"floor":10,"key":"Reflective Coating"},{"floor":11,"key":"BlessingOfTheForge"},{"floor":16,"key":"Dexterity Potion"}],"is_trial":false,"path_per_floor":["M","M","?","M","?","R","?","?","T","E","M","$","R","?","R","B",null,"M","?","M","$","M"],"character_chosen":"HERMIT","items_purchased":["ReplayTheSpireMod:Uncanny Aura","hermit:HighCaliber","hermit:ShadowCloak","reliquary:TatteredRug","hermit:Midnight"],"campfire_rested":1,"item_purchase_floors":[12,12,21,21,21],"current_hp_per_floor":[75,74,74,69,72,72,72,72,72,38,38,38,38,38,61,33,78,58,64,43,43,0,0],"gold":283,"neow_bonus":"ONE_RANDOM_RARE_CARD","is_daily":false,"chose_seed":false,"campfire_upgraded":2,"win_rate":0.0,"timestamp":1613418269,"path_taken":["M","M","?","M","?","R","?","?","T","E","M","?","R","?","R","BOSS","M","?","M","$","M"],"items_purchased_type":["Card","Card","Card","Relic","Card"],"build_version":"2020-12-22","purchased_purges":4,"victory":false,"max_hp_per_floor":[75,75,75,75,78,78,78,78,78,78,78,78,78,78,78,78,78,78,84,84,84,84,84],"card_choices":[{"not_picked":["hermit:Desperado","hermit:Coalescence"],"picked":"hermit:EyeOfTheStorm","floor":1},{"not_picked":["hermit:HighCaliber","hermit:Vantage"],"picked":"hermit:Deadeye","floor":2},{"not_picked":["infinitespire:Oblivion","ReplayTheSpireMod:Echoes of Time"],"picked":"infinitespire:UltimateForm","floor":3},{"not_picked":["hermit:Feint","hermit:Enervate"],"picked":"hermit:Quickdraw","floor":4},{"not_picked":["hermit:Vantage","hermit:Dissolve"],"picked":"hermit:Deadeye","floor":10},{"not_picked":["hermit:HighCaliber","hermit:LowProfile"],"picked":"hermit:Glare","floor":11},{"not_picked":["hermit:LoneWolf","hermit:Ricochet"],"picked":"hermit:HighCaliber","floor":14},{"not_picked":["hermit:Gambit","hermit:DeadOrAlive"],"picked":"hermit:FromBeyond","floor":16},{"not_picked":["hermit:Dive+1","hermit:TrackingShot"],"picked":"hermit:BodyArmor","floor":18},{"not_picked":["hermit:LowProfile+1","hermit:Misfire","hermit:Headshot+1"],"picked":"SKIP","floor":20}],"player_experience":587857,"relics_obtained":[{"floor":8,"key":"Bag of Preparation"},{"floor":10,"key":"Toy Ornithopter"}],"event_choices":[{"damage_healed":0,"gold_gain":0,"player_choice":"Stole Relic","damage_taken":0,"relics_obtained":["Darkstone Periapt"],"max_hp_gain":0,"max_hp_loss":0,"event_name":"Addict","floor":19,"gold_loss":0,"cards_obtained":["Shame"]}],"is_beta":false,"boss_relics":[{"not_picked":["Snecko Eye","hubris:RunicObelisk"],"picked":"hubris:Backtick"}],"items_purged_floors":[12,12,21,21],"is_endless":false,"potions_floor_spawned":[4,10,11,16],"killed_by":"Cultist and Chosen","ascension_level":1}}