{"host":"vyrim7c8c6ucsmzk","time":1613433585,"event":{"mods":["BaseMod","Colored Map","Downfall","Minty Spire (QoL Compilation)","StSLib"],"gold_per_floor":[99,111,127,277,292,292,292,292,51,66,66,78,78,110,122,122,122,122],"floor_reached":16,"language":"ENG","playtime":878,"items_purged":[],"score":107,"play_id":"7ed5b870-407a-4f25-957b-ea2fed292f3f","local_time":"20210215185945","is_ascension_mode":true,"campfire_choices":[{"data":"champ:Taunt","floor":1,"key":"SMITH"},{"data":"champ:EnragedBash","floor":6,"key":"SMITH"},{"data":"champ:SteelEdge","floor":11,"key":"SMITH"},{"floor":13,"key":"RECALL"}],"circlet_count":0,"master_deck":["champ:Strike","champ:Strike","champ:Strike","champ:Strike","champ:Defend","champ:Defend","champ:Defend","champ:Defend","champ:Execute","champ:Taunt+1","champ:CrookedStrike","champ:SteelEdge+1","downfall:Icky","champ:EnragedBash+1","champ:Taunt+1","champ:IronFortress+1","champ:Improvising+1","champ:GutPunch","champ:BringItOn"],"relics":["champ:ChampionCrown","Frozen Egg 2","Bag of Preparation","Lantern"],"acts_visited":["Exordium"],"potions_floor_usage":[14,14,16],"damage_taken":[{"damage":13,"enemies":"Jaw Worm","floor":2,"turns":3},{"damage":10,"enemies":"2 Louse","floor":3,"turns":2},{"damage":12,"enemies":"Cultist","floor":5,"turns":4},{"damage":15,"enemies":"downfall:FleeingMerchant","floor":9,"turns":4},{"damage":9,"enemies":"Red Slaver","floor":10,"turns":3},{"damage":26,"enemies":"Blue Slaver","floor":12,"turns":4},{"damage":54,"enemies":"Gremlin Nob","floor":14,"turns":4},{"damage":31,"enemies":"Exordium Wildlife","floor":15,"turns":5},{"damage":89,"enemies":"WA_ARCHETYPE_RETAIN","floor":16,"turns":9}],"seed_played":"-8850779432875847276","potions_obtained":[{"floor":3,"key":"Energy Potion"},{"floor":12,"key":"Fire Potion"},{"floor":15,"key":"SneckoOil"}],"is_trial":false,"path_per_floor":["R","M","M","?","M","R","T","?","$","M","R","M","R","E","M","B"],"character_chosen":"THE_CHAMP","items_purchased":["champ:Improvising+1","Bag of Preparation"],"campfire_rested":0,"item_purchase_floors":[9,9],"current_hp_per_floor":[99,96,96,96,94,94,94,94,84,80,80,74,74,50,34,0,0,0],"gold":122,"neow_bonus":"TEN_PERCENT_HP_BONUS","is_daily":false,"chose_seed":false,"campfire_upgraded":3,"win_rate":0.0,"timestamp":1613433585,"path_taken":["R","M","M","?","M","R","T","?","$","M","R","M","R","E","M","BOSS"],"items_purchased_type":["Card","Relic"],"build_version":"2020-12-22","purchased_purges":0,"victory":false,"max_hp_per_floor":[99,99,99,99,99,99,99,99,99,99,99,99,99,99,99,99,99,99],"card_choices":[{"not_picked":["champ:PreciseThrust","champ:CrownThrow"],"picked":"champ:CrookedStrike","floor":2},{"not_picked":["champ:BerserkersShout","champ:PreciseThrust"],"picked":"champ:SteelEdge","floor":3},{"not_picked":["champ:RisingSlash","champ:IronFortress"],"picked":"champ:EnragedBash","floor":5},{"not_picked":["champ:PreciseThrust","champ:BringItOn"],"picked":"champ:IronFortress+1","floor":9},{"not_picked":["champ:HeavySlash","champ:RisingSlash","champ:BringItOn"],"picked":"SKIP","floor":10},{"not_picked":["champ:PerfectedStrike","champ:FocusedDefense","champ:Lariat"],"picked":"SKIP","floor":12},{"not_picked":["champ:FanOfKnives","champ:PerfectedStrike"],"picked":"champ:GutPunch","floor":14},{"not_picked":["champ:FancyFootwork","champ:ArenaPreparation"],"picked":"champ:BringItOn","floor":15}],"player_experience":1402820,"relics_obtained":[{"floor":7,"key":"Frozen Egg 2"},{"floor":14,"key":"Lantern"}],"event_choices":[],"is_beta":false,"boss_relics":[],"items_purged_floors":[],"is_endless":false,"potions_floor_spawned":[3,12,15],"killed_by":"WA_ARCHETYPE_RETAIN","ascension_level":1}}