{"host":"or8fr2mp0k3eluj8","time":1613363057,"event":{"mods":["AchievementEnabler","BaseMod","Colored Map","DeckTracker","Minty Spire (QoL Compilation)","SuperFastMode"],"gold_per_floor":[111,111,186,37,37,71,90,90,90,90,107,107,118,131,131,233,283,293,309,309,320,245,245,245],"floor_reached":23,"language":"KOR","playtime":414,"items_purged":["Strike_P"],"score":216,"play_id":"077aee30-41aa-49ae-ab5f-8c9e07e4ad43","local_time":"20210215132417","is_ascension_mode":false,"campfire_choices":[{"floor":8,"key":"REST"},{"data":"Eruption","floor":10,"key":"SMITH"},{"floor":12,"key":"REST"},{"floor":15,"key":"REST"}],"circlet_count":0,"master_deck":["Strike_P","Strike_P","Strike_P","Defend_P","Defend_P","Defend_P","Eruption+1","Vigilance+1","FlurryOfBlows","Halt","CrushJoints","BowlingBash+1"],"relics":["PureWater","NeowsBlessing","Lantern","Dream Catcher","Tiny House"],"acts_visited":["Exordium","TheCity"],"potions_floor_usage":[13,21],"damage_taken":[{"damage":0,"enemies":"Small Slimes","floor":1,"turns":1},{"damage":0,"enemies":"Lagavulin","floor":6,"turns":1},{"damage":0,"enemies":"Cultist","floor":7,"turns":1},{"damage":12,"enemies":"Jaw Worm","floor":11,"turns":2},{"damage":0,"enemies":"Blue Slaver","floor":13,"turns":2},{"damage":0,"enemies":"2 Fungi Beasts","floor":14,"turns":2},{"damage":20,"enemies":"Slime Boss","floor":16,"turns":7},{"damage":11,"enemies":"Spheric Guardian","floor":18,"turns":4},{"damage":0,"enemies":"Chosen","floor":19,"turns":4},{"damage":31,"enemies":"Centurion and Healer","floor":21,"turns":6},{"damage":37,"enemies":"Snake Plant","floor":23,"turns":4}],"seed_played":"272530718285869732","potions_obtained":[{"floor":1,"key":"Swift Potion"},{"floor":5,"key":"Energy Potion"},{"floor":5,"key":"EssenceOfSteel"},{"floor":13,"key":"SpeedPotion"},{"floor":17,"key":"SkillPotion"},{"floor":18,"key":"Fruit Juice"},{"floor":19,"key":"Energy Potion"}],"is_trial":false,"path_per_floor":["M","?","?","$","?","E","M","R","T","R","M","R","M","M","R","B",null,"M","M","?","M","$","M"],"character_chosen":"WATCHER","items_purchased":["Lantern"],"campfire_rested":3,"item_purchase_floors":[4],"current_hp_per_floor":[72,65,54,54,54,54,54,72,72,72,60,72,72,72,72,52,77,66,66,59,33,33,0,0],"gold":245,"neow_bonus":"THREE_ENEMY_KILL","is_daily":false,"chose_seed":false,"campfire_upgraded":1,"win_rate":0.0,"timestamp":1613363057,"path_taken":["M","?","?","$","?","E","M","R","T","R","?","R","M","M","R","BOSS","M","?","?","?","$","M"],"items_purchased_type":["Relic"],"build_version":"2020-12-22","purchased_purges":1,"victory":false,"max_hp_per_floor":[72,72,72,72,72,72,72,72,72,72,72,72,72,72,72,72,77,77,77,77,82,82,82,82],"card_choices":[{"not_picked":["Study","Wireheading","Crescendo"],"picked":"SKIP","floor":1},{"not_picked":["CutThroughFate","Evaluate","ClearTheMind"],"picked":"SKIP","floor":6},{"not_picked":["FlyingSleeves","ClearTheMind","EmptyFist"],"picked":"SKIP","floor":7},{"not_picked":["JustLucky","PathToVictory"],"picked":"FlurryOfBlows","floor":8},{"not_picked":["SashWhip","ThirdEye","EmptyFist"],"picked":"SKIP","floor":11},{"not_picked":["Perseverance","EmptyFist","Wireheading"],"picked":"SKIP","floor":13},{"not_picked":["JustLucky","EmptyFist"],"picked":"Halt","floor":14},{"not_picked":["Crescendo","EmptyBody"],"picked":"CrushJoints","floor":15},{"not_picked":["Worship","FlurryOfBlows","FollowUp"],"picked":"SKIP","floor":18},{"not_picked":["ReachHeaven","Halt"],"picked":"BowlingBash+1","floor":19},{"not_picked":["EmptyMind","JustLucky+1","EmptyBody+1"],"picked":"SKIP","floor":21}],"player_experience":312379,"relics_obtained":[{"floor":6,"key":"Dream Catcher"}],"event_choices":[{"cards_removed":["Defend_P"],"damage_healed":0,"gold_gain":0,"player_choice":"Card Removal","damage_taken":7,"max_hp_gain":0,"max_hp_loss":0,"event_name":"Golden Wing","floor":2,"gold_loss":0},{"damage_healed":0,"gold_gain":75,"player_choice":"Gather Gold","damage_taken":11,"max_hp_gain":0,"max_hp_loss":0,"event_name":"World of Goop","floor":3,"gold_loss":0},{"damage_healed":0,"gold_gain":0,"player_choice":"Got Potions","damage_taken":0,"max_hp_gain":0,"max_hp_loss":0,"event_name":"Lab","floor":5,"gold_loss":0},{"damage_healed":0,"gold_gain":0,"player_choice":"Damaged","damage_taken":7,"max_hp_gain":0,"max_hp_loss":0,"event_name":"Wheel of Change","floor":20,"gold_loss":0}],"is_beta":false,"boss_relics":[{"not_picked":["Coffee Dripper","Calling Bell"],"picked":"Tiny House"}],"items_purged_floors":[22],"is_endless":false,"potions_floor_spawned":[1,11,13,18,19],"killed_by":"Snake Plant","ascension_level":0}}