{"host":"ydg0vn0pu4pubmdt","time":1613376714,"event":{"mods":["AchievementEnabler","BaseMod","Colored Map","Gold Saver","Minty Spire (QoL Compilation)","Quick Restart","SuperFastMode"],"gold_per_floor":[606,618,32,48,13,40,115,125,172,172,172,189,189,6,6,85,85,95,95,95,108,108,108],"floor_reached":22,"language":"KOR","playtime":617,"items_purged":["Strike_G","Defend_G"],"score":368,"play_id":"7747f1ca-0e5d-49a7-85ff-a4c48b1630f1","local_time":"20210215171154","is_ascension_mode":true,"campfire_choices":[{"floor":11,"key":"REST"},{"data":"Cloak And Dagger","floor":13,"key":"SMITH"},{"data":"Cloak And Dagger","floor":15,"key":"SMITH"}],"circlet_count":0,"master_deck":["AscendersBane","Strike_G","Strike_G","Strike_G","Strike_G","Defend_G","Defend_G","Defend_G","Defend_G","Survivor+1","Neutralize","Bouncing Flask","Backflip+1","Accuracy","Cloak And Dagger+1","Dagger Spray","Predator","Cloak And Dagger+1","Noxious Fumes","Adrenaline","Escape Plan"],"relics":["Ring of the Snake","Question Card","Matryoshka","War Paint","Boot","Runic Pyramid"],"acts_visited":["Exordium","TheCity"],"potions_floor_usage":[12,22,22],"damage_taken":[{"damage":7.0,"enemies":"Jaw Worm","floor":1.0,"turns":5.0},{"damage":8.0,"enemies":"2 Louse","floor":2.0,"turns":4.0},{"damage":2.0,"enemies":"Small Slimes","floor":4.0,"turns":4.0},{"damage":15.0,"enemies":"3 Sentries","floor":6.0,"turns":8.0},{"damage":0.0,"enemies":"3 Louse","floor":8.0,"turns":2.0},{"damage":1,"enemies":"Blue Slaver","floor":12,"turns":4},{"damage":29,"enemies":"Hexaghost","floor":16,"turns":10},{"damage":0,"enemies":"Chosen","floor":18,"turns":4},{"damage":13,"enemies":"Shell Parasite","floor":21,"turns":7},{"damage":1,"enemies":"Chosen and Byrds","floor":22,"turns":3}],"seed_played":"-5489282646306875048","potions_obtained":[{"floor":1.0,"key":"DuplicationPotion"},{"floor":6.0,"key":"Regen Potion"},{"floor":16,"key":"Explosive Potion"},{"floor":18,"key":"GhostInAJar"}],"is_trial":false,"path_per_floor":["M","M","$","M","?","E","?","M","T","?","R","M","R","$","R","B",null,"M","$","?","M","M"],"character_chosen":"THE_SILENT","items_purchased":["Accuracy","Cloak And Dagger","Question Card","Dagger Spray","Fire Potion","DuplicationPotion"],"campfire_rested":1,"item_purchase_floors":[3,3,3,3,3,14],"current_hp_per_floor":[37,29,29,27,43,28,17,17,17,17,36,47,47,47,47,18,54,54,54,36,23,22,22],"gold":108,"neow_bonus":"TWO_FIFTY_GOLD","is_daily":false,"chose_seed":false,"campfire_upgraded":2,"win_rate":0.0,"timestamp":1613376714,"path_taken":["M","M","$","M","?","E","?","M","T","?","R","M","R","$","R","BOSS","M","$","?","M","M"],"items_purchased_type":["Card","Card","Relic","Card","Potion","Potion"],"build_version":"2020-12-22","purchased_purges":2,"victory":false,"max_hp_per_floor":[66,66,66,66,66,66,66,66,66,66,66,66,66,66,66,66,66,66,66,71,71,71,71],"card_choices":[{"not_picked":["Dash","Flying Knee"],"picked":"Bouncing Flask","floor":1.0},{"not_picked":["Distraction","Flying Knee"],"picked":"Backflip","floor":2.0},{"not_picked":["Backflip","Well Laid Plans","Caltrops"],"picked":"Predator","floor":4.0},{"not_picked":["Calculated Gamble","Deflect","Quick Slash"],"picked":"Cloak And Dagger","floor":6.0},{"not_picked":["Bane","Footwork","Dodge and Roll","Underhanded Strike"],"picked":"SKIP","floor":8.0},{"not_picked":["Bane","Footwork","Dodge and Roll","Underhanded Strike"],"picked":"SKIP","floor":8.0},{"not_picked":["Dodge and Roll","Poisoned Stab","Heel Hook"],"picked":"Noxious Fumes","floor":12},{"not_picked":["Storm of Steel","Unload","A Thousand Cuts"],"picked":"Adrenaline","floor":16},{"not_picked":["Cloak And Dagger","Dagger Spray","Heel Hook"],"picked":"Escape Plan","floor":18},{"not_picked":["Dagger Throw","Acrobatics","Die Die Die","Dodge and Roll"],"picked":"SKIP","floor":21}],"player_experience":561094,"relics_obtained":[{"floor":6.0,"key":"Matryoshka"},{"floor":9.0,"key":"War Paint"},{"floor":9.0,"key":"Boot"}],"event_choices":[{"damage_healed":16.0,"max_hp_gain":0.0,"max_hp_loss":0.0,"gold_gain":0.0,"event_name":"The Cleric","player_choice":"Healed","floor":5.0,"gold_loss":35.0,"damage_taken":0.0},{"damage_healed":0.0,"max_hp_gain":0.0,"max_hp_loss":0.0,"gold_gain":75.0,"event_name":"World of Goop","player_choice":"Gather Gold","floor":7.0,"gold_loss":0.0,"damage_taken":11.0},{"damage_healed":0,"gold_gain":0,"player_choice":"Fled","damage_taken":0,"max_hp_gain":0,"max_hp_loss":0,"event_name":"Scrap Ooze","floor":10,"gold_loss":0},{"damage_healed":0,"gold_gain":0,"player_choice":"Shed Blood","damage_taken":23,"max_hp_gain":5,"max_hp_loss":0,"event_name":"Forgotten Altar","floor":20,"gold_loss":0}],"is_beta":false,"boss_relics":[{"not_picked":["HoveringKite","Cursed Key"],"picked":"Runic Pyramid"}],"items_purged_floors":[3,14],"is_endless":false,"potions_floor_spawned":[1,6,16,18],"killed_by":"Chosen and Byrds","ascension_level":20}}