{"host":"4rvakrj1idbgia3f","time":1613403536,"event":{"mods":["BaseMod","Colored Map","Colored Powertips","DeckTracker","Highlight Path","Minty Spire (QoL Compilation)","Random Character Button","StSLib"],"gold_per_floor":[116,116,129,129,144,144,294,294,321,35,35,69,144,155,155,232,232,172,48,48,48,48,48],"floor_reached":22,"language":"JPN","playtime":553,"items_purged":["Doubt"],"score":364,"play_id":"b02d707a-d022-49a8-adb8-6975c7ec395b","local_time":"20210216003856","is_ascension_mode":true,"campfire_choices":[{"floor":6,"key":"RECALL"},{"floor":8,"key":"REST"},{"floor":11,"key":"REST"},{"floor":15,"key":"REST"}],"circlet_count":0,"master_deck":["AscendersBane","Strike_B","Strike_B","Strike_B","Strike_B","Defend_B","Defend_B","Defend_B","Defend_B","Zap","Dualcast","Self Repair","Beam Cell","Doom and Gloom","Cold Snap","FTL+1","Gash+1","Meteor Strike+1","Compile Driver+1","Loop","FTL+1","Ball Lightning+1"],"relics":["Fusion Hammer","Strawberry","Pen Nib","Sling","Molten Egg 2","Ectoplasm"],"acts_visited":["Exordium","TheCity"],"potions_floor_usage":[22,22],"damage_taken":[{"damage":2,"enemies":"Small Slimes","floor":1,"turns":3},{"damage":2,"enemies":"Jaw Worm","floor":3,"turns":4},{"damage":2,"enemies":"2 Louse","floor":5,"turns":3},{"damage":27,"enemies":"Gremlin Nob","floor":12,"turns":4},{"damage":3,"enemies":"Blue Slaver","floor":14,"turns":2},{"damage":36,"enemies":"Slime Boss","floor":16,"turns":7},{"damage":21,"enemies":"2 Thieves","floor":18,"turns":3},{"damage":41,"enemies":"3 Byrds","floor":21,"turns":5},{"damage":16,"enemies":"Snake Plant","floor":22,"turns":2}],"seed_played":"-9179721042243629499","potions_obtained":[{"floor":1,"key":"EssenceOfSteel"},{"floor":3,"key":"EssenceOfSteel"},{"floor":16,"key":"PowerPotion"},{"floor":21,"key":"ColorlessPotion"}],"is_trial":false,"path_per_floor":["M","?","M","?","M","R","?","R","T","$","R","E","?","M","R","B",null,"M","$","?","M","M"],"character_chosen":"DEFECT","items_purchased":["Sling","Cold Snap","Loop","FTL+1"],"campfire_rested":3,"item_purchase_floors":[10,10,19,19],"current_hp_per_floor":[62,62,67,69,74,74,74,78,78,78,78,58,47,51,74,45,70,49,49,49,15,0,0],"gold":48,"neow_bonus":"BOSS_RELIC","is_daily":false,"chose_seed":false,"campfire_upgraded":0,"win_rate":0.0,"timestamp":1613403536,"path_taken":["M","?","M","?","M","R","?","R","T","$","R","E","?","M","R","BOSS","M","$","?","M","M"],"items_purchased_type":["Relic","Card","Card","Card"],"build_version":"2020-12-22","purchased_purges":1,"victory":false,"max_hp_per_floor":[71,71,71,78,78,78,78,78,78,78,78,78,78,78,78,78,78,78,78,78,78,78,78],"card_choices":[{"not_picked":["Force Field","Steam Power"],"picked":"Self Repair","floor":1},{"not_picked":["Steam","Blizzard"],"picked":"Beam Cell","floor":3},{"not_picked":["Darkness","Leap"],"picked":"Doom and Gloom","floor":5},{"not_picked":["Turbo","Chaos"],"picked":"FTL+1","floor":12},{"not_picked":["Rip and Tear+1","Hologram"],"picked":"Gash+1","floor":14},{"not_picked":["Multi-Cast","Seek"],"picked":"Meteor Strike+1","floor":16},{"not_picked":["Cold Snap+1","Beam Cell+1"],"picked":"Compile Driver+1","floor":18},{"not_picked":["Reprogram","Static Discharge+1"],"picked":"Ball Lightning+1","floor":21}],"player_experience":2393391,"relics_obtained":[{"floor":9,"key":"Pen Nib"},{"floor":12,"key":"Molten Egg 2"}],"event_choices":[{"damage_healed":0,"gold_gain":0,"player_choice":"Leave","damage_taken":0,"max_hp_gain":0,"max_hp_loss":0,"event_name":"The Cleric","floor":2,"gold_loss":0},{"damage_healed":0,"gold_gain":0,"player_choice":"Success","damage_taken":5,"relics_obtained":["Strawberry"],"max_hp_gain":0,"max_hp_loss":0,"event_name":"Scrap Ooze","floor":4,"gold_loss":0},{"damage_healed":0,"gold_gain":150,"player_choice":"AGREE","damage_taken":0,"max_hp_gain":0,"max_hp_loss":0,"event_name":"Liars Game","floor":7,"gold_loss":0,"cards_obtained":["Doubt"]},{"damage_healed":0,"gold_gain":75,"player_choice":"Gather Gold","damage_taken":11,"max_hp_gain":0,"max_hp_loss":0,"event_name":"World of Goop","floor":13,"gold_loss":0},{"damage_healed":0,"gold_gain":0,"player_choice":"Ignored","damage_taken":0,"max_hp_gain":0,"max_hp_loss":0,"event_name":"The Mausoleum","floor":20,"gold_loss":0}],"is_beta":false,"boss_relics":[{"not_picked":["Inserter","Runic Dome"],"picked":"Ectoplasm"}],"items_purged_floors":[10],"is_endless":false,"potions_floor_spawned":[1,3,16,21],"killed_by":"Snake Plant","ascension_level":20}}