{"host":"se54kqb5s2qquozl","time":1613428435,"event":{"mods":["BaseMod","Colored Powertips","Downfall","Hermit","Minty Spire (QoL Compilation)","Replay The Spire","StSLib"],"gold_per_floor":[110,124,142,162,178,178,207,224,224,240,240,185,204,217,217,318,318,288,304,321,339,339,339,371,371,417,417,436,452,452,452,464,238,238,238,238],"floor_reached":35,"language":"ENG","playtime":2029,"items_purged":["hermit:Defend_Hermit"],"score":307,"play_id":"42988871-97cf-4282-ba27-1e9bf53636d8","local_time":"20210215163354","is_ascension_mode":false,"campfire_choices":[{"data":"hermit:TakeAim","floor":6.0,"key":"SMITH"},{"data":"hermit:RoundhouseKick","floor":11.0,"key":"SMITH"},{"data":"hermit:EyeOfTheStorm","floor":15.0,"key":"SMITH"},{"floor":23.0,"key":"REST"},{"data":"hermit:Dissolve","floor":25.0,"key":"SMITH"},{"data":"hermit:ShadowCloak","floor":34.0,"key":"SMITH"}],"circlet_count":0,"master_deck":["hermit:Strike_Hermit","hermit:Strike_Hermit","hermit:Defend_Hermit+1","hermit:Defend_Hermit","hermit:Defend_Hermit","hermit:Snapshot","hermit:Covet","hermit:ShadowCloak+1","hermit:Enervate","hermit:TakeAim+1","hermit:Gestalt","hermit:EyeOfTheStorm+1","hermit:RoundhouseKick+1","hermit:TakeCover","hermit:GhostlyPresence","hermit:Brawl+1","hermit:Deadeye","hermit:DeadMansHand+1","hermit:Dissolve+1","hermit:Vantage","hermit:Grudge","hermit:Misfire","hermit:Combo","Spreading Infection","hermit:Dissolve","hermit:Spite","hermit:FinalCanter"],"relics":["hermit:Momento","Replay:Baseball","Matryoshka","Empty Cage","Iron Hammer","War Paint","Frozen Egg 2","MealTicket","Gremlin Food"],"acts_visited":["Exordium","TheCity"],"potions_floor_usage":[35],"damage_taken":[{"damage":1.0,"enemies":"Cultist","floor":1.0,"turns":4.0},{"damage":0.0,"enemies":"Small Slimes","floor":2.0,"turns":3.0},{"damage":0.0,"enemies":"2 Louse","floor":3.0,"turns":2.0},{"damage":11.0,"enemies":"Lots of Slimes","floor":4.0,"turns":6.0},{"damage":0.0,"enemies":"Looter","floor":5.0,"turns":2.0},{"damage":19.0,"enemies":"Replay:BlueRogue","floor":7.0,"turns":8.0},{"damage":2.0,"enemies":"Blue Slaver","floor":8.0,"turns":4.0},{"damage":0.0,"enemies":"2 Fungi Beasts","floor":10.0,"turns":3.0},{"damage":2.0,"enemies":"3 Louse","floor":13.0,"turns":2.0},{"damage":4.0,"enemies":"Looter","floor":14.0,"turns":3.0},{"damage":37.0,"enemies":"The Guardian","floor":16.0,"turns":11.0},{"damage":22.0,"enemies":"2 Thieves","floor":18.0,"turns":5.0},{"damage":8.0,"enemies":"Shell Parasite","floor":19.0,"turns":10.0},{"damage":27.0,"enemies":"Shelled Parasite and Fungi","floor":20.0,"turns":15.0},{"damage":2.0,"enemies":"Snecko","floor":21.0,"turns":6.0},{"damage":18.0,"enemies":"Slavers","floor":24.0,"turns":9.0},{"damage":0.0,"enemies":"Book of Stabbing","floor":27.0,"turns":1.0},{"damage":0.0,"enemies":"Sentry and Sphere","floor":28.0,"turns":3.0},{"damage":9.0,"enemies":"3 Cultists","floor":29.0,"turns":7.0},{"damage":1.0,"enemies":"Snake Plant","floor":32.0,"turns":7.0},{"damage":35,"enemies":"Pondfish","floor":35,"turns":8}],"seed_played":"2120082776502663545","potions_obtained":[{"floor":2.0,"key":"Languid Potion"},{"floor":3.0,"key":"Ancient Potion"},{"floor":4.0,"key":"LiquidMemories"},{"floor":7.0,"key":"AttackPotion"},{"floor":18.0,"key":"Languid Potion"},{"floor":20.0,"key":"SmokeBomb"},{"floor":28.0,"key":"Swift Potion"}],"is_trial":false,"path_per_floor":["M","M","M","M","M","R","E","M","T","M","R","$","M","M","R","B",null,"M","M","M","M","?","R","E","R","T","E","M","M","PTL","PTL","M","$","R","B"],"character_chosen":"HERMIT","items_purchased":["hermit:Brawl+1","Gremlin Food"],"campfire_rested":1,"item_purchase_floors":[12,33],"current_hp_per_floor":[81,81,81,70,70,70,51,49,49,49,49,49,47,43,43,6,82,60,52,25,23,23,47,29,29,29,29,29,20,20,20,19,34,34,0,0],"gold":238,"neow_bonus":"TEN_PERCENT_HP_BONUS","is_daily":false,"chose_seed":false,"campfire_upgraded":5,"win_rate":0.0,"timestamp":1613428434,"path_taken":["M","M","M","M","M","R","E","M","T","M","R","$","M","M","R","BOSS","M","M","M","M","?","R","E","R","T","E","M","M","PTL","PTL","M","$","R","BOSS"],"items_purchased_type":["Card","Relic"],"build_version":"2020-12-22","purchased_purges":1,"victory":false,"max_hp_per_floor":[82,82,82,82,82,82,82,82,82,82,82,82,82,82,82,82,82,82,82,82,82,82,82,82,82,82,82,82,82,82,82,82,82,82,82,82],"card_choices":[{"not_picked":["hermit:ItchyTrigger","hermit:WideOpen"],"picked":"hermit:ShadowCloak","floor":1.0},{"not_picked":["hermit:Cheat","hermit:Dive"],"picked":"hermit:Enervate","floor":2.0},{"not_picked":["hermit:Scavenge","hermit:Snipe"],"picked":"hermit:TakeAim","floor":3.0},{"not_picked":["hermit:PistolWhip","hermit:HoleUp"],"picked":"hermit:Gestalt","floor":4.0},{"not_picked":["hermit:Snipe","hermit:TakeCover"],"picked":"hermit:EyeOfTheStorm","floor":5.0},{"not_picked":["hermit:Horror","hermit:Ricochet"],"picked":"hermit:RoundhouseKick","floor":7.0},{"not_picked":["hermit:HighCaliber","hermit:Ricochet"],"picked":"hermit:TakeCover","floor":8.0},{"not_picked":["hermit:Spite","hermit:Coalescence"],"picked":"hermit:GhostlyPresence","floor":10.0},{"not_picked":["hermit:Midnight","hermit:HighCaliber"],"picked":"hermit:Deadeye","floor":13.0},{"not_picked":["hermit:LoneWolf","hermit:Manifest"],"picked":"hermit:DeadMansHand","floor":14.0},{"not_picked":["hermit:Purgatory","hermit:Adapt"],"picked":"hermit:Dissolve","floor":16.0},{"not_picked":["hermit:Brawl","hermit:Feint"],"picked":"hermit:Vantage","floor":18.0},{"not_picked":["hermit:LowProfile","hermit:Quickdraw"],"picked":"hermit:Grudge","floor":19.0},{"not_picked":["hermit:WideOpen","hermit:Roulette"],"picked":"hermit:Misfire","floor":20.0},{"not_picked":["hermit:Vantage","hermit:HighCaliber"],"picked":"hermit:Combo","floor":21.0},{"not_picked":["hermit:EyeOfTheStorm","hermit:Coalescence+1"],"picked":"hermit:Dissolve","floor":24.0},{"not_picked":["hermit:Headshot","hermit:TrackingShot","hermit:Feint"],"picked":"SKIP","floor":28.0},{"not_picked":["hermit:CalledShot","hermit:Glare+1"],"picked":"hermit:Spite","floor":29.0},{"not_picked":["hermit:Enervate+1","hermit:Ricochet+1"],"picked":"hermit:FinalCanter","floor":32.0}],"player_experience":62444,"relics_obtained":[{"floor":7.0,"key":"Replay:Baseball"},{"floor":9.0,"key":"Matryoshka"},{"floor":24.0,"key":"War Paint"},{"floor":26.0,"key":"Frozen Egg 2"},{"floor":26.0,"key":"MealTicket"}],"event_choices":[],"is_beta":false,"boss_relics":[{"not_picked":["Replay:Drink Me","Runic Pyramid"],"picked":"Empty Cage"}],"items_purged_floors":[33],"is_endless":false,"potions_floor_spawned":[2,3,4,7,8,13,18,20,21,28],"killed_by":"Pondfish","ascension_level":0}}