{"host":"prxrhpgaxnj4om9r","time":1613395001,"event":{"mods":["AchievementEnabler","BaseMod","Colored Map","DeckTracker","Minty Spire (QoL Compilation)"],"gold_per_floor":[115,130,130,144,159,159,188,214,239,258,268,96,109,122,122,222,222,233,158,73,91,91,91,91,91,91,15,91,116,116,144,144,144,144],"floor_reached":33,"language":"KOR","playtime":1227,"items_purged":[],"score":372,"play_id":"0a44a7bf-e401-46da-95a0-cdc876a66938","local_time":"20210215221641","is_ascension_mode":true,"campfire_choices":[{"data":"Flex","floor":6,"key":"SMITH"},{"data":"Body Slam","floor":15,"key":"SMITH"},{"floor":23,"key":"REST"},{"data":"Fire Breathing","floor":25,"key":"SMITH"},{"data":"Flex","floor":32,"key":"SMITH"}],"circlet_count":0,"master_deck":["Strike_R","Strike_R","Strike_R","Strike_R","Defend_R","Defend_R","Bash","Shrug It Off","Flex+1","Heavy Blade","Dropkick","Clothesline","Fire Breathing+1","Offering","Body Slam+1","Cleave","Flex+1","Impervious","Armaments+1","Wild Strike","Reckless Charge","True Grit+1","Heavy Blade"],"relics":["Burning Blood","NeowsBlessing","Odd Mushroom","Nunchaku","Ancient Tea Set","Sling","Mark of Pain","PreservedInsect","Smiling Mask","White Beast Statue","Mummified Hand","Ice Cream","Meat on the Bone","Dead Branch"],"acts_visited":["Exordium","TheCity"],"potions_floor_usage":[5,10,13,14,21,29,31,33,33],"damage_taken":[{"damage":0,"enemies":"Cultist","floor":1,"turns":1},{"damage":0,"enemies":"Jaw Worm","floor":2,"turns":1},{"damage":0,"enemies":"Small Slimes","floor":4,"turns":1},{"damage":13,"enemies":"Blue Slaver","floor":5,"turns":3},{"damage":15,"enemies":"The Mushroom Lair","floor":7,"turns":3},{"damage":16,"enemies":"Gremlin Nob","floor":8,"turns":3},{"damage":11,"enemies":"Looter","floor":10,"turns":2},{"damage":6,"enemies":"3 Louse","floor":11,"turns":3},{"damage":15,"enemies":"Lots of Slimes","floor":13,"turns":4},{"damage":13,"enemies":"Blue Slaver","floor":14,"turns":2},{"damage":18,"enemies":"Slime Boss","floor":16,"turns":6},{"damage":30,"enemies":"Shell Parasite","floor":18,"turns":5},{"damage":25,"enemies":"2 Thieves","floor":21,"turns":2},{"damage":0,"enemies":"Gremlin Leader","floor":29,"turns":3},{"damage":19,"enemies":"Slavers","floor":31,"turns":4},{"damage":57,"enemies":"Champ","floor":33,"turns":9}],"seed_played":"8084128701334299644","potions_obtained":[{"floor":2,"key":"SteroidPotion"},{"floor":5,"key":"BloodPotion"},{"floor":8,"key":"Strength Potion"},{"floor":10,"key":"Energy Potion"},{"floor":14,"key":"ElixirPotion"},{"floor":16,"key":"SmokeBomb"},{"floor":18,"key":"FearPotion"},{"floor":21,"key":"Explosive Potion"},{"floor":29,"key":"Energy Potion"},{"floor":31,"key":"Block Potion"}],"is_trial":false,"path_per_floor":["M","M","?","M","M","R","?","E","T","M","M","$","M","M","R","B",null,"M","?","?","M","?","R","T","R","T","$","T","E","T","E","R","B"],"character_chosen":"IRONCLAD","items_purchased":["Sling","Body Slam","Reckless Charge"],"campfire_rested":1,"item_purchase_floors":[12,12,27],"current_hp_per_floor":[80,80,80,80,73,73,64,54,54,49,49,49,40,49,49,37,80,56,56,56,37,37,61,61,61,61,61,61,67,67,54,54,0,0],"gold":144,"neow_bonus":"THREE_ENEMY_KILL","is_daily":false,"chose_seed":false,"campfire_upgraded":4,"win_rate":0.0,"timestamp":1613395001,"path_taken":["M","?","?","?","M","R","?","E","T","M","M","?","?","M","R","BOSS","M","?","?","M","?","R","?","R","T","$","?","E","?","E","R","BOSS"],"items_purchased_type":["Relic","Card","Card"],"build_version":"2020-12-22","purchased_purges":0,"victory":false,"max_hp_per_floor":[80,80,80,80,80,80,80,80,80,80,80,80,80,80,80,80,80,80,80,80,80,80,80,80,80,80,80,80,80,80,80,80,80,80],"card_choices":[{"not_picked":["Pommel Strike","Iron Wave"],"picked":"Shrug It Off","floor":1},{"not_picked":["Sentinel","Dark Embrace","Anger"],"picked":"SKIP","floor":2},{"not_picked":["True Grit","Warcry"],"picked":"Flex","floor":4},{"not_picked":["Shrug It Off","Armaments"],"picked":"Heavy Blade","floor":5},{"not_picked":["Sever Soul","Pummel"],"picked":"Dropkick","floor":7},{"not_picked":["Exhume","Headbutt"],"picked":"Clothesline","floor":8},{"not_picked":["Iron Wave","Pommel Strike"],"picked":"Fire Breathing","floor":10},{"not_picked":["Armaments","Body Slam"],"picked":"Offering","floor":11},{"not_picked":["Carnage","Pommel Strike"],"picked":"Cleave","floor":13},{"not_picked":["Warcry","Twin Strike"],"picked":"Flex","floor":14},{"not_picked":["Corruption","Brutality"],"picked":"Impervious","floor":16},{"not_picked":["Evolve","Blood for Blood"],"picked":"Armaments+1","floor":18},{"not_picked":["Havoc","Infernal Blade"],"picked":"Wild Strike","floor":21},{"not_picked":["Cleave","Flex"],"picked":"True Grit+1","floor":29},{"not_picked":["Anger+1","Flex+1"],"picked":"Heavy Blade","floor":31}],"player_experience":462908,"relics_obtained":[{"floor":7,"key":"Odd Mushroom"},{"floor":8,"key":"Nunchaku"},{"floor":9,"key":"Ancient Tea Set"},{"floor":24,"key":"Smiling Mask"},{"floor":26,"key":"White Beast Statue"},{"floor":28,"key":"Mummified Hand"},{"floor":29,"key":"Ice Cream"},{"floor":30,"key":"Meat on the Bone"},{"floor":31,"key":"Dead Branch"}],"event_choices":[{"cards_removed":["Defend_R"],"damage_healed":0,"gold_gain":0,"player_choice":"Offered Basic","damage_taken":0,"max_hp_gain":0,"max_hp_loss":0,"event_name":"Bonfire Elementals","floor":3,"gold_loss":0},{"damage_healed":0,"gold_gain":0,"player_choice":"Fought Mushrooms","damage_taken":0,"max_hp_gain":0,"max_hp_loss":0,"event_name":"Mushrooms","floor":7,"gold_loss":0},{"cards_removed":["Defend_R"],"damage_healed":0,"gold_gain":0,"player_choice":"Gave Gold","damage_taken":0,"max_hp_gain":0,"max_hp_loss":0,"event_name":"Beggar","floor":19,"gold_loss":75},{"damage_healed":0,"gold_gain":0,"player_choice":"Obtained Relic","damage_taken":0,"relics_obtained":["PreservedInsect"],"max_hp_gain":0,"max_hp_loss":0,"event_name":"Addict","floor":20,"gold_loss":85},{"cards_removed":["Strike_R"],"damage_healed":0,"gold_gain":0,"player_choice":"Elegance","damage_taken":0,"max_hp_gain":0,"max_hp_loss":0,"event_name":"Back to Basics","floor":22,"gold_loss":0}],"is_beta":false,"boss_relics":[{"not_picked":["SlaversCollar","Astrolabe"],"picked":"Mark of Pain"}],"items_purged_floors":[],"is_endless":false,"potions_floor_spawned":[2,5,8,10,14,16,18,21,29,31],"killed_by":"Champ","ascension_level":4}}