{"host":"br1k745010e75u9o","time":1613400505,"event":{"mods":["BaseMod","CCEM2","Conspire","Downfall","Friendly Minions","Hermit","Hubris","Infinite Spire","Mari Mod (Legacy)","Mari\u0027s V1 Patch","Minty Spire (QoL Compilation)","Rare Cards Sparkle","Replay The Spire","StSLib","The Cursed","Yohane!"],"gold_per_floor":[117,161,161,34,51,77,89,108,133,144,144,156,156,167,167,263,263,281,281,281,295,309,309,309,326,326,326,339,339,352,372,372,472,472,472,488,5,5,25,25,25],"floor_reached":40,"language":"ENG","playtime":2030,"items_purged":["TheCursedMod:Defend_TheCursed","TheCursedMod:Torture"],"score":394,"play_id":"9ddcdc9e-85d9-4ea2-bf3b-50c97eac0422","local_time":"20210215144825","is_ascension_mode":false,"campfire_choices":[{"floor":11,"key":"REST"},{"data":"TheCursedMod:HellsGateOpen","floor":13,"key":"SMITH"},{"data":"TheCursedMod:SpitefulPray","floor":15,"key":"SMITH"},{"data":"TheCursedMod:DemonSword","floor":23,"key":"SMITH"},{"data":"TheCursedMod:SpitefulPlan","floor":27,"key":"SMITH"},{"floor":32,"key":"REST"}],"circlet_count":0,"master_deck":["TheCursedMod:Strike_TheCursed","TheCursedMod:Strike_TheCursed","TheCursedMod:Strike_TheCursed","TheCursedMod:Defend_TheCursed","TheCursedMod:Defend_TheCursed","TheCursedMod:Defend_TheCursed","TheCursedMod:CursedWand+1","TheCursedMod:CleanUpWorkshop","TheCursedMod:Dregs","TheCursedMod:WearCloak","TheCursedMod:HellsGateOpen+1","TheCursedMod:CursedShiv","TheCursedMod:CursedBlade","TheCursedMod:SpitefulPlan+1","TheCursedMod:CursedAmulet","TheCursedMod:CursedBlade","TheCursedMod:SpitefulPray+1","TheCursedMod:DemonSword+1","infinitespire:Collect","TheCursedMod:SpitefulStrike","TheCursedMod:FleshFromBone+1","TheCursedMod:PrepareRite+1","TheCursedMod:HellfireBreathing+1","TheCursedMod:SpitefulPlan+1","TheCursedMod:CursedShiv","TheCursedMod:CollectTribute","TheCursedMod:CircleOfCorruption+1","TheCursedMod:ShockAndAwe","TheCursedMod:EmpowerCircles","TheCursedMod:SurpriseAttack","conspire:Banana","TheCursedMod:Torture","TheCursedMod:CursedBoomerang"],"relics":["TheCursedMod:BlackMagic101","ReplayTheSpireMod:TigerMarble","hubris:Icosahedron","Replay:Multitool","Omamori","conspire:SlowCooker","MutagenicStrength","CCEMRelics:LatexGloves","hubris:BlackHole","Lee\u0027s Waffle"],"acts_visited":["Exordium","TheCity","TheBeyond"],"potions_floor_usage":[6,16,16,16,21,25,30,35,35,40],"damage_taken":[{"damage":0,"enemies":"Jaw Worm","floor":1,"turns":5},{"damage":36,"enemies":"conspire:MimicChest","floor":2,"turns":10},{"damage":0,"enemies":"2 Louse","floor":5,"turns":2},{"damage":8,"enemies":"3 Sentries","floor":6,"turns":4},{"damage":7,"enemies":"Small Slimes","floor":7,"turns":4},{"damage":0,"enemies":"Blue Slaver","floor":8,"turns":3},{"damage":5,"enemies":"Looter","floor":10,"turns":4},{"damage":2,"enemies":"3 Louse","floor":12,"turns":2},{"damage":0,"enemies":"Red Slaver","floor":14,"turns":3},{"damage":14,"enemies":"Hexaghost","floor":16,"turns":7},{"damage":14,"enemies":"Spheric Guardian","floor":18,"turns":4},{"damage":0,"enemies":"Chosen","floor":21,"turns":3},{"damage":10,"enemies":"Centurion and Healer","floor":22,"turns":4},{"damage":9,"enemies":"Snake Plant","floor":25,"turns":4},{"damage":3,"enemies":"Snecko","floor":28,"turns":8},{"damage":1,"enemies":"Shelled Parasite and Fungi","floor":30,"turns":5},{"damage":20,"enemies":"Centurion and Healer","floor":31,"turns":5},{"damage":33,"enemies":"conspire:MysteriousRune","floor":33,"turns":8},{"damage":64,"enemies":"3 Darklings","floor":35,"turns":10},{"damage":7,"enemies":"3 Shapes","floor":36,"turns":3},{"damage":28,"enemies":"Spire Growth","floor":39,"turns":4},{"damage":89,"enemies":"Nemesis","floor":40,"turns":10}],"seed_played":"5042901289816203228","potions_obtained":[{"floor":1,"key":"LifebloodPotion"},{"floor":2,"key":"Cursed Concoction"},{"floor":8,"key":"Regen Potion"},{"floor":10,"key":"Languid Potion"},{"floor":12,"key":"LiquidBronze"},{"floor":21,"key":"Guardian:BlockOnCardUsePotion"},{"floor":22,"key":"Swift Potion"},{"floor":25,"key":"Block Potion"},{"floor":30,"key":"SmokeBomb"},{"floor":36,"key":"LifebloodPotion"}],"is_trial":false,"path_per_floor":["M","?","?","$","M","E","M","M","T","M","R","M","R","M","R","B",null,"M","?","AVR","M","M","R","?","M","T","R","M","R","M","M","R","B",null,"M","M","$","?","M","E"],"character_chosen":"THE_CURSED","items_purchased":["TheCursedMod:CursedShiv","TheCursedMod:ShockAndAwe","TheCursedMod:EmpowerCircles","TheCursedMod:SurpriseAttack","conspire:Banana","Lee\u0027s Waffle"],"campfire_rested":2,"item_purchase_floors":[4,37,37,37,37,37],"current_hp_per_floor":[75,39,39,39,39,31,24,24,24,19,41,43,43,43,43,44,75,61,61,61,61,51,51,51,42,42,42,39,61,60,40,62,29,75,11,4,82,82,55,0,0],"gold":25,"neow_bonus":"UPGRADE_CARD","is_daily":false,"chose_seed":false,"campfire_upgraded":4,"win_rate":0.0,"timestamp":1613400505,"path_taken":["M","?","?","$","M","E","M","M","T","M","R","M","R","M","R","BOSS","M","?","AVR","M","M","R","?","M","T","R","M","R","M","M","R","BOSS","M","M","$","?","M","E"],"items_purchased_type":["Card","Card","Card","Card","Card","Relic"],"build_version":"2020-12-22","purchased_purges":2,"victory":false,"max_hp_per_floor":[75,75,75,75,75,75,75,75,75,75,75,75,75,75,75,75,75,75,75,75,75,75,75,75,75,75,75,75,75,75,75,75,75,75,75,75,82,82,83,84,84],"card_choices":[{"not_picked":["TheCursedMod:Stigma","TheCursedMod:CircleOfCorruption"],"picked":"TheCursedMod:WearCloak","floor":1},{"not_picked":["TheCursedMod:PrepareRite","TheCursedMod:WearCloak"],"picked":"TheCursedMod:HellsGateOpen","floor":2},{"not_picked":["TheCursedMod:RavingStaff","TheCursedMod:SurpriseAttack"],"picked":"TheCursedMod:CursedBlade","floor":5},{"not_picked":["TheCursedMod:DoubleShield","TheCursedMod:Stretching"],"picked":"TheCursedMod:SpitefulPlan","floor":6},{"not_picked":["TheCursedMod:VitalStrike","TheCursedMod:CircleOfWindfury","TheCursedMod:Torture"],"picked":"SKIP","floor":7},{"not_picked":["TheCursedMod:CircleOfCorruption","TheCursedMod:ShockAndAwe"],"picked":"TheCursedMod:CursedAmulet","floor":8},{"not_picked":["TheCursedMod:CursedStaff","TheCursedMod:Stigma"],"picked":"TheCursedMod:CursedBlade","floor":10},{"not_picked":["TheCursedMod:EmpowerCircles","TheCursedMod:ReleasedKnowledge","TheCursedMod:CircleOfFlame"],"picked":"SKIP","floor":12},{"not_picked":["TheCursedMod:RavingStaff","TheCursedMod:CircleOfFlame"],"picked":"TheCursedMod:SpitefulPray","floor":14},{"not_picked":["TheCursedMod:DemonicPact","TheCursedMod:Neurasthenia"],"picked":"TheCursedMod:DemonSword","floor":16},{"not_picked":["TheCursedMod:Grudge+1","TheCursedMod:CircleOfFlame+1"],"picked":"TheCursedMod:Torture","floor":18},{"not_picked":["TheCursedMod:PrepareRite","TheCursedMod:CircleOfWindfury"],"picked":"TheCursedMod:SpitefulStrike","floor":21},{"not_picked":["TheCursedMod:SurpriseAttack","TheCursedMod:TroublousMinions+1"],"picked":"TheCursedMod:FleshFromBone+1","floor":22},{"not_picked":["TheCursedMod:Stretching","TheCursedMod:CircleOfFocus"],"picked":"TheCursedMod:PrepareRite+1","floor":25},{"not_picked":["TheCursedMod:FleshFromBone+1","TheCursedMod:BlessingInDisguise"],"picked":"TheCursedMod:HellfireBreathing","floor":28},{"not_picked":["TheCursedMod:SpreadPlague","TheCursedMod:RavingStaff"],"picked":"TheCursedMod:SpitefulPlan+1","floor":30},{"not_picked":["TheCursedMod:CircleOfFocus+1","TheCursedMod:Grudge+1"],"picked":"TheCursedMod:CursedShiv","floor":31},{"not_picked":["TheCursedMod:CircleOfAbyss","TheCursedMod:CursedRelics"],"picked":"TheCursedMod:CollectTribute","floor":33},{"not_picked":["TheCursedMod:Torture","TheCursedMod:Stretching+1"],"picked":"TheCursedMod:CircleOfCorruption+1","floor":36},{"not_picked":["TheCursedMod:RavingStaff+1","TheCursedMod:ReleasedStrength"],"picked":"TheCursedMod:CursedBoomerang","floor":39}],"player_experience":66982,"relics_obtained":[{"floor":2,"key":"ReplayTheSpireMod:TigerMarble"},{"floor":6,"key":"Replay:Multitool"},{"floor":9,"key":"Omamori"},{"floor":26,"key":"CCEMRelics:LatexGloves"}],"event_choices":[{"damage_healed":0,"gold_gain":0,"player_choice":"Ignored","damage_taken":0,"max_hp_gain":0,"max_hp_loss":0,"event_name":"Vampires","floor":19,"gold_loss":0},{"damage_healed":0,"gold_gain":0,"player_choice":"Inject Mutagens","damage_taken":0,"relics_obtained":["MutagenicStrength"],"max_hp_gain":0,"max_hp_loss":0,"event_name":"Drug Dealer","floor":24,"gold_loss":0},{"damage_healed":0,"gold_gain":0,"cards_transformed":["TheCursedMod:Strike_TheCursed"],"player_choice":"Transformed","damage_taken":0,"max_hp_gain":0,"max_hp_loss":0,"event_name":"Transmorgrifier","floor":38,"gold_loss":0,"cards_obtained":["TheCursedMod:Torture"]}],"is_beta":false,"boss_relics":[{"not_picked":["ReplayTheSpireMod:SealedPack","Velvet Choker"],"picked":"conspire:SlowCooker"},{"not_picked":["Painkiller Herb","SlaversCollar"],"picked":"hubris:BlackHole"}],"items_purged_floors":[4,20],"is_endless":false,"potions_floor_spawned":[1,2,8,10,12,21,22,25,30,36],"killed_by":"Nemesis","ascension_level":0}}