{"host":"n0tx3esfb93mqoc3","time":1613353446,"event":{"mods":["BaseMod","Colored Powertips","Downfall","Hermit","Minty Spire (QoL Compilation)","Quick Restart","Replay The Spire","StSLib","The Cursed","The Servant 0.9.4"],"gold_per_floor":[112,130,130,43,57,57,74,74,74,93,151,19,35,55,55,152,152,167,179,126,142,161,161,179,212,212,212,230,230,24,24,24,24,24],"floor_reached":33,"language":"ENG","playtime":4149,"items_purged":[],"score":311,"play_id":"502c4ac8-25da-4e3a-9989-862ccade807d","local_time":"20210214204406","is_ascension_mode":false,"campfire_choices":[{"data":"Deflect","floor":6,"key":"SMITH"},{"floor":8,"key":"REST"},{"floor":15,"key":"REST"},{"floor":23,"key":"REST"},{"floor":27,"key":"REST"},{"data":"Riddle With Holes","floor":29,"key":"SMITH"},{"data":"Footwork","floor":32,"key":"SMITH"}],"circlet_count":0,"master_deck":["Strike_G","Strike_G","Strike_G","Strike_G","Strike_G","Defend_G","Defend_G","Defend_G","Defend_G","Defend_G","Survivor","Neutralize","Parasite","A Thousand Cuts+1","Backflip","Noxious Fumes","Poisoned Stab","Deflect+1","Blade Dance","Slice","Blade Dance+1","Good Instincts","Backstab","Backstab","Dagger Throw","Phantasmal Killer","Sucker Punch","Caltrops","Hidden Blade","Flying Knee+1","Outmaneuver","Blade Dance","Riddle With Holes+1","Acrobatics+1","Slice","Footwork+1","Blade Dance","Prepared","RitualDagger"],"relics":["Ring of the Snake","Ginger","Replay:PocketPolymizer","WristBlade","Eternal Feather","Mummified Hand","Letter Opener"],"acts_visited":["Exordium","TheCity"],"potions_floor_usage":[33],"damage_taken":[{"damage":0,"enemies":"2 Louse","floor":1,"turns":4},{"damage":3,"enemies":"Cultist","floor":2,"turns":5},{"damage":3,"enemies":"Small Slimes","floor":5,"turns":4},{"damage":6,"enemies":"Red Slaver","floor":7,"turns":5},{"damage":7,"enemies":"Blue Slaver","floor":10,"turns":5},{"damage":15,"enemies":"Lagavulin Event","floor":11,"turns":8},{"damage":0,"enemies":"Large Slime","floor":13,"turns":5},{"damage":5,"enemies":"Exordium Wildlife","floor":14,"turns":3},{"damage":20,"enemies":"Fading Forest","floor":16,"turns":11},{"damage":17,"enemies":"2 Thieves","floor":18,"turns":4},{"damage":0,"enemies":"Spheric Guardian","floor":19,"turns":3},{"damage":16,"enemies":"Snecko","floor":21,"turns":4},{"damage":6,"enemies":"Shelled Parasite and Fungi","floor":22,"turns":5},{"damage":33,"enemies":"Snake Plant","floor":24,"turns":4},{"damage":1,"enemies":"Gremlin Leader","floor":25,"turns":5},{"damage":4,"enemies":"Snecko","floor":28,"turns":3},{"damage":72,"enemies":"Champ","floor":33,"turns":8}],"seed_played":"2481913696089524058","potions_obtained":[{"floor":5,"key":"Languid Potion"},{"floor":10,"key":"Block Potion"},{"floor":13,"key":"Toxic Potion"},{"floor":14,"key":"Elixir"},{"floor":21,"key":"CunningPotion"},{"floor":25,"key":"Fire Potion"}],"is_trial":false,"path_per_floor":["M","M","?","$","M","R","M","R","T","M","?","$","M","M","R","B",null,"M","M","?","M","M","R","M","E","T","R","M","R","$","?","R","B"],"character_chosen":"THE_SILENT","items_purchased":["Noxious Fumes","Poisoned Stab","Blade Dance+1","Good Instincts","Slice","Footwork","Blade Dance","Prepared"],"campfire_rested":4,"item_purchase_floors":[4,4,12,12,30,30,30,30],"current_hp_per_floor":[70,67,67,67,64,64,58,70,70,63,48,48,48,43,64,54,70,53,53,53,37,31,70,37,36,36,70,66,70,70,64,70,0,0],"gold":24,"neow_bonus":"THREE_RARE_CARDS","is_daily":false,"chose_seed":false,"campfire_upgraded":3,"win_rate":0.0,"timestamp":1613353446,"path_taken":["M","M","?","$","M","R","?","R","T","M","?","$","M","M","R","BOSS","M","M","?","?","M","R","M","E","T","R","M","R","$","?","R","BOSS"],"items_purchased_type":["Card","Card","Card","Card","Card","Card","Card","Card"],"build_version":"2020-12-22","purchased_purges":0,"victory":false,"max_hp_per_floor":[70,70,70,70,70,70,70,70,70,70,70,70,70,70,70,70,70,70,70,70,70,70,70,70,70,70,70,70,70,70,70,70,70,70],"card_choices":[{"not_picked":["Atom Bomb","ReplayTheSpireMod:Necrosis"],"picked":"A Thousand Cuts","floor":0},{"not_picked":["Deflect","Hidden Blade"],"picked":"Backflip","floor":1},{"not_picked":["Heel Hook","Bane"],"picked":"Sucker Punch","floor":2},{"not_picked":["Deadly Poison","Blur"],"picked":"Deflect","floor":5},{"not_picked":["Underhanded Strike","Dodge and Roll"],"picked":"Blade Dance","floor":7},{"not_picked":["Poisoned Stab","Sucker Punch"],"picked":"Crippling Poison","floor":10},{"not_picked":["Hidden Blade","Night Terror"],"picked":"Slice","floor":11},{"not_picked":["Prepared","Dodge and Roll"],"picked":"Backstab","floor":13},{"not_picked":["Distraction","Prepared"],"picked":"Backstab","floor":14},{"not_picked":["Venomology","Night Terror"],"picked":"Phantasmal Killer","floor":16},{"not_picked":["Poisoned Stab","Dagger Throw"],"picked":"Sucker Punch","floor":18},{"not_picked":["Sneak Up","Backflip"],"picked":"Caltrops","floor":19},{"not_picked":["ReplayTheSpireMod:Necrosis","Crippling Poison"],"picked":"Hidden Blade","floor":21},{"not_picked":["Deadly Poison+1","Sucker Punch"],"picked":"Flying Knee+1","floor":22},{"not_picked":["Underhanded Strike","Noxious Fumes+1"],"picked":"Blade Dance","floor":24},{"not_picked":["Outmaneuver","Dodge and Roll"],"picked":"Riddle With Holes","floor":25},{"not_picked":["Quick Slash","Backflip"],"picked":"Acrobatics+1","floor":28}],"player_experience":9773,"relics_obtained":[{"floor":9,"key":"Ginger"},{"floor":11,"key":"Replay:PocketPolymizer"},{"floor":25,"key":"Mummified Hand"},{"floor":26,"key":"Letter Opener"}],"event_choices":[{"damage_healed":0,"gold_gain":0,"player_choice":"Forge","damage_taken":0,"max_hp_gain":0,"max_hp_loss":0,"event_name":"Accursed Blacksmith","floor":3,"gold_loss":0,"cards_upgraded":["A Thousand Cuts"]},{"damage_healed":0,"gold_gain":30,"player_choice":"Searched \u00273\u0027 times","damage_taken":0,"max_hp_gain":0,"max_hp_loss":0,"event_name":"Dead Adventurer","floor":11,"gold_loss":0},{"damage_healed":0,"gold_gain":0,"player_choice":"Paid Gold","damage_taken":0,"relics_obtained":["Eternal Feather"],"max_hp_gain":0,"max_hp_loss":0,"event_name":"WeMeetAgain","floor":20,"gold_loss":53},{"damage_healed":0,"gold_gain":0,"player_choice":"Joined the Cult","damage_taken":6,"max_hp_gain":0,"max_hp_loss":0,"event_name":"Nest","floor":31,"gold_loss":0,"cards_obtained":["RitualDagger"]}],"is_beta":false,"boss_relics":[{"not_picked":["Replay:Wanted Poster","Kintsugi"],"picked":"WristBlade"}],"items_purged_floors":[],"is_endless":false,"potions_floor_spawned":[5,10,13,14,21,22,25],"killed_by":"Champ","ascension_level":0}}