{"host":"q2n6tlickby1elp8","time":1613374018,"event":{"mods":["BaseMod","BetterRewards","Colored Powertips","Marisa£®ÏF”Í°°ƒß¿Ì…≥£©","Minty Spire (QoL Compilation)","Remilia£®¿Ÿ√◊¿Ú—«£©","SOS£®Àπ∞Õ¥Ô÷Æ◊”£©","Shop Mod","SuperFastMode","The Construct","The Disciple","The Servant 0.9.4","Youmu£®ªÍ∆«—˝√Œ£©","[IsaacMod]“‘»ˆº‚À˛"],"gold_per_floor":[117,134,35,53,53,53,53,68,94,94,114,62,62,72,72,196,196,233,271,271,126,41,41,41,83,109,109,109,50,71,80,80,205,205,254,32,32,90,70,70,70,89,89,12,37,37,37,62,62,188,242,269,344,88,88,115,115,144,144,144,144,144,115,115,135,135,135,135],"floor_reached":67,"language":"ZHS","playtime":1792,"items_purged":["Writhe"],"score":946,"play_id":"8c48c7d1-5d3b-4608-8203-fce25875c8ad","local_time":"20210215152658","daily_mods":["Colorless Cards","Heirloom","Time Dilation","Flight"],"is_ascension_mode":false,"campfire_choices":[{"data":"EpicFetus","floor":6,"key":"SMITH"},{"floor":13,"key":"REST"},{"floor":15,"key":"REST"},{"floor":23,"key":"REST"},{"data":"StarOfDavid","floor":24,"key":"SMITH"},{"floor":28,"key":"REST"},{"data":"Madness","floor":32,"key":"SMITH"},{"floor":40,"key":"REST"},{"floor":41,"key":"REST"},{"floor":46,"key":"REST"},{"data":"Battery","floor":49,"key":"SMITH"},{"floor":57,"key":"REST"},{"floor":59,"key":"REST"},{"data":"BombardNight","floor":61,"key":"SMITH"},{"data":"BloodRain","floor":62,"key":"SMITH"},{"data":"DoctorFetus","floor":66,"key":"SMITH"}],"circlet_count":0,"master_deck":["RedMoon","ScarletShoot","EpicFetus+1","ChainGang+1","BloodHunter","BombardNight+1","NightDance","Stigmanizer","MiserableFate","ScarletDream","FavorOfDestiny","BombardNight+1","Battery+1","ScarletDevil+1","StarOfDavid+1","DiffusionOfMisfortune+1","HunterOfTheNight","Madness+1","QueenOfMidnight","Ultimatum+1","DiffusionOfMisfortune+1","Madness","Good Instincts","Stigmanizer+1","FitfulNightmare+1","DoctorFetus+1","TricksterDevil","LeisurelyOfLord","Battery","BloodRain+1","VampirishNight","BatForm","BombardNight","VampireFantasy","Good Instincts","ScarletDevilSign","RedNightlessCastle","StarOfDavid"],"relics":["ScarletHat","HushsDoor","CaptainsWheel","Leech","Art of War","Empty Cage","AnarchistCookbook","CeramicFish","ScarletDevilRocket","Nunchaku","Enchiridion","Strawberry","Whetstone","CatCart","GnawedLeaf","Mercury Hourglass","Pandora\u0027s Box","Sundial","TheBible"],"acts_visited":["Exordium","TheCity","TheBeyond","Exordium"],"potions_floor_usage":[16,38,48,50,50,67,67,67],"damage_taken":[{"damage":0,"enemies":"Small Slimes","floor":1,"turns":2},{"damage":0,"enemies":"Cultist","floor":2,"turns":3},{"damage":1,"enemies":"Jaw Worm","floor":4,"turns":3},{"damage":16,"enemies":"Exordium Thugs","floor":8,"turns":3},{"damage":0,"enemies":"Large Slime","floor":11,"turns":3},{"damage":35,"enemies":"Red Slaver","floor":14,"turns":1},{"damage":26,"enemies":"Slime Boss","floor":16,"turns":9},{"damage":22,"enemies":"Chosen","floor":18,"turns":3},{"damage":4,"enemies":"Spheric Guardian","floor":19,"turns":4},{"damage":5,"enemies":"Cultist and Chosen","floor":25,"turns":3},{"damage":13,"enemies":"Snake Plant","floor":30,"turns":4},{"damage":16,"enemies":"Collector","floor":33,"turns":5},{"damage":18,"enemies":"Orb Walker","floor":35,"turns":3},{"damage":85,"enemies":"Orin","floor":38,"turns":12},{"damage":19,"enemies":"3 Shapes","floor":42,"turns":2},{"damage":10,"enemies":"3 Darklings","floor":45,"turns":3},{"damage":7,"enemies":"Spire Growth","floor":48,"turns":2},{"damage":117,"enemies":"Donu and Deca","floor":50,"turns":7},{"damage":4,"enemies":"2 Louse","floor":52,"turns":2},{"damage":21,"enemies":"Small Slimes","floor":56,"turns":2},{"damage":18,"enemies":"Jaw Worm","floor":58,"turns":2},{"damage":0,"enemies":"Exordium Thugs","floor":65,"turns":3},{"damage":226,"enemies":"Delirium","floor":67,"turns":7}],"seed_played":"-22100862145543258","potions_obtained":[{"floor":4,"key":"Swift Potion"},{"floor":7,"key":"LiquidMemories"},{"floor":7,"key":"Swift Potion"},{"floor":16,"key":"FairyPotion"},{"floor":38,"key":"PowerPotion"},{"floor":39,"key":"ColorlessPotion"},{"floor":50,"key":"Swift Potion"},{"floor":56,"key":"AttackPotion"},{"floor":65,"key":"EssenceOfSteel"}],"is_trial":true,"path_per_floor":["M","M","$","M","?","R","?","M","T","?","M","$","R","M","R","B",null,"M","M","?","$","?","R","R","M","T","?","R","$","M","?","R","B",null,"M","$","?","?","?","R","R","M","T","$","M","R","T","M","R","B",null,"M","?","$","?","M","R","M","R","T","R","R","$","?","M","R","B"],"character_chosen":"REMILIA","items_purchased":["BombardNight","NightDance","FavorOfDestiny","CeramicFish","HunterOfTheNight","Whetstone","Good Instincts","Sundial","RedNightlessCastle"],"campfire_rested":9,"item_purchase_floors":[3,3,12,21,29,36,44,54,63],"current_hp_per_floor":[75,75,75,75,60,60,60,46,46,46,50,50,72,37,59,42,75,57,57,57,57,57,75,75,74,74,58,75,75,65,72,72,75,82,68,68,68,16,16,40,64,47,47,47,41,65,65,71,71,36,82,78,67,67,67,47,71,56,80,80,80,80,80,77,81,81,0,0],"gold":135,"neow_bonus":"","is_daily":false,"chose_seed":false,"campfire_upgraded":7,"win_rate":0.0,"timestamp":1613374018,"path_taken":["M","M","$","M","?","R","?","M","T","?","M","$","R","?","R","BOSS","M","M","?","$","?","R","R","M","T","?","R","$","?","?","R","BOSS","M","$","?","?","?","R","R","M","T","$","M","R","?","?","R","BOSS","M","?","$","?","?","R","M","R","T","R","R","$","?","M","R","BOSS"],"items_purchased_type":["Card","Card","Card","Relic","Card","Relic","Card","Relic","Card"],"build_version":"2020-12-22","purchased_purges":1,"victory":false,"max_hp_per_floor":[75,75,75,75,75,75,75,75,75,75,75,75,75,75,75,75,75,75,75,75,75,75,75,75,75,75,75,75,75,75,82,82,82,82,82,82,82,82,82,82,82,82,82,82,82,82,82,82,82,82,82,82,82,82,82,82,82,82,82,82,82,82,82,82,82,82,82,82],"card_choices":[{"not_picked":[],"picked":"EpicFetus","floor":0},{"not_picked":["UnderTheZenith","FavorOfDestiny"],"picked":"ChainGang","floor":1},{"not_picked":["ScarletImprint","Septette"],"picked":"BloodHunter","floor":2},{"not_picked":["NightDance","DiffusionOfMisfortune"],"picked":"Stigmanizer","floor":4},{"not_picked":["ScarletImprint","QueenOfMidnight"],"picked":"MiserableFate","floor":8},{"not_picked":["ScarletDevil","UltimateOffering"],"picked":"ScarletDream","floor":11},{"not_picked":["RedRainbow","Forethought"],"picked":"BombardNight","floor":14},{"not_picked":["BloodyBrimstone","DemonKingCradle"],"picked":"Battery","floor":16},{"not_picked":["BloodHunter+1","BlasphemousPunishment+1"],"picked":"ScarletDevil+1","floor":18},{"not_picked":["Mind Blast","Stigmanizer+1"],"picked":"StarOfDavid","floor":19},{"not_picked":["AfternoonTea","Purity+1"],"picked":"DiffusionOfMisfortune+1","floor":25},{"not_picked":["DevilSight","DiffusionOfMisfortune"],"picked":"Madness","floor":30},{"not_picked":["Battery","Chrysalis"],"picked":"QueenOfMidnight","floor":33},{"not_picked":["VampireKiss","CharismaGuard+1"],"picked":"Ultimatum","floor":35},{"not_picked":["ReincarnationDial+1","Stigmanizer"],"picked":"DiffusionOfMisfortune+1","floor":38},{"not_picked":["BadLadyScramble+1","ScarletDevil+1"],"picked":"Madness","floor":42},{"not_picked":["ScarletDevil","BloodHunter"],"picked":"Stigmanizer+1","floor":45},{"not_picked":["UnderTheZenith","BloodHunter"],"picked":"FitfulNightmare+1","floor":48},{"not_picked":["Battery","DemonKingCradle"],"picked":"DoctorFetus","floor":50},{"not_picked":["EternalNight","CharismaGuard"],"picked":"BombardNight","floor":52},{"not_picked":["FavorOfDestiny","Finesse"],"picked":"VampireFantasy","floor":56},{"not_picked":["Maim","BombardNight"],"picked":"Good Instincts","floor":58},{"not_picked":["Jack Of All Trades","ScarletDevil"],"picked":"ScarletDevilSign","floor":58},{"not_picked":["UnstableMagic","RedRainbow"],"picked":"StarOfDavid","floor":65}],"player_experience":134703,"relics_obtained":[{"floor":9,"key":"Art of War"},{"floor":26,"key":"Nunchaku"},{"floor":27,"key":"Enchiridion"},{"floor":38,"key":"CatCart"},{"floor":43,"key":"GnawedLeaf"},{"floor":47,"key":"Mercury Hourglass"},{"floor":60,"key":"TheBible"}],"event_choices":[{"damage_healed":0,"gold_gain":0,"player_choice":"Got Potions","damage_taken":0,"max_hp_gain":0,"max_hp_loss":0,"event_name":"Lab","floor":7,"gold_loss":0},{"damage_healed":0,"gold_gain":0,"player_choice":"Obtained Relic","damage_taken":0,"relics_obtained":["ScarletDevilRocket"],"max_hp_gain":0,"max_hp_loss":0,"event_name":"Addict","floor":22,"gold_loss":85},{"damage_healed":0,"gold_gain":0,"player_choice":"Obtained Book","damage_taken":16,"max_hp_gain":0,"max_hp_loss":0,"event_name":"Cursed Tome","floor":27,"gold_loss":0},{"damage_healed":0,"gold_gain":0,"player_choice":"Opened","damage_taken":0,"relics_obtained":["Strawberry"],"max_hp_gain":0,"max_hp_loss":0,"event_name":"The Mausoleum","floor":31,"gold_loss":0,"cards_obtained":["Writhe"]},{"damage_healed":0,"gold_gain":0,"player_choice":"Forge","damage_taken":0,"max_hp_gain":0,"max_hp_loss":0,"event_name":"Accursed Blacksmith","floor":37,"gold_loss":0,"cards_upgraded":["Ultimatum"]},{"damage_healed":0,"gold_gain":0,"player_choice":"Fight","damage_taken":0,"max_hp_gain":0,"max_hp_loss":0,"event_name":"OrinTheCat","floor":38,"gold_loss":0},{"damage_healed":0,"gold_gain":0,"player_choice":"Bought 1 Potion","damage_taken":0,"max_hp_gain":0,"max_hp_loss":0,"event_name":"The Woman in Blue","floor":39,"gold_loss":0},{"damage_healed":0,"gold_gain":75,"player_choice":"Gather Gold","damage_taken":11,"max_hp_gain":0,"max_hp_loss":0,"event_name":"World of Goop","floor":53,"gold_loss":0},{"damage_healed":0,"gold_gain":0,"player_choice":"Ignored","damage_taken":0,"max_hp_gain":0,"max_hp_loss":0,"event_name":"Liars Game","floor":55,"gold_loss":0},{"damage_healed":0,"gold_gain":0,"player_choice":"Fled","damage_taken":3,"max_hp_gain":0,"max_hp_loss":0,"event_name":"Scrap Ooze","floor":64,"gold_loss":0}],"is_beta":false,"boss_relics":[{"not_picked":["Busted Crown","Calling Bell"],"picked":"Empty Cage"},{"not_picked":[]},{"not_picked":["Philosopher\u0027s Stone","Coffee Dripper","Sozu"]},{"not_picked":["Cursed Key","Velvet Choker"],"picked":"Pandora\u0027s Box"},{"not_picked":[]}],"items_purged_floors":[36],"is_endless":true,"potions_floor_spawned":[4,14,16,18,33,42,50,56,65],"killed_by":"Delirium","ascension_level":0}}