{"host":"or8fr2mp0k3eluj8","time":1613378409,"event":{"mods":["AchievementEnabler","BaseMod","Colored Map","DeckTracker","Minty Spire (QoL Compilation)","SuperFastMode"],"gold_per_floor":[112,126,145,95,95,121,132,132,132,20,51,51,71,91,91,188,188,208,221,221,236,255,255,255],"floor_reached":23,"language":"KOR","playtime":7501,"items_purged":[],"score":230,"play_id":"5236abbc-fbc9-47ea-ae35-1967ac70bd3e","local_time":"20210215174009","is_ascension_mode":false,"campfire_choices":[{"floor":8.0,"key":"REST"},{"floor":15,"key":"REST"}],"circlet_count":0,"master_deck":["Strike_P","Strike_P","Strike_P","Defend_P","Defend_P","Defend_P","Eruption+1","Vigilance","BowlingBash","PathToVictory","FlurryOfBlows","MentalFortress","Adaptation","FearNoEvil","CrushJoints","Vault","Adaptation+1"],"relics":["PureWater","NeowsBlessing","Strawberry","Singing Bowl","Meat on the Bone","Black Star"],"acts_visited":["Exordium","TheCity"],"potions_floor_usage":[13,21,23],"damage_taken":[{"damage":0.0,"enemies":"Cultist","floor":1.0,"turns":1.0},{"damage":0.0,"enemies":"Small Slimes","floor":2.0,"turns":1.0},{"damage":0.0,"enemies":"Jaw Worm","floor":3.0,"turns":1.0},{"damage":31.0,"enemies":"3 Sentries","floor":6.0,"turns":5.0},{"damage":20.0,"enemies":"Large Slime","floor":7.0,"turns":8.0},{"damage":20.0,"enemies":"Lagavulin","floor":11.0,"turns":6.0},{"damage":5,"enemies":"Gremlin Gang","floor":13,"turns":5},{"damage":15,"enemies":"Red Slaver","floor":14,"turns":4},{"damage":10,"enemies":"Slime Boss","floor":16,"turns":7},{"damage":10,"enemies":"Chosen","floor":18,"turns":4},{"damage":14,"enemies":"3 Byrds","floor":19,"turns":5},{"damage":32,"enemies":"Centurion and Healer","floor":21,"turns":5},{"damage":39,"enemies":"Shelled Parasite and Fungi","floor":22,"turns":4},{"damage":48,"enemies":"Snecko","floor":23,"turns":5}],"seed_played":"-7237520496278237457","potions_obtained":[{"floor":3.0,"key":"Swift Potion"},{"floor":11.0,"key":"SpeedPotion"},{"floor":14,"key":"Weak Potion"},{"floor":16,"key":"GamblersBrew"},{"floor":18,"key":"LiquidMemories"}],"is_trial":false,"path_per_floor":["M","M","M","?","?","E","M","R","T","$","E","?","M","M","R","B",null,"M","M","?","M","M","M"],"character_chosen":"WATCHER","items_purchased":["Adaptation","FearNoEvil"],"campfire_rested":2,"item_purchase_floors":[10,10],"current_hp_per_floor":[72,72,72,72,65,41,21,44,44,44,26,26,35,32,56,46,83,75,63,63,43,18,0,0],"gold":255,"neow_bonus":"THREE_ENEMY_KILL","is_daily":false,"chose_seed":false,"campfire_upgraded":0,"win_rate":0.0,"timestamp":1613378409,"path_taken":["M","M","?","?","?","E","M","R","T","?","E","?","?","M","R","BOSS","M","M","?","M","M","M"],"items_purchased_type":["Card","Card"],"build_version":"2020-12-22","purchased_purges":0,"victory":false,"max_hp_per_floor":[72,72,72,72,72,79,79,79,79,79,81,81,83,83,83,83,83,85,87,87,87,89,89,89],"card_choices":[{"not_picked":["ThirdEye","EmptyMind"],"picked":"BowlingBash","floor":1.0},{"not_picked":["Meditate","Prostrate","JustLucky"],"picked":"SKIP","floor":2.0},{"not_picked":["ClearTheMind","JustLucky"],"picked":"PathToVictory","floor":3.0},{"not_picked":["ReachHeaven","Meditate"],"picked":"FlurryOfBlows","floor":6.0},{"not_picked":["SignatureMove","ForeignInfluence"],"picked":"MentalFortress","floor":7.0},{"not_picked":["EmptyFist","ClearTheMind","DeceiveReality"],"picked":"Singing Bowl","floor":11.0},{"not_picked":["Pray","Tantrum","EmptyFist"],"picked":"Singing Bowl","floor":13},{"not_picked":["FlurryOfBlows","Protect"],"picked":"CrushJoints","floor":14},{"not_picked":["SpiritShield","Omniscience"],"picked":"Vault","floor":16},{"not_picked":["EmptyMind","WaveOfTheHand","ThirdEye"],"picked":"Singing Bowl","floor":18},{"not_picked":["JustLucky","Nirvana","EmptyMind"],"picked":"Singing Bowl","floor":19},{"not_picked":["JustLucky","BowlingBash+1"],"picked":"Adaptation+1","floor":21},{"not_picked":["SashWhip+1","BattleHymn","PathToVictory+1"],"picked":"Singing Bowl","floor":22}],"player_experience":318810,"relics_obtained":[{"floor":6.0,"key":"Strawberry"},{"floor":9.0,"key":"Singing Bowl"},{"floor":11.0,"key":"Meat on the Bone"}],"event_choices":[{"cards_removed":["Defend_P"],"damage_healed":0.0,"max_hp_gain":0.0,"max_hp_loss":0.0,"gold_gain":0.0,"event_name":"The Cleric","player_choice":"Card Removal","floor":4.0,"gold_loss":50.0,"damage_taken":0.0},{"cards_removed":["Strike_P"],"damage_healed":0.0,"max_hp_gain":0.0,"max_hp_loss":0.0,"gold_gain":0.0,"event_name":"Golden Wing","player_choice":"Card Removal","floor":5.0,"gold_loss":0.0,"damage_taken":7.0},{"damage_healed":0.0,"max_hp_gain":0.0,"max_hp_loss":0.0,"gold_gain":0.0,"event_name":"Upgrade Shrine","player_choice":"Upgraded","floor":12.0,"gold_loss":0.0,"damage_taken":0.0,"cards_upgraded":["Eruption"]},{"damage_healed":0,"gold_gain":0,"player_choice":"Ignored","damage_taken":0,"max_hp_gain":0,"max_hp_loss":0,"event_name":"Duplicator","floor":20,"gold_loss":0}],"is_beta":false,"boss_relics":[{"not_picked":["Snecko Eye","VioletLotus"],"picked":"Black Star"}],"items_purged_floors":[],"is_endless":false,"potions_floor_spawned":[3,11,14,16,18],"killed_by":"Snecko","ascension_level":0}}