{"host":"uv5ws9rdk87e8i5k","time":1613427810,"event":{"mods":["AchievementEnabler","BaseMod","Colored Map","Minty Spire (QoL Compilation)","Permanent Neow","Quick Restart","StSLib","SuperFastMode","The Necromancer"],"gold_per_floor":[113,113,125,142,153,153,187,224,251,278,278,315,348,139,139,139,139],"floor_reached":16,"language":"ENG","playtime":251,"items_purged":[],"score":118,"play_id":"c962f348-ed1c-4d15-bd23-c3d38bcdbe64","local_time":"20210215162330","is_ascension_mode":true,"campfire_choices":[{"data":"WindmillStrike","floor":6,"key":"SMITH"},{"floor":15,"key":"REST"}],"circlet_count":0,"master_deck":["Strike_P","Strike_P","Strike_P","Strike_P","Defend_P","Defend_P","Defend_P","Defend_P","Eruption+1","Vigilance","FlyingSleeves","WindmillStrike+1","ReachHeaven","Conclude","WreathOfFlame","WheelKick","Perseverance","Ragnarok","WreathOfFlame","ForeignInfluence","Judgement"],"relics":["PureWater","CeramicFish","Odd Mushroom","Bronze Scales","Prayer Wheel","Potion Belt","Membership Card"],"acts_visited":["Exordium"],"potions_floor_usage":[7],"damage_taken":[{"damage":1,"enemies":"Jaw Worm","floor":1,"turns":3},{"damage":0,"enemies":"2 Louse","floor":3,"turns":3},{"damage":0,"enemies":"Cultist","floor":4,"turns":2},{"damage":18,"enemies":"Lots of Slimes","floor":5,"turns":4},{"damage":18,"enemies":"3 Sentries","floor":7,"turns":3},{"damage":7,"enemies":"The Mushroom Lair","floor":8,"turns":3},{"damage":0,"enemies":"3 Louse","floor":10,"turns":3},{"damage":13,"enemies":"Lagavulin","floor":12,"turns":5},{"damage":7,"enemies":"2 Fungi Beasts","floor":13,"turns":2},{"damage":0,"enemies":"Hexaghost","floor":16,"turns":1}],"seed_played":"-2615902503979325419","potions_obtained":[{"floor":4,"key":"FearPotion"},{"floor":5,"key":"Strength Potion"},{"floor":10,"key":"Fire Potion"}],"is_trial":false,"path_per_floor":["M","?","M","M","M","R","E","?","T","M","T","E","M","$","R","B"],"character_chosen":"WATCHER","items_purchased":["Membership Card","Judgement"],"campfire_rested":1,"item_purchase_floors":[14,14],"current_hp_per_floor":[71,71,71,71,53,53,35,28,28,28,28,15,8,8,29,29,29],"gold":139,"neow_bonus":"UPGRADE_CARD","is_daily":false,"chose_seed":false,"campfire_upgraded":1,"win_rate":0.0,"timestamp":1613427810,"path_taken":["M","?","M","M","M","R","E","?","T","M","?","E","M","?","R","BOSS"],"items_purchased_type":["Relic","Card"],"build_version":"2020-12-22","purchased_purges":0,"victory":false,"max_hp_per_floor":[72,72,72,72,72,72,72,72,72,72,72,72,72,72,72,72,72],"card_choices":[{"not_picked":["ThirdEye","LikeWater"],"picked":"FlyingSleeves","floor":1},{"not_picked":["JustLucky","EmptyBody"],"picked":"WindmillStrike","floor":3},{"not_picked":["SashWhip","Wireheading"],"picked":"ReachHeaven","floor":4},{"not_picked":["EmptyBody","PathToVictory"],"picked":"Conclude","floor":5},{"not_picked":["Brilliance","JustLucky"],"picked":"WreathOfFlame","floor":7},{"not_picked":["EmptyBody","FollowUp"],"picked":"WheelKick","floor":8},{"not_picked":["EmptyBody","Nirvana"],"picked":"Perseverance","floor":10},{"not_picked":["Evaluate","Alpha"],"picked":"Ragnarok","floor":12},{"not_picked":["Consecrate","FlurryOfBlows"],"picked":"WreathOfFlame","floor":13},{"not_picked":["BowlingBash","PathToVictory"],"picked":"ForeignInfluence","floor":13}],"player_experience":196430,"relics_obtained":[{"floor":7,"key":"CeramicFish"},{"floor":8,"key":"Odd Mushroom"},{"floor":9,"key":"Bronze Scales"},{"floor":11,"key":"Prayer Wheel"},{"floor":12,"key":"Potion Belt"}],"event_choices":[{"damage_healed":0,"gold_gain":0,"player_choice":"Ignored","damage_taken":0,"max_hp_gain":0,"max_hp_loss":0,"event_name":"Liars Game","floor":2,"gold_loss":0},{"damage_healed":0,"gold_gain":0,"player_choice":"Fought Mushrooms","damage_taken":0,"max_hp_gain":0,"max_hp_loss":0,"event_name":"Mushrooms","floor":8,"gold_loss":0}],"is_beta":false,"boss_relics":[],"items_purged_floors":[],"is_endless":false,"potions_floor_spawned":[4,5,10],"killed_by":"Hexaghost","ascension_level":1}}