{"host":"mhk64yc8b8cafbgt","time":1613367727,"event":{"mods":["Act Like it!","Aspiration","BaseMod","BetterRewards","CapriCore","Downfall","Energized Spire","Friendly Minions","GifTheSpireLib","Gold Saver","HornydragonMod","LagranYue(拉格朗・月)","Marked Mod","Minty Spire (QoL Compilation)","MostiFishMod","Pale of the Ancients","Quick Restart","Relic Filter Mod","Robot Space Explorer","RumiaBox-露米娅的神秘盒子","Ryuuou龙王","Shop Mod","Spicy Shops","StSLib","TestMod","Uncapped","[IsaacMod]以撒尖塔","noobMod","【功能Mod】混沌之环修复补丁","【遗物卡牌】REMEMod","残留之物"],"gold_per_floor":[126,144,194,214,232,267,285,316,387,462,473,503,522,547,547,642,642,654,654,754,16,16,55,55,104,104,104,66,66,115,139,139,255,255,286,286,313,713,230,273,273,306,306,348,146,146,146,20,20,25,25],"floor_reached":50,"language":"ZHS","playtime":3399,"items_purged":["Strike_P","MarkedMod:Acupuncture","Strike_P","Defend_P","Defend_P"],"score":931,"play_id":"69179879-d36e-467d-aa3a-f2fba8a90172","local_time":"20210215134207","is_ascension_mode":true,"campfire_choices":[{"floor":15.0,"key":"REST"},{"floor":24.0,"key":"RECALL"},{"data":"MostiFishMod:PathToVictory","floor":32.0,"key":"SMITH"},{"data":"Prostrate","floor":41.0,"key":"SMITH"},{"data":"MentalFortress","floor":47,"key":"SMITH"},{"data":"EpicFetus","floor":49,"key":"SMITH"}],"circlet_count":0,"master_deck":["Defend_P+1","Eruption","Vigilance+1","EpicFetus+1","testmod-DisillusionmentEcho+1","EmptyFist","MostiFishMod:PathToVictory+1","MostiFishMod:Moonprays","MostiFishMod:Minus","testmod-DisillusionmentEcho+1","MentalFortress+1","MostiFishMod:Dust","Prostrate+1","ForeignInfluence+1","Prostrate","aspiration:Lunge","Prepared+1","After Image"],"relics":["PureWater","REME_ComplimentaryCards","DaveBox","testmod-TestBox","KeepersGift","ice","LagranYue:RandomDrawCardRelic","NeowsBlessing","Gremlin Horn","Centennial Puzzle","BelialBook","Damaru","energizedSpire:BlackCloud","MerchantsRug","DollysMirror","testmod-Acrobat","Bag of Preparation","Blue Candle","GnawedLeaf","GodSword5","Matryoshka","TheAbacus","MagicDraw2","energizedSpire:MagnifyingGlass","GuppysHairball","GuppysHead","JudasShadow","Sundial","Membership Card","Ccalipers","Orichalcum","Pantograph","Bronze Scales","Toxic Egg 2","SynthV","GodSword7"],"acts_visited":["Exordium","TheCity","TheBeyond"],"potions_floor_usage":[42,50],"damage_taken":[{"damage":0.0,"enemies":"Jaw Worm","floor":1.0,"turns":1.0},{"damage":0.0,"enemies":"Cultist","floor":2.0,"turns":2.0},{"damage":0.0,"enemies":"Hiden Room Battle","floor":3.0,"turns":1.0},{"damage":0.0,"enemies":"2 Louse","floor":4.0,"turns":1.0},{"damage":9.0,"enemies":"Lots of Slimes","floor":5.0,"turns":5.0},{"damage":5.0,"enemies":"Lagavulin","floor":6.0,"turns":7.0},{"damage":8.0,"enemies":"Blue Slaver","floor":7.0,"turns":4.0},{"damage":29.0,"enemies":"Gremlin Nob","floor":8.0,"turns":4.0},{"damage":0.0,"enemies":"Exordium Thugs","floor":11.0,"turns":3.0},{"damage":0.0,"enemies":"Lagavulin","floor":12.0,"turns":4.0},{"damage":0.0,"enemies":"3 Louse","floor":13.0,"turns":3.0},{"damage":0.0,"enemies":"3 Sentries","floor":14.0,"turns":5.0},{"damage":13.0,"enemies":"Hexaghost","floor":16.0,"turns":9.0},{"damage":39.0,"enemies":"2 Thieves","floor":18.0,"turns":5.0},{"damage":20.0,"enemies":"Book of Stabbing","floor":23.0,"turns":8.0},{"damage":9.0,"enemies":"Gremlin Leader","floor":25.0,"turns":6.0},{"damage":13.0,"enemies":"Book of Stabbing","floor":30.0,"turns":9.0},{"damage":8.0,"enemies":"Chosen","floor":31.0,"turns":5.0},{"damage":19.0,"enemies":"Collector","floor":33.0,"turns":7.0},{"damage":0.0,"enemies":"Orb Walker","floor":35.0,"turns":5.0},{"damage":30.0,"enemies":"3 Darklings","floor":37.0,"turns":7.0},{"damage":11.0,"enemies":"Nemesis","floor":40.0,"turns":8.0},{"damage":23,"enemies":"4 Shapes","floor":42,"turns":4},{"damage":8,"enemies":"Giant Head","floor":44,"turns":7},{"damage":27,"enemies":"Time Eater","floor":50,"turns":6}],"seed_played":"612538116857987274","potions_obtained":[{"floor":1.0,"key":"GamblersBrew"},{"floor":3.0,"key":"PowerPotion"},{"floor":6.0,"key":"Dexterity Potion"},{"floor":12.0,"key":"Block Potion"},{"floor":13.0,"key":"PlaceholderMod:PlaceholderPotion"},{"floor":16.0,"key":"Regen Potion"},{"floor":23.0,"key":"BlessingOfTheForge"},{"floor":35.0,"key":"Block Potion"},{"floor":37.0,"key":"LiquidBronze"},{"floor":42,"key":"GamblersBrew"}],"is_trial":false,"path_per_floor":["M","M","?","M","M","E","M","E","T","?","M","E","M","E","R","B",null,"M","?","?","$","?","E","R","E","T","T","$","?","E","M","R","B",null,"M","?","M","?","$","E","R","M","T","E","$","?","R","$","R","B"],"character_chosen":"WATCHER","items_purchased":["MerchantsRug","DollysMirror","testmod-SpacePotion","Technique","testmod-Acrobat","Bag of Preparation","TheAbacus","GuppysHairball","GuppysHead","JudasShadow","MostiFishMod:Dust","Sundial","Membership Card","testmod-SpacePotion","Toxic Egg 2","SynthV","Regen Potion","Energy Potion","GodSword7"],"campfire_rested":1,"item_purchase_floors":[21,21,21,21,21,21,28,34,34,34,34,39,39,39,45,45,45,45,48],"current_hp_per_floor":[65,65,65,65,56,51,43,14,14,3,3,3,3,3,24,11,57,30,30,30,30,25,14,14,26,26,26,26,14,16,26,26,19,34,35,35,25,25,25,35,35,12,12,13,13,13,13,13,13,35,35],"gold":25,"neow_bonus":"THREE_ENEMY_KILL","is_daily":false,"chose_seed":false,"campfire_upgraded":4,"win_rate":0.0,"timestamp":1613367727,"path_taken":["M","M","?","?","M","E","M","E","T","?","?","E","M","E","R","BOSS","M","?","?","$","?","E","R","E","T","?","$","?","E","M","R","BOSS","M","?","M","?","$","E","R","M","T","E","?","?","R","$","R","BOSS"],"items_purchased_type":["Relic","Relic","Potion","Relic","Relic","Relic","Relic","Relic","Relic","Relic","Card","Relic","Relic","Potion","Relic","Relic","Potion","Potion","Relic"],"build_version":"2020-12-22","purchased_purges":5,"victory":false,"max_hp_per_floor":[72,72,72,72,72,72,72,72,72,72,72,72,72,72,72,72,72,72,72,72,72,72,72,72,72,72,72,72,77,77,77,77,77,35,35,35,35,35,35,35,35,35,35,35,35,35,35,35,35,35,35],"card_choices":[{"not_picked":[],"picked":"EpicFetus","floor":0.0},{"not_picked":["SashWhip","Weave"],"picked":"Bomb","floor":1.0},{"not_picked":["CutThroughFate","Halt","JustLucky"],"picked":"SKIP","floor":2.0},{"not_picked":["JustLucky","FlyingSleeves"],"picked":"EmptyFist","floor":3.0},{"not_picked":["Consecrate","Crescendo"],"picked":"MostiFishMod:PathToVictory","floor":4.0},{"not_picked":["Study","Halt","Prostrate"],"picked":"SKIP","floor":5.0},{"not_picked":["Prostrate","MarkedMod:NorthStar"],"picked":"MarkedMod:Acupuncture","floor":6.0},{"not_picked":["FlyingSleeves","JustLucky","REME_MusicOfDeath"],"picked":"SKIP","floor":7.0},{"not_picked":["ClearTheMind","Protect","ReachHeaven"],"picked":"SKIP","floor":8.0},{"not_picked":["CutThroughFate","CrushJoints","MarkedMod:FirstStrike"],"picked":"SKIP","floor":11.0},{"not_picked":["CutThroughFate","Conclude","MarkedMod:Acupuncture"],"picked":"SKIP","floor":12.0},{"not_picked":["MarkedMod:FirstStrike","BowlingBash","Protect"],"picked":"SKIP","floor":13.0},{"not_picked":["REME_Repentance","Indignation"],"picked":"MostiFishMod:Moonprays","floor":14.0},{"not_picked":["Establishment","REME_CRH"],"picked":"MostiFishMod:Minus","floor":16.0},{"not_picked":["SignatureMove","MarkedMod:FirstStrike","DeceiveReality"],"picked":"SKIP","floor":18.0},{"not_picked":["Collect+1","MarkedMod:FirstStrike"],"picked":"MentalFortress","floor":23.0},{"not_picked":["REME_MusicOfDeath","FlyingSleeves","Halt+1"],"picked":"SKIP","floor":25.0},{"not_picked":["Nirvana","Consecrate"],"picked":"Adaptation+1","floor":30.0},{"not_picked":["MarkedMod:GentlePulse+1","REME_MusicOfDeath","MostiFishMod:Clarity"],"picked":"SKIP","floor":31.0},{"not_picked":["Crescendo","ThirdEye","SashWhip+1"],"picked":"SKIP","floor":35.0},{"not_picked":["MostiFishMod:FlowState","Adaptation"],"picked":"Prostrate","floor":37.0},{"not_picked":["Adaptation","Evaluate","PathToVictory"],"picked":"SKIP","floor":40.0},{"not_picked":["MostiFishMod:Nomercy","BattleHymn"],"picked":"ForeignInfluence+1","floor":42},{"not_picked":["JustLucky","MostiFishMod:StarLaLaLa"],"picked":"Prostrate","floor":44}],"player_experience":442767,"relics_obtained":[{"floor":3.0,"key":"Gremlin Horn"},{"floor":3.0,"key":"Potion Belt"},{"floor":6.0,"key":"Centennial Puzzle"},{"floor":8.0,"key":"BelialBook"},{"floor":12.0,"key":"Damaru"},{"floor":14.0,"key":"aspiration:FetidBarrel"},{"floor":23.0,"key":"GnawedLeaf"},{"floor":25.0,"key":"GodSword5"},{"floor":26.0,"key":"Darkstone Periapt"},{"floor":27.0,"key":"Matryoshka"},{"floor":30.0,"key":"MagicDraw2"},{"floor":40.0,"key":"Ccalipers"},{"floor":43,"key":"Orichalcum"},{"floor":43,"key":"Pantograph"},{"floor":44,"key":"Bronze Scales"}],"event_choices":[{"damage_healed":0.0,"max_hp_gain":0.0,"max_hp_loss":0.0,"gold_gain":0.0,"event_name":"HidenRoomEvent","player_choice":"Fight","floor":3.0,"gold_loss":0.0,"damage_taken":0.0},{"damage_healed":0.0,"max_hp_gain":0.0,"max_hp_loss":0.0,"gold_gain":75.0,"event_name":"World of Goop","player_choice":"Gather Gold","floor":10.0,"gold_loss":0.0,"damage_taken":11.0},{"damage_healed":0.0,"max_hp_gain":0.0,"max_hp_loss":0.0,"gold_gain":0.0,"event_name":"给自己的盒子","player_choice":"Swap Relic","floor":19.0,"relics_lost":["War Paint"],"gold_loss":0.0,"damage_taken":0.0,"relics_obtained":["War Paint"]},{"damage_healed":0.0,"max_hp_gain":5.0,"max_hp_loss":0.0,"gold_gain":0.0,"event_name":"Forgotten Altar","player_choice":"Shed Blood","floor":29.0,"gold_loss":0.0,"damage_taken":18.0},{"cards_removed":["Strike_P"],"damage_healed":0.0,"max_hp_gain":0.0,"max_hp_loss":0.0,"gold_gain":0.0,"event_name":"Falling","player_choice":"Removed Attack","floor":36.0,"gold_loss":0.0,"damage_taken":0.0},{"damage_healed":0.0,"max_hp_gain":0.0,"max_hp_loss":0.0,"gold_gain":400.0,"event_name":"恩洛斯的盘子","player_choice":"Sell","floor":38.0,"relics_lost":["HushsDoor"],"gold_loss":0.0,"damage_taken":0.0}],"is_beta":false,"boss_relics":[{"not_picked":["ExusiaiGun","REME_DuelDisc"],"picked":"energizedSpire:BlackCloud"},{"not_picked":[]},{"not_picked":["testmod-TimeTraveler","energizedSpire:EnergizedDie"],"picked":"energizedSpire:MagnifyingGlass"},{"not_picked":[]}],"items_purged_floors":[21,28,34,39,39],"is_endless":false,"potions_floor_spawned":[1,3,6,12,13,16,23,35,37,42],"killed_by":"Time Eater","ascension_level":7}}