{"host":"Tonhão","time":1613399938,"event":{"mods":["Aspiration","BaseMod","Better Third Choice","Conspire","Downfall","Friendly Minions","Halation","Hermit","Highlight Path","Hubris","Infinite Spire","Jedi Mod","Minty Spire (QoL Compilation)","Relic Sorter","Reliquary","Replay The Spire","Spicy Shops","StSLib","The Animator","The Construct","The Cursed","The Jester","The Senshi","The Servant 0.9.4"],"gold_per_floor":[99,111,124,141,156,156,183,215,234,234,252,271,271,283,299,199,199,199],"floor_reached":16,"language":"ENG","playtime":1120,"items_purged":[],"score":133,"play_id":"b4f99f9b-ddb0-48e7-bb59-7759eaefa1c2","local_time":"20210215113858","is_ascension_mode":false,"campfire_choices":[{"data":"Guardian:GemFire","floor":6,"key":"SMITH"}],"circlet_count":0,"master_deck":["Guardian:Strike_Guardian","Guardian:Strike_Guardian","Guardian:Strike_Guardian","Guardian:Defend_Guardian","Guardian:Defend_Guardian","Guardian:Defend_Guardian","Guardian:Defend_Guardian","Guardian:CurlUp","Guardian:TwinSlam","ReplayTheSpireMod:Restless Dread","Guardian:GemFire+1","Discovery","infinitespire:Collect","Guardian:ExploitGems","Guardian:ExploitGems","Guardian:CrystalBeam","Guardian:Gem_Fragmented","Guardian:Gem_Green","Guardian:Gem_Red"],"relics":["ReplayTheSpireMod:SealedPack","Bag of Marbles","Matryoshka","hubris:Towel","Art of War","reliquary:PrincelyHelmet"],"acts_visited":["Exordium"],"potions_floor_usage":[5,8,12],"damage_taken":[{"damage":4,"enemies":"infinitespire:Voidling","floor":2,"turns":4},{"damage":0,"enemies":"2 Louse","floor":3,"turns":2},{"damage":16,"enemies":"Jaw Worm","floor":4,"turns":4},{"damage":5,"enemies":"Exordium Thugs","floor":5,"turns":4},{"damage":0,"enemies":"Lagavulin","floor":8,"turns":5},{"damage":3,"enemies":"conspire:2 RoseBushes","floor":9,"turns":2},{"damage":0,"enemies":"2 Fungi Beasts","floor":11,"turns":1},{"damage":0,"enemies":"Gremlin Gang","floor":12,"turns":1},{"damage":0,"enemies":"Exordium Wildlife","floor":14,"turns":1},{"damage":0,"enemies":"Lots of Slimes","floor":15,"turns":1},{"damage":56,"enemies":"SI_SHIV_ARCHETYPE","floor":16,"turns":7}],"seed_played":"952850876884160457","potions_obtained":[{"floor":2,"key":"BlessingOfTheForge"},{"floor":3,"key":"jedi:StrikingPotion"},{"floor":4,"key":"BlessingOfTheForge"}],"is_trial":false,"path_per_floor":["R","M","M","M","M","R","T","E","M","?","M","M","T","M","M","B"],"character_chosen":"GUARDIAN","items_purchased":[],"campfire_rested":0,"item_purchase_floors":[],"current_hp_per_floor":[80,80,80,64,59,59,59,59,56,56,56,56,56,56,56,0,0,0],"gold":199,"neow_bonus":"BOSS_RELIC","is_daily":false,"chose_seed":false,"campfire_upgraded":1,"win_rate":0.0,"timestamp":1613399938,"path_taken":["R","M","M","?","M","R","T","E","M","?","M","M","?","M","M","BOSS"],"items_purchased_type":[],"build_version":"2020-11-17","purchased_purges":0,"victory":false,"max_hp_per_floor":[80,80,80,80,80,80,80,80,80,80,80,80,80,80,80,80,80,80],"card_choices":[{"not_picked":["Guardian:StasisStrike","Guardian:Gem_Synthetic"],"picked":"Guardian:GemFire","floor":0},{"not_picked":["Jack Of All Trades","Replay:BasicMightCard"],"picked":"Discovery","floor":0},{"not_picked":["infinitespire:Gouge","ReplayTheSpireMod:Chaos Vortex"],"picked":"infinitespire:Collect","floor":0},{"not_picked":["Guardian:PiercingHide","Guardian:TemporalShield"],"picked":"Guardian:Gem_Lightblue","floor":2},{"not_picked":["Guardian:GatlingBeam","Guardian:ChargeCore","Guardian:RollAttack"],"picked":"SKIP","floor":3},{"not_picked":["Guardian:WalkerClaw","Guardian:Suspension"],"picked":"Guardian:Gem_Cyan","floor":4},{"not_picked":["Guardian:Reroute","Guardian:BronzeArmor"],"picked":"Guardian:Gem_Red","floor":5},{"not_picked":["Guardian:BodySlam","Guardian:DecasProtection"],"picked":"Guardian:ExploitGems","floor":8},{"not_picked":["Guardian:PrismaticBeam","Guardian:WalkerClaw"],"picked":"Guardian:CrystalBeam","floor":9},{"not_picked":["Guardian:Suspension","Guardian:Incinerate"],"picked":"Guardian:Gem_Fragmented","floor":11},{"not_picked":["Guardian:PrismaticBeam","Guardian:StasisStrike","Guardian:Orbwalk"],"picked":"SKIP","floor":12},{"not_picked":["Guardian:Recover","Guardian:ShieldSpikes"],"picked":"Guardian:Gem_Green","floor":14},{"not_picked":["Guardian:CrystalBeam","Guardian:RollAttack"],"picked":"Guardian:Gem_Red","floor":15}],"player_experience":157686,"relics_obtained":[{"floor":7,"key":"Bag of Marbles"},{"floor":8,"key":"Matryoshka"},{"floor":13,"key":"Art of War"},{"floor":13,"key":"reliquary:PrincelyHelmet"}],"event_choices":[],"is_beta":true,"boss_relics":[],"items_purged_floors":[],"is_endless":false,"potions_floor_spawned":[2,3,4],"killed_by":"SI_SHIV_ARCHETYPE","ascension_level":0}}