{"host":"d2gh6suihlstufn7","time":1613416163,"event":{"mods":["AchievementEnabler","BaseMod","Colored Map","Colored Powertips","Minty Spire (QoL Compilation)","Permanent Neow","Quick Restart"],"gold_per_floor":[112,125,125,125,145,159,159,172,172,172,190,44,44,56,56,56,56],"floor_reached":16,"language":"KOR","playtime":793,"items_purged":[],"score":94,"play_id":"3c4e5620-d07a-4310-b833-965911844d8d","local_time":"20210216040923","is_ascension_mode":false,"campfire_choices":[{"floor":7,"key":"RECALL"},{"data":"Reinforced Body","floor":10,"key":"SMITH"},{"data":"Glacier","floor":15,"key":"SMITH"}],"circlet_count":0,"master_deck":["Strike_B","Strike_B","Strike_B","Strike_B","Defend_B","Defend_B","Defend_B","Defend_B","Zap","Dualcast","Reinforced Body+1","Storm","Glacier+1"],"relics":["Snecko Eye","FaceOfCleric","Tiny Chest"],"acts_visited":["Exordium"],"potions_floor_usage":[16,16,16],"damage_taken":[{"damage":2,"enemies":"Cultist","floor":1,"turns":5},{"damage":0,"enemies":"Small Slimes","floor":2,"turns":4},{"damage":1,"enemies":"Jaw Worm","floor":5,"turns":3},{"damage":0,"enemies":"Red Slaver","floor":6,"turns":6},{"damage":6,"enemies":"3 Louse","floor":8,"turns":4},{"damage":3,"enemies":"Exordium Wildlife","floor":11,"turns":4},{"damage":7,"enemies":"Large Slime","floor":14,"turns":9},{"damage":49,"enemies":"Slime Boss","floor":16,"turns":14}],"seed_played":"-51164325228591938","potions_obtained":[{"floor":2,"key":"Dexterity Potion"},{"floor":13,"key":"Energy Potion"},{"floor":13,"key":"EntropicBrew"}],"is_trial":false,"path_per_floor":["M","M","?","$","M","M","R","M","T","R","M","$","?","M","R","B"],"character_chosen":"DEFECT","items_purchased":["Tiny Chest"],"campfire_rested":0,"item_purchase_floors":[12],"current_hp_per_floor":[73,73,73,73,73,74,74,69,69,69,67,67,67,61,61,12,12],"gold":56,"neow_bonus":"BOSS_RELIC","is_daily":false,"chose_seed":false,"campfire_upgraded":2,"win_rate":0.0,"timestamp":1613416163,"path_taken":["M","?","?","?","M","M","R","M","T","R","?","?","?","M","R","BOSS"],"items_purchased_type":["Relic"],"build_version":"2020-12-22","purchased_purges":0,"victory":false,"max_hp_per_floor":[75,75,75,75,76,77,77,78,78,78,79,79,79,80,80,80,80],"card_choices":[{"not_picked":["Turbo","Go for the Eyes"],"picked":"Reinforced Body","floor":1},{"not_picked":["Sweeping Beam","Beam Cell","Compile Driver"],"picked":"SKIP","floor":2},{"not_picked":["Chill","Gash","Rebound"],"picked":"SKIP","floor":5},{"not_picked":["Recycle","Stack","Cold Snap"],"picked":"SKIP","floor":6},{"not_picked":["Stack","Doom and Gloom"],"picked":"Storm","floor":8},{"not_picked":["Coolheaded","Cold Snap","Ball Lightning"],"picked":"SKIP","floor":11},{"not_picked":["Doom and Gloom","Hologram"],"picked":"Glacier","floor":14}],"player_experience":262536,"relics_obtained":[],"event_choices":[{"damage_healed":0,"gold_gain":0,"player_choice":"Trade","damage_taken":0,"relics_obtained":["FaceOfCleric"],"max_hp_gain":0,"max_hp_loss":0,"event_name":"FaceTrader","floor":3,"gold_loss":0},{"damage_healed":0,"gold_gain":0,"player_choice":"Got Potions","damage_taken":0,"max_hp_gain":0,"max_hp_loss":0,"event_name":"Lab","floor":13,"gold_loss":0}],"is_beta":false,"boss_relics":[],"items_purged_floors":[],"is_endless":false,"potions_floor_spawned":[2],"killed_by":"Slime Boss","ascension_level":0}}