{"host":"8cqz7u612ax6p4mk","time":1613410445,"event":{"mods":["AchievementEnabler","BaseMod","Bestiary","Colored Map","DeckTracker","Highlight Path","Minty Spire (QoL Compilation)","Relic Stats","The Servant 0.9.4"],"gold_per_floor":[111,111,122,122,122,122,162,162,162,87,125,25,49,73,73,73,73],"floor_reached":16,"language":"ENG","playtime":629,"items_purged":["Defend_B","Strike_B"],"score":113,"play_id":"de930851-db9d-42a2-a3e4-3879f3f23489","local_time":"20210215123405","is_ascension_mode":true,"campfire_choices":[{"floor":6,"key":"REST"},{"data":"Chaos","floor":8,"key":"SMITH"},{"data":"Conserve Battery","floor":15,"key":"SMITH"}],"circlet_count":0,"master_deck":["Strike_B+1","Defend_B","Defend_B","Zap","Dualcast","Melter","Amplify+1","Capacitor","Chaos+1","Conserve Battery+1"],"relics":["Cracked Core","Golden Idol","Lantern","MealTicket","Anchor"],"acts_visited":["Exordium"],"potions_floor_usage":[11],"damage_taken":[{"damage":3,"enemies":"Jaw Worm","floor":1,"turns":3},{"damage":0,"enemies":"Small Slimes","floor":3,"turns":2},{"damage":24,"enemies":"Lagavulin","floor":7,"turns":8},{"damage":31,"enemies":"3 Sentries","floor":11,"turns":8},{"damage":0,"enemies":"2 Louse","floor":13,"turns":2},{"damage":5,"enemies":"Lots of Slimes","floor":14,"turns":4},{"damage":20,"enemies":"Hexaghost","floor":16,"turns":9}],"seed_played":"8064200501742871194","potions_obtained":[{"floor":7,"key":"Swift Potion"},{"floor":11,"key":"Energy Potion"}],"is_trial":false,"path_per_floor":["M","?","M","?","?","R","E","R","T","$","E","$","M","M","R","B"],"character_chosen":"DEFECT","items_purchased":[],"campfire_rested":1,"item_purchase_floors":[],"current_hp_per_floor":[51,36,36,36,29,49,25,25,25,40,9,24,24,19,19,0,0],"gold":73,"neow_bonus":"TRANSFORM_TWO_CARDS","is_daily":false,"chose_seed":false,"campfire_upgraded":2,"win_rate":0.0,"timestamp":1613410445,"path_taken":["M","?","M","?","?","R","E","R","T","$","E","?","M","M","R","BOSS"],"items_purchased_type":[],"build_version":"2020-12-22","purchased_purges":2,"victory":false,"max_hp_per_floor":[75,75,75,69,69,69,69,69,69,69,69,69,69,69,69,69,69],"relic_stats":{"counters":[7,36],"Golden Idol":26,"MealTicket":30,"obtain_stats":[{"Lantern":7,"Anchor":11,"Golden Idol":4,"MealTicket":9,"Cracked Core":0},{"Lantern":3,"Anchor":4,"Golden Idol":2,"MealTicket":3,"Cracked Core":0},{"Lantern":13,"Anchor":21,"Golden Idol":5,"MealTicket":13,"Cracked Core":0}]},"card_choices":[{"not_picked":["Cold Snap","Coolheaded"],"picked":"Capacitor","floor":1},{"not_picked":["Auto Shields","Go for the Eyes"],"picked":"Chaos","floor":3},{"not_picked":["Glacier","Sweeping Beam","Steam"],"picked":"SKIP","floor":7},{"not_picked":["BootSequence","Reboot"],"picked":"Conserve Battery","floor":11},{"not_picked":["Ball Lightning","Sweeping Beam","Beam Cell"],"picked":"SKIP","floor":13},{"not_picked":["Barrage","Rebound","Sweeping Beam"],"picked":"SKIP","floor":14}],"player_experience":203760,"relics_obtained":[{"floor":7,"key":"Lantern"},{"floor":9,"key":"MealTicket"},{"floor":11,"key":"Anchor"}],"event_choices":[{"damage_healed":0,"gold_gain":0,"player_choice":"Entered Light","damage_taken":15,"max_hp_gain":0,"max_hp_loss":0,"event_name":"Shining Light","floor":2,"gold_loss":0,"cards_upgraded":["Strike_B","Amplify"]},{"damage_healed":0,"gold_gain":0,"player_choice":"Lose Max HP","damage_taken":0,"relics_obtained":["Golden Idol"],"max_hp_gain":0,"max_hp_loss":6,"event_name":"Golden Idol","floor":4,"gold_loss":0},{"cards_removed":["Strike_B"],"damage_healed":0,"gold_gain":0,"player_choice":"Card Removal","damage_taken":7,"max_hp_gain":0,"max_hp_loss":0,"event_name":"Golden Wing","floor":5,"gold_loss":0}],"is_beta":false,"boss_relics":[],"items_purged_floors":[10,12],"is_endless":false,"potions_floor_spawned":[7,11],"killed_by":"Hexaghost","ascension_level":1}}