{"host":"i45hfqkcke4zequp","time":1613404467,"event":{"mods":["AchievementEnabler","BaseMod","BetterRewards","Minty Spire (QoL Compilation)","Permanent Neow","Shop Mod","SuperFastMode"],"gold_per_floor":[116,132,109,120,134,168,168,187,187,187,521,486,497,169,169,244,244,256,256,271,290,305,305,319,319,319,319,329,341,74,93,93,169,169,181,201,201,0,20,45,45,45,45,45,45,63,63,75,75,75,75],"floor_reached":50,"language":"KOR","playtime":2675,"items_purged":[],"score":834,"play_id":"1f10ac15-b016-4a49-8716-8d778668c779","local_time":"20210216005427","is_ascension_mode":true,"campfire_choices":[{"data":"Neutralize","floor":15.0,"key":"SMITH"},{"floor":23.0,"key":"REST"},{"data":"Caltrops","floor":25.0,"key":"SMITH"},{"data":"Bouncing Flask","floor":32.0,"key":"SMITH"},{"data":"Jack Of All Trades","floor":41,"key":"SMITH"},{"data":"Deadly Poison","floor":44,"key":"SMITH"},{"data":"Poisoned Stab","floor":49,"key":"SMITH"}],"circlet_count":0,"master_deck":["AscendersBane","Strike_G+1","Strike_G+1","Strike_G+1","Strike_G+1","Strike_G+1","Defend_G+1","Defend_G+1","Defend_G+1","Defend_G+1","Defend_G+1","Survivor","Neutralize+1","Masterful Stab","Poisoned Stab","Poisoned Stab+1","All Out Attack","PiercingWail","Deadly Poison","Deflect","Heel Hook+1","Die Die Die+1","Caltrops+1","Deadly Poison","Dagger Throw+1","Unload+1","Backstab+1","Dash+1","Slice+1","Bouncing Flask+1","Dagger Spray+1","Die Die Die+1","Deadly Poison+1","Flying Knee+1","PanicButton","Jack Of All Trades+1","Outmaneuver+1","Flying Knee+1","Deflect+1","Prepared+1"],"relics":["Ring of the Snake","Thread and Needle","Lantern","Blood Vial","CultistMask","Meat on the Bone","Anchor","Old Coin","Molten Egg 2","SlaversCollar","Eternal Feather","Bronze Scales","Velvet Choker","Red Mask","Toxic Egg 2","InkBottle"],"acts_visited":["Exordium","TheCity","TheBeyond"],"potions_floor_usage":[42,50,50],"damage_taken":[{"damage":0.0,"enemies":"Cultist","floor":1.0,"turns":4.0},{"damage":0.0,"enemies":"2 Louse","floor":2.0,"turns":2.0},{"damage":3.0,"enemies":"Small Slimes","floor":4.0,"turns":3.0},{"damage":8.0,"enemies":"Exordium Thugs","floor":5.0,"turns":4.0},{"damage":18.0,"enemies":"Lagavulin","floor":6.0,"turns":5.0},{"damage":0.0,"enemies":"Large Slime","floor":8.0,"turns":3.0},{"damage":6.0,"enemies":"3 Sentries","floor":11.0,"turns":5.0},{"damage":0.0,"enemies":"Blue Slaver","floor":13.0,"turns":2.0},{"damage":29.0,"enemies":"Slime Boss","floor":16.0,"turns":9.0},{"damage":24.0,"enemies":"Spheric Guardian","floor":18.0,"turns":5.0},{"damage":3.0,"enemies":"Chosen","floor":20.0,"turns":4.0},{"damage":14.0,"enemies":"Snake Plant","floor":21.0,"turns":5.0},{"damage":18.0,"enemies":"Snecko","floor":22.0,"turns":6.0},{"damage":0.0,"enemies":"Centurion and Healer","floor":24.0,"turns":5.0},{"damage":0.0,"enemies":"Cultist and Chosen","floor":28.0,"turns":4.0},{"damage":0.0,"enemies":"Snake Plant","floor":29.0,"turns":3.0},{"damage":9.0,"enemies":"Snecko","floor":31.0,"turns":5.0},{"damage":50.0,"enemies":"Champ","floor":33.0,"turns":10.0},{"damage":0.0,"enemies":"3 Shapes","floor":35.0,"turns":2.0},{"damage":4.0,"enemies":"Orb Walker","floor":36.0,"turns":3.0},{"damage":0,"enemies":"4 Shapes","floor":39,"turns":4},{"damage":36,"enemies":"Nemesis","floor":40,"turns":7},{"damage":0,"enemies":"Writhing Mass","floor":42,"turns":2},{"damage":51,"enemies":"Spire Growth","floor":46,"turns":5},{"damage":0,"enemies":"3 Darklings","floor":48,"turns":3},{"damage":75,"enemies":"Donu and Deca","floor":50,"turns":6}],"seed_played":"-4132301944455172769","potions_obtained":[{"floor":4.0,"key":"DistilledChaos"},{"floor":6.0,"key":"Fire Potion"},{"floor":8.0,"key":"AttackPotion"},{"floor":16.0,"key":"LiquidBronze"},{"floor":24.0,"key":"GhostInAJar"},{"floor":28.0,"key":"PowerPotion"},{"floor":29.0,"key":"PowerPotion"},{"floor":31.0,"key":"Swift Potion"},{"floor":39,"key":"SmokeBomb"},{"floor":46,"key":"Dexterity Potion"},{"floor":48,"key":"Swift Potion"}],"is_trial":false,"path_per_floor":["M","M","$","M","M","E","?","M","T","T","E","?","M","$","R","B",null,"M","?","M","M","M","R","M","R","T","?","M","M","$","M","R","B",null,"M","M","?","?","M","E","R","M","T","R","$","M","?","M","R","B"],"character_chosen":"THE_SILENT","items_purchased":["Lantern","Poisoned Stab","Molten Egg 2","Heel Hook+1","Slice+1","Bouncing Flask","Bronze Scales"],"campfire_rested":1,"item_purchase_floors":[0,3,14,14,30,30,30],"current_hp_per_floor":[56,56,56,53,45,27,27,29,29,29,37,54,56,56,56,41,63,41,41,40,40,36,57,59,59,59,59,61,63,63,56,70,32,61,63,61,56,56,58,36,57,59,59,70,70,31,31,45,69,0,0],"gold":75,"neow_bonus":"","is_daily":false,"chose_seed":false,"campfire_upgraded":6,"win_rate":0.0,"timestamp":1613404467,"path_taken":["M","M","?","M","M","E","?","?","T","?","E","?","?","$","R","BOSS","M","?","M","M","M","R","M","R","T","?","M","M","?","M","R","BOSS","M","M","?","?","M","E","R","M","T","R","?","M","?","?","R","BOSS"],"items_purchased_type":["Relic","Card","Relic","Card","Card","Card","Relic"],"build_version":"2020-12-22","purchased_purges":0,"victory":false,"max_hp_per_floor":[70,70,70,70,70,70,70,70,70,70,70,70,70,70,70,70,70,70,70,70,70,70,70,70,70,70,70,70,70,70,70,70,70,70,70,70,70,70,70,70,70,70,70,70,70,70,70,70,70,70,70],"card_choices":[{"not_picked":["Outmaneuver","Sucker Punch"],"picked":"Masterful Stab","floor":1.0},{"not_picked":["Escape Plan","Deadly Poison"],"picked":"Poisoned Stab","floor":2.0},{"not_picked":["Quick Slash","Blade Dance"],"picked":"Dagger Spray","floor":4.0},{"not_picked":["Dagger Throw","Terror"],"picked":"All Out Attack","floor":5.0},{"not_picked":["After Image","Underhanded Strike"],"picked":"PiercingWail","floor":6.0},{"not_picked":["Tactician","Calculated Gamble"],"picked":"Deadly Poison","floor":8.0},{"not_picked":["Backflip","Eviscerate","Malaise"],"picked":"SKIP","floor":11.0},{"not_picked":["Concentrate","Acrobatics"],"picked":"Deflect","floor":13.0},{"not_picked":["Wraith Form v2","Venomology"],"picked":"Die Die Die+1","floor":16.0},{"not_picked":["Well Laid Plans","Expertise"],"picked":"Caltrops","floor":18.0},{"not_picked":["Dagger Spray+1","Sucker Punch+1"],"picked":"Deadly Poison","floor":20.0},{"not_picked":["Quick Slash+1","Predator+1"],"picked":"Dagger Throw+1","floor":21.0},{"not_picked":["Cloak And Dagger","Deflect"],"picked":"Unload+1","floor":22.0},{"not_picked":["Masterful Stab+1","Dodge and Roll"],"picked":"Backstab+1","floor":24.0},{"not_picked":["Calculated Gamble","Tactician","Dodge and Roll"],"picked":"SKIP","floor":28.0},{"not_picked":["Calculated Gamble","Backflip"],"picked":"Dash+1","floor":29.0},{"not_picked":["Leg Sweep","Escape Plan"],"picked":"Dagger Spray+1","floor":31.0},{"not_picked":["Grand Finale+1","A Thousand Cuts"],"picked":"Die Die Die+1","floor":33.0},{"not_picked":["Dash+1","Distraction+1"],"picked":"Deadly Poison","floor":35.0},{"not_picked":["Deflect","Outmaneuver"],"picked":"Flying Knee+1","floor":36.0},{"not_picked":["Finesse","Mind Blast+1"],"picked":"PanicButton","floor":37.0},{"not_picked":["PanicButton","Secret Technique"],"picked":"Jack Of All Trades","floor":37.0},{"not_picked":["Backflip","Choke+1"],"picked":"Outmaneuver+1","floor":39},{"not_picked":["Choke+1","Well Laid Plans+1"],"picked":"Flying Knee+1","floor":40},{"not_picked":["Flechettes+1","Choke+1"],"picked":"Deflect+1","floor":46},{"not_picked":["Acrobatics+1","Reflex+1"],"picked":"Prepared+1","floor":48}],"player_experience":547334,"relics_obtained":[{"floor":6.0,"key":"Blood Vial"},{"floor":9.0,"key":"Meat on the Bone"},{"floor":10.0,"key":"Anchor"},{"floor":11.0,"key":"Old Coin"},{"floor":26.0,"key":"Eternal Feather"},{"floor":40,"key":"Toxic Egg 2"},{"floor":43,"key":"InkBottle"}],"event_choices":[{"damage_healed":0.0,"max_hp_gain":0.0,"max_hp_loss":0.0,"gold_gain":0.0,"event_name":"FaceTrader","player_choice":"Trade","floor":7.0,"gold_loss":0.0,"damage_taken":0.0,"relics_obtained":["CultistMask"]},{"damage_healed":17.0,"max_hp_gain":0.0,"max_hp_loss":0.0,"gold_gain":0.0,"event_name":"The Cleric","player_choice":"Healed","floor":12.0,"gold_loss":35.0,"damage_taken":0.0},{"damage_healed":0.0,"max_hp_gain":0.0,"max_hp_loss":0.0,"gold_gain":0.0,"event_name":"Vampires","player_choice":"Ignored","floor":19.0,"gold_loss":0.0,"damage_taken":0.0},{"damage_healed":0.0,"max_hp_gain":0.0,"max_hp_loss":0.0,"gold_gain":0.0,"event_name":"Back to Basics","player_choice":"Simplicity","floor":27.0,"gold_loss":0.0,"damage_taken":0.0,"cards_upgraded":["Strike_G","Strike_G","Strike_G","Strike_G","Strike_G","Defend_G","Defend_G","Defend_G","Defend_G","Defend_G"]},{"damage_healed":0.0,"max_hp_gain":0.0,"max_hp_loss":0.0,"gold_gain":0.0,"event_name":"SensoryStone","player_choice":"Memory 2","floor":37.0,"gold_loss":0.0,"damage_taken":5.0},{"damage_healed":0.0,"max_hp_gain":0.0,"max_hp_loss":0.0,"gold_gain":0.0,"event_name":"Tomb of Lord Red Mask","player_choice":"Paid","floor":38.0,"gold_loss":201.0,"damage_taken":0.0,"relics_obtained":["Red Mask"]},{"cards_removed":["Dagger Spray"],"damage_healed":0,"gold_gain":0,"player_choice":"Removed Attack","damage_taken":0,"max_hp_gain":0,"max_hp_loss":0,"event_name":"Falling","floor":47,"gold_loss":0}],"is_beta":false,"boss_relics":[{"not_picked":["Snecko Eye","Astrolabe"],"picked":"SlaversCollar"},{"not_picked":["Tiny House","Fusion Hammer"],"picked":"Velvet Choker"}],"items_purged_floors":[],"is_endless":false,"potions_floor_spawned":[4,6,8,16,24,28,29,31,39,46,48],"killed_by":"Donu and Deca","ascension_level":13}}