{"host":"mu5qkq7030l6349q","time":1613414217,"event":{"mods":["AchievementEnabler","BaseMod","Colored Powertips","Downfall","Highlight Path","Minty Spire (QoL Compilation)","Permanent Neow","Rare Cards Sparkle","StSLib"],"gold_per_floor":[118,118,130,130,149,149,168,168,238,272,272,292,302,402,402,507,507,524,524,538,453,466,466,492,504,504,528,528,31,31,31,31,134,134,145,160,160,177,23,58,58,73,97,137,149,36,53,69,69,69,69,69,69,94,94],"floor_reached":56,"language":"ENG","playtime":4147,"items_purged":["Normality","Defend_P","Injury"],"score":1225,"play_id":"1cc12530-2c4a-4f90-9493-2491e44aee33","local_time":"20210215193657","is_ascension_mode":false,"campfire_choices":[{"data":"Eruption","floor":6.0,"key":"SMITH"},{"data":"FlurryOfBlows","floor":8.0,"key":"SMITH"},{"data":"FlurryOfBlows","floor":15.0,"key":"SMITH"},{"data":"LessonLearned","floor":23.0,"key":"SMITH"},{"floor":28.0,"key":"REST"},{"floor":32.0,"key":"REST"},{"data":"FlurryOfBlows","floor":45.0,"key":"SMITH"},{"floor":49.0,"key":"RECALL"},{"data":"FlurryOfBlows","floor":52.0,"key":"SMITH"}],"circlet_count":0,"master_deck":["Strike_P+1","Strike_P+1","Defend_P+1","Eruption+1","Vigilance+1","SashWhip+1","EmptyFist+1","FlurryOfBlows+1","FlurryOfBlows+1","Adaptation+1","Crescendo+1","LessonLearned+1","EmptyMind+1","Crescendo+1","FollowUp+1","CarveReality+1","Halt+1","EmptyBody+1","Scrawl+1","Deep Breath+1","Perseverance+1","FlyingSleeves+1","FlurryOfBlows+1","Parasite","Indignation+1","FlurryOfBlows+1","InnerPeace+1","Parasite","CrushJoints+1","FlurryOfBlows+1"],"relics":["Runic Pyramid","Toxic Egg 2","Nunchaku","Odd Mushroom","Cursed Key","Boot","StoneCalendar","Letter Opener","Ornamental Fan","Enchiridion","Black Star","Blood Vial","Pantograph","MawBank","Meat on the Bone","Orichalcum","Bag of Preparation","Damaru"],"acts_visited":["Exordium","TheCity","TheBeyond","TheEnding"],"potions_floor_usage":[55,55],"damage_taken":[{"damage":1.0,"enemies":"Small Slimes","floor":1.0,"turns":3.0},{"damage":1.0,"enemies":"Jaw Worm","floor":3.0,"turns":3.0},{"damage":2.0,"enemies":"2 Louse","floor":5.0,"turns":2.0},{"damage":0.0,"enemies":"Exordium Thugs","floor":7.0,"turns":3.0},{"damage":4.0,"enemies":"Gremlin Nob","floor":10.0,"turns":3.0},{"damage":16.0,"enemies":"The Mushroom Lair","floor":12.0,"turns":4.0},{"damage":8.0,"enemies":"Gremlin Gang","floor":13.0,"turns":3.0},{"damage":37.0,"enemies":"The Guardian","floor":16.0,"turns":9.0},{"damage":0.0,"enemies":"Spheric Guardian","floor":18.0,"turns":2.0},{"damage":5.0,"enemies":"3 Byrds","floor":20.0,"turns":3.0},{"damage":3.0,"enemies":"Snecko","floor":22.0,"turns":3.0},{"damage":12.0,"enemies":"Slavers","floor":24.0,"turns":4.0},{"damage":12.0,"enemies":"Centurion and Healer","floor":25.0,"turns":4.0},{"damage":23.0,"enemies":"Collector","floor":33.0,"turns":6.0},{"damage":11.0,"enemies":"Orb Walker","floor":35.0,"turns":2.0},{"damage":0.0,"enemies":"3 Darklings","floor":36.0,"turns":3.0},{"damage":0.0,"enemies":"Writhing Mass","floor":38.0,"turns":3.0},{"damage":1.0,"enemies":"Reptomancer","floor":40.0,"turns":4.0},{"damage":0.0,"enemies":"Sphere and 2 Shapes","floor":42.0,"turns":2.0},{"damage":10.0,"enemies":"Nemesis","floor":44.0,"turns":5.0},{"damage":0.0,"enemies":"Transient","floor":47.0,"turns":5.0},{"damage":11.0,"enemies":"Jaw Worm Horde","floor":48.0,"turns":3.0},{"damage":42.0,"enemies":"Awakened One","floor":50.0,"turns":6.0},{"damage":71.0,"enemies":"Shield and Spear","floor":54.0,"turns":6.0},{"damage":33,"enemies":"The Heart","floor":55,"turns":6}],"seed_played":"-8258492275325073115","potions_obtained":[{"floor":5.0,"key":"Swift Potion"},{"floor":7.0,"key":"bronze:BurnAndBuffPotion"},{"floor":12.0,"key":"SkillPotion"},{"floor":16.0,"key":"Energy Potion"},{"floor":24.0,"key":"Energy Potion"},{"floor":33.0,"key":"LiquidMemories"},{"floor":35.0,"key":"ColorlessPotion"},{"floor":38.0,"key":"Fruit Juice"},{"floor":40.0,"key":"DistilledChaos"},{"floor":54.0,"key":"GamblersBrew"}],"is_trial":false,"path_per_floor":["M","?","M","?","M","R","M","R","T","E","?","?","M","?","R","B",null,"M","?","M","?","M","R","E","M","T","T","R","$","?","?","R","B",null,"M","M","?","M","$","E","?","M","T","E","R","$","M","M","R","B",null,"R","$","E","B",null],"character_chosen":"WATCHER","items_purchased":["Scrawl+1","Deep Breath+1","Ornamental Fan","FlurryOfBlows"],"campfire_rested":2,"item_purchase_floors":[29,29,29,39],"current_hp_per_floor":[71,71,70,63,61,61,61,61,61,57,72,56,48,48,48,11,72,72,72,67,67,64,64,52,40,40,40,61,61,61,45,66,43,72,61,61,61,66,66,65,65,67,67,59,59,59,61,52,52,47,77,77,77,18,24],"gold":94,"neow_bonus":"BOSS_RELIC","is_daily":false,"chose_seed":false,"campfire_upgraded":6,"win_rate":0.0,"timestamp":1613414217,"path_taken":["M","?","M","?","M","R","?","R","T","E","?","?","M","?","R","BOSS","M","?","?","?","M","R","E","M","T","?","R","$","?","?","R","BOSS","M","M","?","M","?","E","?","M","T","E","R","$","?","M","R","BOSS","R","$","E","BOSS"],"items_purchased_type":["Card","Card","Relic","Card"],"build_version":"2020-12-22","purchased_purges":3,"victory":true,"max_hp_per_floor":[72,72,72,72,72,72,72,72,72,72,72,72,72,72,72,72,72,72,72,72,72,72,72,72,72,72,72,72,72,72,72,72,72,72,72,72,72,77,77,77,77,77,77,77,77,77,77,77,77,77,77,77,77,77,77],"card_choices":[{"not_picked":["Evaluate","FlyingSleeves"],"picked":"SashWhip","floor":1.0},{"not_picked":["Swivel","Protect"],"picked":"EmptyFist","floor":3.0},{"not_picked":["Evaluate","Fasting2"],"picked":"FlurryOfBlows","floor":5.0},{"not_picked":["MasterReality","WaveOfTheHand"],"picked":"FlurryOfBlows","floor":7.0},{"not_picked":["ThirdEye+1","CrushJoints"],"picked":"Adaptation","floor":10.0},{"not_picked":["EmptyBody+1","Protect+1"],"picked":"Crescendo+1","floor":12.0},{"not_picked":["Protect+1","BattleHymn","Evaluate+1"],"picked":"SKIP","floor":13.0},{"not_picked":["ConjureBlade+1","Omniscience+1"],"picked":"LessonLearned","floor":16.0},{"not_picked":["FlyingSleeves","SashWhip"],"picked":"EmptyMind+1","floor":18.0},{"not_picked":["Nirvana","EmptyFist"],"picked":"FollowUp","floor":20.0},{"not_picked":["Pray+1","LikeWater"],"picked":"CarveReality+1","floor":22.0},{"not_picked":["WaveOfTheHand+1","Worship+1"],"picked":"Halt+1","floor":24.0},{"not_picked":["JustLucky","ThirdEye+1"],"picked":"EmptyBody+1","floor":25.0},{"not_picked":["Adaptation","BowlingBash+1"],"picked":"FlurryOfBlows","floor":35.0},{"not_picked":["Wallop+1","JustLucky+1","ClearTheMind+1"],"picked":"SKIP","floor":36.0},{"not_picked":["ReachHeaven","FlyingSleeves"],"picked":"Indignation+1","floor":38.0},{"not_picked":["Evaluate+1","FlyingSleeves","Crescendo+1"],"picked":"SKIP","floor":40.0},{"not_picked":["Protect+1","Tantrum"],"picked":"InnerPeace+1","floor":42.0},{"not_picked":["Worship+1","ReachHeaven","Adaptation+1"],"picked":"SKIP","floor":44.0},{"not_picked":["LessonLearned","SashWhip+1"],"picked":"CrushJoints+1","floor":47.0},{"not_picked":["WindmillStrike+1","FlyingSleeves+1"],"picked":"FlurryOfBlows","floor":48.0},{"not_picked":["Wallop","Adaptation+1","EmptyBody+1"],"picked":"SKIP","floor":54.0}],"player_experience":19513,"relics_obtained":[{"floor":9.0,"key":"Toxic Egg 2"},{"floor":10.0,"key":"Nunchaku"},{"floor":12.0,"key":"Odd Mushroom"},{"floor":24.0,"key":"StoneCalendar"},{"floor":26.0,"key":"Letter Opener"},{"floor":31.0,"key":"Enchiridion"},{"floor":40.0,"key":"Blood Vial"},{"floor":40.0,"key":"Pantograph"},{"floor":43.0,"key":"MawBank"},{"floor":44.0,"key":"Meat on the Bone"},{"floor":44.0,"key":"Orichalcum"},{"floor":54.0,"key":"Bag of Preparation"},{"floor":54.0,"key":"Damaru"}],"event_choices":[{"damage_healed":0.0,"max_hp_gain":0.0,"max_hp_loss":0.0,"gold_gain":0.0,"event_name":"Liars Game","player_choice":"Ignored","floor":2.0,"gold_loss":0.0,"damage_taken":0.0},{"cards_removed":["Strike_P"],"damage_healed":0.0,"max_hp_gain":0.0,"max_hp_loss":0.0,"gold_gain":0.0,"event_name":"Golden Wing","player_choice":"Card Removal","floor":4.0,"gold_loss":0.0,"damage_taken":7.0},{"damage_healed":24.0,"max_hp_gain":0.0,"max_hp_loss":0.0,"gold_gain":0.0,"event_name":"Big Fish","player_choice":"Banana","floor":11.0,"gold_loss":0.0,"damage_taken":0.0},{"damage_healed":0.0,"max_hp_gain":0.0,"max_hp_loss":0.0,"gold_gain":0.0,"event_name":"Mushrooms","player_choice":"Fought Mushrooms","floor":12.0,"gold_loss":0.0,"damage_taken":0.0},{"damage_healed":0.0,"max_hp_gain":0.0,"max_hp_loss":0.0,"gold_gain":100.0,"event_name":"Golden Shrine","player_choice":"Pray","floor":14.0,"gold_loss":0.0,"damage_taken":0.0},{"damage_healed":0.0,"max_hp_gain":0.0,"max_hp_loss":0.0,"gold_gain":0.0,"cards_transformed":["Defend_P"],"event_name":"Transmorgrifier","player_choice":"Transformed","floor":19.0,"gold_loss":0.0,"damage_taken":0.0,"cards_obtained":["Crescendo"]},{"damage_healed":0.0,"max_hp_gain":0.0,"max_hp_loss":0.0,"gold_gain":0.0,"event_name":"Addict","player_choice":"Obtained Relic","floor":21.0,"gold_loss":85.0,"damage_taken":0.0,"relics_obtained":["Boot"]},{"damage_healed":0.0,"max_hp_gain":0.0,"max_hp_loss":0.0,"gold_gain":0.0,"cards_transformed":["Defend_P","Strike_P"],"event_name":"Drug Dealer","player_choice":"Became Test Subject","floor":30.0,"gold_loss":0.0,"damage_taken":0.0,"cards_obtained":["Perseverance","FlyingSleeves"]},{"damage_healed":0.0,"max_hp_gain":0.0,"max_hp_loss":0.0,"gold_gain":0.0,"event_name":"Cursed Tome","player_choice":"Obtained Book","floor":31.0,"gold_loss":0.0,"damage_taken":16.0},{"damage_healed":0.0,"max_hp_gain":0.0,"max_hp_loss":0.0,"gold_gain":0.0,"event_name":"Tomb of Lord Red Mask","player_choice":"Ignored","floor":37.0,"gold_loss":0.0,"damage_taken":0.0},{"damage_healed":0.0,"max_hp_gain":0.0,"max_hp_loss":0.0,"gold_gain":0.0,"event_name":"NoteForYourself","player_choice":"Ignored","floor":41.0,"gold_loss":0.0,"damage_taken":0.0}],"is_beta":false,"boss_relics":[{"not_picked":["Tiny House","SacredBark"],"picked":"Cursed Key"},{"not_picked":["Sozu","VioletLotus"],"picked":"Black Star"}],"items_purged_floors":[29,39,46],"is_endless":false,"potions_floor_spawned":[5,7,12,16,18,24,33,35,38,40,48,54],"ascension_level":0}}