{"host":"s41rn2jhghpwfrvz","time":1613371847,"event":{"mods":["BaseMod","Minty Spire (QoL Compilation)","Quick Restart","Relic Stats","SuperFastMode"],"gold_per_floor":[111,111,122,141,156,189,203,219,244,271,331,358,358,283,283,358,358,368,385,385,285,313,341,360,391,391,54,70,85,85,99,99,175,175],"floor_reached":33,"language":"ENG","playtime":1146,"items_purged":["Warcry","Pain","Hologram"],"score":1108,"play_id":"5794c02c-a28d-4edd-a91f-6a92966eee40","local_time":"20210215085047","daily_mods":["SealedDeck","Diverse","DeadlyEvents"],"is_ascension_mode":true,"campfire_choices":[{"data":"Whirlwind","floor":13,"key":"SMITH"},{"data":"TalkToTheHand","floor":15,"key":"SMITH"},{"data":"Turbo","floor":32,"key":"SMITH"}],"circlet_count":0,"master_deck":["AscendersBane","Battle Trance","ForeignInfluence","Consecrate+1","Rage","Whirlwind+1","Disarm","Conserve Battery","TalkToTheHand+1","Turbo+1","Clumsy","Backflip","Backflip","Shame"],"relics":["Burning Blood","Blue Candle","Art of War","Bag of Preparation","Toy Ornithopter","Anchor","Bronze Scales","Cursed Key","WarpedTongs","MealTicket","Whetstone","Darkstone Periapt","Letter Opener","ClockworkSouvenir","Paper Frog"],"acts_visited":["Exordium","TheCity"],"potions_floor_usage":[16],"damage_taken":[{"damage":1,"enemies":"2 Louse","floor":1,"turns":2},{"damage":0,"enemies":"Small Slimes","floor":3,"turns":3},{"damage":0,"enemies":"Cultist","floor":4,"turns":3},{"damage":0,"enemies":"Exordium Wildlife","floor":5,"turns":2},{"damage":18,"enemies":"3 Sentries","floor":6,"turns":4},{"damage":4,"enemies":"3 Louse","floor":7,"turns":2},{"damage":0,"enemies":"2 Fungi Beasts","floor":8,"turns":2},{"damage":0,"enemies":"Lagavulin","floor":10,"turns":6},{"damage":0,"enemies":"3 Sentries","floor":11,"turns":2},{"damage":17,"enemies":"3 Sentries","floor":12,"turns":4},{"damage":11,"enemies":"Slime Boss","floor":16,"turns":6},{"damage":0,"enemies":"2 Thieves","floor":18,"turns":2},{"damage":0,"enemies":"3 Byrds","floor":19,"turns":2},{"damage":0,"enemies":"Slavers","floor":22,"turns":2},{"damage":3,"enemies":"Book of Stabbing","floor":23,"turns":4},{"damage":0,"enemies":"Cultist and Chosen","floor":24,"turns":3},{"damage":0,"enemies":"Gremlin Leader","floor":25,"turns":4},{"damage":1,"enemies":"Centurion and Healer","floor":28,"turns":2},{"damage":1,"enemies":"Shelled Parasite and Fungi","floor":29,"turns":3},{"damage":2,"enemies":"Snake Plant","floor":31,"turns":2},{"damage":2,"enemies":"Collector","floor":33,"turns":9}],"seed_played":"1902606801549229161","potions_obtained":[{"floor":1,"key":"Energy Potion"},{"floor":3,"key":"Explosive Potion"},{"floor":10,"key":"Swift Potion"},{"floor":16,"key":"DistilledChaos"},{"floor":19,"key":"SpeedPotion"}],"is_trial":true,"path_per_floor":["M","?","M","M","M","E","M","M","T","E","?","E","R","$","R","B",null,"M","M","?","$","E","E","M","E","T","$","M","M","?","M","R","B"],"character_chosen":"IRONCLAD","items_purchased":["Backflip","ClockworkSouvenir"],"campfire_rested":0,"item_purchase_floors":[27,27],"current_hp_per_floor":[73,68,74,75,75,63,65,71,71,75,75,64,64,64,64,64,72,75,75,75,75,75,75,75,75,81,81,81,81,87,87,87,87,87],"gold":175,"neow_bonus":"","is_daily":false,"chose_seed":false,"campfire_upgraded":3,"win_rate":0.0,"timestamp":1613371847,"path_taken":["M","?","M","M","M","E","M","M","T","E","?","E","R","$","R","BOSS","M","M","?","$","?","E","M","E","T","$","?","M","?","M","R","BOSS"],"items_purchased_type":["Card","Relic"],"build_version":"2020-12-22","purchased_purges":3,"victory":false,"max_hp_per_floor":[75,75,75,75,75,75,75,75,75,75,75,75,75,75,75,75,75,75,75,75,75,75,75,75,75,81,81,81,81,87,87,87,87,87],"relic_stats":{"Darkstone Periapt":12,"counters":[21,69],"Blue Candle":[6],"Bag of Preparation":[28],"Whetstone":["Consecrate"],"Letter Opener":[120],"Cursed Key":1,"Burning Blood":59,"WarpedTongs":[25],"Bronze Scales":[99],"MealTicket":0,"Art of War":[1],"obtain_stats":[{"Darkstone Periapt":25,"Blue Candle":2,"Bag of Preparation":9,"Whetstone":23,"Letter Opener":26,"Cursed Key":17,"Burning Blood":0,"WarpedTongs":20,"ClockworkSouvenir":27,"Anchor":11,"Bronze Scales":12,"MealTicket":22,"Art of War":6,"Toy Ornithopter":10,"Paper Frog":30},{"Darkstone Periapt":17,"Blue Candle":1,"Bag of Preparation":7,"Whetstone":15,"Letter Opener":17,"Cursed Key":11,"Burning Blood":0,"WarpedTongs":13,"ClockworkSouvenir":17,"Anchor":9,"Bronze Scales":10,"MealTicket":14,"Art of War":5,"Toy Ornithopter":8,"Paper Frog":19},{"Darkstone Periapt":53,"Blue Candle":2,"Bag of Preparation":18,"Whetstone":46,"Letter Opener":53,"Cursed Key":36,"Burning Blood":0,"WarpedTongs":40,"ClockworkSouvenir":53,"Anchor":26,"Bronze Scales":30,"MealTicket":42,"Art of War":14,"Toy Ornithopter":24,"Paper Frog":58}],"Toy Ornithopter":5},"card_choices":[{"not_picked":["PathToVictory","Redo","Sentinel"],"picked":"SKIP","floor":1},{"not_picked":["Rebound","Protect","Poisoned Stab"],"picked":"SKIP","floor":3},{"not_picked":["Self Repair","Anger","FlyingSleeves"],"picked":"SKIP","floor":4},{"not_picked":["PathToVictory","MasterReality","Backstab"],"picked":"SKIP","floor":5},{"not_picked":["Anger","Perseverance","Warcry"],"picked":"SKIP","floor":6},{"not_picked":["Flame Barrier","Sucker Punch"],"picked":"Turbo","floor":7},{"not_picked":["Prepared","Gash","A Thousand Cuts"],"picked":"SKIP","floor":8},{"not_picked":["Endless Agony","Coolheaded","Prepared"],"picked":"SKIP","floor":10},{"not_picked":["Beam Cell","Iron Wave","Flying Knee"],"picked":"SKIP","floor":12},{"not_picked":["Outmaneuver","PiercingWail+1","Steam"],"picked":"SKIP","floor":18},{"not_picked":["Slice","Reflex","Dark Embrace"],"picked":"SKIP","floor":19},{"not_picked":["CrushJoints","Eviscerate","Dropkick+1"],"picked":"SKIP","floor":22},{"not_picked":["Wild Strike","Metallicize","True Grit"],"picked":"SKIP","floor":23},{"not_picked":["Rampage","Iron Wave","Shrug It Off"],"picked":"SKIP","floor":24},{"not_picked":["Prostrate","Adaptation","Heavy Blade"],"picked":"SKIP","floor":25},{"not_picked":["Inflame","Setup"],"picked":"Backflip","floor":28},{"not_picked":["Steam Power","EmptyFist","Backflip"],"picked":"SKIP","floor":29},{"not_picked":["Deflect","Aggregate","Evolve"],"picked":"SKIP","floor":31}],"player_experience":1916453,"relics_obtained":[{"floor":6,"key":"Art of War"},{"floor":9,"key":"Bag of Preparation"},{"floor":10,"key":"Toy Ornithopter"},{"floor":11,"key":"Anchor"},{"floor":12,"key":"Bronze Scales"},{"floor":22,"key":"MealTicket"},{"floor":23,"key":"Whetstone"},{"floor":25,"key":"Darkstone Periapt"},{"floor":26,"key":"Letter Opener"}],"event_choices":[{"damage_healed":0,"gold_gain":0,"player_choice":"Success","damage_taken":5,"relics_obtained":["Blue Candle"],"max_hp_gain":0,"max_hp_loss":0,"event_name":"Scrap Ooze","floor":2,"gold_loss":0},{"damage_healed":0,"gold_gain":0,"player_choice":"Searched \u00272\u0027 times","damage_taken":0,"max_hp_gain":0,"max_hp_loss":0,"event_name":"Dead Adventurer","floor":11,"gold_loss":0},{"damage_healed":0,"gold_gain":0,"player_choice":"Rummage","damage_taken":0,"relics_obtained":["WarpedTongs"],"max_hp_gain":0,"max_hp_loss":0,"event_name":"Accursed Blacksmith","floor":20,"gold_loss":0,"cards_obtained":["Pain"]},{"damage_healed":0,"gold_gain":0,"player_choice":"Stole Relic","damage_taken":0,"relics_obtained":["Paper Frog"],"max_hp_gain":0,"max_hp_loss":0,"event_name":"Addict","floor":30,"gold_loss":0,"cards_obtained":["Shame"]}],"is_beta":false,"boss_relics":[{"not_picked":["Runic Pyramid","Sozu"],"picked":"Cursed Key"}],"items_purged_floors":[14,21,27],"is_endless":false,"potions_floor_spawned":[1,3,6,10,11,16,19,24,25,28],"killed_by":"Collector","ascension_level":20}}