{"host":"2l3i55whvwk76mom","time":1613360954,"event":{"mods":["BaseMod","Googly Eyes","Hubris","Minty Spire (QoL Compilation)","Replay The Spire","StSLib"],"gold_per_floor":[119,119,130,145,165,165,165,196,196,196,224,142,154,172,172,269,269,284,304,304,315,315,315,332,332,384,384,402,415,428,428,428],"floor_reached":31,"language":"ENG","playtime":1433,"items_purged":[],"score":317,"play_id":"98176a94-6d0f-46dc-8834-3c91824516ed","local_time":"20210214194914","is_ascension_mode":true,"campfire_choices":[{"data":"Establishment","floor":6,"key":"SMITH"},{"floor":10,"key":"REST"},{"floor":15,"key":"REST"},{"floor":23,"key":"REST"},{"floor":27,"key":"REST"}],"circlet_count":0,"master_deck":["Strike_P","Strike_P","Strike_P","Strike_P","Defend_P","Defend_P","Defend_P","Defend_P","Eruption","Vigilance","Establishment+1","EmptyFist","SandsOfTime","Wireheading","Replay:BluntJabs","SandsOfTime","FlyingSleeves","Replay:Hum","ClearTheMind","Devotion","Swivel","CarveReality+1","BattleHymn+1","Perseverance","Replay:LoomingThreat","CutThroughFate+1","Replay:ManipulateFuture"],"relics":["PureWater","Chameleon Ring","The Courier","Regal Pillow","Honey Jar","hubris:Towel"],"acts_visited":["Exordium","TheCity"],"potions_floor_usage":[3,5,8,8,11,16,16,19],"damage_taken":[{"damage":6,"enemies":"Jaw Worm","floor":1,"turns":4},{"damage":0,"enemies":"Small Slimes","floor":3,"turns":2},{"damage":6,"enemies":"Cultist","floor":4,"turns":3},{"damage":0,"enemies":"Lots of Slimes","floor":5,"turns":1},{"damage":13,"enemies":"Lagavulin","floor":8,"turns":5},{"damage":32,"enemies":"3 Sentries","floor":11,"turns":6},{"damage":11,"enemies":"3 Louse","floor":13,"turns":5},{"damage":13,"enemies":"Exordium Wildlife","floor":14,"turns":4},{"damage":20,"enemies":"Fading Forest","floor":16,"turns":8},{"damage":23,"enemies":"Shell Parasite","floor":18,"turns":5},{"damage":4,"enemies":"Chosen","floor":19,"turns":3},{"damage":36,"enemies":"3 Cultists","floor":21,"turns":6},{"damage":26,"enemies":"Centurion and Healer","floor":24,"turns":4},{"damage":39,"enemies":"Shelled Parasite and Fungi","floor":28,"turns":6},{"damage":15,"enemies":"Snake Plant","floor":29,"turns":4},{"damage":20,"enemies":"Cultist and Chosen","floor":30,"turns":6},{"damage":15,"enemies":"Slavers","floor":31,"turns":1}],"seed_played":"-8561771875410048761","potions_obtained":[{"floor":1,"key":"DistilledChaos"},{"floor":3,"key":"Toxic Potion"},{"floor":4,"key":"Dexterity Potion"},{"floor":7,"key":"AttackPotion"},{"floor":7,"key":"Strength Potion"},{"floor":14,"key":"LiquidBronze"},{"floor":16,"key":"Swift Potion"},{"floor":19,"key":"FairyPotion"},{"floor":28,"key":"BottledMiracle"},{"floor":29,"key":"Milkshake"}],"is_trial":false,"path_per_floor":["M","?","M","M","M","R","?","E","T","R","E","$","M","M","R","B",null,"M","M","?","M","?","R","M","$","T","R","M","M","M","E"],"character_chosen":"WATCHER","items_purchased":["Doom Potion"],"campfire_rested":4,"item_purchase_floors":[12],"current_hp_per_floor":[59,64,64,58,58,58,58,45,45,66,34,34,23,10,46,34,70,47,43,43,7,7,43,17,17,17,53,14,31,11,0,0],"gold":428,"neow_bonus":"THREE_RARE_CARDS","is_daily":false,"chose_seed":false,"campfire_upgraded":1,"win_rate":0.0,"timestamp":1613360954,"path_taken":["M","?","M","M","M","R","?","E","T","R","E","$","?","M","R","BOSS","M","?","?","M","?","R","M","?","T","R","M","M","?","E"],"items_purchased_type":["Potion"],"build_version":"2020-12-22","purchased_purges":0,"victory":false,"max_hp_per_floor":[65,70,70,70,70,70,70,70,70,70,70,70,70,70,70,70,70,70,70,70,70,70,70,70,70,70,70,70,70,70,70,70],"card_choices":[{"not_picked":["Wish","Vault"],"picked":"Establishment","floor":0},{"not_picked":["Weave","Halt"],"picked":"EmptyFist","floor":1},{"not_picked":["Wallop","FollowUp"],"picked":"SandsOfTime","floor":3},{"not_picked":["WaveOfTheHand","ClearTheMind"],"picked":"Wireheading","floor":4},{"not_picked":["TalkToTheHand","CutThroughFate"],"picked":"Replay:BluntJabs","floor":5},{"not_picked":["Crescendo","PathToVictory"],"picked":"SandsOfTime","floor":8},{"not_picked":["Replay:BluntJabs","Worship"],"picked":"FlyingSleeves","floor":11},{"not_picked":["FlyingSleeves","EmptyFist"],"picked":"Replay:Hum","floor":13},{"not_picked":["SpiritShield","Halt"],"picked":"ClearTheMind","floor":14},{"not_picked":["Alpha","MasterReality"],"picked":"Devotion","floor":16},{"not_picked":["BowlingBash","Replay:ManipulateFuture","EmptyBody+1"],"picked":"Swivel","floor":18},{"not_picked":["Halt","Nirvana+1","Replay:AtTheReady+1"],"picked":"CarveReality+1","floor":19},{"not_picked":["InnerPeace+1","LikeWater+1","BowlingBash"],"picked":"BattleHymn+1","floor":21},{"not_picked":["Pray+1","Protect","ClearTheMind+1"],"picked":"Perseverance","floor":24},{"not_picked":["Replay:AtTheReady+1","Protect","BowlingBash+1"],"picked":"Replay:LoomingThreat","floor":28},{"not_picked":["Study","Weave","Replay:DivineShield+1"],"picked":"CutThroughFate+1","floor":29},{"not_picked":["ForeignInfluence","CrushJoints","EmptyFist+1"],"picked":"Replay:ManipulateFuture","floor":30}],"player_experience":375516,"relics_obtained":[{"floor":8,"key":"Chameleon Ring"},{"floor":9,"key":"The Courier"},{"floor":11,"key":"Regal Pillow"}],"event_choices":[{"damage_healed":0,"gold_gain":0,"player_choice":"Donut","damage_taken":0,"max_hp_gain":5,"max_hp_loss":0,"event_name":"Big Fish","floor":2,"gold_loss":0},{"damage_healed":0,"gold_gain":0,"player_choice":"Got Potions","damage_taken":0,"max_hp_gain":0,"max_hp_loss":0,"event_name":"Lab","floor":7,"gold_loss":0}],"is_beta":false,"boss_relics":[{"not_picked":["Calling Bell","Runic Pyramid"],"picked":"Honey Jar"}],"items_purged_floors":[],"is_endless":false,"potions_floor_spawned":[1,3,4,14,16,19,28,29],"killed_by":"Slavers","ascension_level":3}}