{"host":"97k3n5kp0psabqmo","time":1613424979,"event":{"mods":["BaseMod","Colored Powertips","Minty Spire (QoL Compilation)","StSLib"],"gold_per_floor":[111,111,126,146,146,146,146,186,210,229,60,93,20,20,20,149,149,170,170,269,292,0,34,34,75,99,135,135,135],"floor_reached":28,"language":"ENG","playtime":1027,"items_purged":["Defend_G"],"score":324,"play_id":"2841431f-dc3b-4663-b8e9-61b1e9ef7fcb","local_time":"20210215163619","is_ascension_mode":true,"campfire_choices":[{"floor":7,"key":"REST"},{"data":"Adrenaline","floor":15,"key":"SMITH"},{"floor":24,"key":"REST"}],"circlet_count":0,"master_deck":["Strike_G","Strike_G+1","Strike_G+1","Strike_G","Defend_G+1","Defend_G","Defend_G","Defend_G+1","Survivor","Neutralize","Terror","Quick Slash","Accuracy","Adrenaline+1","Backstab","Underhanded Strike","Footwork","Cloak And Dagger","Footwork","Night Terror","Deflect","Bouncing Flask","Expertise+1","Tools of the Trade","Dodge and Roll+1"],"relics":["Ring of the Snake","Happy Flower","Golden Idol","Vajra","PreservedInsect","Omamori","War Paint","Cursed Key","ClockworkSouvenir","Orichalcum","Pen Nib","Ancient Tea Set","Snake Skull","Bag of Marbles"],"acts_visited":["Exordium","TheCity"],"potions_floor_usage":[8,8,16,25],"damage_taken":[{"damage":4,"enemies":"Small Slimes","floor":1,"turns":4},{"damage":0,"enemies":"Cultist","floor":3,"turns":4},{"damage":0,"enemies":"2 Louse","floor":4,"turns":2},{"damage":21,"enemies":"Lagavulin","floor":8,"turns":9},{"damage":0,"enemies":"Looter","floor":10,"turns":3},{"damage":6,"enemies":"3 Sentries","floor":12,"turns":5},{"damage":12,"enemies":"The Guardian","floor":16,"turns":9},{"damage":21,"enemies":"Spheric Guardian","floor":18,"turns":6},{"damage":24,"enemies":"Chosen","floor":21,"turns":6},{"damage":6,"enemies":"Book of Stabbing","floor":23,"turns":4},{"damage":15,"enemies":"Slavers","floor":25,"turns":4},{"damage":16,"enemies":"Book of Stabbing","floor":27,"turns":4},{"damage":12,"enemies":"3 Cultists","floor":28,"turns":4}],"seed_played":"1398993161049867232","potions_obtained":[{"floor":1,"key":"Weak Potion"},{"floor":4,"key":"AttackPotion"},{"floor":10,"key":"FearPotion"},{"floor":12,"key":"BlessingOfTheForge"},{"floor":23,"key":"AttackPotion"},{"floor":25,"key":"FearPotion"}],"is_trial":false,"path_per_floor":["M","?","M","M","?","?","R","E","T","M","$","E","$","?","R","B",null,"M","?","?","M","$","E","R","E","T","E","M"],"character_chosen":"THE_SILENT","items_purchased":["Underhanded Strike","Footwork","Footwork","ClockworkSouvenir","Orichalcum"],"campfire_rested":2,"item_purchase_floors":[11,11,13,22,22],"current_hp_per_floor":[66,66,66,66,52,35,56,35,35,35,35,29,29,22,22,10,70,49,49,49,25,25,19,40,25,25,9,0,0],"gold":135,"neow_bonus":"RANDOM_COMMON_RELIC","is_daily":false,"chose_seed":false,"campfire_upgraded":1,"win_rate":0.0,"timestamp":1613424979,"path_taken":["M","?","M","?","?","?","R","E","T","M","?","E","$","?","R","BOSS","M","?","?","M","$","E","R","E","T","E","M"],"items_purchased_type":["Card","Card","Card","Relic","Relic"],"build_version":"2020-12-22","purchased_purges":1,"victory":false,"max_hp_per_floor":[70,70,70,70,70,70,70,70,70,70,70,70,70,70,70,70,70,70,70,70,70,70,70,70,70,70,70,70,70],"card_choices":[{"not_picked":["Dodge and Roll","Eviscerate"],"picked":"Terror","floor":1},{"not_picked":["Deadly Poison","Dodge and Roll"],"picked":"Quick Slash","floor":3},{"not_picked":["Flechettes","Prepared"],"picked":"Accuracy","floor":4},{"not_picked":["Dagger Spray","Prepared"],"picked":"Adrenaline","floor":8},{"not_picked":["Noxious Fumes","Choke"],"picked":"Backstab","floor":10},{"not_picked":["Dagger Spray","Quick Slash"],"picked":"Cloak And Dagger","floor":12},{"not_picked":["Phantasmal Killer","Bullet Time"],"picked":"Night Terror","floor":16},{"not_picked":["Underhanded Strike+1","Riddle With Holes+1"],"picked":"Deflect","floor":18},{"not_picked":["Slice+1","Riddle With Holes"],"picked":"Bouncing Flask","floor":21},{"not_picked":["Riddle With Holes","Skewer"],"picked":"Expertise+1","floor":23},{"not_picked":["Quick Slash","Bouncing Flask"],"picked":"Tools of the Trade","floor":25},{"not_picked":["Outmaneuver+1","Acrobatics"],"picked":"Dodge and Roll+1","floor":27}],"player_experience":66316,"relics_obtained":[{"floor":8,"key":"Vajra"},{"floor":9,"key":"PreservedInsect"},{"floor":12,"key":"Omamori"},{"floor":23,"key":"Pen Nib"},{"floor":25,"key":"Ancient Tea Set"},{"floor":26,"key":"Snake Skull"},{"floor":27,"key":"Bag of Marbles"}],"event_choices":[{"cards_removed":["Strike_G"],"damage_healed":0,"gold_gain":0,"player_choice":"Offered Basic","damage_taken":0,"max_hp_gain":0,"max_hp_loss":0,"event_name":"Bonfire Elementals","floor":2,"gold_loss":0},{"damage_healed":0,"gold_gain":0,"player_choice":"Entered Light","damage_taken":14,"max_hp_gain":0,"max_hp_loss":0,"event_name":"Shining Light","floor":5,"gold_loss":0,"cards_upgraded":["Strike_G","Strike_G"]},{"damage_healed":0,"gold_gain":0,"player_choice":"Take Damage","damage_taken":17,"relics_obtained":["Golden Idol"],"max_hp_gain":0,"max_hp_loss":0,"event_name":"Golden Idol","floor":6,"gold_loss":0},{"damage_healed":0,"gold_gain":0,"player_choice":"Success","damage_taken":7,"relics_obtained":["War Paint"],"max_hp_gain":0,"max_hp_loss":0,"event_name":"Scrap Ooze","floor":14,"gold_loss":0},{"damage_healed":0,"gold_gain":0,"player_choice":"Ignored","damage_taken":0,"max_hp_gain":0,"max_hp_loss":0,"event_name":"Ghosts","floor":19,"gold_loss":0},{"damage_healed":0,"gold_gain":99,"player_choice":"Stole From Cult","damage_taken":0,"max_hp_gain":0,"max_hp_loss":0,"event_name":"Nest","floor":20,"gold_loss":0}],"is_beta":false,"boss_relics":[{"not_picked":["Ectoplasm","SlaversCollar"],"picked":"Cursed Key"}],"items_purged_floors":[11],"is_endless":false,"potions_floor_spawned":[1,4,10,12,23,25],"killed_by":"3 Cultists","ascension_level":3}}