{"host":"8e3sp1tozjyrh64l","time":1613359513,"event":{"mods":["Act Like it!","BaseMod","Better Altar","Better Match","Better Note","Better Sensory Stone","Better Silent Start","Better Skull","Better Third Choice","BetterRewards","Conspire","Curses Come First","Defuse TimeMaze Blight","Infinite Spire","Minty Spire (QoL Compilation)","Permanent Neow","Rare Cards Sparkle","Relic Sorter","Reliquary","Replay The Spire","Shop Mod","Spicy Shops","StSLib","SuperFastMode","The Jungle","The Necromancer","Wandering Minibosses"],"gold_per_floor":[115,132,132,32,32,32,48,48,71,105,116,128,128,128],"floor_reached":13,"language":"ENG","playtime":893,"items_purged":[],"score":85,"play_id":"dd83dc63-887c-46f6-8465-88490c726600","local_time":"20210214202513","is_ascension_mode":false,"campfire_choices":[{"data":"Summon_Undead_Army","floor":6,"key":"SMITH"},{"data":"Death_March_Dance","floor":8,"key":"SMITH"}],"circlet_count":0,"master_deck":["Strike_W","Strike_W","Strike_W","Strike_W","Defend_W","Defend_W","Defend_W","Defend_W","Negative_Energy_Arrows","Bone_Wall","Epidemic","Death_March_Dance+1","Summon_Undead_Army+1","Detonate_Bones","Bone_Armor","Pandemic"],"relics":["Vampire_Amulet","Replay:Wax Seal","conspire:TopHat","reliquary:TridentHead"],"acts_visited":["Exordium"],"potions_floor_usage":[10,13,13],"damage_taken":[{"damage":0,"enemies":"Cultist","floor":1,"turns":4},{"damage":4,"enemies":"Jaw Worm","floor":2,"turns":4},{"damage":0,"enemies":"conspire:RoseBush","floor":7,"turns":3},{"damage":29,"enemies":"3 Sentries","floor":10,"turns":6},{"damage":11,"enemies":"3 Louse","floor":11,"turns":2},{"damage":7,"enemies":"Looter","floor":12,"turns":3},{"damage":22,"enemies":"Lagavulin","floor":13,"turns":3}],"seed_played":"-4026608161669300934","potions_obtained":[{"floor":1,"key":"FearPotion"},{"floor":2,"key":"ColorlessPotion"},{"floor":12,"key":"Explosive Potion"}],"is_trial":false,"path_per_floor":["M","M","?","$","?","R","M","R","T","E","M","M","E"],"character_chosen":"NECROMANCER","items_purchased":["Summon_Undead_Army"],"campfire_rested":0,"item_purchase_floors":[4],"current_hp_per_floor":[80,78,78,78,45,45,47,47,47,24,19,14,0,0],"gold":128,"neow_bonus":"RANDOM_EVENT","is_daily":false,"chose_seed":false,"campfire_upgraded":2,"win_rate":0.0,"timestamp":1613359513,"path_taken":["M","?","?","$","?","R","M","R","T","E","M","M","E"],"items_purchased_type":["Card"],"build_version":"2020-12-22","purchased_purges":0,"victory":false,"max_hp_per_floor":[80,80,80,80,80,80,80,80,80,80,80,80,80,80],"card_choices":[{"not_picked":["Bones_to_Steel","Exploit"],"picked":"Epidemic","floor":1},{"not_picked":["Death_Coil","Spectral_Walk"],"picked":"Death_March_Dance","floor":2},{"not_picked":["Plague_Bolt","Negative_Energy_Sphere"],"picked":"Detonate_Bones","floor":7},{"not_picked":["Negative_Energy_Javelin","Blood_Shield"],"picked":"Bone_Armor","floor":10},{"not_picked":["Bones_to_Steel","Blood_Is_Power","Blood_for_Blood"],"picked":"SKIP","floor":11},{"not_picked":["Bone_Shift","Consume_Illness"],"picked":"Pandemic","floor":12}],"player_experience":938888,"relics_obtained":[{"floor":9,"key":"conspire:TopHat"},{"floor":10,"key":"reliquary:TridentHead"}],"event_choices":[{"damage_healed":0,"gold_gain":0,"player_choice":"Donut","damage_taken":0,"max_hp_gain":5,"max_hp_loss":0,"event_name":"Big Fish","floor":0,"gold_loss":0},{"damage_healed":0,"gold_gain":0,"player_choice":"Relic ","damage_taken":33,"max_hp_gain":0,"max_hp_loss":0,"event_name":"betterThird:BetterScrap","floor":5,"gold_loss":0,"cards_obtained":["Doppelganger"]}],"is_beta":false,"boss_relics":[],"items_purged_floors":[],"is_endless":false,"potions_floor_spawned":[1,2,12],"killed_by":"Lagavulin","ascension_level":0}}