{"host":"y4fuci1jk2rsxnep","time":1613415728,"event":{"mods":["AchievementEnabler","BaseMod","Colored Powertips","Custom Start","Defuse TimeMaze Blight","Dio Mod","Downfall","Hermit","Hero for Fun","Hubris","Hunter ??","Infinite Spire","Minty Spire (QoL Compilation)","Quick Restart","Reliquary","Remove Card Discount Mod","Replay The Spire","StSLib","The Blackbeard","The Bug Knight","The Mystic","The Runesmith"],"gold_per_floor":[116,128,143,143,194,219,234,252,252,174,191,237,237,249,249,344,344,359,359,359,371,470,495,495,495,495],"floor_reached":25,"language":"ENG","playtime":1671,"items_purged":["hermit:Defend_Hermit"],"score":259,"play_id":"53ed060d-8c30-45f7-a025-164d419139c8","local_time":"20210215200208","is_ascension_mode":true,"campfire_choices":[{"floor":15,"key":"REST"}],"circlet_count":0,"master_deck":["hermit:Defend_Hermit","hermit:Defend_Hermit","hermit:Defend_Hermit","hermit:Snapshot","hermit:Covet","hermit:BodyArmor","hermit:ShadowCloak","hermit:WideOpen","hermit:SprayPray","hermit:Determination","hermit:Midnight","hermit:Grudge","hermit:FromBeyond","Bite","Bite","Bite","Bite","Bite","infinitespire:Execution","hermit:Ricochet","hermit:Dive","hermit:Reprieve"],"relics":["hermit:Momento","reliquary:Aerogel","InkBottle","Bag of Marbles","Bronze Scales","hubris:ScarierMask","infinitespire:EmpoweringShard"],"acts_visited":["Exordium","TheCity"],"potions_floor_usage":[14,16,16,23,25],"damage_taken":[{"damage":0,"enemies":"Cultist","floor":1,"turns":4},{"damage":0,"enemies":"Small Slimes","floor":2,"turns":3},{"damage":4,"enemies":"2 Louse","floor":3,"turns":4},{"damage":22,"enemies":"3 Sentries","floor":6,"turns":10},{"damage":16,"enemies":"Exordium Wildlife","floor":7,"turns":5},{"damage":16,"enemies":"Lots of Slimes","floor":8,"turns":6},{"damage":8,"enemies":"Exordium Thugs","floor":11,"turns":4},{"damage":0,"enemies":"Gremlin Gang","floor":14,"turns":2},{"damage":6,"enemies":"Slime Boss","floor":16,"turns":8},{"damage":23,"enemies":"Spheric Guardian","floor":18,"turns":5},{"damage":10,"enemies":"2 Thieves","floor":21,"turns":2},{"damage":38,"enemies":"Nightmare","floor":23,"turns":7},{"damage":55,"enemies":"Book of Stabbing","floor":25,"turns":5}],"seed_played":"5118001796345726769","potions_obtained":[{"floor":3,"key":"AttackPotion"},{"floor":6,"key":"LiquidMemories"},{"floor":7,"key":"Block Potion"},{"floor":8,"key":"hexamod:SoulburnPotion"},{"floor":16,"key":"Strength Potion"},{"floor":23,"key":"Regen Potion"}],"is_trial":false,"path_per_floor":["M","M","M","?","?","E","M","M","T","$","M","T","$","M","R","B",null,"M","?","AVR","M","?","NM","?","E"],"character_chosen":"HERMIT","items_purchased":["hermit:Grudge","Bronze Scales"],"campfire_rested":1,"item_purchase_floors":[10,13],"current_hp_per_floor":[75,75,71,74,74,52,36,20,20,20,12,12,2,2,25,19,78,55,54,54,48,48,28,28,0,0],"gold":495,"neow_bonus":"RANDOM_COMMON_RELIC","is_daily":false,"chose_seed":false,"campfire_upgraded":0,"win_rate":0.0,"timestamp":1613415728,"path_taken":["M","M","?","?","?","E","?","M","T","$","?","?","?","M","R","BOSS","M","?","AVR","M","?","NM","?","E"],"items_purchased_type":["Card","Relic"],"build_version":"2020-12-22","purchased_purges":1,"victory":false,"max_hp_per_floor":[75,75,75,78,78,78,78,78,78,78,78,78,78,78,78,78,78,78,54,54,54,54,54,54,54,54],"card_choices":[{"not_picked":["hermit:Maintenance","hermit:Coalescence"],"picked":"hermit:BodyArmor","floor":1},{"not_picked":["hermit:Desperado","hermit:Manifest"],"picked":"hermit:ShadowCloak","floor":2},{"not_picked":["hermit:Desperado","hermit:TrackingShot"],"picked":"hermit:WideOpen","floor":3},{"not_picked":["hermit:Headshot","hermit:CalledShot"],"picked":"hermit:SprayPray","floor":6},{"not_picked":["hermit:HighCaliber","hermit:Glare"],"picked":"hermit:Determination","floor":7},{"not_picked":["hermit:HeroicBravado","hermit:Roulette"],"picked":"hermit:Midnight","floor":8},{"not_picked":["hermit:Headshot","hermit:Desperado","hermit:Misfire"],"picked":"SKIP","floor":11},{"not_picked":["hermit:CursedWeapon","hermit:GoldenBullet","hermit:Desperado"],"picked":"SKIP","floor":14},{"not_picked":["hermit:BlackWind","hermit:DeadOrAlive"],"picked":"hermit:FromBeyond","floor":16},{"not_picked":["hermit:Showdown","hermit:Horror","hermit:Feint"],"picked":"SKIP","floor":18},{"not_picked":["hermit:Scavenge+1","hermit:ItchyTrigger"],"picked":"hermit:Ricochet","floor":21},{"not_picked":["hermit:CalledShot","hermit:Roulette"],"picked":"hermit:Dive","floor":23}],"player_experience":587857,"relics_obtained":[{"floor":6,"key":"InkBottle"},{"floor":12,"key":"Bag of Marbles"},{"floor":23,"key":"infinitespire:EmpoweringShard"}],"event_choices":[{"damage_healed":0,"gold_gain":51,"player_choice":"Gained Gold","damage_taken":0,"max_hp_gain":0,"max_hp_loss":0,"event_name":"Golden Wing","floor":5,"gold_loss":0},{"damage_healed":0,"gold_gain":0,"player_choice":"Became a vampire","damage_taken":0,"max_hp_gain":0,"max_hp_loss":24,"event_name":"Vampires","floor":19,"gold_loss":0,"cards_obtained":["Bite","Bite","Bite","Bite","Bite"]},{"damage_healed":0,"gold_gain":99,"player_choice":"Stole From Cult","damage_taken":0,"max_hp_gain":0,"max_hp_loss":0,"event_name":"Nest","floor":22,"gold_loss":0},{"damage_healed":0,"gold_gain":0,"player_choice":"1 cards matched","damage_taken":0,"max_hp_gain":0,"max_hp_loss":0,"event_name":"Match and Keep!","floor":24,"gold_loss":0,"cards_obtained":["hermit:Reprieve"]}],"is_beta":false,"boss_relics":[{"not_picked":["reliquary:RedCape","Painkiller Herb"],"picked":"hubris:ScarierMask"}],"items_purged_floors":[10],"is_endless":true,"potions_floor_spawned":[3,6,7,8,16,23],"killed_by":"Book of Stabbing","ascension_level":1}}