{"host":"l15sdf2mmi0nobpi","time":1613373430,"event":{"mods":["ATMod(°¢èªMod)","BaseMod","Highlight Path","Minty Spire (QoL Compilation)","Quick Restart","StSLib","The Senshi","¡¾¹¦ÄÜMod¡¿Neow½±Àø"],"gold_per_floor":[17,17,17,37,37,69,84,111,111,111,138,138,171,188,188,285,285,297,184,194,207,32,60,80,5,28,63,63,63,83,117,117,213,213,227,244,294,294,294,325,378,407,407,433,163,163,163,180,180,180,180,180,30,62,62,62],"floor_reached":55,"language":"ZHS","playtime":2061,"items_purged":["theSenshi:SailorJupiterAssists","theSenshi:SailorBlock","theSenshi:SailorBlock","theSenshi:SailorBlock"],"score":1152,"play_id":"85aa412c-ce32-4d28-8909-1c3b5b492320","local_time":"20210215151710","is_ascension_mode":true,"campfire_choices":[{"data":"theSenshi:SilverMoonCrystalPowerKiss","floor":10.0,"key":"SMITH"},{"data":"AT_BodySlamDance","floor":15.0,"key":"SMITH"},{"data":"theSenshi:RoseThrow","floor":29.0,"key":"SMITH"},{"floor":32.0,"key":"RECALL"},{"data":"theSenshi:SilverCrystal","floor":47,"key":"SMITH"},{"data":"theSenshi:StudyParty","floor":49,"key":"SMITH"},{"data":"theSenshi:MoonCrisisMakeUp","floor":52,"key":"SMITH"}],"circlet_count":0,"master_deck":["theSenshi:RoseThrow+1","theSenshi:MoonPrismPowerMakeUp","AT_BodySlamDance+1","theSenshi:MoonCosmicPowerMakeUp","theSenshi:MoonGorgeousMeditation+1","theSenshi:MoonCosmicPowerMakeUp","theSenshi:SilverMoonCrystalPowerKiss+1","theSenshi:SailorStarHealerAssists","theSenshi:MoonCrisisMakeUp+1","theSenshi:MoonCrisisMakeUp","theSenshi:KlutzyLuck+1","Ghostly","Ghostly","Ghostly","Ghostly","Ghostly","theSenshi:StudyParty+1","theSenshi:SchoolBag+1","Purity","Madness","Madness","theSenshi:SilverCrystal+1","theSenshi:CrisisMakeUp"],"relics":["theSenshi:TransformationBroochRelic","AT_ATBox","Whetstone","Juzu Bracelet","theSenshi:FeatherClipsRelic","Meat on the Bone","Sundial","Sozu","Art of War","Vajra","Unceasing Top","Dream Catcher","AT_TrinityForce","theSenshi:EternalTiareRelic","Toy Ornithopter","AT_Kusabimaru","theSenshi:SuperSailorFukuRelic","theSenshi:HolyMoonChaliceRelic","theSenshi:CrescentMoonWandRelic","Bag of Preparation","AT_ArchangelStaff"],"acts_visited":["Exordium","TheCity","TheBeyond","TheEnding"],"potions_floor_usage":[55],"damage_taken":[{"damage":0.0,"enemies":"Cultist","floor":1.0,"turns":3.0},{"damage":0.0,"enemies":"Jaw Worm","floor":4.0,"turns":4.0},{"damage":12.0,"enemies":"Gremlin Nob","floor":6.0,"turns":5.0},{"damage":3.0,"enemies":"2 Louse","floor":7.0,"turns":2.0},{"damage":8.0,"enemies":"3 Sentries","floor":8.0,"turns":7.0},{"damage":13.0,"enemies":"Gremlin Nob","floor":11.0,"turns":4.0},{"damage":0.0,"enemies":"3 Sentries","floor":13.0,"turns":5.0},{"damage":0.0,"enemies":"Looter","floor":14.0,"turns":2.0},{"damage":16.0,"enemies":"Slime Boss","floor":16.0,"turns":8.0},{"damage":2.0,"enemies":"3 Byrds","floor":18.0,"turns":6.0},{"damage":0.0,"enemies":"Spheric Guardian","floor":20.0,"turns":3.0},{"damage":11.0,"enemies":"Snake Plant","floor":21.0,"turns":5.0},{"damage":31.0,"enemies":"Gremlin Leader","floor":23.0,"turns":3.0},{"damage":0.0,"enemies":"Cultist and Chosen","floor":24.0,"turns":3.0},{"damage":44.0,"enemies":"Slavers","floor":27.0,"turns":5.0},{"damage":6.0,"enemies":"Chosen and Byrds","floor":30.0,"turns":6.0},{"damage":1.0,"enemies":"Gremlin Leader","floor":31.0,"turns":4.0},{"damage":2.0,"enemies":"Collector","floor":33.0,"turns":6.0},{"damage":2.0,"enemies":"Orb Walker","floor":35.0,"turns":4.0},{"damage":0.0,"enemies":"3 Shapes","floor":36.0,"turns":1.0},{"damage":0.0,"enemies":"Mind Bloom Boss Battle","floor":37.0,"turns":3.0},{"damage":1,"enemies":"Giant Head","floor":40,"turns":5},{"damage":8,"enemies":"2 Orb Walkers","floor":41,"turns":6},{"damage":2,"enemies":"Reptomancer","floor":42,"turns":3},{"damage":0,"enemies":"Giant Head","floor":44,"turns":5},{"damage":0,"enemies":"Sphere and 2 Shapes","floor":48,"turns":2},{"damage":0,"enemies":"Time Eater","floor":50,"turns":4},{"damage":0,"enemies":"Shield and Spear","floor":54,"turns":4},{"damage":45,"enemies":"The Heart","floor":55,"turns":6}],"seed_played":"-2298246806433929386","potions_obtained":[{"floor":4.0,"key":"Fire Potion"},{"floor":7.0,"key":"Weak Potion"},{"floor":8.0,"key":"DistilledChaos"}],"is_trial":false,"path_per_floor":["M","?","?","M","T","E","M","E","T","R","E","$","E","M","R","B",null,"M","$","M","M","$","E","M","?","T","E","?","R","M","E","R","B",null,"M","M","?","?","?","E","?","E","T","E","$","?","R","M","R","B",null,"R","$","E","B"],"character_chosen":"THE_SENSHI","items_purchased":["theSenshi:MoonCrisisMakeUp","theSenshi:MoonCrisisMakeUp","Bag of Preparation"],"campfire_rested":0,"item_purchase_floors":[19,22,45],"current_hp_per_floor":[75,75,75,75,75,63,60,52,52,52,45,45,51,57,57,47,75,75,75,75,70,70,50,61,61,61,40,37,37,37,37,37,37,37,37,37,37,27,22,32,35,37,37,37,37,37,37,37,37,37,37,37,37,37,0,0],"gold":62,"neow_bonus":"TRANSFORM_TWO_CARDS","is_daily":false,"chose_seed":false,"campfire_upgraded":6,"win_rate":0.0,"timestamp":1613373430,"path_taken":["M","?","?","?","?","E","M","E","T","R","E","$","E","M","R","BOSS","M","$","M","M","$","E","M","?","T","E","?","R","M","E","R","BOSS","M","M","?","?","?","E","?","E","T","E","$","?","R","M","R","BOSS","R","$","E","BOSS"],"items_purchased_type":["Card","Card","Relic"],"build_version":"2020-12-22","purchased_purges":4,"victory":false,"max_hp_per_floor":[75,75,75,75,75,75,75,75,75,75,75,75,75,75,75,75,75,75,75,75,75,75,75,75,75,75,75,37,37,37,37,37,37,37,37,37,37,37,37,37,37,37,37,37,37,37,37,37,37,37,37,37,37,37,37,37],"card_choices":[{"not_picked":["theSenshi:MoonPrincessHalation","theSenshi:MoonKick","theSenshi:TuxedoSmokingBomber"],"picked":"SKIP","floor":1.0},{"not_picked":["theSenshi:SailorUranusAssists","theSenshi:SchoolBag"],"picked":"theSenshi:MoonCosmicPowerMakeUp","floor":4.0},{"not_picked":["theSenshi:SaturnsMystery","theSenshi:SailorVenusAssists","theSenshi:LateForSchool"],"picked":"SKIP","floor":6.0},{"not_picked":["theSenshi:MoonPrincessHalation","theSenshi:GatheringStrength"],"picked":"theSenshi:SailorJupiterAssists","floor":7.0},{"not_picked":["theSenshi:SchoolBag","theSenshi:MoonTiaraMagic"],"picked":"theSenshi:SilverMoonCrystalPowerKiss","floor":8.0},{"not_picked":["theSenshi:SailorPlanetAttack","theSenshi:TuxedoSmokingBomber","theSenshi:MercurysCunning"],"picked":"SKIP","floor":11.0},{"not_picked":["theSenshi:SailorChibiMoonAssists","theSenshi:LunasBite"],"picked":"theSenshi:MoonCrystalPowerMakeUp","floor":13.0},{"not_picked":["theSenshi:MoonHealingEscalation","theSenshi:Sidestep","theSenshi:VenusGlamour"],"picked":"SKIP","floor":14.0},{"not_picked":["theSenshi:StarlightHoneymoonTherapyKiss","theSenshi:LunaSensingAllies"],"picked":"theSenshi:SailorStarHealerAssists","floor":16.0},{"not_picked":["theSenshi:LateForSchool","theSenshi:MoonPunch+1","theSenshi:SailorJupiterAssists+1"],"picked":"SKIP","floor":18.0},{"not_picked":["theSenshi:VenusGlamour","theSenshi:MoonPower","theSenshi:SailorNeptuneAssists"],"picked":"SKIP","floor":20.0},{"not_picked":["theSenshi:MoonsReflection","theSenshi:MoonPunch+1","theSenshi:MoonTiaraMagic"],"picked":"SKIP","floor":21.0},{"not_picked":["theSenshi:SailorStarMakerAssists+1","theSenshi:InTheNickOfTime","theSenshi:LateForSchool"],"picked":"SKIP","floor":23.0},{"not_picked":["theSenshi:YouCanTalk","theSenshi:HesSoDreamy"],"picked":"theSenshi:KlutzyLuck+1","floor":24.0},{"not_picked":["theSenshi:NeptunesGrace","theSenshi:KlutzyLuck","theSenshi:LunaWiseMentor"],"picked":"SKIP","floor":27.0},{"not_picked":["theSenshi:MoonKick","theSenshi:MarsPride","theSenshi:LunasBite+1"],"picked":"SKIP","floor":30.0},{"not_picked":["theSenshi:SailorVenusAssists+1","theSenshi:LunaSensingAllies","theSenshi:OdangoHead"],"picked":"SKIP","floor":31.0},{"not_picked":["theSenshi:SailorPlutoAssists","theSenshi:LunaSensingAllies"],"picked":"theSenshi:StudyParty","floor":33.0},{"not_picked":["theSenshi:TuxedoSmokingBomber","theSenshi:UranusStrength+1","theSenshi:SailorJupiterAssists+1"],"picked":"SKIP","floor":35.0},{"not_picked":["theSenshi:EncouragingSpeech","theSenshi:SupersonicWaves"],"picked":"theSenshi:SchoolBag+1","floor":36.0},{"not_picked":["Bandage Up","Discovery"],"picked":"Purity","floor":38.0},{"not_picked":["theSenshi:LateForSchool","theSenshi:TuxedoSmokingBomber+1","theSenshi:PlutosSolemnity+1"],"picked":"SKIP","floor":40},{"not_picked":["theSenshi:TallSilhouette","theSenshi:YouCanTalk+1"],"picked":"theSenshi:SilverCrystal","floor":42},{"not_picked":["theSenshi:SailorJupiterAssists+1","theSenshi:SailorVenusAssists+1","theSenshi:InTheNickOfTime+1"],"picked":"SKIP","floor":44},{"not_picked":["theSenshi:MoonTiaraMagic+1","theSenshi:SailorChibiMoonAssists+1"],"picked":"theSenshi:CrisisMakeUp","floor":48},{"not_picked":["theSenshi:SailorVenusAssists+1","theSenshi:LateForSchool","theSenshi:SailorNeptuneAssists"],"picked":"SKIP","floor":54}],"player_experience":616364,"relics_obtained":[{"floor":6.0,"key":"Whetstone"},{"floor":8.0,"key":"Juzu Bracelet"},{"floor":9.0,"key":"theSenshi:FeatherClipsRelic"},{"floor":11.0,"key":"Meat on the Bone"},{"floor":13.0,"key":"Sundial"},{"floor":23.0,"key":"Art of War"},{"floor":26.0,"key":"Vajra"},{"floor":27.0,"key":"Unceasing Top"},{"floor":31.0,"key":"Dream Catcher"},{"floor":37.0,"key":"theSenshi:EternalTiareRelic"},{"floor":40,"key":"Toy Ornithopter"},{"floor":41,"key":"AT_Kusabimaru"},{"floor":42,"key":"theSenshi:SuperSailorFukuRelic"},{"floor":43,"key":"theSenshi:HolyMoonChaliceRelic"},{"floor":44,"key":"theSenshi:CrescentMoonWandRelic"},{"floor":54,"key":"AT_ArchangelStaff"}],"event_choices":[{"cards_removed":["theSenshi:SailorKick"],"damage_healed":0.0,"max_hp_gain":0.0,"max_hp_loss":0.0,"gold_gain":0.0,"event_name":"Living Wall","player_choice":"Forget","floor":2.0,"gold_loss":0.0,"damage_taken":0.0},{"cards_removed":["theSenshi:SailorKick"],"damage_healed":0.0,"max_hp_gain":0.0,"max_hp_loss":0.0,"gold_gain":0.0,"event_name":"Purifier","player_choice":"Purged","floor":3.0,"gold_loss":0.0,"damage_taken":0.0},{"cards_removed":["theSenshi:SailorBlock"],"damage_healed":0.0,"max_hp_gain":0.0,"max_hp_loss":0.0,"gold_gain":0.0,"event_name":"Beggar","player_choice":"Gave Gold","floor":25.0,"gold_loss":75.0,"damage_taken":0.0},{"damage_healed":0.0,"max_hp_gain":0.0,"max_hp_loss":38.0,"gold_gain":0.0,"event_name":"Ghosts","player_choice":"Became a Ghost","floor":28.0,"gold_loss":0.0,"damage_taken":0.0,"cards_obtained":["Ghostly","Ghostly","Ghostly","Ghostly","Ghostly"]},{"damage_healed":0.0,"max_hp_gain":0.0,"max_hp_loss":0.0,"gold_gain":0.0,"event_name":"MindBloom","player_choice":"Fight","floor":37.0,"gold_loss":0.0,"damage_taken":0.0},{"damage_healed":0.0,"max_hp_gain":0.0,"max_hp_loss":0.0,"gold_gain":0.0,"event_name":"SensoryStone","player_choice":"Memory 3","floor":38.0,"gold_loss":0.0,"damage_taken":10.0},{"damage_healed":0.0,"max_hp_gain":0.0,"max_hp_loss":0.0,"gold_gain":0.0,"event_name":"Winding Halls","player_choice":"Embrace Madness","floor":39.0,"gold_loss":0.0,"damage_taken":5.0,"cards_obtained":["Madness","Madness"]},{"damage_healed":0,"gold_gain":0,"player_choice":"Fight","damage_taken":0,"max_hp_gain":0,"max_hp_loss":0,"event_name":"Mysterious Sphere","floor":41,"gold_loss":0},{"cards_removed":["theSenshi:MoonCrystalPowerMakeUp"],"damage_healed":0,"gold_gain":0,"player_choice":"Removed Power","damage_taken":0,"max_hp_gain":0,"max_hp_loss":0,"event_name":"Falling","floor":46,"gold_loss":0}],"is_beta":false,"boss_relics":[{"not_picked":["Black Star","Tiny House"],"picked":"Sozu"},{"not_picked":["AT_MortalBlade","Astrolabe"],"picked":"AT_TrinityForce"}],"items_purged_floors":[19,22,45,53],"is_endless":false,"potions_floor_spawned":[4,7,8,11,13,18,20,23,36,40,48],"killed_by":"The Heart","ascension_level":4}}