{"host":"sup1rd0ujr5jgopq","time":1613353768,"event":{"mods":["BaseMod","Colored Map","Minty Spire (QoL Compilation)","StSLib"],"gold_per_floor":[112,62,62,62,80,80,95,120,120,136,153,153,171,187,187,282,282,298,317,169,184,184,214,214,241,267,267,267,282,282,38,38,138,138,154,173,173,185,203,203,78,78,78,109,128,138,138,188,188,188,188,188,36,69,69,69],"floor_reached":55,"playtime":4492,"items_purged":["Strike_R","Defend_R","Strike_R"],"score":750,"play_id":"2e6d4bdb-6726-427c-ade8-5a09fd152064","local_time":"20210214204928","is_ascension_mode":true,"campfire_choices":[{"data":"Rage","floor":6,"key":"SMITH"},{"data":"Iron Wave","floor":12,"key":"SMITH"},{"data":"Body Slam","floor":15,"key":"SMITH"},{"floor":24,"key":"REST"},{"floor":27,"key":"RECALL"},{"floor":32,"key":"REST"},{"floor":40,"key":"REST"},{"floor":47,"key":"REST"},{"floor":49,"key":"REST"},{"floor":52,"key":"REST"}],"circlet_count":0,"master_deck":["Strike_R","Defend_R","Defend_R","Defend_R","Bash","Double Tap+1","Iron Wave","Headbutt+1","Rage+1","Shockwave","Iron Wave+1","Clash","Thunderclap","Body Slam+1","Iron Wave","Berserk","Burning Pact","Entrench+1","Offering","Dropkick","Shrug It Off+1","Dual Wield","Pommel Strike","Demon Form"],"relics":["Burning Blood","Ornamental Fan","Strawberry","Fusion Hammer","Magic Flower","Red Skull","Anchor","HornCleat","OrangePellets","Empty Cage","Regal Pillow","Smiling Mask","Du-Vu Doll","Toolbox","Ginger"],"acts_visited":["Exordium","TheCity","TheBeyond","TheEnding"],"potions_floor_usage":[16,21,21,45,55,55,55],"damage_taken":[{"damage":1,"enemies":"Cultist","floor":1,"turns":4},{"damage":2,"enemies":"2 Louse","floor":5,"turns":2},{"damage":6,"enemies":"Jaw Worm","floor":7,"turns":3},{"damage":24,"enemies":"Lagavulin","floor":8,"turns":9},{"damage":4,"enemies":"Red Slaver","floor":10,"turns":3},{"damage":7,"enemies":"Exordium Wildlife","floor":11,"turns":3},{"damage":0,"enemies":"2 Fungi Beasts","floor":13,"turns":2},{"damage":3,"enemies":"Exordium Thugs","floor":14,"turns":4},{"damage":1,"enemies":"Hexaghost","floor":16,"turns":8},{"damage":13,"enemies":"Spheric Guardian","floor":18,"turns":4},{"damage":9,"enemies":"2 Thieves","floor":19,"turns":4},{"damage":0,"enemies":"Cultist and Chosen","floor":21,"turns":7},{"damage":35,"enemies":"Book of Stabbing","floor":23,"turns":6},{"damage":7,"enemies":"Slavers","floor":25,"turns":5},{"damage":0,"enemies":"Centurion and Healer","floor":29,"turns":6},{"damage":54,"enemies":"Automaton","floor":33,"turns":12},{"damage":0,"enemies":"3 Shapes","floor":35,"turns":6},{"damage":6,"enemies":"3 Darklings","floor":36,"turns":5},{"damage":16,"enemies":"Sphere and 2 Shapes","floor":38,"turns":5},{"damage":6,"enemies":"Transient","floor":39,"turns":5},{"damage":26,"enemies":"Reptomancer","floor":44,"turns":9},{"damage":39,"enemies":"4 Shapes","floor":45,"turns":6},{"damage":0,"enemies":"Jaw Worm Horde","floor":46,"turns":4},{"damage":18,"enemies":"Mind Bloom Boss Battle","floor":48,"turns":7},{"damage":47,"enemies":"Awakened One","floor":50,"turns":14},{"damage":65,"enemies":"Shield and Spear","floor":54,"turns":7},{"damage":52,"enemies":"The Heart","floor":55,"turns":5}],"seed_played":"6272959197072841932","potions_obtained":[{"floor":5,"key":"HeartOfIron"},{"floor":7,"key":"Weak Potion"},{"floor":11,"key":"Swift Potion"},{"floor":18,"key":"SkillPotion"},{"floor":23,"key":"Ancient Potion"},{"floor":25,"key":"SteroidPotion"},{"floor":38,"key":"DuplicationPotion"},{"floor":54,"key":"PowerPotion"}],"is_trial":false,"path_per_floor":["M","$","?","?","M","R","M","E","T","M","M","R","M","M","R","B",null,"M","M","$","M","?","E","R","E","T","R","T","M","?","$","R","B",null,"M","M","?","M","M","R","$","T","T","E","M","M","R","?","R","B",null,"R","$","E","B"],"character_chosen":"IRONCLAD","items_purchased":["Headbutt","Burning Pact","OrangePellets","Toolbox"],"campfire_rested":6,"item_purchase_floors":[2,20,31,53],"current_hp_per_floor":[61,61,66,66,70,70,70,52,59,61,60,60,66,69,69,74,92,85,82,82,88,88,59,86,88,88,88,88,92,92,92,92,47,92,92,92,92,85,88,92,92,92,92,75,45,54,92,83,92,54,92,92,92,36,0,0],"gold":69,"neow_bonus":"THREE_RARE_CARDS","is_daily":false,"chose_seed":false,"campfire_upgraded":3,"win_rate":0.0,"timestamp":1613353768,"path_taken":["M","$","?","?","M","R","M","E","T","M","?","R","M","M","R","BOSS","M","M","$","M","?","E","R","E","T","R","?","?","?","$","R","BOSS","M","M","?","M","M","R","$","?","T","E","M","?","R","?","R","BOSS","R","$","E","BOSS"],"items_purchased_type":["Card","Card","Relic","Relic"],"build_version":"2020-12-13","purchased_purges":3,"victory":false,"max_hp_per_floor":[80,80,85,85,85,85,85,85,92,92,92,92,92,92,92,92,92,92,92,92,92,92,92,92,92,92,92,92,92,92,92,92,92,92,92,92,92,92,92,92,92,92,92,92,92,92,92,92,92,92,92,92,92,92,92,92],"card_choices":[{"not_picked":["Berserk","Offering"],"picked":"Double Tap","floor":0},{"not_picked":["Flex","Combust"],"picked":"Iron Wave","floor":1},{"not_picked":["Thunderclap","Spot Weakness"],"picked":"Rage","floor":5},{"not_picked":["Anger","Fiend Fire"],"picked":"Shockwave","floor":7},{"not_picked":["Cleave","Headbutt"],"picked":"Iron Wave","floor":8},{"not_picked":["Headbutt","Disarm"],"picked":"Clash","floor":10},{"not_picked":["Clothesline","Rupture"],"picked":"Thunderclap","floor":11},{"not_picked":["Pommel Strike","Second Wind"],"picked":"Body Slam","floor":13},{"not_picked":["Dark Embrace","Bloodletting"],"picked":"Iron Wave","floor":14},{"not_picked":["Feed","Demon Form"],"picked":"Berserk","floor":16},{"not_picked":["Bloodletting","Rampage","True Grit"],"picked":"SKIP","floor":18},{"not_picked":["Uppercut","Feel No Pain+1","Flame Barrier"],"picked":"SKIP","floor":19},{"not_picked":["Sword Boomerang+1","Blood for Blood+1","Searing Blow"],"picked":"SKIP","floor":21},{"not_picked":["Twin Strike","Headbutt","Disarm"],"picked":"SKIP","floor":23},{"not_picked":["Thunderclap+1","Juggernaut"],"picked":"Entrench+1","floor":25},{"not_picked":["Perfected Strike","Flex","Carnage+1"],"picked":"SKIP","floor":29},{"not_picked":["Demon Form","Berserk"],"picked":"Offering","floor":33},{"not_picked":["Armaments+1","Ghostly Armor","Body Slam+1"],"picked":"SKIP","floor":35},{"not_picked":["Dark Embrace","Hemokinesis","Flex"],"picked":"SKIP","floor":36},{"not_picked":["Second Wind","Thunderclap","Disarm"],"picked":"SKIP","floor":38},{"not_picked":["Combust+1","Shrug It Off"],"picked":"Dropkick","floor":39},{"not_picked":["Spot Weakness","Dark Embrace+1"],"picked":"Shrug It Off+1","floor":44},{"not_picked":["Flex","Reckless Charge+1","Berserk"],"picked":"SKIP","floor":45},{"not_picked":["Sword Boomerang+1","Warcry"],"picked":"Dual Wield","floor":46},{"not_picked":["Bloodletting","Clothesline+1"],"picked":"Pommel Strike","floor":48},{"not_picked":["Bludgeon","Infernal Blade"],"picked":"Demon Form","floor":54}],"player_experience":27060,"relics_obtained":[{"floor":8,"key":"Ornamental Fan"},{"floor":9,"key":"Strawberry"},{"floor":23,"key":"Magic Flower"},{"floor":25,"key":"Red Skull"},{"floor":26,"key":"Anchor"},{"floor":28,"key":"HornCleat"},{"floor":43,"key":"Regal Pillow"},{"floor":44,"key":"Smiling Mask"},{"floor":48,"key":"Du-Vu Doll"},{"floor":54,"key":"Ginger"}],"event_choices":[{"damage_healed":0,"gold_gain":0,"player_choice":"Donut","damage_taken":0,"max_hp_gain":5,"max_hp_loss":0,"event_name":"Big Fish","floor":3,"gold_loss":0},{"damage_healed":0,"gold_gain":0,"player_choice":"Upgraded","damage_taken":0,"max_hp_gain":0,"max_hp_loss":0,"event_name":"Upgrade Shrine","floor":4,"gold_loss":0,"cards_upgraded":["Double Tap"]},{"damage_healed":0,"gold_gain":0,"player_choice":"Ignored","damage_taken":0,"max_hp_gain":0,"max_hp_loss":0,"event_name":"Vampires","floor":22,"gold_loss":0},{"damage_healed":0,"gold_gain":0,"player_choice":"Ignored","damage_taken":0,"max_hp_gain":0,"max_hp_loss":0,"event_name":"Ghosts","floor":30,"gold_loss":0},{"damage_healed":0,"gold_gain":0,"player_choice":"Upgraded","damage_taken":0,"max_hp_gain":0,"max_hp_loss":0,"event_name":"Upgrade Shrine","floor":37,"gold_loss":0,"cards_upgraded":["Headbutt"]},{"damage_healed":0,"gold_gain":0,"player_choice":"Fight","damage_taken":0,"max_hp_gain":0,"max_hp_loss":0,"event_name":"MindBloom","floor":48,"gold_loss":0}],"is_beta":false,"boss_relics":[{"not_picked":["SlaversCollar","Snecko Eye"],"picked":"Fusion Hammer"},{"not_picked":["Cursed Key","Astrolabe"],"picked":"Empty Cage"}],"items_purged_floors":[20,31,41],"is_endless":false,"potions_floor_spawned":[5,7,11,13,18,23,25,29,35,38,44,54],"killed_by":"The Heart","ascension_level":1}}