{"host":"znuunkttinnn1f17","time":1613425809,"event":{"mods":["BaseMod","Colored Map","Downfall","Minty Spire (QoL Compilation)","Replay The Spire","StSLib"],"gold_per_floor":[115,130,130,141,141,141,168,16,16,16,109,126,141,41,41,138,138,148,128,3,14,14,43,54,54,54],"floor_reached":25,"language":"ENG","playtime":1362,"items_purged":["Languid","Strike_B","Strike_B"],"score":276,"play_id":"28b13edd-885b-4bd5-afbe-d885d70ce297","local_time":"20210215225009","is_ascension_mode":true,"campfire_choices":[{"data":"Blizzard","floor":6,"key":"SMITH"},{"floor":15,"key":"REST"}],"circlet_count":0,"master_deck":["Strike_B","Defend_B","Defend_B","Defend_B","Defend_B","Zap","Dualcast","Blizzard+1","Redo","Glacier","Defragment","Cold Snap","Echo Form","Cold Snap","Amplify","Panic Button+1","Self Repair+1","Chill+1"],"relics":["Cracked Core","Philosopher\u0027s Stone","Cursed Key","ReplayTheSpireMod:Ring of Exchange","Ring of Hypnosis","Pocketwatch","Replay:Antivirus Software","Snack Pack","Lantern","Chemical X","Replay:Wax Seal"],"acts_visited":["Exordium","TheCity"],"potions_floor_usage":[7,21,25,25,25],"damage_taken":[{"damage":0,"enemies":"2 Louse","floor":1,"turns":2},{"damage":0,"enemies":"Small Slimes","floor":2,"turns":3},{"damage":10,"enemies":"Jaw Worm","floor":4,"turns":3},{"damage":42,"enemies":"3 Sentries","floor":7,"turns":8},{"damage":3,"enemies":"2 Fungi Beasts","floor":12,"turns":4},{"damage":0,"enemies":"Exordium Thugs","floor":13,"turns":4},{"damage":13,"enemies":"Fading Forest","floor":16,"turns":11},{"damage":0,"enemies":"Spheric Guardian","floor":18,"turns":5},{"damage":12,"enemies":"3 Byrds","floor":21,"turns":5},{"damage":57,"enemies":"Slavers","floor":23,"turns":4},{"damage":0,"enemies":"Cultist and Chosen","floor":24,"turns":8},{"damage":26,"enemies":"Gremlin Leader","floor":25,"turns":5}],"seed_played":"-1414242703827352727","potions_obtained":[{"floor":2,"key":"Elixir"},{"floor":13,"key":"champ:CounterPotion"},{"floor":16,"key":"DistilledChaos"},{"floor":19,"key":"Venom Potion"},{"floor":21,"key":"EssenceOfSteel"}],"is_trial":false,"path_per_floor":["M","M","?","M","?","R","E","$","T","?","?","M","M","$","R","B",null,"M","?","$","M","?","E","M","E"],"character_chosen":"DEFECT","items_purchased":["Defragment"],"campfire_rested":1,"item_purchase_floors":[8],"current_hp_per_floor":[75,75,75,65,58,58,16,16,16,9,9,6,10,10,32,29,64,68,68,68,58,58,3,15,0,0],"gold":54,"neow_bonus":"DOUBLE_BOSS_RELIC","is_daily":false,"chose_seed":false,"campfire_upgraded":1,"win_rate":0.0,"timestamp":1613425809,"path_taken":["M","M","?","M","?","R","E","$","T","?","?","?","M","$","R","BOSS","M","?","?","M","?","E","M","E"],"items_purchased_type":["Card"],"build_version":"2020-12-22","purchased_purges":3,"victory":false,"max_hp_per_floor":[75,75,75,75,75,75,75,75,75,75,75,75,75,75,75,75,75,75,75,75,75,75,75,75,75,75],"card_choices":[{"not_picked":["Rebound","Coolheaded"],"picked":"Blizzard","floor":1},{"not_picked":["Beam Cell","Compile Driver"],"picked":"Redo","floor":2},{"not_picked":["Redo","Steam","Biased Cognition"],"picked":"SKIP","floor":4},{"not_picked":["Storm","Capacitor"],"picked":"Glacier","floor":7},{"not_picked":["Redo","Compile Driver"],"picked":"Cold Snap","floor":11},{"not_picked":["Rebound","Melter"],"picked":"Echo Form","floor":11},{"not_picked":["Static Discharge","Double Energy","Steam"],"picked":"SKIP","floor":12},{"not_picked":["Turbo","Go for the Eyes"],"picked":"Cold Snap","floor":13},{"not_picked":["Fission","Biased Cognition"],"picked":"Amplify","floor":16},{"not_picked":["Conserve Battery","Chaos","Beam Cell"],"picked":"SKIP","floor":18},{"not_picked":["Doom and Gloom","Leap"],"picked":"Panic Button+1","floor":21},{"not_picked":["Seek","Compile Driver"],"picked":"Self Repair+1","floor":23},{"not_picked":["Barrage","ReplayTheSpireMod:Reroute Power"],"picked":"Chill+1","floor":24}],"player_experience":233758,"relics_obtained":[{"floor":3,"key":"ReplayTheSpireMod:Ring of Exchange"},{"floor":3,"key":"Ring of Hypnosis"},{"floor":7,"key":"Pocketwatch"},{"floor":9,"key":"Replay:Antivirus Software"},{"floor":11,"key":"Lantern"},{"floor":23,"key":"Replay:Wax Seal"}],"event_choices":[{"cards_removed":["Strike_B"],"damage_healed":0,"gold_gain":0,"player_choice":"Card Removal","damage_taken":7,"max_hp_gain":0,"max_hp_loss":0,"event_name":"Golden Wing","floor":5,"gold_loss":0},{"damage_healed":0,"gold_gain":0,"player_choice":"Success","damage_taken":7,"relics_obtained":["Snack Pack"],"max_hp_gain":0,"max_hp_loss":0,"event_name":"Scrap Ooze","floor":10,"gold_loss":0},{"damage_healed":0,"gold_gain":0,"player_choice":"Bought 1 Potion","damage_taken":0,"max_hp_gain":0,"max_hp_loss":0,"event_name":"The Woman in Blue","floor":19,"gold_loss":0},{"cards_removed":["downfall:Haunted"],"damage_healed":0,"gold_gain":0,"player_choice":"Elegance","damage_taken":0,"max_hp_gain":0,"max_hp_loss":0,"event_name":"Back to Basics","floor":22,"gold_loss":0}],"is_beta":false,"boss_relics":[{"not_picked":["Calling Bell","Strange Spoon"],"picked":"Chemical X"}],"items_purged_floors":[8,14,20],"is_endless":false,"potions_floor_spawned":[2,13,16,21],"killed_by":"Gremlin Leader","ascension_level":5}}