{"host":"qj2ynjh122p6ybyd","time":1613426528,"event":{"mods":["AchievementEnabler","Aspiration","BaseMod","Better Match","Better Note","Highlight Path","Infinite Spire","Minty Spire (QoL Compilation)","Quick Restart","Relic Stats","Reliquary","Replay The Spire","StSLib","SuperFastMode","The Blackbeard","The Gatherer"],"gold_per_floor":[110,110,128,189,189,189,164,164,212,231,298,326,326,353,353,454,454,482,508,538,538,212,212,246,246,271,161,200,200,200,220,220,226,226],"floor_reached":33,"language":"RUS","playtime":811,"items_purged":["Strike_B"],"score":434,"play_id":"c27d8b33-e1fc-4e14-a2d5-fc508df8753e","local_time":"20210216000208","is_ascension_mode":true,"campfire_choices":[{"data":"Zap","floor":6,"key":"SMITH"},{"data":"Cold Snap","floor":8,"key":"SMITH"},{"floor":23,"key":"REST"},{"floor":25,"key":"REST"},{"floor":29,"key":"REST"},{"floor":32,"key":"DIG"}],"circlet_count":0,"master_deck":["AscendersBane","Strike_B","Defend_B","Defend_B","Defend_B","Defend_B","Zap+1","Dualcast","Coolheaded+1","infinitespire:DeathsTouch+1","Cold Snap+1","Capacitor","Cold Snap","Storm","ReplayTheSpireMod:Omega Cannon","Time Bomb+1","Defragment+1","Doom and Gloom+1","Hello World","Coolheaded+1","Force Field+1"],"relics":["Cracked Core","NeowsBlessing","Replay:Bandana","reliquary:PrincelyHelmet","Golden Idol","Empty Cage","HornCleat","Replay:Rubber Ducky","Replay:Bottled Flurry","infinitespire:Eraser","aspiration:TomeofQuesting"],"acts_visited":["Exordium","TheCity"],"potions_floor_usage":[16,20,20],"damage_taken":[{"damage":0,"enemies":"Jaw Worm","floor":1,"turns":1},{"damage":0,"enemies":"2 Louse","floor":3,"turns":1},{"damage":0,"enemies":"Small Slimes","floor":10,"turns":1},{"damage":28,"enemies":"Lagavulin Event","floor":11,"turns":4},{"damage":6,"enemies":"2 Fungi Beasts","floor":12,"turns":3},{"damage":0,"enemies":"Exordium Thugs","floor":14,"turns":2},{"damage":29,"enemies":"Fading Forest","floor":16,"turns":11},{"damage":20,"enemies":"Shell Parasite","floor":18,"turns":4},{"damage":12,"enemies":"Chosen","floor":19,"turns":4},{"damage":0,"enemies":"3 Cultists","floor":20,"turns":3},{"damage":37,"enemies":"Centurion and Healer","floor":24,"turns":6},{"damage":1,"enemies":"Nightmare","floor":28,"turns":7},{"damage":13,"enemies":"Snake Plant","floor":31,"turns":4},{"damage":64,"enemies":"Champ","floor":33,"turns":11}],"seed_played":"-8488157160345276760","potions_obtained":[{"floor":11,"key":"SteroidPotion"},{"floor":14,"key":"FocusPotion"},{"floor":18,"key":"Adrenaline Potion"},{"floor":19,"key":"Adrenaline Potion"},{"floor":31,"key":"FairyPotion"}],"is_trial":false,"path_per_floor":["M","?","M","?","?","R","$","R","T","M","?","M","?","M","R","B",null,"M","M","M","?","$","R","M","R","T","$","NM","R","T","M","R","B"],"character_chosen":"DEFECT","items_purchased":["Cold Snap","HornCleat","Hello World","Coolheaded+1"],"campfire_rested":3,"item_purchase_floors":[7,22,27,27],"current_hp_per_floor":[64,46,46,46,46,46,46,46,46,46,18,12,12,12,33,12,56,36,24,24,24,24,45,8,29,29,29,28,49,49,36,36,0,0],"gold":226,"neow_bonus":"THREE_ENEMY_KILL","is_daily":false,"chose_seed":false,"campfire_upgraded":2,"win_rate":0.0,"timestamp":1613426528,"path_taken":["M","?","M","?","?","R","$","R","T","M","?","?","?","M","R","BOSS","M","M","M","?","?","R","?","R","T","?","NM","R","?","M","R","BOSS"],"items_purchased_type":["Card","Relic","Card","Card"],"build_version":"2020-12-22","purchased_purges":1,"victory":false,"max_hp_per_floor":[71,71,71,71,71,71,71,71,71,71,71,71,71,71,71,71,71,71,71,71,71,71,71,71,71,71,71,71,71,71,71,71,71,71],"relic_stats":{"counters":[14,62],"Golden Idol":51,"obtain_stats":[{"Replay:Bandana":9,"HornCleat":22,"NeowsBlessing":0,"reliquary:PrincelyHelmet":11,"Golden Idol":13,"aspiration:TomeofQuesting":32,"Replay:Bottled Flurry":28,"infinitespire:Eraser":30,"Cracked Core":0,"Empty Cage":17,"Replay:Rubber Ducky":26},{"Replay:Bandana":2,"HornCleat":10,"NeowsBlessing":0,"reliquary:PrincelyHelmet":4,"Golden Idol":5,"aspiration:TomeofQuesting":13,"Replay:Bottled Flurry":12,"infinitespire:Eraser":12,"Cracked Core":0,"Empty Cage":7,"Replay:Rubber Ducky":11},{"Replay:Bandana":2,"HornCleat":34,"NeowsBlessing":0,"reliquary:PrincelyHelmet":7,"Golden Idol":10,"aspiration:TomeofQuesting":51,"Replay:Bottled Flurry":47,"infinitespire:Eraser":47,"Cracked Core":0,"Empty Cage":23,"Replay:Rubber Ducky":40}]},"card_choices":[{"not_picked":["Skim","Panic Button"],"picked":"Coolheaded","floor":1},{"not_picked":["infinitespire:SealOfDarkness+","infinitespire:Punishment"],"picked":"infinitespire:DeathsTouch","floor":2},{"not_picked":["Rebound","Go for the Eyes","Redo"],"picked":"SKIP","floor":3},{"not_picked":["Rebound","Skim"],"picked":"Capacitor","floor":10},{"not_picked":["Reinforced Body","Rip and Tear"],"picked":"Cold Snap","floor":11},{"not_picked":["Beam Cell","Glacier"],"picked":"Storm","floor":12},{"not_picked":["Meteor Strike","ReplaySolidLightProjector","Aggregate"],"picked":"SKIP","floor":14},{"not_picked":["Hyperbeam","Meteor Strike"],"picked":"ReplayTheSpireMod:Omega Cannon","floor":16},{"not_picked":["Gash","ReplayGash"],"picked":"Time Bomb+1","floor":18},{"not_picked":["Leap","Coolheaded"],"picked":"Defragment+1","floor":19},{"not_picked":["Steam","Panic Button"],"picked":"Doom and Gloom+1","floor":20},{"not_picked":["Hologram","Sweeping Beam+1","Panic Button"],"picked":"SKIP","floor":24},{"not_picked":["Reinforced Body+1","Stack+1"],"picked":"Force Field+1","floor":28},{"not_picked":["Beam Cell","Streamline","Chaos"],"picked":"SKIP","floor":31}],"player_experience":385992,"relics_obtained":[{"floor":9,"key":"Replay:Bandana"},{"floor":11,"key":"reliquary:PrincelyHelmet"},{"floor":26,"key":"Replay:Rubber Ducky"},{"floor":28,"key":"Replay:Bottled Flurry"},{"floor":30,"key":"infinitespire:Eraser"},{"floor":32,"key":"aspiration:TomeofQuesting"}],"event_choices":[{"damage_healed":0,"gold_gain":61,"player_choice":"Gained Gold","damage_taken":0,"max_hp_gain":0,"max_hp_loss":0,"event_name":"Golden Wing","floor":4,"gold_loss":0},{"damage_healed":0,"gold_gain":30,"player_choice":"Searched \u00272\u0027 times","damage_taken":0,"max_hp_gain":0,"max_hp_loss":0,"event_name":"Dead Adventurer","floor":11,"gold_loss":0},{"damage_healed":0,"gold_gain":0,"player_choice":"Take Wound","damage_taken":0,"relics_obtained":["Golden Idol"],"max_hp_gain":0,"max_hp_loss":0,"event_name":"Golden Idol","floor":13,"gold_loss":0,"cards_obtained":["Injury"]},{"cards_removed":["Injury"],"damage_healed":0,"gold_gain":0,"player_choice":"Purged","damage_taken":0,"max_hp_gain":0,"max_hp_loss":0,"event_name":"Purifier","floor":21,"gold_loss":0}],"is_beta":false,"boss_relics":[{"not_picked":["reliquary:Ember","Ectoplasm"],"picked":"Empty Cage"}],"items_purged_floors":[22],"is_endless":true,"potions_floor_spawned":[11,14,18,19,31],"killed_by":"Champ","ascension_level":14}}