{"host":"qwv9nni2x0umspiu","time":1613361208,"event":{"mods":["BaseMod","Downfall","Minty Spire (QoL Compilation)","Replay The Spire","StSLib","The Hierophant","Wandering Minibosses"],"gold_per_floor":[113,124,199,199,199,199,214,214,214,224,239,239,267,262,262,262,262],"floor_reached":16,"language":"ENG","playtime":328,"items_purged":[],"score":204,"play_id":"629d054b-df05-45aa-8c05-31c6534cb96b","local_time":"20210214195328","is_ascension_mode":true,"campfire_choices":[{"data":"hierophant:ChurchCoffers","floor":6.0,"key":"SMITH"},{"data":"hierophant:Punish","floor":8.0,"key":"SMITH"},{"data":"hierophant:HammerAndAnvil","floor":12.0,"key":"SMITH"},{"data":"hierophant:Zeal","floor":15,"key":"SMITH"}],"circlet_count":0,"master_deck":["AscendersBane","hierophant:Strike_Hierophant","hierophant:Strike_Hierophant","hierophant:Strike_Hierophant","hierophant:Punish+1","hierophant:Defend_Hierophant","hierophant:Defend_Hierophant","hierophant:Defend_Hierophant","hierophant:Defend_Hierophant","hierophant:ChurchCoffers+1","hierophant:Zeal+1","hierophant:HammerAndAnvil+1","hierophant:Encroach","hierophant:Shelter"],"relics":["hierophant:PropheticMaskRelic","NeowsBlessing","Replay:WaspNest","Akabeko"],"acts_visited":["Exordium"],"potions_floor_usage":[13],"damage_taken":[{"damage":0.0,"enemies":"Jaw Worm","floor":1.0,"turns":1.0},{"damage":0.0,"enemies":"Small Slimes","floor":2.0,"turns":1.0},{"damage":0.0,"enemies":"Cultist","floor":7.0,"turns":1.0},{"damage":14.0,"enemies":"Exordium Thugs","floor":10.0,"turns":3.0},{"damage":0.0,"enemies":"2 Fungi Beasts","floor":11.0,"turns":2.0},{"damage":10,"enemies":"3 Sentries","floor":13,"turns":2},{"damage":0,"enemies":"Looter","floor":14,"turns":2},{"damage":0,"enemies":"Hexaghost","floor":16,"turns":2}],"seed_played":"3564917163562361814","potions_obtained":[{"floor":7.0,"key":"Explosive Potion"},{"floor":10.0,"key":"Swift Potion"},{"floor":14,"key":"Elixir"}],"is_trial":false,"path_per_floor":["M","M","?","?","?","R","M","R","T","M","M","R","E","M","R","B"],"character_chosen":"HIEROPHANT","items_purchased":[],"campfire_rested":0,"item_purchase_floors":[],"current_hp_per_floor":[68,68,57,57,57,57,57,57,57,43,43,43,33,33,33,33,33],"gold":262,"neow_bonus":"THREE_ENEMY_KILL","is_daily":false,"chose_seed":false,"campfire_upgraded":4,"win_rate":0.0,"timestamp":1613361208,"path_taken":["M","M","?","?","?","R","M","R","T","M","?","R","E","M","R","BOSS"],"items_purchased_type":[],"build_version":"2020-12-22","purchased_purges":0,"victory":false,"max_hp_per_floor":[75,75,75,75,75,75,75,75,75,75,75,75,75,75,75,75,75],"card_choices":[{"not_picked":["hierophant:MorningPrayer","hierophant:FieryStrike"],"picked":"hierophant:Zeal","floor":1.0},{"not_picked":["hierophant:Doubloon","hierophant:PassingBell"],"picked":"hierophant:HammerAndAnvil","floor":2.0},{"not_picked":["hierophant:Anathema","hierophant:PassingBell"],"picked":"hierophant:Encroach","floor":7.0},{"not_picked":["hierophant:MirrorShield","hierophant:Remorse"],"picked":"hierophant:Shelter","floor":10.0},{"not_picked":["hierophant:Doubloon","hierophant:Repentance","hierophant:Shelter"],"picked":"SKIP","floor":11.0},{"not_picked":["hierophant:AuricBeam","hierophant:Encroach","hierophant:HolyVerse"],"picked":"SKIP","floor":13},{"not_picked":["hierophant:Purify","hierophant:ArchangelShield","hierophant:AuricShield"],"picked":"SKIP","floor":14}],"player_experience":1365711,"relics_obtained":[{"floor":9.0,"key":"Replay:WaspNest"},{"floor":13,"key":"Akabeko"}],"event_choices":[{"damage_healed":0.0,"max_hp_gain":0.0,"max_hp_loss":0.0,"gold_gain":75.0,"event_name":"World of Goop","player_choice":"Gather Gold","floor":3.0,"gold_loss":0.0,"damage_taken":11.0},{"cards_removed":["hierophant:Strike_Hierophant"],"damage_healed":0.0,"max_hp_gain":0.0,"max_hp_loss":0.0,"gold_gain":0.0,"event_name":"Purifier","player_choice":"Purged","floor":5.0,"gold_loss":0.0,"damage_taken":0.0}],"is_beta":false,"boss_relics":[],"items_purged_floors":[],"is_endless":false,"potions_floor_spawned":[7,10,14],"killed_by":"Hexaghost","ascension_level":20}}