{"host":"ad59wuc8ynh8u2z6","time":1613407846,"event":{"mods":["AchievementEnabler","BaseMod","Colored Powertips","DeckTracker","Highlight Path","Minty Spire (QoL Compilation)","Permanent Neow"],"gold_per_floor":[115,128,143,162,180,210,210,243,243,275,200,228,257,257,257,357,357,370,383,308,208,239,271,271,271,271,299,82,96,107,134,134,235,235,253,1252,1300,1300,1319,1319,1345,1225,1249,116,142,142,169,188,188,188],"floor_reached":51,"language":"ENG","playtime":2611,"items_purged":["Defend_P","Strike_P","Defend_P+1","Normality","Normality"],"score":1449,"play_id":"5a541eaa-d08d-4547-a26e-05aa2d2522c1","local_time":"20210215175046","is_ascension_mode":true,"campfire_choices":[{"data":"Vigilance","floor":7,"key":"SMITH"},{"data":"Wallop","floor":15,"key":"SMITH"},{"floor":32,"key":"DIG"},{"floor":40,"key":"DIG"},{"floor":46,"key":"DIG"},{"floor":49,"key":"DIG"}],"circlet_count":0,"master_deck":["Strike_P+1","Strike_P+1","Strike_P+1","Defend_P+1","Eruption+1","Wallop+1","LessonLearned+1","FearNoEvil+1","Swivel+1","TalkToTheHand+1","Wallop+1","Ragnarok+1"],"relics":["Snecko Eye","Art of War","Kunai","StrikeDummy","White Beast Statue","Odd Mushroom","Pantograph","Gremlin Horn","SlaversCollar","Red Mask","InkBottle","Darkstone Periapt","The Courier","Mango","Shovel","Lantern","Eternal Feather","Potion Belt","Fusion Hammer","Lizard Tail","Whetstone","Singing Bowl","Vajra","Mercury Hourglass","Chemical X","Happy Flower","CeramicFish","Blood Vial","Prayer Wheel","Shuriken","Toxic Egg 2","Bottled Lightning","CloakClasp"],"acts_visited":["Exordium","TheCity","TheBeyond"],"potions_floor_usage":[8,23,37,41],"damage_taken":[{"damage":0,"enemies":"Cultist","floor":1,"turns":3},{"damage":3,"enemies":"Small Slimes","floor":2,"turns":3},{"damage":0,"enemies":"Jaw Worm","floor":3,"turns":4},{"damage":0,"enemies":"2 Fungi Beasts","floor":4,"turns":4},{"damage":0,"enemies":"Blue Slaver","floor":5,"turns":3},{"damage":4,"enemies":"3 Sentries","floor":6,"turns":6},{"damage":0,"enemies":"Gremlin Nob","floor":8,"turns":3},{"damage":0,"enemies":"Lagavulin","floor":10,"turns":5},{"damage":0,"enemies":"The Mushroom Lair","floor":12,"turns":3},{"damage":0,"enemies":"Gremlin Nob","floor":13,"turns":2},{"damage":23,"enemies":"Hexaghost","floor":16,"turns":8},{"damage":15,"enemies":"2 Thieves","floor":18,"turns":3},{"damage":0,"enemies":"Chosen","floor":19,"turns":3},{"damage":0,"enemies":"Masked Bandits","floor":22,"turns":3},{"damage":0,"enemies":"Slavers","floor":23,"turns":2},{"damage":6,"enemies":"Book of Stabbing","floor":27,"turns":4},{"damage":0,"enemies":"Centurion and Healer","floor":29,"turns":2},{"damage":11,"enemies":"Sentry and Sphere","floor":30,"turns":3},{"damage":0,"enemies":"Gremlin Leader","floor":31,"turns":2},{"damage":18,"enemies":"Automaton","floor":33,"turns":8},{"damage":0,"enemies":"3 Shapes","floor":35,"turns":2},{"damage":14,"enemies":"2 Orb Walkers","floor":37,"turns":5},{"damage":16,"enemies":"3 Darklings","floor":39,"turns":5},{"damage":0,"enemies":"Giant Head","floor":41,"turns":4},{"damage":0,"enemies":"Reptomancer","floor":45,"turns":2},{"damage":0,"enemies":"Giant Head","floor":47,"turns":3},{"damage":0,"enemies":"Transient","floor":48,"turns":5},{"damage":0,"enemies":"Awakened One","floor":50,"turns":5}],"seed_played":"7505175437812112526","potions_obtained":[{"floor":2,"key":"Swift Potion"},{"floor":3,"key":"Strength Potion"},{"floor":12,"key":"Strength Potion"},{"floor":13,"key":"AttackPotion"},{"floor":16,"key":"Ambrosia"},{"floor":22,"key":"DuplicationPotion"},{"floor":23,"key":"Swift Potion"},{"floor":29,"key":"DuplicationPotion"},{"floor":33,"key":"BottledMiracle"},{"floor":35,"key":"EssenceOfSteel"},{"floor":37,"key":"Fire Potion"},{"floor":39,"key":"FearPotion"},{"floor":41,"key":"PowerPotion"},{"floor":48,"key":"LiquidMemories"}],"is_trial":false,"path_per_floor":["M","M","M","M","M","E","R","E","T","E","$","?","E","T","R","B",null,"M","M","?","$","?","E","?","T","T","E","$","M","M","E","R","B",null,"M","?","?","?","M","R","E","$","T","$","E","R","E","M","R","B",null],"character_chosen":"WATCHER","items_purchased":["Lantern","EntropicBrew","Mercury Hourglass","Chemical X","Happy Flower","CeramicFish","Blood Vial","Prayer Wheel"],"campfire_rested":0,"item_purchase_floors":[28,44,44,44,44,44,44,44],"current_hp_per_floor":[72,69,69,69,69,65,65,65,65,65,65,65,65,65,65,49,66,51,51,51,51,51,51,51,51,65,59,59,59,48,48,54,61,80,80,92,78,78,62,68,70,70,70,70,74,80,84,90,96,108],"gold":188,"neow_bonus":"BOSS_RELIC","is_daily":false,"chose_seed":false,"campfire_upgraded":2,"win_rate":0.0,"timestamp":1613407846,"path_taken":["M","M","M","?","M","E","R","E","T","E","?","?","E","?","R","BOSS","M","M","?","$","?","E","?","?","T","E","?","M","M","E","R","BOSS","M","?","?","?","M","R","E","?","T","$","E","R","E","?","R","BOSS"],"items_purchased_type":["Relic","Potion","Relic","Relic","Relic","Relic","Relic","Relic"],"build_version":"2020-12-22","purchased_purges":5,"victory":true,"max_hp_per_floor":[72,72,72,72,72,72,72,72,72,72,72,72,72,72,72,72,72,72,72,72,72,72,72,72,72,86,86,86,86,86,86,86,86,86,86,98,98,98,98,98,100,100,100,100,102,102,104,108,108,108],"card_choices":[{"not_picked":["BowlingBash","ClearTheMind","Meditate"],"picked":"SKIP","floor":1},{"not_picked":["Crescendo","FlurryOfBlows","Adaptation"],"picked":"SKIP","floor":2},{"not_picked":["SashWhip","Prostrate","Indignation"],"picked":"SKIP","floor":3},{"not_picked":["SandsOfTime","Evaluate","FlurryOfBlows"],"picked":"SKIP","floor":4},{"not_picked":["CrushJoints","Establishment","FearNoEvil"],"picked":"SKIP","floor":5},{"not_picked":["FlyingSleeves","EmptyBody","Prostrate"],"picked":"SKIP","floor":6},{"not_picked":["Crescendo","CrushJoints"],"picked":"Wallop","floor":8},{"not_picked":["ReachHeaven","SignatureMove","BowlingBash"],"picked":"SKIP","floor":10},{"not_picked":["FollowUp","FlurryOfBlows","PathToVictory"],"picked":"SKIP","floor":13},{"not_picked":["DeusExMachina","Devotion"],"picked":"LessonLearned","floor":16},{"not_picked":["Evaluate","FlurryOfBlows"],"picked":"FearNoEvil+1","floor":18},{"not_picked":["Indignation","Nirvana","JustLucky"],"picked":"SKIP","floor":19},{"not_picked":["EmptyFist","FlurryOfBlows+1"],"picked":"Swivel","floor":22},{"not_picked":["ForeignInfluence","Consecrate"],"picked":"TalkToTheHand+1","floor":23},{"not_picked":["Conclude","WindmillStrike","ClearTheMind"],"picked":"SKIP","floor":27},{"not_picked":["Study","SandsOfTime","Crescendo"],"picked":"SKIP","floor":29},{"not_picked":["Sanctity","Judgement","EmptyBody"],"picked":"SKIP","floor":30},{"not_picked":["Sanctity+1","ThirdEye"],"picked":"Wallop","floor":31},{"not_picked":["Alpha","LessonLearned"],"picked":"Ragnarok","floor":33},{"not_picked":["BowlingBash","FlurryOfBlows+1","Prostrate+1"],"picked":"SKIP","floor":35},{"not_picked":["SashWhip","SignatureMove","EmptyBody"],"picked":"SKIP","floor":39},{"not_picked":["ForeignInfluence","WindmillStrike","Wireheading"],"picked":"Singing Bowl","floor":41},{"not_picked":["SashWhip+1","MasterReality","Crescendo+1"],"picked":"Singing Bowl","floor":45},{"not_picked":["BattleHymn","Meditate+1","EmptyBody+1"],"picked":"Singing Bowl","floor":47},{"not_picked":["Indignation+1","TalkToTheHand+1","Tantrum"],"picked":"Singing Bowl","floor":48},{"not_picked":["Sanctity+1","Swivel+1","Tantrum+1"],"picked":"Singing Bowl","floor":48}],"player_experience":93893,"relics_obtained":[{"floor":6,"key":"Art of War"},{"floor":8,"key":"Kunai"},{"floor":9,"key":"StrikeDummy"},{"floor":10,"key":"White Beast Statue"},{"floor":12,"key":"Odd Mushroom"},{"floor":13,"key":"Pantograph"},{"floor":14,"key":"Gremlin Horn"},{"floor":22,"key":"Red Mask"},{"floor":23,"key":"InkBottle"},{"floor":25,"key":"The Courier"},{"floor":26,"key":"Mango"},{"floor":27,"key":"Shovel"},{"floor":31,"key":"Eternal Feather"},{"floor":32,"key":"Potion Belt"},{"floor":37,"key":"Lizard Tail"},{"floor":40,"key":"Whetstone"},{"floor":41,"key":"Singing Bowl"},{"floor":43,"key":"Vajra"},{"floor":45,"key":"Shuriken"},{"floor":46,"key":"Toxic Egg 2"},{"floor":47,"key":"Bottled Lightning"},{"floor":49,"key":"CloakClasp"}],"event_choices":[{"damage_healed":0,"gold_gain":0,"player_choice":"Fought Mushrooms","damage_taken":0,"max_hp_gain":0,"max_hp_loss":0,"event_name":"Mushrooms","floor":12,"gold_loss":0},{"cards_removed":["Defend_P"],"damage_healed":0,"gold_gain":0,"player_choice":"Gave Gold","damage_taken":0,"max_hp_gain":0,"max_hp_loss":0,"event_name":"Beggar","floor":20,"gold_loss":75},{"damage_healed":0,"gold_gain":0,"player_choice":"Fought Bandits","damage_taken":0,"max_hp_gain":0,"max_hp_loss":0,"event_name":"Masked Bandits","floor":22,"gold_loss":0},{"damage_healed":0,"gold_gain":0,"player_choice":"Opened","damage_taken":0,"relics_obtained":["Darkstone Periapt"],"max_hp_gain":0,"max_hp_loss":0,"event_name":"The Mausoleum","floor":24,"gold_loss":0},{"damage_healed":0,"gold_gain":999,"player_choice":"Gold","damage_taken":0,"max_hp_gain":0,"max_hp_loss":0,"event_name":"MindBloom","floor":36,"gold_loss":0,"cards_obtained":["Normality","Normality"]},{"damage_healed":0,"gold_gain":0,"player_choice":"Fight","damage_taken":0,"max_hp_gain":0,"max_hp_loss":0,"event_name":"Mysterious Sphere","floor":37,"gold_loss":0},{"cards_removed":["Vigilance"],"damage_healed":0,"gold_gain":0,"player_choice":"Removed Skill","damage_taken":0,"max_hp_gain":0,"max_hp_loss":0,"event_name":"Falling","floor":38,"gold_loss":0}],"is_beta":false,"boss_relics":[{"not_picked":["Runic Pyramid","Tiny House"],"picked":"SlaversCollar"},{"not_picked":["VioletLotus","Black Star"],"picked":"Fusion Hammer"}],"items_purged_floors":[11,21,28,42,44],"is_endless":false,"potions_floor_spawned":[2,3,12,13,16,18,19,22,23,27,29,30,31,33,35,37,39,41,45,47,48],"ascension_level":5}}