{"host":"3hzk4hwwdropes3d","time":1613374436,"event":{"mods":["BaseMod","Downfall","Hermit","Minty Spire (QoL Compilation)","StSLib"],"gold_per_floor":[117,117,129,129,129,161,9,43,70,70,136,361,386,405,405,509,509,527,577,627,643,708,708,786,818,894,1043,1043,1043],"floor_reached":28,"language":"ENG","playtime":1214,"items_purged":[],"score":359,"play_id":"32656747-c449-4df4-bbad-00f309bc3c37","local_time":"20210214233356","is_ascension_mode":true,"campfire_choices":[{"data":"Eruption","floor":10,"key":"SMITH"},{"floor":15,"key":"REST"},{"data":"Tantrum","floor":23,"key":"SMITH"}],"circlet_count":0,"master_deck":["Strike_P","Strike_P","Strike_P","Strike_P","Defend_P","Defend_P","Defend_P","Eruption+1","Vigilance","TalkToTheHand","FlyingSleeves","LikeWater","Prostrate","TalkToTheHand","Tantrum+1","FearNoEvil","Wallop","EmptyFist","SpiritShield","FlurryOfBlows","Indignation+1","Meditate","WindmillStrike"],"relics":["PureWater","NeowsBlessing","Anchor","SsserpentHead","InkBottle","Vajra","Dream Catcher","Strawberry","Akabeko","Black Star","Red Mask","MealTicket","Art of War","Bottled Lightning"],"acts_visited":["Exordium","TheCity"],"potions_floor_usage":[8,13,24,25],"damage_taken":[{"damage":0,"enemies":"Small Slimes","floor":1,"turns":1},{"damage":0,"enemies":"Cultist","floor":3,"turns":1},{"damage":0,"enemies":"Gremlin Nob","floor":6,"turns":1},{"damage":18,"enemies":"Lagavulin","floor":8,"turns":6},{"damage":0,"enemies":"2 Louse","floor":11,"turns":2},{"damage":0,"enemies":"3 Sentries","floor":13,"turns":4},{"damage":0,"enemies":"Lots of Slimes","floor":14,"turns":2},{"damage":12,"enemies":"Slime Boss","floor":16,"turns":7},{"damage":13,"enemies":"Shell Parasite","floor":18,"turns":5},{"damage":0,"enemies":"Spheric Guardian","floor":21,"turns":1},{"damage":19,"enemies":"Snecko","floor":22,"turns":4},{"damage":0,"enemies":"Masked Bandits","floor":24,"turns":2},{"damage":19,"enemies":"Gremlin Leader","floor":25,"turns":5},{"damage":33,"enemies":"Centurion and Healer","floor":28,"turns":3}],"seed_played":"-4850452828831499721","potions_obtained":[{"floor":6,"key":"Energy Potion"},{"floor":8,"key":"Weak Potion"},{"floor":11,"key":"LiquidMemories"},{"floor":13,"key":"LiquidBronze"},{"floor":22,"key":"Explosive Potion"},{"floor":25,"key":"Explosive Potion"}],"is_trial":false,"path_per_floor":["M","?","M","?","?","E","$","E","T","R","M","?","E","M","R","B",null,"M","?","?","M","M","R","?","E","T","?","M"],"character_chosen":"WATCHER","items_purchased":["Vajra"],"campfire_rested":1,"item_purchase_floors":[7],"current_hp_per_floor":[72,72,72,54,54,54,54,36,43,43,43,43,43,43,66,54,79,66,66,66,66,47,47,47,28,28,28,0,0],"gold":1043,"neow_bonus":"THREE_ENEMY_KILL","is_daily":false,"chose_seed":false,"campfire_upgraded":2,"win_rate":0.0,"timestamp":1613374436,"path_taken":["M","?","?","?","?","E","$","E","T","R","?","?","E","M","R","BOSS","M","?","?","M","?","R","?","E","T","?","M"],"items_purchased_type":["Relic"],"build_version":"2020-12-22","purchased_purges":0,"victory":false,"max_hp_per_floor":[72,72,72,72,72,72,72,72,79,79,79,79,79,79,79,79,79,79,79,79,79,79,79,79,79,79,79,79,79],"card_choices":[{"not_picked":["Wallop","MentalFortress"],"picked":"TalkToTheHand","floor":1},{"not_picked":["Perseverance","Evaluate"],"picked":"LikeWater","floor":3},{"not_picked":["Perseverance","LikeWater"],"picked":"Prostrate","floor":6},{"not_picked":["Consecrate","JustLucky"],"picked":"TalkToTheHand","floor":8},{"not_picked":["FlurryOfBlows","PathToVictory"],"picked":"Tantrum","floor":11},{"not_picked":["Collect","Consecrate"],"picked":"FearNoEvil","floor":13},{"not_picked":["LessonLearned","Nirvana"],"picked":"Wallop","floor":14},{"not_picked":["FollowUp","Crescendo"],"picked":"EmptyFist","floor":15},{"not_picked":["Brilliance","MasterReality"],"picked":"SpiritShield","floor":16},{"not_picked":["BowlingBash+1","CrushJoints+1"],"picked":"FlurryOfBlows","floor":18},{"not_picked":["Evaluate","Study","WaveOfTheHand"],"picked":"SKIP","floor":21},{"not_picked":["Protect","LikeWater+1"],"picked":"Indignation+1","floor":22},{"not_picked":["CrushJoints","Halt"],"picked":"Meditate","floor":24},{"not_picked":["Swivel+1","FollowUp"],"picked":"WindmillStrike","floor":25}],"player_experience":409323,"relics_obtained":[{"floor":6,"key":"InkBottle"},{"floor":8,"key":"Dream Catcher"},{"floor":9,"key":"Strawberry"},{"floor":13,"key":"Akabeko"},{"floor":24,"key":"Red Mask"},{"floor":25,"key":"MealTicket"},{"floor":25,"key":"Art of War"},{"floor":26,"key":"Bottled Lightning"}],"event_choices":[{"damage_healed":0,"gold_gain":0,"cards_transformed":["Defend_P"],"player_choice":"Transformed","damage_taken":0,"max_hp_gain":0,"max_hp_loss":0,"event_name":"Transmorgrifier","floor":2,"gold_loss":0,"cards_obtained":["FlyingSleeves"]},{"damage_healed":0,"gold_gain":0,"player_choice":"Success","damage_taken":18,"relics_obtained":["Anchor"],"max_hp_gain":0,"max_hp_loss":0,"event_name":"Scrap Ooze","floor":4,"gold_loss":0},{"damage_healed":0,"gold_gain":0,"player_choice":"Trade","damage_taken":0,"relics_obtained":["SsserpentHead"],"max_hp_gain":0,"max_hp_loss":0,"event_name":"FaceTrader","floor":5,"gold_loss":0},{"damage_healed":0,"gold_gain":175,"player_choice":"AGREE","damage_taken":0,"max_hp_gain":0,"max_hp_loss":0,"event_name":"Liars Game","floor":12,"gold_loss":0,"cards_obtained":["Doubt"]},{"cards_removed":["Doubt"],"damage_healed":0,"gold_gain":0,"player_choice":"Removed Curses","damage_taken":0,"max_hp_gain":0,"max_hp_loss":0,"event_name":"Fountain of Cleansing","floor":20,"gold_loss":0},{"damage_healed":0,"gold_gain":0,"player_choice":"Fought Bandits","damage_taken":0,"max_hp_gain":0,"max_hp_loss":0,"event_name":"Masked Bandits","floor":24,"gold_loss":0},{"damage_healed":0,"gold_gain":99,"player_choice":"Stole From Cult","damage_taken":0,"max_hp_gain":0,"max_hp_loss":0,"event_name":"Nest","floor":27,"gold_loss":0}],"is_beta":false,"boss_relics":[{"not_picked":["Busted Crown","Calling Bell"],"picked":"Black Star"}],"items_purged_floors":[],"is_endless":false,"potions_floor_spawned":[1,6,8,11,13,22,25],"killed_by":"Centurion and Healer","ascension_level":2}}