{"host":"a5lz0e76zb3fcwkm","time":1613372385,"event":{"mods":["AchievementEnabler","BaseMod","Colored Map","Colored Powertips","Minty Spire (QoL Compilation)","StSLib","SuperFastMode"],"gold_per_floor":[116,134,134,134,59,59,71,71,71,138,148,228,278,18,18,18,18],"floor_reached":16,"language":"KOR","playtime":246,"items_purged":["Strike_B","Strike_B"],"score":180,"play_id":"03ff6808-cca7-4f40-acea-627339eeca26","local_time":"20210215155945","is_ascension_mode":true,"campfire_choices":[{"data":"Dualcast","floor":6,"key":"SMITH"},{"data":"Lockon","floor":8,"key":"SMITH"},{"data":"Defragment","floor":15,"key":"SMITH"}],"circlet_count":0,"master_deck":["AscendersBane","Strike_B","Strike_B","Defend_B","Defend_B","Defend_B","Zap","Dualcast+1","Turbo","Lockon+1","FTL","Consume","Defragment+1"],"relics":["Cracked Core","Thread and Needle","SsserpentHead","Letter Opener","Odd Mushroom","Smiling Mask","MealTicket"],"acts_visited":["Exordium"],"potions_floor_usage":[16],"damage_taken":[{"damage":8,"enemies":"Jaw Worm","floor":1,"turns":4},{"damage":0,"enemies":"2 Louse","floor":2,"turns":2},{"damage":0,"enemies":"Cultist","floor":7,"turns":3},{"damage":3,"enemies":"Large Slime","floor":10,"turns":5},{"damage":27,"enemies":"Exordium Wildlife","floor":11,"turns":3},{"damage":8,"enemies":"The Mushroom Lair","floor":12,"turns":3},{"damage":13,"enemies":"The Guardian","floor":16,"turns":7}],"seed_played":"-3005689498092486160","potions_obtained":[{"floor":1,"key":"Energy Potion"},{"floor":11,"key":"Ancient Potion"}],"is_trial":false,"path_per_floor":["M","M","?","?","$","R","M","R","T","M","M","?","T","$","R","B"],"character_chosen":"DEFECT","items_purchased":["Defragment","MealTicket"],"campfire_rested":0,"item_purchase_floors":[14,14],"current_hp_per_floor":[56,56,49,49,49,49,49,49,49,46,19,11,11,11,11,0,0],"gold":18,"neow_bonus":"ONE_RARE_RELIC","is_daily":false,"chose_seed":false,"campfire_upgraded":3,"win_rate":0.0,"timestamp":1613372385,"path_taken":["M","M","?","?","$","R","M","R","T","?","M","?","?","$","R","BOSS"],"items_purchased_type":["Card","Relic"],"build_version":"2020-12-22","purchased_purges":2,"victory":false,"max_hp_per_floor":[64,64,64,64,64,64,64,64,64,64,64,64,64,64,64,64,64],"card_choices":[{"not_picked":["BootSequence","Beam Cell","Blizzard"],"picked":"SKIP","floor":1},{"not_picked":["Darkness","Steam"],"picked":"Turbo","floor":2},{"not_picked":["Barrage","Conserve Battery"],"picked":"Lockon","floor":7},{"not_picked":["Streamline","Turbo","Reinforced Body"],"picked":"SKIP","floor":10},{"not_picked":["Darkness","Auto Shields"],"picked":"FTL","floor":11},{"not_picked":["Skim","Sweeping Beam"],"picked":"Consume","floor":12}],"player_experience":1897606,"relics_obtained":[{"floor":9,"key":"Letter Opener"},{"floor":12,"key":"Odd Mushroom"},{"floor":13,"key":"Smiling Mask"}],"event_choices":[{"cards_removed":["Defend_B"],"damage_healed":0,"gold_gain":0,"player_choice":"Card Removal","damage_taken":7,"max_hp_gain":0,"max_hp_loss":0,"event_name":"Golden Wing","floor":3,"gold_loss":0},{"damage_healed":0,"gold_gain":0,"player_choice":"Trade","damage_taken":0,"relics_obtained":["SsserpentHead"],"max_hp_gain":0,"max_hp_loss":0,"event_name":"FaceTrader","floor":4,"gold_loss":0},{"damage_healed":0,"gold_gain":0,"player_choice":"Fought Mushrooms","damage_taken":0,"max_hp_gain":0,"max_hp_loss":0,"event_name":"Mushrooms","floor":12,"gold_loss":0}],"is_beta":false,"boss_relics":[],"items_purged_floors":[5,14],"is_endless":false,"potions_floor_spawned":[1,11],"killed_by":"The Guardian","ascension_level":20}}