{"host":"x52zk6e1f2bye2h7","time":1613389571,"event":{"mods":["AchievementEnabler","BaseMod","Highlight Path","Minty Spire (QoL Compilation)","everything is the same but u backflip on backflip"],"gold_per_floor":[118,43,53,3,3,3,3,19,19,36,51,68,78,97,97,195,195,207,207,107,124,144,144,157,157,203,222,234,234,250,250,250],"floor_reached":31,"language":"ENG","playtime":750,"items_purged":["Strike_P","Strike_P"],"score":299,"play_id":"1ca87efd-75c6-4e0d-bda0-d0448b81dcd4","local_time":"20210215114611","is_ascension_mode":true,"campfire_choices":[{"data":"PathToVictory","floor":6,"key":"SMITH"},{"data":"PathToVictory","floor":15,"key":"SMITH"},{"floor":23,"key":"REST"},{"floor":25,"key":"REST"},{"floor":29,"key":"REST"}],"circlet_count":0,"master_deck":["Strike_P","Strike_P","Defend_P","Defend_P","Defend_P","Eruption","Vigilance","PathToVictory+1","PathToVictory+1"],"relics":["PureWater"],"acts_visited":["Exordium","TheCity"],"potions_floor_usage":[16,22,30,31],"damage_taken":[{"damage":7,"enemies":"Small Slimes","floor":1,"turns":4},{"damage":11,"enemies":"2 Louse","floor":3,"turns":3},{"damage":0,"enemies":"Cultist","floor":8,"turns":2},{"damage":10,"enemies":"3 Louse","floor":10,"turns":4},{"damage":3,"enemies":"Gremlin Gang","floor":11,"turns":5},{"damage":2,"enemies":"Blue Slaver","floor":12,"turns":3},{"damage":7,"enemies":"Looter","floor":13,"turns":3},{"damage":8,"enemies":"3 Louse","floor":14,"turns":2},{"damage":0,"enemies":"Hexaghost","floor":16,"turns":7},{"damage":10,"enemies":"Shell Parasite","floor":18,"turns":3},{"damage":0,"enemies":"Chosen","floor":21,"turns":4},{"damage":42,"enemies":"Sentry and Sphere","floor":22,"turns":7},{"damage":10,"enemies":"Snecko","floor":24,"turns":4},{"damage":11,"enemies":"Centurion and Healer","floor":27,"turns":5},{"damage":34,"enemies":"3 Cultists","floor":28,"turns":6},{"damage":19,"enemies":"Snake Plant","floor":30,"turns":3},{"damage":6,"enemies":"Centurion and Healer","floor":31,"turns":2}],"seed_played":"1628654324337304840","potions_obtained":[{"floor":8,"key":"BlessingOfTheForge"},{"floor":10,"key":"Block Potion"},{"floor":11,"key":"Explosive Potion"},{"floor":21,"key":"Strength Potion"},{"floor":27,"key":"LiquidBronze"},{"floor":30,"key":"SkillPotion"}],"is_trial":false,"path_per_floor":["M","$","M","$","?","R","?","M","T","M","M","M","M","M","R","B",null,"M","?","$","M","M","R","M","R","T","M","M","R","M","M"],"character_chosen":"WATCHER","items_purchased":["PathToVictory"],"campfire_rested":3,"item_purchase_floors":[4],"current_hp_per_floor":[65,65,54,54,54,54,54,54,54,44,41,39,32,24,24,24,72,62,56,56,56,14,35,25,46,46,35,1,22,3,0,0],"gold":250,"neow_bonus":"THREE_CARDS","is_daily":false,"chose_seed":false,"campfire_upgraded":2,"win_rate":0.0,"timestamp":1613389571,"path_taken":["M","$","M","$","?","R","?","M","T","M","?","M","M","M","R","BOSS","M","?","$","?","M","R","M","R","T","M","M","R","M","M"],"items_purchased_type":["Card"],"build_version":"2020-12-22","purchased_purges":2,"victory":false,"max_hp_per_floor":[72,72,72,72,72,72,72,72,72,72,72,72,72,72,72,72,72,72,72,72,72,72,72,72,72,72,72,72,72,72,72,72],"card_choices":[{"not_picked":["FlyingSleeves","WindmillStrike","FollowUp"],"picked":"SKIP","floor":1},{"not_picked":["EmptyFist","JustLucky","CrushJoints"],"picked":"SKIP","floor":3},{"not_picked":["FearNoEvil","LikeWater","FlurryOfBlows"],"picked":"SKIP","floor":8},{"not_picked":["Perseverance","FlurryOfBlows","CutThroughFate"],"picked":"SKIP","floor":10},{"not_picked":["Perseverance","LikeWater","CutThroughFate"],"picked":"SKIP","floor":11},{"not_picked":["Evaluate","ClearTheMind","LessonLearned"],"picked":"SKIP","floor":12},{"not_picked":["SashWhip","BowlingBash","Consecrate"],"picked":"SKIP","floor":13},{"not_picked":["Evaluate","Tantrum"],"picked":"PathToVictory","floor":14},{"not_picked":["EmptyFist","Consecrate+1","CarveReality"],"picked":"SKIP","floor":18},{"not_picked":["TalkToTheHand","Worship","FollowUp+1"],"picked":"SKIP","floor":21},{"not_picked":["InnerPeace+1","ThirdEye","FlurryOfBlows+1"],"picked":"SKIP","floor":22},{"not_picked":["ForeignInfluence+1","Crescendo+1","Perseverance+1"],"picked":"SKIP","floor":24},{"not_picked":["Nirvana","SashWhip","EmptyFist"],"picked":"SKIP","floor":27},{"not_picked":["CrushJoints","Crescendo","Fasting2"],"picked":"SKIP","floor":28},{"not_picked":["CrushJoints","Fasting2","Evaluate"],"picked":"SKIP","floor":30}],"player_experience":125016,"relics_obtained":[],"event_choices":[{"damage_healed":0,"gold_gain":0,"player_choice":"Ignored","damage_taken":0,"max_hp_gain":0,"max_hp_loss":0,"event_name":"Golden Idol","floor":5,"gold_loss":0},{"cards_removed":["Defend_P"],"damage_healed":0,"gold_gain":0,"player_choice":"Offered Basic","damage_taken":0,"max_hp_gain":0,"max_hp_loss":0,"event_name":"Bonfire Elementals","floor":7,"gold_loss":0},{"damage_healed":0,"gold_gain":0,"player_choice":"","damage_taken":6,"max_hp_gain":0,"max_hp_loss":0,"event_name":"Knowing Skull","floor":19,"potions_obtained":[],"gold_loss":0,"cards_obtained":[]}],"is_beta":false,"boss_relics":[{"not_picked":["Runic Pyramid","Astrolabe","Empty Cage"]}],"items_purged_floors":[2,20],"is_endless":false,"potions_floor_spawned":[8,10,11,12,21,27,30],"killed_by":"Centurion and Healer","ascension_level":1}}