{"host":"t75twhtg6c476ygg","time":1613407041,"event":{"mods":["AchievementEnabler","BaseMod","Colored Powertips","Minty Spire (QoL Compilation)","Quick Restart","Relic Stats","StSLib","SuperFastMode"],"gold_per_floor":[114,131,131,31,106,136,136,136,136,166,178,220,232,269,281,393,405,432,399,414,429,344,374,374,374,449,449,449,349,349,379,379,479,479,494,494,494,494,384,414,414,414,414,414,444,444,34,64,64,64],"floor_reached":51,"language":"ENG","playtime":1335,"items_purged":["Strike_R","Strike_R","Defend_R","Defend_R+1","Defend_R+1"],"score":1375,"play_id":"be9de456-b3fa-4d75-bf8f-9cf7cf7423d5","local_time":"20210215163721","daily_mods":["Heirloom","Flight","Night Terrors"],"is_ascension_mode":false,"campfire_choices":[{"data":"Entrench","floor":7.0,"key":"SMITH"},{"data":"Uppercut","floor":8.0,"key":"SMITH"},{"data":"Impervious","floor":11.0,"key":"SMITH"},{"data":"Pummel","floor":13.0,"key":"SMITH"},{"data":"Defend_R","floor":15.0,"key":"SMITH"},{"data":"Offering","floor":24,"key":"SMITH"},{"data":"Entrench","floor":27,"key":"SMITH"},{"data":"Feed","floor":30,"key":"SMITH"},{"data":"Defend_R","floor":32,"key":"SMITH"},{"data":"Impervious","floor":41,"key":"SMITH"},{"data":"1","floor":49,"key":"LIFT"}],"circlet_count":0,"master_deck":["Bash+1","Pummel+1","Uppercut+1","Entrench+1","Impervious+1","Body Slam+1","Feed+1","Shrug It Off+1","Entrench+1","Headbutt+1","Offering+1","Impervious+1"],"relics":["Black Blood","Torii","TungstenRod","PreservedInsect","Boot","Calipers","Bronze Scales","HandDrill","Anchor","Orichalcum","Mummified Hand","MawBank","Letter Opener","Lantern","Empty Cage","Matryoshka","Toy Ornithopter","Smiling Mask","War Paint","Juzu Bracelet","Self Forming Clay","Omamori","Singing Bowl","Blood Vial","Lee\u0027s Waffle","The Courier","CeramicFish","Bottled Flame","Lizard Tail","Unceasing Top","White Beast Statue","Whetstone","CaptainsWheel","Ancient Tea Set","Girya","Incense Burner","Happy Flower","HornCleat","Strawberry","Frozen Eye","Centennial Puzzle","Dream Catcher"],"acts_visited":["Exordium","TheCity","TheBeyond"],"potions_floor_usage":[33,33,50,50,50,50],"damage_taken":[{"damage":8.0,"enemies":"2 Louse","floor":1.0,"turns":4.0},{"damage":17.0,"enemies":"Lagavulin","floor":6.0,"turns":3.0},{"damage":0.0,"enemies":"3 Sentries","floor":10.0,"turns":3.0},{"damage":0.0,"enemies":"Lagavulin","floor":12.0,"turns":5.0},{"damage":0.0,"enemies":"Hexaghost","floor":16.0,"turns":5.0},{"damage":0.0,"enemies":"2 Thieves","floor":18.0,"turns":3.0},{"damage":0.0,"enemies":"Spheric Guardian","floor":20.0,"turns":1.0},{"damage":0.0,"enemies":"Cultist and Chosen","floor":21.0,"turns":4.0},{"damage":0,"enemies":"Book of Stabbing","floor":23,"turns":2},{"damage":5,"enemies":"Slavers","floor":31,"turns":3},{"damage":5,"enemies":"Champ","floor":33,"turns":7},{"damage":0,"enemies":"Orb Walker","floor":35,"turns":3},{"damage":5,"enemies":"Nemesis","floor":40,"turns":5},{"damage":5,"enemies":"Reptomancer","floor":45,"turns":1},{"damage":5,"enemies":"Nemesis","floor":48,"turns":5},{"damage":5,"enemies":"Time Eater","floor":50,"turns":2}],"seed_played":"5535013652570512859","potions_obtained":[{"floor":1.0,"key":"SpeedPotion"},{"floor":10.0,"key":"EntropicBrew"},{"floor":16.0,"key":"AttackPotion"},{"floor":20.0,"key":"DuplicationPotion"},{"floor":35,"key":"BlessingOfTheForge"},{"floor":45,"key":"ColorlessPotion"}],"is_trial":false,"path_per_floor":["M","$","?","$","?","E","R","R","T","E","R","E","R","T","R","B",null,"M","$","M","M","?","E","R","?","T","R","?","$","R","E","R","B",null,"M","?","?","?","$","E","R","?","T","?","E","?","$","E","R","B",null],"character_chosen":"IRONCLAD","items_purchased":["PreservedInsect","Boot","Pummel","Uppercut","Calipers","Bronze Scales","HandDrill","Matryoshka","Toy Ornithopter","Shrug It Off","Singing Bowl","Blood Vial","Lee\u0027s Waffle","CeramicFish","Bottled Flame","Lizard Tail","FairyPotion","Ancient Tea Set","Girya","Incense Burner","Happy Flower","HornCleat","Strawberry","Frozen Eye","Centennial Puzzle"],"campfire_rested":0,"item_purchase_floors":[2,2,2,2,4,4,4,19,19,19,29,29,29,39,39,39,47,47,47,47,47,47,47,47,47],"current_hp_per_floor":[78,78,63,63,53,42,42,42,42,48,48,54,54,54,54,60,80,83,83,86,89,89,89,89,89,89,89,89,96,96,102,102,102,102,104,104,99,101,101,107,107,107,107,107,113,113,120,126,126,126],"gold":64,"neow_bonus":"","is_daily":true,"chose_seed":false,"campfire_upgraded":10,"win_rate":0.0,"timestamp":1613407041,"path_taken":["M","$","?","?","?","E","R","R","T","E","R","E","R","?","R","BOSS","M","$","?","?","?","E","R","?","T","R","?","$","R","E","R","BOSS","M","?","?","?","$","E","R","?","T","?","E","?","$","E","R","BOSS"],"items_purchased_type":["Relic","Relic","Card","Card","Relic","Relic","Relic","Relic","Relic","Card","Relic","Relic","Relic","Relic","Relic","Relic","Potion","Relic","Relic","Relic","Relic","Relic","Relic","Relic","Relic"],"build_version":"2020-12-22","purchased_purges":5,"victory":true,"max_hp_per_floor":[80,80,80,80,80,80,80,80,80,80,80,80,80,80,80,80,80,83,83,86,89,89,89,89,89,89,89,89,96,96,102,102,102,102,104,104,99,101,101,107,107,107,107,107,113,113,120,126,126,126],"relic_stats":{"Torii":4,"Singing Bowl":12,"CeramicFish":0,"Black Blood":55,"Juzu Bracelet":1,"Whetstone":[],"Boot":[119],"Smiling Mask":235,"Blood Vial":0,"Lizard Tail":0,"Centennial Puzzle":[6],"Dream Catcher":0,"Mummified Hand":[6],"HandDrill":[14],"Lee\u0027s Waffle":7,"Happy Flower":[2],"counters":[16,56],"Self Forming Clay":[12],"PreservedInsect":320,"Letter Opener":[61],"Orichalcum":[6],"War Paint":["Defend_R","Shrug It Off"],"MawBank":108,"Bronze Scales":[124],"obtain_stats":[{"Lantern":14,"Calipers":4,"Torii":0,"Singing Bowl":29,"CeramicFish":39,"Black Blood":34,"Juzu Bracelet":26,"Incense Burner":47,"Whetstone":43,"Boot":2,"Empty Cage":17,"Smiling Mask":22,"Ancient Tea Set":47,"Burning Blood":0,"Blood Vial":29,"Frozen Eye":47,"Lizard Tail":39,"Centennial Puzzle":47,"Dream Catcher":48,"Matryoshka":19,"HornCleat":47,"Mummified Hand":10,"Strawberry":47,"HandDrill":4,"Girya":47,"Lee\u0027s Waffle":29,"Happy Flower":47,"Self Forming Clay":26,"PreservedInsect":2,"The Courier":31,"Omamori":28,"Letter Opener":12,"Orichalcum":9,"War Paint":23,"MawBank":10,"White Beast Statue":43,"Anchor":6,"Bottled Flame":39,"CaptainsWheel":45,"Bronze Scales":4,"TungstenRod":1,"Toy Ornithopter":19,"Unceasing Top":40},{"Lantern":4,"Calipers":1,"Torii":0,"Singing Bowl":9,"CeramicFish":12,"Black Blood":11,"Juzu Bracelet":9,"Incense Burner":14,"Whetstone":13,"Boot":1,"Empty Cage":5,"Smiling Mask":8,"Ancient Tea Set":14,"Burning Blood":0,"Blood Vial":9,"Frozen Eye":14,"Lizard Tail":12,"Centennial Puzzle":14,"Dream Catcher":15,"Matryoshka":6,"HornCleat":14,"Mummified Hand":3,"Strawberry":14,"HandDrill":1,"Girya":14,"Lee\u0027s Waffle":9,"Happy Flower":14,"Self Forming Clay":9,"PreservedInsect":1,"The Courier":10,"Omamori":9,"Letter Opener":4,"Orichalcum":2,"War Paint":9,"MawBank":3,"White Beast Statue":13,"Anchor":2,"Bottled Flame":12,"CaptainsWheel":14,"Bronze Scales":1,"TungstenRod":1,"Toy Ornithopter":6,"Unceasing Top":13},{"Lantern":15,"Calipers":4,"Torii":0,"Singing Bowl":30,"CeramicFish":43,"Black Blood":40,"Juzu Bracelet":30,"Incense Burner":49,"Whetstone":48,"Boot":4,"Empty Cage":20,"Smiling Mask":28,"Ancient Tea Set":49,"Burning Blood":0,"Blood Vial":30,"Frozen Eye":49,"Lizard Tail":43,"Centennial Puzzle":49,"Dream Catcher":54,"Matryoshka":23,"HornCleat":49,"Mummified Hand":8,"Strawberry":49,"HandDrill":4,"Girya":49,"Lee\u0027s Waffle":30,"Happy Flower":49,"Self Forming Clay":30,"PreservedInsect":4,"The Courier":33,"Omamori":30,"Letter Opener":15,"Orichalcum":7,"War Paint":30,"MawBank":10,"White Beast Statue":48,"Anchor":7,"Bottled Flame":43,"CaptainsWheel":49,"Bronze Scales":4,"TungstenRod":4,"Toy Ornithopter":23,"Unceasing Top":48}],"TungstenRod":28,"Toy Ornithopter":5,"Unceasing Top":[1]},"card_choices":[{"not_picked":["Dark Embrace","Body Slam"],"picked":"Combust","floor":1.0},{"not_picked":["Armaments","Ghostly Armor"],"picked":"Entrench","floor":6.0},{"not_picked":["Sentinel","Pommel Strike"],"picked":"Impervious","floor":10.0},{"not_picked":["True Grit","Seeing Red","Warcry"],"picked":"SKIP","floor":12.0},{"not_picked":["Corruption","Double Tap"],"picked":"Feed","floor":16.0},{"not_picked":["Sword Boomerang","Blood for Blood+1","Warcry"],"picked":"SKIP","floor":18.0},{"not_picked":["Reckless Charge","Body Slam"],"picked":"Entrench","floor":20.0},{"not_picked":["Dark Embrace","Iron Wave"],"picked":"Headbutt+1","floor":21},{"not_picked":["Body Slam","Headbutt"],"picked":"Offering","floor":23},{"not_picked":["Clothesline","Wild Strike","Feed"],"picked":"Singing Bowl","floor":31},{"not_picked":["Corruption","Limit Break"],"picked":"Impervious","floor":33},{"not_picked":["Metallicize+1","Heavy Blade+1","Havoc+1"],"picked":"Singing Bowl","floor":35},{"not_picked":["Mind Blast","Metamorphosis","Mayhem"],"picked":"Singing Bowl","floor":38},{"not_picked":["Flame Barrier+1","Warcry+1","Havoc+1"],"picked":"Singing Bowl","floor":40},{"not_picked":["Dark Embrace+1","Anger+1","Bloodletting+1"],"picked":"Singing Bowl","floor":45},{"not_picked":["Shrug It Off","Perfected Strike+1","Metallicize"],"picked":"Singing Bowl","floor":48}],"player_experience":375308,"relics_obtained":[{"floor":6.0,"key":"Anchor"},{"floor":9.0,"key":"Orichalcum"},{"floor":10.0,"key":"MawBank"},{"floor":12.0,"key":"Letter Opener"},{"floor":14.0,"key":"Lantern"},{"floor":23,"key":"War Paint"},{"floor":26,"key":"Juzu Bracelet"},{"floor":26,"key":"Self Forming Clay"},{"floor":31,"key":"The Courier"},{"floor":40,"key":"Unceasing Top"},{"floor":43,"key":"White Beast Statue"},{"floor":43,"key":"Whetstone"},{"floor":45,"key":"CaptainsWheel"},{"floor":48,"key":"Dream Catcher"}],"event_choices":[{"damage_healed":0.0,"max_hp_gain":0.0,"max_hp_loss":0.0,"gold_gain":0.0,"event_name":"Shining Light","player_choice":"Entered Light","floor":3.0,"gold_loss":0.0,"damage_taken":16.0,"cards_upgraded":["Combust","Bash"]},{"damage_healed":0.0,"max_hp_gain":0.0,"max_hp_loss":0.0,"gold_gain":75.0,"event_name":"World of Goop","player_choice":"Gather Gold","floor":5.0,"gold_loss":0.0,"damage_taken":11.0},{"damage_healed":0,"gold_gain":0,"player_choice":"Obtained Relic","damage_taken":0,"relics_obtained":["Smiling Mask"],"max_hp_gain":0,"max_hp_loss":0,"event_name":"Addict","floor":22,"gold_loss":85},{"cards_removed":["Strike_R"],"damage_healed":0,"gold_gain":0,"player_choice":"Elegance","damage_taken":0,"max_hp_gain":0,"max_hp_loss":0,"event_name":"Back to Basics","floor":25,"gold_loss":0},{"damage_healed":0,"gold_gain":0,"player_choice":"Opened","damage_taken":0,"relics_obtained":["Omamori"],"max_hp_gain":0,"max_hp_loss":0,"event_name":"The Mausoleum","floor":28,"gold_loss":0,"cards_obtained":["Writhe"]},{"cards_removed":["Combust"],"damage_healed":0,"gold_gain":0,"player_choice":"Removed Power","damage_taken":0,"max_hp_gain":0,"max_hp_loss":0,"event_name":"Falling","floor":36,"gold_loss":0},{"damage_healed":0,"gold_gain":0,"player_choice":"Max HP","damage_taken":0,"max_hp_gain":0,"max_hp_loss":5,"event_name":"Winding Halls","floor":37,"gold_loss":0},{"damage_healed":0,"gold_gain":0,"player_choice":"Memory 1","damage_taken":0,"max_hp_gain":0,"max_hp_loss":0,"event_name":"SensoryStone","floor":38,"gold_loss":0},{"cards_removed":["Defend_R"],"damage_healed":0,"gold_gain":0,"player_choice":"Purged","damage_taken":0,"max_hp_gain":0,"max_hp_loss":0,"event_name":"Purifier","floor":42,"gold_loss":0},{"damage_healed":0,"gold_gain":0,"player_choice":"Ignored","damage_taken":0,"max_hp_gain":0,"max_hp_loss":0,"event_name":"Tomb of Lord Red Mask","floor":44,"gold_loss":0},{"damage_healed":0,"gold_gain":0,"player_choice":"0 cards matched","damage_taken":0,"max_hp_gain":0,"max_hp_loss":0,"event_name":"Match and Keep!","floor":46,"gold_loss":0,"cards_obtained":[]}],"is_beta":false,"boss_relics":[{"not_picked":["Snecko Eye","Coffee Dripper"],"picked":"Empty Cage"},{"not_picked":["Runic Cube","Velvet Choker"],"picked":"Black Blood"}],"items_purged_floors":[2,19,29,39,47],"is_endless":false,"potions_floor_spawned":[1,10,16,20,21,23,35,45,48],"ascension_level":0}}