{"host":"6scopiddv55v50ud","time":1613412544,"event":{"mods":["AchievementEnabler","Act Like it!","BaseMod","Better Altar","Better Match","Better Note","Better Sensory Stone","Better Skull","Better Third Choice","Defuse TimeMaze Blight","Downfall","Minty Spire (QoL Compilation)","StSLib"],"gold_per_floor":[99,117,130,130,150,50,50,83,99,124,144,144,163,73,92,189,189,89,100,10,10,0,0,25,25,79,79,98,98,98,98,98,98],"floor_reached":31,"language":"ENG","playtime":2743,"items_purged":["downfall:Malfunctioning"],"score":270,"play_id":"59b9ac95-ba56-4611-a7a0-30dd1ce63e9e","local_time":"20210215100904","is_ascension_mode":false,"campfire_choices":[{"floor":1.0,"key":"RECALL"},{"data":"bronze:BronzeOrb","floor":6.0,"key":"SMITH"},{"data":"bronze:AlphaBuild","floor":18.0,"key":"SMITH"},{"data":"bronze:Repulsor","floor":25.0,"key":"SMITH"},{"floor":29.0,"key":"REST"}],"circlet_count":0,"master_deck":["bronze:Replicate","bronze:Goto","bronze:FineTuning","bronze:ChildClass+1","bronze:BronzeOrb+1","bronze:Iterate","bronze:Fortify","bronze:ClassDefault","bronze:Overload","bronze:Repair","bronze:Backtrace","bronze:AlphaBuild+1","bronze:ForceShield","bronze:BuggyMess","bronze:FollowUp","bronze:Boost","bronze:FindAndReplace","bronze:FollowUp","bronze:CleanCode","bronze:NullPointer","bronze:DelayedSlice","bronze:Repulsor+1","bronze:ItsAFeature","bronze:ChosenStrike"],"relics":["bronze:BronzeCore","downfall:HeartBlessingRed","Dead Branch","Anchor","Pandora\u0027s Box","downfall:HeartBlessingBlue","downfall:KnowingSkull","bronze:SilverBullet"],"acts_visited":["Exordium","TheCity"],"potions_floor_usage":[],"damage_taken":[{"damage":2.0,"enemies":"Small Slimes","floor":2.0,"turns":4.0},{"damage":1.0,"enemies":"Cultist","floor":3.0,"turns":4.0},{"damage":0.0,"enemies":"Jaw Worm","floor":5.0,"turns":4.0},{"damage":16.0,"enemies":"3 Sentries","floor":8.0,"turns":11.0},{"damage":4.0,"enemies":"Blue Slaver","floor":9.0,"turns":3.0},{"damage":6.0,"enemies":"Lagavulin","floor":10.0,"turns":5.0},{"damage":0.0,"enemies":"2 Fungi Beasts","floor":11.0,"turns":3.0},{"damage":3.0,"enemies":"Red Slaver","floor":13.0,"turns":2.0},{"damage":0.0,"enemies":"downfall:FleeingMerchant","floor":14.0,"turns":4.0},{"damage":0.0,"enemies":"Large Slime","floor":15.0,"turns":1.0},{"damage":35.0,"enemies":"SI_SHIV_ARCHETYPE","floor":16.0,"turns":9.0},{"damage":26.0,"enemies":"Spheric Guardian","floor":19.0,"turns":6.0},{"damage":0.0,"enemies":"downfall:FleeingMerchant","floor":20.0,"turns":4.0},{"damage":2.0,"enemies":"downfall:FleeingMerchant","floor":22.0,"turns":4.0},{"damage":3.0,"enemies":"3 Byrds","floor":26.0,"turns":4.0},{"damage":27.0,"enemies":"Snecko","floor":28.0,"turns":4.0},{"damage":0,"enemies":"3 Cultists","floor":31,"turns":1}],"seed_played":"7064523131115560245","potions_obtained":[{"floor":3.0,"key":"SteroidPotion"},{"floor":8.0,"key":"sneckomod:MuddlingPotion"},{"floor":9.0,"key":"PowerPotion"},{"floor":15.0,"key":"PowerPotion"},{"floor":16.0,"key":"SmokeBomb"},{"floor":26.0,"key":"SpeedPotion"}],"is_trial":false,"path_per_floor":["R","M","M","?","M","R","T","E","M","E","M","?","M","$","M","B",null,"R","M","$","?","$","?","T","R","M","?","M","R","?","M"],"character_chosen":"THE_AUTOMATON","items_purchased":["bronze:ItsAFeature"],"campfire_rested":1,"item_purchase_floors":[20],"current_hp_per_floor":[77,75,74,74,74,74,74,58,54,48,48,48,45,52,52,24,77,87,68,76,76,81,74,74,74,71,54,27,54,54,54,54,54],"gold":98,"neow_bonus":"TEN_PERCENT_HP_BONUS","is_daily":false,"chose_seed":false,"campfire_upgraded":3,"win_rate":0.0,"timestamp":1613412544,"path_taken":["R","M","M","?","M","R","T","E","M","E","M","?","?","$","M","BOSS","R","M","$","?","$","?","T","R","?","?","M","R","?","M"],"items_purchased_type":["Card"],"build_version":"2020-12-22","purchased_purges":1,"victory":false,"max_hp_per_floor":[77,77,77,77,77,77,77,77,77,77,77,77,77,77,77,77,77,87,87,87,87,87,87,87,87,87,92,92,92,92,92,92,92],"card_choices":[{"not_picked":["bronze:Allocate","bronze:Invalidate"],"picked":"bronze:FineTuning","floor":2.0},{"not_picked":["bronze:CutThrough","bronze:OilSpill"],"picked":"bronze:ChildClass","floor":3.0},{"not_picked":["bronze:WildBeam","bronze:Overload"],"picked":"bronze:BronzeOrb","floor":5.0},{"not_picked":["bronze:Deprecate","bronze:FollowUp"],"picked":"bronze:Iterate","floor":8.0},{"not_picked":["bronze:NullPointer","bronze:Overheat"],"picked":"bronze:Fortify","floor":9.0},{"not_picked":["bronze:BitShift","bronze:Frontload"],"picked":"bronze:ClassDefault","floor":10.0},{"not_picked":["bronze:Deprecate","bronze:Shield"],"picked":"bronze:Overload","floor":11.0},{"not_picked":["bronze:Shield","bronze:BuggyMess"],"picked":"bronze:Repair","floor":13.0},{"not_picked":["bronze:Allocate","bronze:Deprecate"],"picked":"bronze:Backtrace","floor":14.0},{"not_picked":["bronze:OilSpill","bronze:BronzeOrb","bronze:WildBeam"],"picked":"SKIP","floor":15.0},{"not_picked":["bronze:Format","bronze:Mutator"],"picked":"bronze:AlphaBuild","floor":16.0},{"not_picked":["bronze:FineTuning+1","bronze:Iterate"],"picked":"bronze:DelayedSlice","floor":19.0},{"not_picked":["bronze:OilSpill","bronze:BugBarrage"],"picked":"bronze:Repulsor","floor":20.0},{"not_picked":["bronze:Frontload","bronze:Shell+1"],"picked":"bronze:ChosenStrike","floor":22.0},{"not_picked":["bronze:Overheat","bronze:Backtrace","bronze:Break"],"picked":"SKIP","floor":26.0},{"not_picked":["bronze:Overheat","bronze:CutThrough","bronze:BronzeArmor"],"picked":"SKIP","floor":28.0}],"player_experience":291804,"relics_obtained":[{"floor":8.0,"key":"Dead Branch"},{"floor":10.0,"key":"Anchor"},{"floor":24.0,"key":"bronze:SilverBullet"}],"event_choices":[{"cards_removed":["bronze:NullPointer"],"damage_healed":0.0,"max_hp_gain":0.0,"max_hp_loss":0.0,"gold_gain":0.0,"event_name":"betterNote:BetterNote","player_choice":"Give","floor":21.0,"gold_loss":0.0,"damage_taken":0.0,"cards_obtained":["champ:Defend"]}],"is_beta":false,"boss_relics":[{"not_picked":["Runic Pyramid","SlaversCollar"],"picked":"Pandora\u0027s Box"}],"items_purged_floors":[14],"is_endless":false,"potions_floor_spawned":[3,8,9,15,16,26,28],"killed_by":"3 Cultists","ascension_level":0}}