{"host":"pdq28s6637cpsst2","time":1613362311,"event":{"mods":["BaseMod","Colored Map","Colored Powertips","Highlight Path","Minty Spire (QoL Compilation)","Permanent Neow","Quick Restart","StSLib","The Senshi","The Servant 0.9.4"],"gold_per_floor":[118,133,151,151,171,171,96,106,175,189,189,159,159,170,170,269,269,281,281,262,278,278,278,296,346,372,404,53,73,92,103,103,200,200,214,174,186,204,79,79,114,134,134,134,134],"floor_reached":44,"language":"ENG","playtime":4996,"items_purged":["theSenshi:SchoolBag","theSenshi:LunasBite","theSenshi:SailorPlanetAttack"],"score":456,"play_id":"250ed6bd-158c-439c-8732-d125734842f2","local_time":"20210214231151","is_ascension_mode":false,"campfire_choices":[{"data":"theSenshi:MoonPrismPowerMakeUp","floor":6.0,"key":"SMITH"},{"data":"theSenshi:LateForSchool","floor":13.0,"key":"SMITH"},{"data":"theSenshi:RoseThrow","floor":15.0,"key":"SMITH"},{"floor":23.0,"key":"REST"},{"data":"theSenshi:SteeledNerves","floor":32.0,"key":"SMITH"},{"data":"theSenshi:StudyParty","floor":40,"key":"SMITH"}],"circlet_count":0,"master_deck":["theSenshi:SailorKick","theSenshi:SailorKick","theSenshi:SailorKick","theSenshi:SailorBlock","theSenshi:SailorBlock","theSenshi:SailorBlock","theSenshi:RoseThrow+1","theSenshi:MoonPrismPowerMakeUp+1","theSenshi:TuxedoSmokingBomber","theSenshi:SteeledNerves+1","theSenshi:MoonKick","theSenshi:LateForSchool+1","theSenshi:SailorVenusAssists+1","theSenshi:ChibiMoonsLove","theSenshi:MercurysCunning+1","theSenshi:MoonTwilightFlash+1","theSenshi:KlutzyLuck+1","theSenshi:InTheNameOfTheMoon+1","theSenshi:StudyParty+1","theSenshi:MercurysCunning","theSenshi:OdangoHead+1","theSenshi:LateForSchool+1","theSenshi:MoonCrystalPowerMakeUp"],"relics":["theSenshi:TransformationBroochRelic","White Beast Statue","Sozu","Nilry\u0027s Codex","Anchor","theSenshi:EternalTiareRelic","theSenshi:FeatherClipsRelic","Coffee Dripper","Blood Vial","InkBottle"],"acts_visited":["Exordium","TheCity","TheBeyond"],"potions_floor_usage":[33],"damage_taken":[{"damage":0.0,"enemies":"Cultist","floor":1.0,"turns":4.0},{"damage":0.0,"enemies":"2 Louse","floor":2.0,"turns":4.0},{"damage":2.0,"enemies":"Jaw Worm","floor":3.0,"turns":4.0},{"damage":17.0,"enemies":"Exordium Wildlife","floor":5.0,"turns":8.0},{"damage":16.0,"enemies":"Lots of Slimes","floor":8.0,"turns":5.0},{"damage":29.0,"enemies":"Gremlin Gang","floor":10.0,"turns":5.0},{"damage":6.0,"enemies":"Blue Slaver","floor":14.0,"turns":5.0},{"damage":33.0,"enemies":"The Guardian","floor":16.0,"turns":13.0},{"damage":4.0,"enemies":"3 Byrds","floor":18.0,"turns":5.0},{"damage":8.0,"enemies":"2 Thieves","floor":20.0,"turns":4.0},{"damage":20.0,"enemies":"Shelled Parasite and Fungi","floor":21.0,"turns":6.0},{"damage":4.0,"enemies":"3 Cultists","floor":24.0,"turns":6.0},{"damage":37.0,"enemies":"Book of Stabbing","floor":27.0,"turns":7.0},{"damage":5.0,"enemies":"Snake Plant","floor":29.0,"turns":4.0},{"damage":19.0,"enemies":"Centurion and Healer","floor":30.0,"turns":5.0},{"damage":2.0,"enemies":"Shelled Parasite and Fungi","floor":31.0,"turns":5.0},{"damage":93,"enemies":"Collector","floor":33,"turns":11},{"damage":6,"enemies":"3 Darklings","floor":35,"turns":5},{"damage":8,"enemies":"3 Shapes","floor":37,"turns":3},{"damage":4,"enemies":"Transient","floor":38,"turns":5},{"damage":70,"enemies":"Nemesis","floor":41,"turns":8},{"damage":0,"enemies":"3 Darklings","floor":42,"turns":4},{"damage":31,"enemies":"Reptomancer","floor":44,"turns":2}],"seed_played":"1259505375274758856","potions_obtained":[{"floor":1.0,"key":"Block Potion"},{"floor":5.0,"key":"Regen Potion"},{"floor":10.0,"key":"SkillPotion"},{"floor":12.0,"key":"Strength Potion"},{"floor":12.0,"key":"FearPotion"},{"floor":14.0,"key":"Swift Potion"},{"floor":16.0,"key":"SteroidPotion"}],"is_trial":false,"path_per_floor":["M","M","M","?","M","R","$","M","T","M","?","?","R","M","R","B",null,"M","?","M","M","?","R","M","T","T","E","$","M","M","M","R","B",null,"M","?","M","M","$","R","E","M","T","E"],"character_chosen":"THE_SENSHI","items_purchased":["theSenshi:FeatherClipsRelic"],"campfire_rested":1,"item_purchase_floors":[28],"current_hp_per_floor":[75,75,73,73,56,56,56,52,52,23,48,48,48,42,42,9,75,71,71,63,53,37,59,65,65,65,38,38,61,72,75,75,13,75,75,75,73,75,75,75,21,29,29,0,0],"gold":134,"neow_bonus":"TRANSFORM_CARD","is_daily":false,"chose_seed":false,"campfire_upgraded":5,"win_rate":0.0,"timestamp":1613362311,"path_taken":["M","M","M","?","M","R","$","M","T","M","?","?","R","M","R","BOSS","M","?","?","M","?","R","M","?","T","E","$","?","?","?","R","BOSS","M","?","?","?","?","R","E","M","T","E"],"items_purchased_type":["Relic"],"build_version":"2020-12-22","purchased_purges":3,"victory":false,"max_hp_per_floor":[75,75,75,75,75,75,75,75,75,75,75,75,75,75,75,75,75,75,75,75,75,75,75,75,75,75,75,75,75,75,75,75,75,75,75,75,75,75,75,75,75,75,75,75,75],"card_choices":[{"not_picked":["theSenshi:SailorStarMakerAssists","theSenshi:MoonTiaraMagic"],"picked":"theSenshi:SchoolBag","floor":1.0},{"not_picked":["theSenshi:MoonHealingEscalation","theSenshi:TallSilhouette","theSenshi:VenusGlamour"],"picked":"SKIP","floor":2.0},{"not_picked":["theSenshi:UranusStrength","theSenshi:VenusGlamour"],"picked":"theSenshi:SteeledNerves","floor":3.0},{"not_picked":["theSenshi:TuxedoSmokingBomber","theSenshi:MoonsReflection"],"picked":"theSenshi:LunasBite","floor":5.0},{"not_picked":["theSenshi:MoonPunch","theSenshi:UranusStrength"],"picked":"theSenshi:MoonKick","floor":8.0},{"not_picked":["theSenshi:SailorMercuryAssists","theSenshi:SailorMarsAssists"],"picked":"theSenshi:LateForSchool","floor":10.0},{"not_picked":["theSenshi:SailorMercuryAssists","theSenshi:MoonPunch"],"picked":"theSenshi:SailorVenusAssists","floor":14.0},{"not_picked":["theSenshi:FatedKiss","theSenshi:LunaSensingAllies"],"picked":"theSenshi:ChibiMoonsLove","floor":16.0},{"not_picked":["theSenshi:MoonPunch","theSenshi:MoonKick"],"picked":"theSenshi:MercurysCunning","floor":18.0},{"not_picked":["theSenshi:SchoolBag","theSenshi:SailorVenusAssists"],"picked":"theSenshi:MoonTwilightFlash+1","floor":20.0},{"not_picked":["theSenshi:SailorV+1","theSenshi:TuxedoMaskAssists"],"picked":"theSenshi:SailorPlanetAttack","floor":21.0},{"not_picked":["theSenshi:MercurysCunning","theSenshi:SupersonicWaves","theSenshi:TuxedoMaskAssists"],"picked":"SKIP","floor":24.0},{"not_picked":["theSenshi:MoonCrisisMakeUp","theSenshi:SailorNeptuneAssists"],"picked":"theSenshi:KlutzyLuck+1","floor":27.0},{"not_picked":["theSenshi:LunasBite+1","theSenshi:TallSilhouette","theSenshi:SailorChibiMoonAssists"],"picked":"SKIP","floor":29.0},{"not_picked":["theSenshi:RainbowMoonHeartAche","theSenshi:TallSilhouette"],"picked":"theSenshi:InTheNameOfTheMoon","floor":30.0},{"not_picked":["theSenshi:SailorMercuryAssists","theSenshi:SailorVenusAssists","theSenshi:SailorChibiMoonAssists"],"picked":"SKIP","floor":31.0},{"not_picked":["theSenshi:MoonGorgeousMeditation","theSenshi:IWillPunishYou"],"picked":"theSenshi:StudyParty","floor":33},{"not_picked":["theSenshi:MoonsReflection","theSenshi:LunasBite","theSenshi:SupersonicWaves+1"],"picked":"SKIP","floor":35},{"not_picked":["theSenshi:MoonsReflection","theSenshi:SailorChibiMoonAssists+1"],"picked":"theSenshi:MercurysCunning","floor":37},{"not_picked":["theSenshi:Sidestep+1","theSenshi:GatheringStrength+1"],"picked":"theSenshi:OdangoHead+1","floor":38},{"not_picked":["theSenshi:SailorMarsAssists","theSenshi:MoonTwilightFlash"],"picked":"theSenshi:LateForSchool+1","floor":41},{"not_picked":["theSenshi:GatheringStrength","theSenshi:MoonPrincessHalation"],"picked":"theSenshi:MoonCrystalPowerMakeUp","floor":42}],"player_experience":213174,"relics_obtained":[{"floor":9.0,"key":"White Beast Statue"},{"floor":22.0,"key":"Nilry\u0027s Codex"},{"floor":25.0,"key":"Anchor"},{"floor":27.0,"key":"theSenshi:EternalTiareRelic"},{"floor":41,"key":"Blood Vial"},{"floor":43,"key":"InkBottle"}],"event_choices":[{"cards_removed":["theSenshi:SailorBlock"],"damage_healed":0.0,"max_hp_gain":0.0,"max_hp_loss":0.0,"gold_gain":0.0,"event_name":"Living Wall","player_choice":"Forget","floor":4.0,"gold_loss":0.0,"damage_taken":0.0},{"damage_healed":25.0,"max_hp_gain":0.0,"max_hp_loss":0.0,"gold_gain":0.0,"event_name":"Big Fish","player_choice":"Banana","floor":11.0,"gold_loss":0.0,"damage_taken":0.0},{"damage_healed":0.0,"max_hp_gain":0.0,"max_hp_loss":0.0,"gold_gain":0.0,"event_name":"The Woman in Blue","player_choice":"Bought 2 Potions","floor":12.0,"gold_loss":0.0,"damage_taken":0.0},{"damage_healed":0.0,"max_hp_gain":0.0,"max_hp_loss":0.0,"gold_gain":0.0,"event_name":"Upgrade Shrine","player_choice":"Upgraded","floor":19.0,"gold_loss":0.0,"damage_taken":0.0,"cards_upgraded":["theSenshi:MercurysCunning"]},{"damage_healed":0.0,"max_hp_gain":0.0,"max_hp_loss":0.0,"gold_gain":0.0,"event_name":"Cursed Tome","player_choice":"Obtained Book","floor":22.0,"gold_loss":0.0,"damage_taken":16.0},{"damage_healed":0,"gold_gain":0,"player_choice":"Upgraded Two","damage_taken":0,"max_hp_gain":0,"max_hp_loss":0,"event_name":"Designer","floor":36,"gold_loss":40,"cards_upgraded":["theSenshi:InTheNameOfTheMoon","theSenshi:SailorVenusAssists"]}],"is_beta":false,"boss_relics":[{"not_picked":["Velvet Choker","Calling Bell"],"picked":"Sozu"},{"not_picked":["Snecko Eye","Black Star"],"picked":"Coffee Dripper"}],"items_purged_floors":[7,28,39],"is_endless":false,"potions_floor_spawned":[1,5,10,14,16,18,20,21,24,27,29,30,31,33,35,37,38,41,42],"killed_by":"Reptomancer","ascension_level":0}}