{"host":"k5fgrtcqzqosfxt0","time":1613402873,"event":{"mods":["Act Like it!","Aspiration","BaseMod","Downfall","Gensokyo","Minty Spire (QoL Compilation)","StSLib","TestMod","UnlockEverythingMod"],"gold_per_floor":[119,119,134,145,70,70,70,113,113,140,140,140,153,176,176,183,183],"floor_reached":16,"language":"ZHS","playtime":426,"items_purged":["Strike_R"],"score":200,"play_id":"6e643d80-dad8-4d1e-884e-b292273027a1","local_time":"20210215232753","is_ascension_mode":true,"campfire_choices":[{"data":"Shrug It Off","floor":7,"key":"SMITH"},{"data":"Feel No Pain","floor":11,"key":"SMITH"},{"data":"Bash","floor":15,"key":"SMITH"}],"circlet_count":0,"master_deck":["AscendersBane","Strike_R","Strike_R","Strike_R","Strike_R","Defend_R","Defend_R","Defend_R","Defend_R","Bash+1","Armaments+1","Shrug It Off+1","Injury","Shockwave+1","Feel No Pain+1"],"relics":["Burning Blood","testmod-TestBox","NeowsBlessing","testmod-TheFather","Toxic Egg 2","Ancient Tea Set","testmod-Muramasa","Omamori"],"acts_visited":["Exordium"],"potions_floor_usage":[16],"damage_taken":[{"damage":0,"enemies":"Small Slimes","floor":1,"turns":1},{"damage":0,"enemies":"Cultist","floor":3,"turns":1},{"damage":0,"enemies":"Jaw Worm","floor":4,"turns":1},{"damage":34,"enemies":"3 Sentries","floor":8,"turns":11},{"damage":18,"enemies":"Large Slime","floor":10,"turns":7},{"damage":12,"enemies":"Exordium Thugs","floor":13,"turns":5},{"damage":34,"enemies":"Slime Boss","floor":16,"turns":13}],"seed_played":"9045631886779093517","potions_obtained":[{"floor":3,"key":"HeartOfIron"},{"floor":8,"key":"FearPotion"}],"is_trial":false,"path_per_floor":["M","?","M","M","$","?","R","E","T","M","R","?","M","T","R","B"],"character_chosen":"IRONCLAD","items_purchased":[],"campfire_rested":0,"item_purchase_floors":[],"current_hp_per_floor":[74,74,75,75,75,75,75,47,47,35,35,35,29,29,29,0,0],"gold":183,"neow_bonus":"THREE_ENEMY_KILL","is_daily":false,"chose_seed":false,"campfire_upgraded":3,"win_rate":0.0,"timestamp":1613402873,"path_taken":["M","?","M","?","$","?","R","E","T","M","R","?","?","?","R","BOSS"],"items_purchased_type":[],"build_version":"2020-12-22","purchased_purges":1,"victory":false,"max_hp_per_floor":[75,75,75,75,75,75,75,75,75,75,75,75,75,75,75,75,75],"card_choices":[{"not_picked":["Wild Strike","True Grit"],"picked":"Armaments","floor":1},{"not_picked":["Battle Trance","Perfected Strike"],"picked":"Shrug It Off","floor":3},{"not_picked":["Pummel","Warcry","Heavy Blade"],"picked":"SKIP","floor":4},{"not_picked":["Clothesline","Limit Break+1"],"picked":"Shockwave+1","floor":8},{"not_picked":["True Grit+1","Warcry+1"],"picked":"Feel No Pain","floor":10},{"not_picked":["Sentinel+1","Pummel","Sword Boomerang"],"picked":"SKIP","floor":13}],"player_experience":661341,"relics_obtained":[{"floor":8,"key":"Ancient Tea Set"},{"floor":9,"key":"testmod-Muramasa"}],"event_choices":[{"damage_healed":0,"gold_gain":0,"player_choice":"Upgraded","damage_taken":0,"max_hp_gain":0,"max_hp_loss":0,"event_name":"Upgrade Shrine","floor":2,"gold_loss":0,"cards_upgraded":["Armaments"]},{"damage_healed":0,"gold_gain":0,"player_choice":"Gave Potion","damage_taken":0,"relics_obtained":["Omamori"],"max_hp_gain":0,"max_hp_loss":0,"event_name":"WeMeetAgain","floor":12,"gold_loss":0}],"is_beta":false,"boss_relics":[],"items_purged_floors":[5],"is_endless":false,"potions_floor_spawned":[3,8,10],"killed_by":"Slime Boss","ascension_level":20}}