{"host":"qj2ynjh122p6ybyd","time":1613428386,"event":{"mods":["AchievementEnabler","Aspiration","BaseMod","Better Match","Better Note","Highlight Path","Infinite Spire","Minty Spire (QoL Compilation)","Quick Restart","Relic Stats","Reliquary","Replay The Spire","StSLib","SuperFastMode","The Blackbeard","The Gatherer"],"gold_per_floor":[111,128,128,143,143,143,158,158,158,174,174,201,89,89,89,163,163,176,377,377,377,377,377,150,150,176,187,187,187,200,242,167,183,183,264,264,278,303,303,303,318,318,318,343,423,423,443,443,443,461,461,471],"floor_reached":53,"language":"RUS","playtime":1252,"items_purged":[],"score":1193,"play_id":"631b47db-9522-494f-b7bb-9ed1a23cf465","local_time":"20210216003306","is_ascension_mode":true,"campfire_choices":[{"data":"Storm","floor":6,"key":"SMITH"},{"data":"Defragment","floor":8,"key":"SMITH"},{"floor":11,"key":"REST"},{"data":"Genetic Algorithm","floor":15,"key":"SMITH"},{"data":"Defragment","floor":25,"key":"SMITH"},{"floor":29,"key":"REST"},{"floor":34,"key":"REST"},{"data":"Capacitor","floor":34,"key":"SMITH"},{"floor":42,"key":"REST"},{"data":"Defragment","floor":42,"key":"SMITH"},{"data":"Storm","floor":46,"key":"SMITH"},{"floor":48,"key":"REST"},{"data":"Zap","floor":48,"key":"SMITH"},{"floor":51,"key":"REST"},{"data":"Coolheaded","floor":51,"key":"SMITH"}],"circlet_count":0,"master_deck":["AscendersBane","Strike_B+1","Defend_B+1","Defend_B+1","Defend_B+1","Zap+1","Dualcast","Self Repair","Hello World","Cold Snap","Storm+1","Defragment+1","Rip and Tear","Coolheaded+1","Core Surge","Capacitor+1","Storm+1","Genetic Algorithm+1","Auto Shields","FIFO Queue","Defragment+1","Defragment+1","Cold Snap","Cold Snap","Rainbow","Ball Lightning","Loop+1","Heatsinks+1","Creative AI+1","Doom and Gloom+1","Cold Snap+1","Creative AI+1","infinitespire:Starlight","Replay:Bootleg Shield Generator","aspiration:Polymerization+1","Hello World+1","Force Field","Hello World+1","Glacier+1"],"relics":["Cracked Core","aspiration:Nostalgia","Gatherer:AlchemyBag","Replay:PocketPolymizer","Shuriken","reliquary:RedPaperclip","Prayer Wheel","Nuclear Battery","Replay:Frozen Program","Frozen Egg 2","infinitespire:Midas Blood","infinitespire:Magic Flask","Sozu","Calipers","infinitespire:WardingShard"],"acts_visited":["Exordium","TheCity","TheBeyond"],"potions_floor_usage":[12,26,30],"damage_taken":[{"damage":0,"enemies":"Small Slimes","floor":1,"turns":2},{"damage":12,"enemies":"Jaw Worm","floor":2,"turns":3},{"damage":1,"enemies":"2 Louse","floor":4,"turns":2},{"damage":14,"enemies":"Exordium Wildlife","floor":7,"turns":3},{"damage":12,"enemies":"2 Fungi Beasts","floor":10,"turns":3},{"damage":16,"enemies":"Gremlin Nob","floor":12,"turns":3},{"damage":15,"enemies":"The Guardian","floor":16,"turns":8},{"damage":9,"enemies":"Shell Parasite","floor":18,"turns":5},{"damage":38,"enemies":"Gremlin Leader","floor":26,"turns":5},{"damage":1,"enemies":"2 Thieves","floor":27,"turns":3},{"damage":0,"enemies":"Sentry and Sphere","floor":30,"turns":3},{"damage":31,"enemies":"Slavers","floor":31,"turns":4},{"damage":2,"enemies":"Cultist and Chosen","floor":33,"turns":3},{"damage":23,"enemies":"Champ","floor":35,"turns":6},{"damage":0,"enemies":"Orb Walker","floor":37,"turns":3},{"damage":25,"enemies":"3 Darklings","floor":38,"turns":4},{"damage":24,"enemies":"Spire Growth","floor":41,"turns":4},{"damage":0,"enemies":"Mind Bloom Boss Battle","floor":44,"turns":4},{"damage":29,"enemies":"Jaw Worm Horde","floor":47,"turns":3},{"damage":20,"enemies":"Sphere and 2 Shapes","floor":50,"turns":3},{"damage":48,"enemies":"Donu and Deca","floor":52,"turns":8}],"seed_played":"-8862222479413443914","potions_obtained":[{"floor":4,"key":"Venom Potion"},{"floor":10,"key":"Swift Potion"},{"floor":27,"key":"PowerPotion"},{"floor":30,"key":"SteroidPotion"},{"floor":35,"key":"EssenceOfDarkness"}],"is_trial":false,"path_per_floor":["M","M","?","M","?","R","M","R","T","M","R","E","$","T","R","B",null,"M","?","AVR","?","PTL","PTL","$","R","E","M","T","R","M","E","$","M","R","B",null,"M","M","AVR","?","M","R","?","?","T","R","M","R","?","M","R","B",null],"character_chosen":"DEFECT","items_purchased":["Storm","Genetic Algorithm","Replay:Frozen Program","Defragment","Loop+1"],"campfire_rested":6,"item_purchase_floors":[13,13,24,24,32],"current_hp_per_floor":[64,59,59,58,58,58,51,51,51,46,67,58,58,58,58,50,66,64,47,47,47,47,47,47,47,16,22,22,43,43,12,12,10,31,15,57,64,46,46,46,39,60,60,70,70,70,48,69,69,49,70,39],"gold":471,"neow_bonus":"NOSTALGIA","is_daily":false,"chose_seed":false,"campfire_upgraded":9,"win_rate":0.0,"timestamp":1613428386,"path_taken":["M","M","?","M","?","R","M","R","T","M","R","E","$","?","R","BOSS","M","?","AVR","?","PTL","PTL","$","R","E","M","T","R","M","E","?","?","R","BOSS","M","M","AVR","?","M","R","?","?","T","R","M","R","?","M","R","BOSS"],"items_purchased_type":["Card","Card","Relic","Card","Card"],"build_version":"2020-12-22","purchased_purges":0,"victory":true,"max_hp_per_floor":[71,71,71,71,71,71,71,71,71,71,71,71,71,71,71,71,71,71,71,71,71,71,71,71,71,71,71,71,71,71,71,71,71,71,71,71,71,71,71,71,71,71,71,71,71,71,71,71,71,71,71,71],"relic_stats":{"Sozu":3,"counters":[21,82],"Shuriken":[7],"Prayer Wheel":9,"obtain_stats":[{"Replay:PocketPolymizer":5,"Calipers":44,"aspiration:Nostalgia":0,"infinitespire:Magic Flask":31,"Frozen Egg 2":26,"Nuclear Battery":20,"Sozu":36,"Matryoshka":14,"reliquary:RedPaperclip":17,"Replay:Frozen Program":24,"infinitespire:WardingShard":45,"Shuriken":9,"Prayer Wheel":18,"Replay:Bottled Eggs":12,"Cracked Core":0,"Gatherer:AlchemyBag":0,"infinitespire:Midas Blood":28},{"Replay:PocketPolymizer":3,"Calipers":18,"aspiration:Nostalgia":0,"infinitespire:Magic Flask":12,"Frozen Egg 2":9,"Nuclear Battery":8,"Sozu":14,"Matryoshka":6,"reliquary:RedPaperclip":7,"Replay:Frozen Program":8,"infinitespire:WardingShard":18,"Shuriken":4,"Prayer Wheel":8,"Replay:Bottled Eggs":6,"Cracked Core":0,"Gatherer:AlchemyBag":0,"infinitespire:Midas Blood":10},{"Replay:PocketPolymizer":7,"Calipers":68,"aspiration:Nostalgia":0,"infinitespire:Magic Flask":44,"Frozen Egg 2":34,"Nuclear Battery":29,"Sozu":53,"Matryoshka":16,"reliquary:RedPaperclip":24,"Replay:Frozen Program":29,"infinitespire:WardingShard":68,"Shuriken":10,"Prayer Wheel":28,"Replay:Bottled Eggs":16,"Cracked Core":0,"Gatherer:AlchemyBag":0,"infinitespire:Midas Blood":37}]},"card_choices":[{"not_picked":["Scrape","BasicCrystalCard"],"picked":"Self Repair","floor":1},{"not_picked":["Recycle","Tempest"],"picked":"Hello World","floor":2},{"not_picked":["Undo","Streamline"],"picked":"Cold Snap","floor":4},{"not_picked":["Gash","Go for the Eyes"],"picked":"Defragment","floor":7},{"not_picked":["Redo","Consume"],"picked":"Coolheaded","floor":10},{"not_picked":["Force Field","Skim"],"picked":"Capacitor","floor":12},{"not_picked":["Multi-Cast","ReplayTheSpireMod:Omega Cannon"],"picked":"ReplayTheSpireMod:Fabricate Wheel","floor":16},{"not_picked":["Auto Shields","ReplaySort"],"picked":"FIFO Queue","floor":18},{"not_picked":["Hologram","Gash+1","Leap"],"picked":"SKIP","floor":18},{"not_picked":["Undo","Aggregate"],"picked":"Defragment","floor":19},{"not_picked":["Reinforced Body","Coolheaded"],"picked":"Cold Snap","floor":26},{"not_picked":["Redo","Fusion"],"picked":"Cold Snap","floor":27},{"not_picked":["Stack","BasicCrystalCard","Gash"],"picked":"SKIP","floor":27},{"not_picked":["ReplayTheSpireMod:System Scan","Conserve Battery"],"picked":"Rainbow","floor":30},{"not_picked":["Go for the Eyes","Blizzard","Barrage"],"picked":"SKIP","floor":30},{"not_picked":["Genetic Algorithm","Melter"],"picked":"Ball Lightning","floor":31},{"not_picked":["Steam","Barrage"],"picked":"Heatsinks+1","floor":33},{"not_picked":["Gash","Leap","Redo"],"picked":"SKIP","floor":33},{"not_picked":["Fission","Thunder Strike"],"picked":"Creative AI+1","floor":35},{"not_picked":["Ball Lightning","Beam Cell"],"picked":"Doom and Gloom+1","floor":37},{"not_picked":["Stack","Gash","Panic Button"],"picked":"SKIP","floor":37},{"not_picked":["Sweeping Beam","Sunder"],"picked":"Cold Snap+1","floor":38},{"not_picked":["Barrage","Hologram+1"],"picked":"Creative AI+1","floor":38},{"not_picked":["Transmutation","Dramatic Entrance"],"picked":"Replay:Bootleg Shield Generator","floor":40},{"not_picked":["Coolheaded","Ball Lightning"],"picked":"aspiration:Polymerization+1","floor":41},{"not_picked":["Coolheaded","Heatsinks+1"],"picked":"Hello World+1","floor":41},{"not_picked":["Barrage","Sweeping Beam"],"picked":"Force Field","floor":44},{"not_picked":["Sweeping Beam+1","Steam","Genetic Algorithm+1"],"picked":"SKIP","floor":47},{"not_picked":["Rebound","Redo","Aggregate+1"],"picked":"SKIP","floor":47},{"not_picked":["Chill+1","Turbo"],"picked":"Hello World+1","floor":50},{"not_picked":["Fusion+1","Go for the Eyes"],"picked":"Glacier+1","floor":50}],"player_experience":385992,"relics_obtained":[{"floor":5,"key":"Replay:PocketPolymizer"},{"floor":9,"key":"Shuriken"},{"floor":12,"key":"Replay:Bottled Eggs"},{"floor":14,"key":"Matryoshka"},{"floor":26,"key":"Frozen Egg 2"},{"floor":28,"key":"infinitespire:Midas Blood"},{"floor":31,"key":"infinitespire:Magic Flask"},{"floor":44,"key":"Calipers"},{"floor":45,"key":"infinitespire:WardingShard"}],"event_choices":[{"damage_healed":0,"gold_gain":0,"player_choice":"Ignored","damage_taken":0,"max_hp_gain":0,"max_hp_loss":0,"event_name":"Vampires","floor":21,"gold_loss":0},{"damage_healed":0,"gold_gain":0,"player_choice":"Memory 1","damage_taken":0,"max_hp_gain":0,"max_hp_loss":0,"event_name":"SensoryStone","floor":40,"gold_loss":0},{"damage_healed":0,"gold_gain":0,"player_choice":"Ignored","damage_taken":0,"max_hp_gain":0,"max_hp_loss":0,"event_name":"Tomb of Lord Red Mask","floor":43,"gold_loss":0},{"damage_healed":0,"gold_gain":0,"player_choice":"Fight","damage_taken":0,"max_hp_gain":0,"max_hp_loss":0,"event_name":"MindBloom","floor":44,"gold_loss":0},{"damage_healed":0,"gold_gain":0,"player_choice":"Ignored","damage_taken":0,"max_hp_gain":0,"max_hp_loss":0,"event_name":"Mysterious Sphere","floor":49,"gold_loss":0}],"is_beta":false,"boss_relics":[{"not_picked":["aspiration:RitualDagger","infinitespire:Cupcake"],"picked":"reliquary:RedPaperclip"},{"not_picked":["Replay:Drink Me","Abe\u0027s Treasure"],"picked":"Sozu"}],"items_purged_floors":[],"is_endless":false,"potions_floor_spawned":[4,10,27,30,35,37,44,50],"ascension_level":14}}