{"host":"q8mjpf3krl0t4p3x","time":1613362283,"event":{"mods":["BaseMod","Colored Map","Colored Powertips","Googly Eyes","Minty Spire (QoL Compilation)","Quick Restart","StSLib","everything is the same but u backflip on backflip","slay the spire mod where everything is the same but ironclad has a cowboy hat"],"gold_per_floor":[111,111,12,12,22,57,57,68,68,68,83,9,9,9,9,106,106,118,118,130,141,158,158,170,170,244,244,264,297,297,59,59,155,155,166,181,192,208,225,225,235,235,235],"floor_reached":42,"language":"ENG","playtime":2576,"items_purged":[],"score":422,"play_id":"9430116d-6fbb-45e4-ae20-72170dbb782d","local_time":"20210214201123","is_ascension_mode":false,"campfire_choices":[{"data":"Crescendo","floor":7.0,"key":"SMITH"},{"data":"MentalFortress","floor":13.0,"key":"SMITH"},{"data":"BattleHymn","floor":15.0,"key":"SMITH"},{"data":"Judgement","floor":23.0,"key":"SMITH"},{"floor":25.0,"key":"REST"},{"data":"WindmillStrike","floor":27.0,"key":"SMITH"},{"floor":32.0,"key":"REST"},{"floor":40,"key":"REST"}],"circlet_count":0,"master_deck":["Strike_P","Strike_P","Strike_P","Strike_P","Defend_P","Defend_P","Defend_P","Eruption+1","Vigilance","ClearTheMind+1","EmptyBody","Crescendo+1","WindmillStrike+1","MentalFortress+1","BattleHymn+1","Tantrum","Consecrate+1","Judgement+1","FlurryOfBlows+1","Adaptation","EmptyFist+1","FlyingSleeves+1","Halt+1"],"relics":["HolyWater","Regal Pillow","Philosopher\u0027s Stone","Sundial","Ginger","Nloth\u0027s Gift","Bottled Tornado"],"acts_visited":["Exordium","TheCity","TheBeyond"],"potions_floor_usage":[42,42],"damage_taken":[{"damage":0.0,"enemies":"Jaw Worm","floor":1.0,"turns":3.0},{"damage":0.0,"enemies":"Cultist","floor":5.0,"turns":3.0},{"damage":24.0,"enemies":"Lagavulin","floor":6.0,"turns":9.0},{"damage":0.0,"enemies":"2 Louse","floor":8.0,"turns":4.0},{"damage":5.0,"enemies":"Looter","floor":11.0,"turns":3.0},{"damage":5.0,"enemies":"The Guardian","floor":16.0,"turns":8.0},{"damage":10.0,"enemies":"Shell Parasite","floor":18.0,"turns":4.0},{"damage":24.0,"enemies":"2 Thieves","floor":20.0,"turns":3.0},{"damage":0.0,"enemies":"Centurion and Healer","floor":21.0,"turns":3.0},{"damage":0.0,"enemies":"3 Cultists","floor":22.0,"turns":3.0},{"damage":14.0,"enemies":"Snake Plant","floor":24.0,"turns":2.0},{"damage":12.0,"enemies":"Chosen and Byrds","floor":28.0,"turns":3.0},{"damage":22.0,"enemies":"Gremlin Leader","floor":29.0,"turns":4.0},{"damage":31.0,"enemies":"Collector","floor":33.0,"turns":5.0},{"damage":11.0,"enemies":"Orb Walker","floor":35.0,"turns":2.0},{"damage":8.0,"enemies":"3 Shapes","floor":36.0,"turns":3.0},{"damage":0,"enemies":"Transient","floor":37,"turns":5},{"damage":46,"enemies":"Maw","floor":38,"turns":5},{"damage":5,"enemies":"Sphere and 2 Shapes","floor":39,"turns":2},{"damage":19,"enemies":"Spire Growth","floor":41,"turns":4},{"damage":43,"enemies":"Reptomancer","floor":42,"turns":2}],"seed_played":"-5561434598866807041","potions_obtained":[{"floor":1.0,"key":"Weak Potion"},{"floor":5.0,"key":"Explosive Potion"},{"floor":8.0,"key":"Ancient Potion"},{"floor":16.0,"key":"PowerPotion"},{"floor":20.0,"key":"DistilledChaos"},{"floor":21.0,"key":"LiquidBronze"},{"floor":22.0,"key":"ColorlessPotion"},{"floor":24.0,"key":"AttackPotion"},{"floor":28.0,"key":"ColorlessPotion"},{"floor":29.0,"key":"EntropicBrew"},{"floor":35.0,"key":"LiquidBronze"},{"floor":37,"key":"Energy Potion"}],"is_trial":false,"path_per_floor":["M","?","$","?","M","E","R","M","T","?","M","$","R","$","R","B",null,"M","?","M","M","M","R","M","R","T","R","M","E","?","$","R","B",null,"M","M","M","M","M","R","M","E"],"character_chosen":"WATCHER","items_purchased":["EmptyBody","Energy Potion","Tantrum","Bottled Tornado"],"campfire_rested":3,"item_purchase_floors":[3,3,12,31],"current_hp_per_floor":[72,72,72,72,72,48,48,48,48,48,43,43,43,43,43,38,72,62,62,38,38,38,38,24,60,60,60,48,26,26,26,62,31,72,61,53,53,7,2,38,19,0,0],"gold":235,"neow_bonus":"UPGRADE_CARD","is_daily":false,"chose_seed":false,"campfire_upgraded":5,"win_rate":0.0,"timestamp":1613362283,"path_taken":["M","?","?","?","M","E","R","M","T","?","M","$","R","?","R","BOSS","M","?","M","M","M","R","?","R","T","R","M","E","?","$","R","BOSS","M","M","?","M","M","R","M","E"],"items_purchased_type":["Card","Potion","Card","Relic"],"build_version":"2020-12-22","purchased_purges":0,"victory":false,"max_hp_per_floor":[72,72,72,72,72,72,72,72,72,72,72,72,72,72,72,72,72,72,72,72,72,72,72,72,72,72,72,72,72,72,72,72,72,72,72,72,72,72,72,72,72,72,72],"card_choices":[{"not_picked":["EmptyBody","Prostrate"],"picked":"ClearTheMind","floor":1.0},{"not_picked":["PathToVictory","TalkToTheHand"],"picked":"Crescendo","floor":5.0},{"not_picked":["Evaluate","SandsOfTime"],"picked":"WindmillStrike","floor":6.0},{"not_picked":["Crescendo","EmptyBody"],"picked":"MentalFortress","floor":8.0},{"not_picked":["DeceiveReality","ThirdEye"],"picked":"BattleHymn","floor":11.0},{"not_picked":["ClearTheMind","Protect","BowlingBash"],"picked":"SKIP","floor":18.0},{"not_picked":["Conclude","CrushJoints"],"picked":"Consecrate+1","floor":20.0},{"not_picked":["Protect","CrushJoints"],"picked":"Judgement","floor":21.0},{"not_picked":["BowlingBash+1","PathToVictory"],"picked":"FlurryOfBlows+1","floor":22.0},{"not_picked":["CutThroughFate","Study","WindmillStrike"],"picked":"SKIP","floor":24.0},{"not_picked":["BattleHymn+1","Prostrate"],"picked":"Adaptation","floor":28.0},{"not_picked":["Meditate","Swivel","CutThroughFate"],"picked":"SKIP","floor":29.0},{"not_picked":["Worship","Blasphemy"],"picked":"EmptyFist+1","floor":35.0},{"not_picked":["BattleHymn+1","Tantrum+1"],"picked":"FlyingSleeves+1","floor":36.0},{"not_picked":["CrushJoints","InnerPeace","Tantrum"],"picked":"SKIP","floor":37},{"not_picked":["JustLucky","ClearTheMind","FollowUp+1"],"picked":"SKIP","floor":38},{"not_picked":["Adaptation+1","FollowUp"],"picked":"Halt+1","floor":39},{"not_picked":["Prostrate+1","Adaptation+1","FollowUp+1"],"picked":"SKIP","floor":41}],"player_experience":115437,"relics_obtained":[{"floor":6.0,"key":"White Beast Statue"},{"floor":9.0,"key":"Regal Pillow"},{"floor":26.0,"key":"Sundial"},{"floor":29.0,"key":"Ginger"}],"event_choices":[{"cards_removed":["Defend_P"],"damage_healed":0.0,"max_hp_gain":0.0,"max_hp_loss":0.0,"gold_gain":0.0,"event_name":"Bonfire Elementals","player_choice":"Offered Basic","floor":2.0,"gold_loss":0.0,"damage_taken":0.0},{"damage_healed":0.0,"max_hp_gain":0.0,"max_hp_loss":0.0,"gold_gain":0.0,"event_name":"Living Wall","player_choice":"Grow","floor":4.0,"gold_loss":0.0,"damage_taken":0.0,"cards_upgraded":["ClearTheMind"]},{"damage_healed":0.0,"max_hp_gain":0.0,"max_hp_loss":0.0,"gold_gain":0.0,"event_name":"Golden Wing","player_choice":"Ignored","floor":10.0,"gold_loss":0.0,"damage_taken":0.0},{"damage_healed":0.0,"max_hp_gain":0.0,"max_hp_loss":0.0,"gold_gain":0.0,"event_name":"NoteForYourself","player_choice":"Ignored","floor":19.0,"gold_loss":0.0,"damage_taken":0.0},{"damage_healed":0.0,"max_hp_gain":0.0,"max_hp_loss":0.0,"gold_gain":0.0,"event_name":"N\u0027loth","player_choice":"Traded Relic","floor":30.0,"relics_lost":["White Beast Statue"],"gold_loss":0.0,"damage_taken":0.0,"relics_obtained":["Nloth\u0027s Gift"]}],"is_beta":false,"boss_relics":[{"not_picked":["Pandora\u0027s Box","Coffee Dripper"],"picked":"Philosopher\u0027s Stone"},{"not_picked":["Tiny House","Runic Dome"],"picked":"HolyWater"}],"items_purged_floors":[],"is_endless":false,"potions_floor_spawned":[1,5,8,11,16,18,20,21,22,24,28,29,35,37,39],"killed_by":"Reptomancer","ascension_level":0}}