{"host":"8d3fefv2347kqkpz","time":1613411125,"event":{"mods":["AchievementEnabler","Aspiration","BaseMod","Better Vampires","Colored Map","Colored Powertips","Downfall","Emptier Cage","Highlight Path","Minty Spire (QoL Compilation)","Quick Restart","Rare Cards Sparkle","Relic Stats","Spicy Shops","StSLib","Waifu the Spire"],"gold_per_floor":[0,18,18,18,37,37,116,26,58,69,69,69,69,69,82,178,178,178,193,204,109,122,133,133,233,262,262,280,35,35,35,51,148,148,148,166,177,193,71,83,108,108,108,135,135,35,64,76,87,87],"floor_reached":51,"language":"ZHS","playtime":1990,"items_purged":["Injury","bronze:Strike","bronze:Strike"],"score":857,"play_id":"d311044b-f46a-4c74-826d-18525172e96c","local_time":"20210216014525","is_ascension_mode":false,"campfire_choices":[{"data":"bronze:Replicate","floor":1.0,"key":"SMITH"},{"data":"bronze:Goto","floor":6.0,"key":"SMITH"},{"floor":12.0,"key":"REST"},{"data":"bronze:Defend","floor":18.0,"key":"SMITH"},{"data":"bronze:Defend","floor":27.0,"key":"SMITH"},{"floor":35.0,"key":"RECALL"},{"data":"bronze:Defend","floor":46.0,"key":"SMITH"}],"circlet_count":0,"master_deck":["bronze:Defend+1","bronze:Defend+1","bronze:Defend+1","bronze:Replicate+1","bronze:Goto+1","bronze:NullPointer+1","bronze:Overheat+1","bronze:HyperBeam+1","bronze:FineTuning+1","bronze:NullPointer+1","bronze:Format"],"relics":["bronze:BronzeCore","Molten Egg 2","aspiration:StickyExplosives_weak","bronze:CableSpool","bronze:ProtectiveGoggles","The Courier","SlaversCollar","Slimebound:PreparedRelic","downfall:GremlinWheel","Pantograph","Vajra","Omamori","Enchiridion","bronze:MakeshiftBattery","TungstenRod","Guardian:PocketSentry","Pen Nib","Pear","downfall:HeartBlessingRed","Oddly Smooth Stone"],"acts_visited":["Exordium","TheCity","TheBeyond"],"potions_floor_usage":[],"damage_taken":[{"damage":1.0,"enemies":"Jaw Worm","floor":2.0,"turns":5.0},{"damage":7.0,"enemies":"Small Slimes","floor":5.0,"turns":3.0},{"damage":0.0,"enemies":"downfall:FleeingMerchant","floor":8.0,"turns":4.0},{"damage":21.0,"enemies":"Lagavulin","floor":9.0,"turns":6.0},{"damage":0.0,"enemies":"2 Louse","floor":10.0,"turns":3.0},{"damage":2.0,"enemies":"Exordium Wildlife","floor":15.0,"turns":2.0},{"damage":0.0,"enemies":"SI_SHIV_ARCHETYPE","floor":16.0,"turns":5.0},{"damage":3.0,"enemies":"downfall:LooterAlt2","floor":19.0,"turns":2.0},{"damage":1.0,"enemies":"Chosen","floor":20.0,"turns":4.0},{"damage":0.0,"enemies":"downfall:FleeingMerchant","floor":21.0,"turns":4.0},{"damage":4.0,"enemies":"Sentry and Sphere","floor":22.0,"turns":4.0},{"damage":1.0,"enemies":"Shelled Parasite and Fungi","floor":23.0,"turns":3.0},{"damage":0.0,"enemies":"Shelled Parasite and Fungi","floor":25.0,"turns":2.0},{"damage":0.0,"enemies":"downfall:FleeingMerchant","floor":26.0,"turns":1.0},{"damage":0.0,"enemies":"Centurion and Healer","floor":28.0,"turns":3.0},{"damage":0.0,"enemies":"Chosen and Byrds","floor":32.0,"turns":5.0},{"damage":13.0,"enemies":"IC_MUSHROOM_ARCHETYPE","floor":33.0,"turns":9.0},{"damage":0.0,"enemies":"Orb Walker","floor":36.0,"turns":2.0},{"damage":0.0,"enemies":"3 Shapes","floor":37.0,"turns":3.0},{"damage":0.0,"enemies":"Jaw Worm Horde","floor":38.0,"turns":5.0},{"damage":6.0,"enemies":"4 Shapes","floor":40.0,"turns":4.0},{"damage":0.0,"enemies":"Reptomancer","floor":44.0,"turns":4.0},{"damage":5.0,"enemies":"Nemesis","floor":47.0,"turns":5.0},{"damage":7,"enemies":"Writhing Mass","floor":48,"turns":5},{"damage":2,"enemies":"Sphere and 2 Shapes","floor":49,"turns":4},{"damage":0,"enemies":"WA_ARCHETYPE_DIVINITY","floor":50,"turns":11}],"seed_played":"672490765276384418","potions_obtained":[{"floor":2.0,"key":"CultistPotion"},{"floor":10.0,"key":"FearPotion"},{"floor":15.0,"key":"bronze:CleanCodePotion"},{"floor":19.0,"key":"FairyPotion"},{"floor":33.0,"key":"Dexterity Potion"}],"is_trial":false,"path_per_floor":["R","M","?","?","M","R","T","$","E","M","?","R","?","T","M","B",null,"R","M","M","$","M","M","T","?","$","R","M","$","?","?","M","B",null,"R","M","M","M","$","M","T","$","?","E","?","R","E","M","M","B",null],"character_chosen":"THE_AUTOMATON","items_purchased":["Pantograph","Vajra","Omamori","Guardian:PocketSentry"],"campfire_rested":1,"item_purchase_floors":[26,29,29,39],"current_hp_per_floor":[70,69,69,62,55,55,55,55,34,34,34,55,55,55,53,53,70,70,67,66,66,62,61,61,61,61,61,61,61,61,45,45,57,70,70,70,70,70,70,64,64,64,64,74,74,74,69,62,60,80],"gold":87,"neow_bonus":"REMOVE_TWO","is_daily":false,"chose_seed":false,"campfire_upgraded":5,"win_rate":0.0,"timestamp":1613411125,"path_taken":["R","M","?","?","M","R","T","?","E","M","?","R","?","?","M","BOSS","R","M","M","$","M","M","T","?","$","R","M","?","?","?","M","BOSS","R","M","M","M","$","M","T","$","?","E","?","R","E","M","M","BOSS"],"items_purchased_type":["Relic","Relic","Relic","Relic"],"build_version":"2020-12-22","purchased_purges":3,"victory":true,"max_hp_per_floor":[70,70,70,70,70,70,70,70,70,70,70,70,70,70,70,70,70,70,70,70,70,70,70,70,70,70,70,70,70,70,70,70,70,70,70,70,70,70,70,70,70,70,70,80,80,80,80,80,80,80],"relic_stats":{"counters":[26,108],"Pantograph":45,"Pen Nib":[6],"obtain_stats":[{"bronze:BronzeCore":0,"Pear":44,"downfall:HeartBlessingRed":46,"Vajra":29,"Enchiridion":31,"Oddly Smooth Stone":47,"The Courier":14,"Pen Nib":41,"Omamori":29,"Guardian:PocketSentry":39,"aspiration:StickyExplosives_weak":4,"bronze:CableSpool":7,"SlaversCollar":17,"downfall:GremlinWheel":25,"bronze:ProtectiveGoggles":9,"Pantograph":26,"Molten Egg 2":3,"Slimebound:PreparedRelic":24,"bronze:MakeshiftBattery":34,"TungstenRod":35},{"bronze:BronzeCore":0,"Pear":22,"downfall:HeartBlessingRed":22,"Vajra":15,"Enchiridion":15,"Oddly Smooth Stone":23,"The Courier":5,"Pen Nib":21,"Omamori":15,"Guardian:PocketSentry":20,"aspiration:StickyExplosives_weak":1,"bronze:CableSpool":2,"SlaversCollar":7,"downfall:GremlinWheel":13,"bronze:ProtectiveGoggles":4,"Pantograph":14,"Molten Egg 2":1,"Slimebound:PreparedRelic":12,"bronze:MakeshiftBattery":17,"TungstenRod":17},{"bronze:BronzeCore":0,"Pear":83,"downfall:HeartBlessingRed":83,"Vajra":51,"Enchiridion":51,"Oddly Smooth Stone":88,"The Courier":21,"Pen Nib":79,"Omamori":51,"Guardian:PocketSentry":75,"aspiration:StickyExplosives_weak":5,"bronze:CableSpool":8,"SlaversCollar":28,"downfall:GremlinWheel":47,"bronze:ProtectiveGoggles":18,"Pantograph":48,"Molten Egg 2":5,"Slimebound:PreparedRelic":45,"bronze:MakeshiftBattery":65,"TungstenRod":65}],"TungstenRod":6},"card_choices":[{"not_picked":["bronze:Boost","bronze:DelayedSlice","bronze:Backtrace"],"picked":"SKIP","floor":2.0},{"not_picked":["bronze:MaxOutput","bronze:OilSpill+1","bronze:Flail+1"],"picked":"SKIP","floor":5.0},{"not_picked":["bronze:Flail+1","bronze:Overload","bronze:CutThrough+1"],"picked":"SKIP","floor":8.0},{"not_picked":["bronze:DelayedGuard","bronze:Iterate+1"],"picked":"bronze:NullPointer+1","floor":9.0},{"not_picked":["bronze:FineTuning","bronze:InfiniteBeams"],"picked":"bronze:Overheat+1","floor":10.0},{"not_picked":["bronze:WildBeam+1","bronze:OilSpill+1","bronze:Shield"],"picked":"SKIP","floor":15.0},{"not_picked":["bronze:Assembly","bronze:Verify"],"picked":"bronze:HyperBeam+1","floor":16.0},{"not_picked":["bronze:DelayedSlice+1","bronze:Boost","bronze:Refactor"],"picked":"SKIP","floor":19.0},{"not_picked":["bronze:Boost+1","bronze:Iterate+1"],"picked":"bronze:NullPointer+1","floor":20.0},{"not_picked":["bronze:Deprecate","bronze:Frontload","bronze:Optimize"],"picked":"SKIP","floor":21.0},{"not_picked":["bronze:Branch+1","bronze:Return","bronze:ForceShield"],"picked":"SKIP","floor":22.0},{"not_picked":["bronze:Frontload","bronze:DigitalCarnage+1","bronze:Refactor"],"picked":"SKIP","floor":23.0},{"not_picked":["bronze:ClassDefault","bronze:Shield","bronze:Flail+1"],"picked":"SKIP","floor":26.0},{"not_picked":["bronze:Turbo","bronze:Constructor","bronze:DelayedSlice+1"],"picked":"SKIP","floor":28.0},{"not_picked":["bronze:Iterate+1","bronze:BuggyMess+1","bronze:BronzeArmor"],"picked":"SKIP","floor":32.0},{"not_picked":["bronze:CutThrough+1","bronze:DelayedSlice+1"],"picked":"bronze:FineTuning+1","floor":36.0},{"not_picked":["bronze:Turbo","bronze:ItsAFeature","bronze:Philosophize+1"],"picked":"SKIP","floor":37.0},{"not_picked":["bronze:Shield","bronze:DelayedGuard+1","bronze:BuggyMess+1"],"picked":"SKIP","floor":38.0},{"not_picked":["bronze:FineTuning+1","bronze:WildBeam+1"],"picked":"bronze:NullPointer+1","floor":40.0},{"not_picked":["bronze:Allocate+1","bronze:DigitalCarnage+1","bronze:CutThrough+1"],"picked":"SKIP","floor":44.0},{"not_picked":["bronze:ShipIt+1","bronze:Fortify+1"],"picked":"bronze:Format","floor":47.0},{"not_picked":["bronze:Shell+1","bronze:Invalidate+1","bronze:Overheat+1"],"picked":"SKIP","floor":48},{"not_picked":["bronze:Overheat+1","bronze:Branch+1","bronze:Separator+1"],"picked":"SKIP","floor":49}],"player_experience":395019,"relics_obtained":[{"floor":7.0,"key":"bronze:CableSpool"},{"floor":9.0,"key":"bronze:ProtectiveGoggles"},{"floor":14.0,"key":"The Courier"},{"floor":24.0,"key":"Slimebound:PreparedRelic"},{"floor":25.0,"key":"downfall:GremlinWheel"},{"floor":31.0,"key":"Enchiridion"},{"floor":35.0,"key":"TungstenRod"},{"floor":41.0,"key":"Pen Nib"},{"floor":44.0,"key":"Pear"},{"floor":47.0,"key":"Oddly Smooth Stone"}],"event_choices":[{"damage_healed":0.0,"max_hp_gain":0.0,"max_hp_loss":0.0,"gold_gain":0.0,"event_name":"Scrap Ooze","player_choice":"Success","floor":4.0,"gold_loss":0.0,"damage_taken":7.0,"relics_obtained":["aspiration:StickyExplosives_weak"]},{"cards_removed":["bronze:Strike"],"damage_healed":0.0,"max_hp_gain":0.0,"max_hp_loss":0.0,"gold_gain":0.0,"event_name":"The Cleric","player_choice":"Card Removal","floor":13.0,"gold_loss":0.0,"damage_taken":0.0},{"damage_healed":0.0,"max_hp_gain":0.0,"max_hp_loss":0.0,"gold_gain":0.0,"event_name":"Wheel of Change","player_choice":"Relic","floor":35.0,"gold_loss":0.0,"damage_taken":0.0},{"damage_healed":0.0,"max_hp_gain":0.0,"max_hp_loss":0.0,"gold_gain":0.0,"event_name":"Mysterious Sphere","player_choice":"Ignored","floor":45.0,"gold_loss":0.0,"damage_taken":0.0}],"is_beta":false,"boss_relics":[{"not_picked":["aspiration:RandomNobGenerator","expansioncontent:StudyCardRelic"],"picked":"SlaversCollar"},{"not_picked":["Cursed Key","aspiration:SilentSkillbook"],"picked":"bronze:MakeshiftBattery"}],"items_purged_floors":[8,21,26],"is_endless":false,"potions_floor_spawned":[2,10,15,19,22,33,44,49],"ascension_level":0}}