{"host":"qz0goigh82dax5l2","time":1613390643,"event":{"mods":["Act Like it!","Alarm Clock","BaseMod","Hallownest","Minty Spire (QoL Compilation)","Prisma Mod","StSLib"],"gold_per_floor":[118,118,18,29,39,74,74,87,134,154,154,154,24,24,24,124,124,134,134,144,108,127,153,153,165,165,176,176,38,38,54,54,155,455,471,487,487,528,547,581,581,581],"floor_reached":41,"language":"ZHS","playtime":3131,"items_purged":[],"score":520,"play_id":"c5aaeddd-96c6-439d-93d8-f829036f0a81","local_time":"20210215200403","is_ascension_mode":false,"campfire_choices":[{"floor":7,"key":"REST"},{"floor":15,"key":"REST"},{"floor":30,"key":"REST"},{"floor":32,"key":"REST"}],"circlet_count":0,"master_deck":["PrismaMod:IllyaCommonAttack","PrismaMod:IllyaCommonDefend","PrismaMod:IllyaCommonAttack","PrismaMod:IllyaCommonDefend","PrismaMod:IllyaCommonAttack","PrismaMod:IllyaCommonDefend","PrismaMod:IllyaCommonAttack","PrismaMod:IllyaCommonDefend","PrismaMod:IllyaCommonAttack","PrismaMod:IllyaCommonDefend","PrismaMod:IllyaUncommonAttack","PrismaMod:IllyaUncommonDefend","PrismaMod:IllyaFeed","PrismaMod:IllyaCheapChannelPoison","PrismaMod:IllyaPoisonTippedWeapons","PrismaMod:IllyaSaphire","PrismaMod:IllyaInstallRuler","PrismaMod:IllyaBerserCAR","PrismaMod:IllyaMaid","PrismaMod:IllyaEvokeAll","PrismaMod:IllyaRubysPotion","PrismaMod:IllyaMinorRapidFire","PrismaMod:IllyaAOECommonAttack","PrismaMod:IllyaInstallSaber","PrismaMod:IllyaGrailKun+1","PrismaMod:IllyaStunPoison","PrismaMod:IllyaAlice","PrismaMod:IllyaSaphire+1","PrismaMod:IllyaDualEvoke","PrismaMod:IllyaCheapChannelDefend+1","PrismaMod:IllyaRubysPotion+1","PrismaMod:IllyaInstallShielder","PrismaMod:IllyaCarnivalDefend+1","PrismaMod:IllyaCarnivalOrbs+1","CurseOfTheBell","PrismaMod:IllyaFeed","PrismaMod:IllyaTestament+1","PrismaMod:IllyaCarnivalPrismaAstolfo+1","PrismaMod:IllyaDevil","PrismaMod:IllyaGun+1","PrismaMod:IllyaBerserCAR","PrismaMod:IllyaZwei+1"],"relics":["PrismaMod:PrismaZwei","Hallownest:DreamNailRelic","Kunai","Happy Flower","Hallownest:SalubrasBlessingRelic","PreservedInsect","Toxic Egg 2","Calling Bell","Blood Vial","Matryoshka","Old Coin","Frozen Egg 2"],"acts_visited":["Exordium","Hallownest:Greenpath","TheBeyond"],"potions_floor_usage":[16,23,23,33,33,40,41],"damage_taken":[{"damage":1,"enemies":"Hallownest:2_MossCreeps","floor":1,"turns":7},{"damage":18,"enemies":"Hallownest:2_Tiktiks_and_1_Crawlid","floor":4,"turns":5},{"damage":0,"enemies":"Hallownest:monsterHuskWarrior","floor":5,"turns":5},{"damage":39,"enemies":"Hallownest:eliteVengeflyKing","floor":6,"turns":10},{"damage":33,"enemies":"Hallownest:Guard_and_Warrior","floor":8,"turns":8},{"damage":10,"enemies":"Hallownest:Wandering_and_Horned","floor":10,"turns":7},{"damage":18,"enemies":"Hallownest:BossFalseKnight","floor":16,"turns":9},{"damage":18,"enemies":"Hallownest:Flukemon_and_Top","floor":18,"turns":9},{"damage":26,"enemies":"Hallownest:2_Mistakes","floor":20,"turns":10},{"damage":8,"enemies":"Hallownest:Master_and_Novice","floor":22,"turns":7},{"damage":35,"enemies":"Hallownest:eliteSoulWarrior","floor":23,"turns":6},{"damage":41,"enemies":"Hallownest:monsterShrumalOgre","floor":25,"turns":6},{"damage":30,"enemies":"Hallownest:Warrior_and_Youth","floor":27,"turns":5},{"damage":54,"enemies":"Hallownest:2_Flukemon","floor":31,"turns":9},{"damage":35,"enemies":"Hallownest:BossGrimm","floor":33,"turns":10},{"damage":8,"enemies":"3 Shapes","floor":35,"turns":4},{"damage":22,"enemies":"3 Darklings","floor":36,"turns":8},{"damage":51,"enemies":"Transient","floor":38,"turns":5},{"damage":14,"enemies":"4 Shapes","floor":39,"turns":7},{"damage":76,"enemies":"Giant Head","floor":40,"turns":9},{"damage":68,"enemies":"2 Orb Walkers","floor":41,"turns":3}],"seed_played":"-5531904377885933305","potions_obtained":[{"floor":4,"key":"CultistPotion"},{"floor":8,"key":"Fire Potion"},{"floor":10,"key":"SmokeBomb"},{"floor":16,"key":"Explosive Potion"},{"floor":22,"key":"FearPotion"},{"floor":27,"key":"FairyPotion"},{"floor":31,"key":"LiquidMemories"},{"floor":39,"key":"Ancient Potion"},{"floor":40,"key":"BlessingOfTheForge"}],"is_trial":false,"path_per_floor":["M","?","$","M","M","E","R","M","T","M","?","?","$","?","R","B",null,"M","?","M","$","M","E","?","M","T","M","?","$","R","M","R","B",null,"M","M","?","M","M","E","?"],"character_chosen":"ILLYA","items_purchased":["PrismaMod:IllyaCheapChannelPoison","PrismaMod:IllyaPoisonTippedWeapons","PrismaMod:IllyaRubysPotion","PrismaMod:IllyaMinorRapidFire","PrismaMod:IllyaAOECommonAttack","PrismaMod:IllyaAlice","PrismaMod:IllyaInstallShielder"],"campfire_rested":4,"item_purchase_floors":[3,3,13,13,13,21,29],"current_hp_per_floor":[81,81,81,66,66,37,61,35,35,36,23,23,23,23,49,51,84,80,80,75,75,82,74,74,43,43,23,19,19,46,10,37,15,88,88,81,81,49,63,10,0,0],"gold":581,"neow_bonus":"TEN_PERCENT_HP_BONUS","is_daily":false,"chose_seed":false,"campfire_upgraded":0,"win_rate":0.0,"timestamp":1613390643,"path_taken":["M","?","$","M","M","E","R","?","T","M","?","?","?","?","R","BOSS","M","?","?","?","M","E","?","M","T","M","?","$","R","?","R","BOSS","M","M","?","?","M","E","?"],"items_purchased_type":["Card","Card","Card","Card","Card","Card","Card"],"build_version":"2020-12-22","purchased_purges":0,"victory":false,"max_hp_per_floor":[82,82,82,82,82,82,82,82,82,82,82,82,82,82,84,84,84,84,84,84,84,84,84,84,84,84,84,84,84,86,86,88,88,88,88,88,88,88,88,91,91,91],"card_choices":[{"not_picked":["PrismaMod:IllyaBlindPoisonToss","PrismaMod:IllyaAOECommonAttack"],"picked":"PrismaMod:IllyaFeed","floor":1},{"not_picked":["PrismaMod:IllyaBride","PrismaMod:IllyaRussianRoulette"],"picked":"PrismaMod:IllyaSaphire","floor":4},{"not_picked":["PrismaMod:IllyaBoysLove","PrismaMod:IllyaFeed"],"picked":"PrismaMod:IllyaInstallRuler","floor":5},{"not_picked":["PrismaMod:IllyaInstallRuler","PrismaMod:IllyaGrailKun"],"picked":"PrismaMod:IllyaBerserCAR","floor":6},{"not_picked":["PrismaMod:IllyaGun","PrismaMod:IllyaBride"],"picked":"PrismaMod:IllyaMaid","floor":8},{"not_picked":["PrismaMod:IllyaDetonatingBlow","PrismaMod:IllyaCheapChannelAttack"],"picked":"PrismaMod:IllyaEvokeAll","floor":10},{"not_picked":["PrismaMod:IllyaCarnivalPrismaAstolfo","PrismaMod:IllyaInstallRuler"],"picked":"PrismaMod:IllyaInstallSaber","floor":16},{"not_picked":["PrismaMod:IllyaRussianRoulette","PrismaMod:IllyaUncommonEvoke"],"picked":"PrismaMod:IllyaGrailKun+1","floor":18},{"not_picked":["PrismaMod:IllyaMaid","PrismaMod:IllyaRussianRoulette"],"picked":"PrismaMod:IllyaStunPoison","floor":20},{"not_picked":["PrismaMod:IllyaHassanGift","PrismaMod:IllyaAOECommonAttack+1"],"picked":"PrismaMod:IllyaSaphire+1","floor":22},{"not_picked":["PrismaMod:IllyaMinorZwei","PrismaMod:IllyaUncommonEvoke+1"],"picked":"PrismaMod:IllyaDualEvoke","floor":23},{"not_picked":["PrismaMod:IllyaUncommonAttack","PrismaMod:IllyaCheapChannelPoison+1"],"picked":"PrismaMod:IllyaCheapChannelDefend+1","floor":25},{"not_picked":["PrismaMod:IllyaFeed+1","PrismaMod:IllyaAssassinRevenge+1"],"picked":"PrismaMod:IllyaRubysPotion+1","floor":27},{"not_picked":["PrismaMod:IllyaCheapChannelDefend+1","PrismaMod:IllyaFriendMaker+1"],"picked":"PrismaMod:IllyaCarnivalDefend+1","floor":31},{"not_picked":["PrismaMod:IllyaInstallShielder","PrismaMod:IllyaCarnivalPrismaAstolfo+1"],"picked":"PrismaMod:IllyaCarnivalOrbs+1","floor":33},{"not_picked":["PrismaMod:IllyaInstallLancer","PrismaMod:IllyaCheapChannelAttack+1"],"picked":"PrismaMod:IllyaFeed","floor":35},{"not_picked":["PrismaMod:IllyaCheapChannelDefend+1","PrismaMod:IllyaStunPoison+1"],"picked":"PrismaMod:IllyaTestament+1","floor":36},{"not_picked":["PrismaMod:IllyaCheapChannelDefend+1","PrismaMod:IllyaAlice+1"],"picked":"PrismaMod:IllyaGun+1","floor":38},{"not_picked":["PrismaMod:IllyaCheapChannelAttack+1","PrismaMod:IllyaPoisonTippedWeapons+1"],"picked":"PrismaMod:IllyaBerserCAR","floor":39},{"not_picked":["PrismaMod:IllyaUberChannel+1","PrismaMod:IllyaUncommonAttack"],"picked":"PrismaMod:IllyaZwei+1","floor":40}],"player_experience":74123,"relics_obtained":[{"floor":6,"key":"Kunai"},{"floor":9,"key":"Happy Flower"},{"floor":23,"key":"PreservedInsect"},{"floor":34,"key":"Blood Vial"},{"floor":34,"key":"Matryoshka"},{"floor":34,"key":"Old Coin"},{"floor":40,"key":"Frozen Egg 2"}],"event_choices":[{"damage_healed":0,"gold_gain":0,"player_choice":"2 cards matched","damage_taken":0,"max_hp_gain":0,"max_hp_loss":0,"event_name":"Match and Keep!","floor":37,"gold_loss":0,"cards_obtained":["PrismaMod:IllyaCarnivalPrismaAstolfo","PrismaMod:IllyaDevil"]},{"damage_healed":0,"gold_gain":0,"player_choice":"Fight","damage_taken":0,"max_hp_gain":0,"max_hp_loss":0,"event_name":"Mysterious Sphere","floor":41,"gold_loss":0}],"is_beta":false,"boss_relics":[{"not_picked":["SlaversCollar","Fusion Hammer"],"picked":"PrismaMod:PrismaZwei"},{"not_picked":["Runic Dome","Coffee Dripper"],"picked":"Calling Bell"}],"items_purged_floors":[],"is_endless":false,"potions_floor_spawned":[4,8,10,16,22,27,31,39,40],"killed_by":"2 Orb Walkers","ascension_level":0}}