{"host":"zs3tguvuxkh90jf4","time":1613412150,"event":{"mods":["AchievementEnabler","BaseMod","Better Silent Start","Better-Laid Plans","BetterRewards","Block Reminder","Colored Map","Colored Powertips","Gold Saver","Minty Spire (QoL Compilation)","Shop Mod","StSLib","Transform Curses"],"gold_per_floor":[2534,2534,2534,2552,1505,1505,1430,1461,1461,1475,1487,1507,1507,1005,1005,1083,1083,1100,1118,1118,724,724,724,753,390,390,223,237,268,268,283,283,359,359,372,397,397,53,53,81,98,110,137,137,137,819,349,365,365,365],"floor_reached":51,"language":"ENG","playtime":2732,"items_purged":["Defend_B","Strike_B","Strike_B","Defend_B","Defend_B"],"score":1589,"play_id":"43428c4a-1156-44ea-a05f-a9c14a418aeb","local_time":"20210215100230","is_ascension_mode":true,"campfire_choices":[{"data":"Dualcast","floor":6.0,"key":"SMITH"},{"floor":13.0,"key":"REST"},{"data":"Zap","floor":15.0,"key":"SMITH"},{"floor":23.0,"key":"REST"},{"floor":32.0,"key":"REST"},{"data":"White Noise","floor":45.0,"key":"SMITH"},{"data":"Defragment","floor":49,"key":"SMITH"}],"circlet_count":0,"master_deck":["AscendersBane","Strike_B+1","Zap+1","Dualcast+1","Sweeping Beam","Leap+1","Conserve Battery","Gash","Gash","Go for the Eyes","Gash+1","Defragment+1","Genetic Algorithm","Reboot","CurseOfTheBell","Glacier","Turbo","Static Discharge","Steam+1","Self Repair","Stack","Gash","White Noise+1","Steam","Echo Form","Beam Cell","Madness","Madness","Turbo+1","Buffer","Steam+1","Gash"],"relics":["Cracked Core","NeowsBlessing","OrangePellets","Letter Opener","Bird Faced Urn","MerchantsRug","Gremlin Horn","Incense Burner","Membership Card","Anchor","Sundial","Calling Bell","Regal Pillow","Kunai","Dead Branch","Pantograph","Bag of Preparation","Potion Belt","Omamori","War Paint","Whetstone","Strawberry","HandDrill","Pocketwatch","Necronomicon","Busted Crown","CaptainsWheel","Lee\u0027s Waffle","Ancient Tea Set","Darkstone Periapt","StoneCalendar","Orichalcum","Mercury Hourglass","Chemical X","Symbiotic Virus","Nunchaku"],"acts_visited":["Exordium","TheCity","TheBeyond"],"potions_floor_usage":[50,50,50],"damage_taken":[{"damage":0.0,"enemies":"Jaw Worm","floor":1.0,"turns":1.0},{"damage":0.0,"enemies":"Small Slimes","floor":4.0,"turns":1.0},{"damage":0.0,"enemies":"3 Sentries","floor":8.0,"turns":1.0},{"damage":1.0,"enemies":"2 Louse","floor":10.0,"turns":2.0},{"damage":7.0,"enemies":"Exordium Thugs","floor":11.0,"turns":4.0},{"damage":1.0,"enemies":"Blue Slaver","floor":12.0,"turns":2.0},{"damage":49.0,"enemies":"The Guardian","floor":16.0,"turns":8.0},{"damage":2.0,"enemies":"2 Thieves","floor":18.0,"turns":3.0},{"damage":13.0,"enemies":"Shell Parasite","floor":19.0,"turns":6.0},{"damage":22.0,"enemies":"Gremlin Leader","floor":24.0,"turns":7.0},{"damage":12.0,"enemies":"Sentry and Sphere","floor":28.0,"turns":6.0},{"damage":24.0,"enemies":"Slavers","floor":29.0,"turns":5.0},{"damage":0.0,"enemies":"Snake Plant","floor":31.0,"turns":2.0},{"damage":17.0,"enemies":"Collector","floor":33.0,"turns":10.0},{"damage":12.0,"enemies":"3 Darklings","floor":35.0,"turns":4.0},{"damage":14.0,"enemies":"Mind Bloom Boss Battle","floor":36.0,"turns":9.0},{"damage":20.0,"enemies":"Reptomancer","floor":40.0,"turns":6.0},{"damage":0.0,"enemies":"3 Shapes","floor":41.0,"turns":3.0},{"damage":22.0,"enemies":"Transient","floor":42.0,"turns":6.0},{"damage":22.0,"enemies":"Jaw Worm Horde","floor":46.0,"turns":3.0},{"damage":2,"enemies":"Sphere and 2 Shapes","floor":48,"turns":5},{"damage":0,"enemies":"Donu and Deca","floor":50,"turns":9}],"seed_played":"8509801347563048250","potions_obtained":[{"floor":8.0,"key":"DistilledChaos"},{"floor":10.0,"key":"SkillPotion"},{"floor":28.0,"key":"FocusPotion"},{"floor":29.0,"key":"FocusPotion"},{"floor":31.0,"key":"LiquidMemories"},{"floor":35.0,"key":"Regen Potion"},{"floor":40.0,"key":"Ancient Potion"},{"floor":42.0,"key":"SpeedPotion"}],"is_trial":false,"path_per_floor":["M","?","?","M","$","R","?","E","T","M","M","M","R","$","R","B",null,"M","M","?","$","?","R","E","$","T","$","M","E","?","M","R","B",null,"M","?","?","$","?","E","M","M","T","?","R","M","$","M","R","B",null],"character_chosen":"DEFECT","items_purchased":["OrangePellets","Letter Opener","Bird Faced Urn","Conserve Battery","MerchantsRug","Membership Card","Anchor","Sundial","Defragment","Genetic Algorithm","Pantograph","Bag of Preparation","Turbo","Static Discharge","LiquidMemories","Steam","Omamori","War Paint","Explosive Potion","AttackPotion","LiquidMemories","Stack","Strawberry","HandDrill","Lee\u0027s Waffle","Ancient Tea Set","Darkstone Periapt","LiquidMemories","Chemical X","Symbiotic Virus","Nunchaku","Gash","PotionOfCapacity"],"campfire_rested":3,"item_purchase_floors":[5,5,5,5,5,14,14,14,14,14,21,21,21,21,21,21,25,25,25,25,25,25,27,27,38,38,38,38,47,47,47,47,47],"current_hp_per_floor":[64,64,57,57,57,57,57,57,57,56,49,48,69,69,69,22,59,59,50,30,30,30,67,51,51,51,58,59,48,27,29,68,75,81,83,83,83,90,74,82,90,77,77,77,77,74,74,90,90,90],"gold":365,"neow_bonus":"THREE_ENEMY_KILL","is_daily":false,"chose_seed":false,"campfire_upgraded":4,"win_rate":0.0,"timestamp":1613412150,"path_taken":["M","?","?","M","$","R","?","E","T","?","M","M","R","$","R","BOSS","M","M","?","$","?","R","E","$","T","?","?","E","?","M","R","BOSS","M","?","?","?","?","E","?","M","T","?","R","?","$","M","R","BOSS"],"items_purchased_type":["Relic","Relic","Relic","Card","Relic","Relic","Relic","Relic","Card","Card","Relic","Relic","Card","Card","Potion","Card","Relic","Relic","Potion","Potion","Potion","Card","Relic","Relic","Relic","Relic","Relic","Potion","Relic","Relic","Relic","Card","Potion"],"build_version":"2020-12-22","purchased_purges":5,"victory":true,"max_hp_per_floor":[71,71,71,71,71,71,71,71,71,71,71,71,71,71,71,71,71,71,71,76,76,76,76,76,76,76,83,83,83,83,83,83,83,83,83,83,83,90,90,90,90,90,90,90,90,90,90,90,90,90],"card_choices":[{"not_picked":["Skim","Compile Driver"],"picked":"Sweeping Beam","floor":1.0},{"not_picked":["Compile Driver","Darkness"],"picked":"Leap","floor":4.0},{"not_picked":["Rebound","Glacier"],"picked":"Gash","floor":8.0},{"not_picked":["Compile Driver","Ball Lightning"],"picked":"Gash","floor":10.0},{"not_picked":["Sweeping Beam","Amplify"],"picked":"Go for the Eyes","floor":11.0},{"not_picked":["Ball Lightning","Static Discharge"],"picked":"Gash","floor":12.0},{"not_picked":["Creative AI","Amplify"],"picked":"Reboot","floor":16.0},{"not_picked":["Rip and Tear","Force Field","Blizzard"],"picked":"SKIP","floor":18.0},{"not_picked":["Cold Snap","Compile Driver"],"picked":"Glacier","floor":19.0},{"not_picked":["Static Discharge","Fusion"],"picked":"Self Repair","floor":24.0},{"not_picked":["Compile Driver","Fusion"],"picked":"Gash","floor":28.0},{"not_picked":["Consume","Coolheaded"],"picked":"White Noise","floor":29.0},{"not_picked":["Ball Lightning","Coolheaded"],"picked":"Steam","floor":31.0},{"not_picked":["Core Surge","Seek"],"picked":"Echo Form","floor":33.0},{"not_picked":["Ball Lightning"],"picked":"SKIP","floor":35.0},{"not_picked":[],"picked":"Beam Cell","floor":36.0},{"not_picked":[],"picked":"Turbo+1","floor":40.0},{"not_picked":[],"picked":"Buffer","floor":41.0},{"not_picked":["Barrage+1"],"picked":"SKIP","floor":42.0},{"not_picked":[],"picked":"Steam+1","floor":46},{"not_picked":["Beam Cell"],"picked":"SKIP","floor":48}],"player_experience":581493,"relics_obtained":[{"floor":8.0,"key":"Gremlin Horn"},{"floor":9.0,"key":"Incense Burner"},{"floor":17.0,"key":"Regal Pillow"},{"floor":17.0,"key":"Kunai"},{"floor":17.0,"key":"Dead Branch"},{"floor":24.0,"key":"Potion Belt"},{"floor":26.0,"key":"Whetstone"},{"floor":29.0,"key":"Pocketwatch"},{"floor":30.0,"key":"Necronomicon"},{"floor":36.0,"key":"CaptainsWheel"},{"floor":40.0,"key":"StoneCalendar"},{"floor":43.0,"key":"Orichalcum"}],"event_choices":[{"damage_healed":0.0,"max_hp_gain":0.0,"max_hp_loss":0.0,"gold_gain":0.0,"event_name":"Liars Game","player_choice":"Ignored","floor":2.0,"gold_loss":0.0,"damage_taken":0.0},{"cards_removed":["Defend_B"],"damage_healed":0.0,"max_hp_gain":0.0,"max_hp_loss":0.0,"gold_gain":0.0,"event_name":"Golden Wing","player_choice":"Card Removal","floor":3.0,"gold_loss":0.0,"damage_taken":7.0},{"cards_removed":["Strike_B"],"damage_healed":0.0,"max_hp_gain":0.0,"max_hp_loss":0.0,"gold_gain":0.0,"event_name":"The Cleric","player_choice":"Card Removal","floor":7.0,"gold_loss":75.0,"damage_taken":0.0},{"damage_healed":0.0,"max_hp_gain":5.0,"max_hp_loss":0.0,"gold_gain":0.0,"event_name":"Forgotten Altar","player_choice":"Shed Blood","floor":20.0,"gold_loss":0.0,"damage_taken":25.0},{"damage_healed":0.0,"max_hp_gain":0.0,"max_hp_loss":0.0,"gold_gain":0.0,"event_name":"Vampires","player_choice":"Ignored","floor":22.0,"gold_loss":0.0,"damage_taken":0.0},{"damage_healed":0.0,"max_hp_gain":0.0,"max_hp_loss":0.0,"gold_gain":0.0,"event_name":"Cursed Tome","player_choice":"Obtained Book","floor":30.0,"gold_loss":0.0,"damage_taken":21.0},{"damage_healed":0.0,"max_hp_gain":0.0,"max_hp_loss":0.0,"gold_gain":0.0,"event_name":"MindBloom","player_choice":"Fight","floor":36.0,"gold_loss":0.0,"damage_taken":0.0},{"damage_healed":0.0,"max_hp_gain":0.0,"max_hp_loss":0.0,"gold_gain":0.0,"event_name":"Tomb of Lord Red Mask","player_choice":"Ignored","floor":37.0,"gold_loss":0.0,"damage_taken":0.0},{"damage_healed":0.0,"max_hp_gain":0.0,"max_hp_loss":0.0,"gold_gain":0.0,"event_name":"Winding Halls","player_choice":"Embrace Madness","floor":39.0,"gold_loss":0.0,"damage_taken":16.0,"cards_obtained":["Madness","Madness"]},{"damage_healed":0.0,"max_hp_gain":0.0,"max_hp_loss":0.0,"gold_gain":0.0,"event_name":"WeMeetAgain","player_choice":"Gave Potion","floor":44.0,"gold_loss":0.0,"damage_taken":0.0,"relics_obtained":["Mercury Hourglass"]}],"is_beta":false,"boss_relics":[{"not_picked":["Snecko Eye","Ectoplasm"],"picked":"Calling Bell"},{"not_picked":["Empty Cage","Astrolabe"],"picked":"Busted Crown"}],"items_purged_floors":[5,14,21,25,47],"is_endless":false,"potions_floor_spawned":[8,10,12,28,29,31,35,40,42],"ascension_level":19}}