{"host":"rb2p2z6v6vieend5","time":1613424348,"event":{"mods":["BaseMod","Block Reminder","Colored Map","DeckTracker","Highlight Path","Minty Spire (QoL Compilation)","Random Character Button","Relic Stats"],"gold_per_floor":[218,21,39,39,58,89,89,89,167,167,211,211,245,266,266,362,362,386,257,257,257,275,304,317,347,396,396,396,396,396,19,19,97,97,107,107,121,146,146,146],"floor_reached":39,"language":"ENG","playtime":2349,"items_purged":["Strike_R","Strike_R"],"score":869,"play_id":"300c13d4-aeb2-4592-9e89-2e99faf1c267","local_time":"20210215222548","is_ascension_mode":true,"campfire_choices":[{"data":"True Grit","floor":10,"key":"SMITH"},{"floor":12,"key":"REST"},{"data":"Uppercut","floor":15,"key":"SMITH"},{"data":"Rampage","floor":30,"key":"SMITH"},{"data":"True Grit","floor":32,"key":"SMITH"}],"circlet_count":0,"master_deck":["AscendersBane","Defend_R","Defend_R","Defend_R","Defend_R","Bash","Clash","Feed","Rampage+1","True Grit+1","Burning Pact","Uppercut+1","Offering","Evolve","True Grit+1","Ghostly","Ghostly","Ghostly","Pommel Strike","Battle Trance","Shrug It Off","Shrug It Off","Brutality","Hemokinesis+1","Blood for Blood+1","Carnage+1"],"relics":["Burning Blood","Mercury Hourglass","Incense Burner","Question Card","Bloody Idol","Ornamental Fan","PreservedInsect","Pen Nib","SlaversCollar","Tiny Chest","Juzu Bracelet","Strawberry","NlothsMask","Singing Bowl","Astrolabe","CaptainsWheel"],"acts_visited":["Exordium","TheCity","TheBeyond"],"potions_floor_usage":[33,33,39],"damage_taken":[{"damage":3,"enemies":"Jaw Worm","floor":1,"turns":5},{"damage":7,"enemies":"2 Louse","floor":3,"turns":3},{"damage":5,"enemies":"Cultist","floor":5,"turns":5},{"damage":33,"enemies":"Lagavulin","floor":6,"turns":8},{"damage":32,"enemies":"Gremlin Nob","floor":11,"turns":4},{"damage":2,"enemies":"3 Sentries","floor":13,"turns":6},{"damage":2,"enemies":"2 Fungi Beasts","floor":14,"turns":4},{"damage":42,"enemies":"The Guardian","floor":16,"turns":10},{"damage":8,"enemies":"Chosen","floor":18,"turns":4},{"damage":4,"enemies":"Shell Parasite","floor":22,"turns":5},{"damage":3,"enemies":"Book of Stabbing","floor":23,"turns":6},{"damage":20,"enemies":"Snecko","floor":24,"turns":5},{"damage":1,"enemies":"Slavers","floor":25,"turns":6},{"damage":18,"enemies":"Automaton","floor":33,"turns":11},{"damage":13,"enemies":"3 Shapes","floor":35,"turns":4},{"damage":29,"enemies":"3 Darklings","floor":37,"turns":6},{"damage":7,"enemies":"Mind Bloom Boss Battle","floor":38,"turns":9},{"damage":51,"enemies":"Maw","floor":39,"turns":10}],"seed_played":"7233028561688706922","potions_obtained":[{"floor":3,"key":"FearPotion"},{"floor":5,"key":"Weak Potion"},{"floor":23,"key":"Block Potion"},{"floor":33,"key":"Dexterity Potion"},{"floor":38,"key":"Explosive Potion"}],"is_trial":false,"path_per_floor":["M","$","M","?","M","E","T","?","T","R","E","R","E","M","R","B",null,"M","$","?","?","M","E","M","E","T","?","?","T","R","$","R","B",null,"M","?","M","?","M"],"character_chosen":"IRONCLAD","items_purchased":["Feed","Inflame","True Grit","Singing Bowl"],"campfire_rested":1,"item_purchase_floors":[2,2,19,31],"current_hp_per_floor":[71,71,73,62,66,42,42,42,42,42,16,38,45,52,52,19,69,70,70,70,44,44,44,38,50,57,57,57,57,57,57,57,53,58,61,61,45,51,0,0],"gold":146,"neow_bonus":"HUNDRED_GOLD","is_daily":false,"chose_seed":false,"campfire_upgraded":4,"win_rate":0.0,"timestamp":1613424348,"path_taken":["M","$","M","?","M","E","?","?","T","R","E","R","E","M","R","BOSS","M","$","?","?","?","E","?","E","T","?","?","?","R","?","R","BOSS","M","?","M","?","M"],"items_purchased_type":["Card","Card","Card","Relic"],"build_version":"2020-12-22","purchased_purges":2,"victory":false,"max_hp_per_floor":[75,75,78,78,81,84,84,76,76,76,76,76,79,82,82,85,85,88,88,88,44,44,44,47,50,57,57,57,57,57,57,57,60,60,65,65,67,69,69,69],"relic_stats":{"Singing Bowl":6,"counters":[18,110],"Astrolabe":["Hemokinesis","Blood for Blood","Carnage"],"PreservedInsect":117,"Pen Nib":[11],"Juzu Bracelet":0,"Question Card":13,"Burning Blood":97,"Mercury Hourglass":[383],"Ornamental Fan":[52],"Bloody Idol":29,"Tiny Chest":1,"obtain_stats":[{"Singing Bowl":31,"Golden Idol":8,"Astrolabe":34,"PreservedInsect":11,"Pen Nib":13,"Incense Burner":6,"Juzu Bracelet":25,"Question Card":7,"Burning Blood":0,"Mercury Hourglass":4,"SlaversCollar":17,"CaptainsWheel":38,"Ornamental Fan":9,"Bloody Idol":20,"Strawberry":26,"Tiny Chest":23,"NlothsMask":28},{"Singing Bowl":13,"Golden Idol":4,"Astrolabe":14,"PreservedInsect":5,"Pen Nib":6,"Incense Burner":4,"Juzu Bracelet":13,"Question Card":4,"Burning Blood":0,"Mercury Hourglass":2,"SlaversCollar":8,"CaptainsWheel":17,"Ornamental Fan":4,"Bloody Idol":9,"Strawberry":13,"Tiny Chest":11,"NlothsMask":13},{"Singing Bowl":71,"Golden Idol":21,"Astrolabe":82,"PreservedInsect":25,"Pen Nib":31,"Incense Burner":21,"Juzu Bracelet":71,"Question Card":21,"Burning Blood":0,"Mercury Hourglass":8,"SlaversCollar":45,"CaptainsWheel":101,"Ornamental Fan":21,"Bloody Idol":49,"Strawberry":71,"Tiny Chest":60,"NlothsMask":71}]},"card_choices":[{"not_picked":["Iron Wave","Armaments"],"picked":"Clash","floor":1},{"not_picked":["Headbutt","Warcry"],"picked":"Rampage","floor":3},{"not_picked":["Shrug It Off","Armaments"],"picked":"True Grit","floor":5},{"not_picked":["Bloodletting","Anger","Hemokinesis"],"picked":"SKIP","floor":6},{"not_picked":["Twin Strike","Havoc","Carnage"],"picked":"Burning Pact","floor":11},{"not_picked":["Fiend Fire","Fire Breathing","Clash"],"picked":"Uppercut","floor":13},{"not_picked":["Inflame","Dual Wield","Twin Strike","Iron Wave"],"picked":"SKIP","floor":14},{"not_picked":["Brutality","Demon Form","Impervious"],"picked":"Offering","floor":16},{"not_picked":["Cleave","Shrug It Off","Uppercut"],"picked":"Evolve","floor":18},{"not_picked":["Disarm","Dual Wield","Sword Boomerang"],"picked":"Pommel Strike","floor":22},{"not_picked":["Shockwave","Clash","Pummel"],"picked":"Battle Trance","floor":23},{"not_picked":["Intimidate","True Grit","Inflame"],"picked":"Shrug It Off","floor":24},{"not_picked":["Wild Strike","Iron Wave","Searing Blow"],"picked":"Shrug It Off","floor":25},{"not_picked":["Immolate","Fiend Fire","Limit Break"],"picked":"Brutality","floor":33},{"not_picked":["Heavy Blade","Havoc","Fire Breathing","Power Through"],"picked":"Singing Bowl","floor":35},{"not_picked":["Perfected Strike","Clash+1","Heavy Blade","Headbutt"],"picked":"Singing Bowl","floor":37},{"not_picked":["Flex","Clothesline","Headbutt","Wild Strike+1"],"picked":"Singing Bowl","floor":38}],"player_experience":751674,"relics_obtained":[{"floor":6,"key":"Incense Burner"},{"floor":7,"key":"Question Card"},{"floor":9,"key":"Ornamental Fan"},{"floor":11,"key":"PreservedInsect"},{"floor":13,"key":"Pen Nib"},{"floor":23,"key":"Tiny Chest"},{"floor":25,"key":"Juzu Bracelet"},{"floor":26,"key":"Strawberry"},{"floor":38,"key":"CaptainsWheel"}],"event_choices":[{"damage_healed":0,"gold_gain":0,"player_choice":"Success","damage_taken":11,"relics_obtained":["Mercury Hourglass"],"max_hp_gain":0,"max_hp_loss":0,"event_name":"Scrap Ooze","floor":4,"gold_loss":0},{"damage_healed":0,"gold_gain":0,"player_choice":"Lose Max HP","damage_taken":0,"relics_obtained":["Golden Idol"],"max_hp_gain":0,"max_hp_loss":8,"event_name":"Golden Idol","floor":8,"gold_loss":0},{"damage_healed":0,"gold_gain":0,"player_choice":"Gave Idol","damage_taken":0,"relics_obtained":["Bloody Idol"],"max_hp_gain":0,"max_hp_loss":0,"event_name":"Forgotten Altar","floor":20,"relics_lost":["Golden Idol"],"gold_loss":0},{"damage_healed":0,"gold_gain":0,"player_choice":"Became a Ghost","damage_taken":0,"max_hp_gain":0,"max_hp_loss":44,"event_name":"Ghosts","floor":21,"gold_loss":0,"cards_obtained":["Ghostly","Ghostly","Ghostly"]},{"damage_healed":0,"gold_gain":0,"player_choice":"Ignored","damage_taken":0,"max_hp_gain":0,"max_hp_loss":0,"event_name":"Vampires","floor":27,"gold_loss":0},{"damage_healed":0,"gold_gain":0,"player_choice":"Trade","damage_taken":0,"relics_obtained":["NlothsMask"],"max_hp_gain":0,"max_hp_loss":0,"event_name":"FaceTrader","floor":28,"gold_loss":0},{"cards_removed":["Inflame"],"damage_healed":0,"gold_gain":0,"player_choice":"Removed Power","damage_taken":0,"max_hp_gain":0,"max_hp_loss":0,"event_name":"Falling","floor":36,"gold_loss":0},{"damage_healed":0,"gold_gain":0,"player_choice":"Fight","damage_taken":0,"max_hp_gain":0,"max_hp_loss":0,"event_name":"MindBloom","floor":38,"gold_loss":0}],"is_beta":false,"boss_relics":[{"not_picked":["Coffee Dripper","Philosopher\u0027s Stone"],"picked":"SlaversCollar"},{"not_picked":["Tiny House","Cursed Key"],"picked":"Astrolabe"}],"items_purged_floors":[19,31],"is_endless":false,"potions_floor_spawned":[3,5,11,23,25,33,38],"killed_by":"Maw","ascension_level":16}}