{"host":"dwyzfvnzfcqffr30","time":1613430033,"event":{"mods":["2.2 Compatiblity","Act Like it!","Aspiration","BaseMod","Beaked The Cultist","Better Altar","Better Match","Better Note","Better Sensory Stone","Better Skull","Better Third Choice","Clockwork Mod","Colored Map","Colored Powertips","Conspire","Downfall","Elementarium","GifTheSpireLib","Halation","Hermit","Hubris","Infinite Spire","Ironclad Rager","Jedi Mod","Menagerie","Mimic Mod","Minty Spire (QoL Compilation)","Permanent Neow","Random Character Button","Relic Filter Mod","Reliquary","Replay The Spire","Spicy Shops","Spikes Relics","StSLib","Stuff the Spire","The Construct","The Disciple","The Druid","The Marked","TheFirefly","Trackpad","Wandering Minibosses"],"gold_per_floor":[118,143,18,69,86,124,143,183,183,100,122,164,164,209,209,301,301,337,367,410,410,455,516,516,576,603,655,716,716,716,122,122,205,205,234,234,260,260,292,292,345,345,345,345,393,435,146,170,170,170,170,170,10,150,150],"floor_reached":56,"language":"ENG","playtime":5225,"items_purged":["Survivor+1","StuffTheSpire:Python+1"],"score":2732,"play_id":"dacc592d-93c1-453a-9bd0-5cf7a22db3ee","local_time":"20210215150033","is_ascension_mode":true,"campfire_choices":[{"floor":13,"key":"RECALL"},{"data":"hubris:DuctTapeCard+4","floor":15,"key":"SMITH"},{"data":"Footwork+1","floor":29,"key":"SMITH"},{"data":"hubris:DuctTapeCard+6","floor":32,"key":"SMITH"},{"data":"hubris:DuctTapeCard+8","floor":40,"key":"SMITH"},{"data":"Footwork+2","floor":42,"key":"SMITH"},{"data":"hubris:DuctTapeCard+10","floor":49,"key":"SMITH"},{"data":"hubris:DuctTapeCard+12","floor":52,"key":"SMITH"}],"circlet_count":0,"master_deck":["AscendersBane","theDruid:Rabid+1","Strike_G+1","Strike_G+1","Strike_G+1","Strike_G+1","Strike_G+1","Defend_G+1","Defend_G+1","Defend_G+1","Defend_G+1","Defend_G+1","Neutralize+1","MasterReality+1","Apotheosis+1","PiercingWail+1","Trip+1","PlatinumSkin+1","Footwork+3","jedi:studypoison+1","StuffTheSpire:Incantation+1","jedi:poisonivy+1","Discovery+1","Envenom+1","hubris:NaturalOne"],"relics":["Ring of the Snake","aspiration:Nostalgia","beaked:MendingPlumage","Bottled Tornado","halation:Prosthetics","hubris:TinFlute","SacredBark","conspire:InfiniteJournal","infinitespire:EvilPickle","Quantum Egg","Frozen Egg 2","Molten Egg 2","Toxic Egg 2","halation:HeavySnake","Replay:Wax Seal","hubris:FunFungus","Slimebound:StickyStick","FossilizedHelix","hubris:EmptyBottle","reliquary:Aerogel","ReplayTheSpireMod:ShopPack","Replay:Bottled Flurry","trackpad:DisasterInABottle","ReplayTheSpireMod:TigerMarble","reliquary:KillPill","hubris:DuctTape","reliquary:RedCape","hubris:PeanutButter","halation:OrihimeAndHikoboshiSamaAndTears","StuffTheSpire:Expresso","trackpad:WindUpAutoDealer","trackpad:IceCube","trackpad:VoidSphere","sneckomod:SneckoTalon","hubris:Icosahedron","StuffTheSpire:BottledEssence","aspiration:TomeofQuesting","StuffTheSpire:RubySignet","ShockBauble","reliquary:FerryPass","reliquary:WeakTea","Dead Branch"],"acts_visited":[],"potions_floor_usage":[8,8,12,12,23,23,23,23,27,27,39,39,41,41,48,48],"damage_taken":[{"damage":0,"enemies":"Menagerie:2_RABBITS","floor":1,"turns":5},{"damage":2,"enemies":"Menagerie:MonstrousExperiment","floor":2,"turns":4},{"damage":0,"enemies":"Menagerie:VoidReaper","floor":6,"turns":5},{"damage":0,"enemies":"Menagerie:StygianBoar","floor":7,"turns":3},{"damage":0,"enemies":"Menagerie:Hydra","floor":8,"turns":3},{"damage":0,"enemies":"Menagerie:MeltingSalamander","floor":10,"turns":2},{"damage":3,"enemies":"Menagerie:BEAST_MAGE_AND_PROWLING_AMALGAM","floor":11,"turns":5},{"damage":0,"enemies":"Menagerie:MaskedSummoner","floor":12,"turns":2},{"damage":1,"enemies":"Menagerie:VoidReaper","floor":14,"turns":6},{"damage":5,"enemies":"Menagerie:AVATARS","floor":16,"turns":4},{"damage":0,"enemies":"Shell Parasite","floor":18,"turns":4},{"damage":0,"enemies":"2 Thieves","floor":19,"turns":3},{"damage":0,"enemies":"Snecko","floor":20,"turns":3},{"damage":11,"enemies":"Sentry and Sphere","floor":22,"turns":3},{"damage":0,"enemies":"Gremlin Leader","floor":23,"turns":3},{"damage":24,"enemies":"Slavers","floor":25,"turns":3},{"damage":0,"enemies":"Cultist and Chosen","floor":27,"turns":3},{"damage":0,"enemies":"Snecko","floor":28,"turns":4},{"damage":0,"enemies":"Automaton","floor":33,"turns":5},{"damage":18,"enemies":"3 Darklings","floor":35,"turns":3},{"damage":0,"enemies":"Orb Walker","floor":37,"turns":3},{"damage":0,"enemies":"3 Darklings","floor":39,"turns":4},{"damage":0,"enemies":"Giant Head","floor":41,"turns":5},{"damage":9,"enemies":"Reptomancer","floor":45,"turns":3},{"damage":6,"enemies":"4 Shapes","floor":46,"turns":4},{"damage":0,"enemies":"Maw","floor":48,"turns":4},{"damage":19,"enemies":"infinitespire:MassOfShapes","floor":50,"turns":6},{"damage":0,"enemies":"Shield and Spear","floor":54,"turns":3},{"damage":10,"enemies":"The Heart","floor":55,"turns":5}],"seed_played":"-3036093507849204179","potions_obtained":[{"floor":7,"key":"hexamod:SoulburnPotion"},{"floor":11,"key":"champ:CounterPotion"},{"floor":12,"key":"FearPotion"},{"floor":16,"key":"ColorlessPotion"},{"floor":25,"key":"hexamod:SoulburnPotion"},{"floor":39,"key":"SpeedPotion"}],"is_trial":false,"path_per_floor":["M","M","?","$","$","E","M","E","T","M","M","E","R","E","R","B",null,"M","M","M","?","M","E","AVR","E","T","M","M","R","?","$","R","B",null,"M","?","M","AVR","M","R","E","R","T","HB","E","M","$","M","R","B",null,"R","$","E","B",null],"character_chosen":"THE_SILENT","items_purchased":["hubris:FunFungus","Slimebound:StickyStick","FossilizedHelix","hubris:EmptyBottle","reliquary:Aerogel","ReplayTheSpireMod:ShopPack","Footwork+1","trackpad:WindUpAutoDealer","trackpad:IceCube","trackpad:VoidSphere","Strength Potion","Discovery+1","reliquary:FerryPass","Dexterity Potion","reliquary:WeakTea"],"campfire_rested":0,"item_purchase_floors":[4,4,4,4,4,4,5,31,31,31,31,31,47,47,53],"current_hp_per_floor":[31,31,31,31,31,31,31,31,31,31,30,31,31,31,31,31,31,31,31,31,31,22,31,31,14,14,31,31,31,31,31,31,31,31,16,16,28,28,31,31,31,31,31,16,16,16,16,16,16,11,15,15,15,16,15],"gold":150,"neow_bonus":"NOSTALGIA","is_daily":false,"chose_seed":false,"campfire_upgraded":7,"win_rate":0.0,"timestamp":1613430033,"path_taken":["M","M","?","?","$","E","M","E","T","M","M","E","R","E","R","BOSS","M","M","M","?","M","E","AVR","E","T","M","M","R","?","$","R","BOSS","M","?","M","AVR","M","R","E","R","T","HB","E","M","$","M","R","BOSS","R","$","E","BOSS"],"items_purchased_type":["Relic","Relic","Relic","Relic","Relic","Relic","Card","Relic","Relic","Relic","Potion","Card","Relic","Potion","Relic"],"build_version":"2020-12-22","purchased_purges":2,"victory":true,"max_hp_per_floor":[31,31,31,31,31,31,31,31,31,31,31,31,31,31,31,31,31,31,31,31,31,31,31,31,31,31,31,31,31,31,31,31,31,31,31,31,31,31,31,31,31,31,31,16,16,16,16,16,16,16,16,16,16,16,16],"card_choices":[{"not_picked":["Masterful Stab+1","Blade Dance+1"],"picked":"PiercingWail+1","floor":1},{"not_picked":["StuffTheSpire:DoubleShiv+1","Eviscerate+1"],"picked":"Noxious Fumes+1","floor":2},{"not_picked":["StuffTheSpire:BumpUp+1","Slice+1"],"picked":"StuffTheSpire:Python+1","floor":3},{"not_picked":["Master of Strategy","Secret Technique"],"picked":"Sadistic Nature","floor":4},{"not_picked":["StuffTheSpire:PlasmaPunch","Midas Touch"],"picked":"Trip","floor":4},{"not_picked":["Replay:BasicMightCard","Replay:Sssssssssstrike"],"picked":"PlatinumSkin","floor":4},{"not_picked":["Dodge and Roll+1","Deadly Poison+1","conspire:DoublingDagger+1"],"picked":"SKIP","floor":6},{"not_picked":["jedi:unstablefumes+1","Flying Knee+1","InfectiousVector+1"],"picked":"SKIP","floor":7},{"not_picked":["Poison Darts+1","Deadly Poison+1","Poisoned Stab+1"],"picked":"SKIP","floor":8},{"not_picked":["Pace+1","Dagger Throw+1","Acrobatics+1"],"picked":"SKIP","floor":10},{"not_picked":["InfectiousVector+1","Reflex+1","Tactician+1"],"picked":"SKIP","floor":11},{"not_picked":["Prepared+1","Poisoned Stab+1","Footwork+1"],"picked":"SKIP","floor":12},{"not_picked":["Cloak And Dagger+1","Slice+1","StuffTheSpire:DoubleShiv+1"],"picked":"SKIP","floor":14},{"not_picked":["infinitespire:Neurotoxin+1","Poison Darts+1"],"picked":"jedi:studypoison+1","floor":16},{"not_picked":["Dagger Throw+1","Escape Plan+1","Hidden Blade+1"],"picked":"SKIP","floor":18},{"not_picked":["ShadowRift+1","Deadly Poison+1","jedi:studyshivs+1"],"picked":"SKIP","floor":19},{"not_picked":["Dagger Throw+1","Reflex+1"],"picked":"StuffTheSpire:Incantation+1","floor":20},{"not_picked":["Backstab+1","Deflect+1","Cloak And Dagger+1"],"picked":"SKIP","floor":22},{"not_picked":["PiercingWail+1","Sneak Up+1","Prepared+1"],"picked":"SKIP","floor":23},{"not_picked":["StuffTheSpire:ClusterCrunch+1","Cloak And Dagger+1"],"picked":"jedi:poisonivy+1","floor":25},{"not_picked":["Setup+1","Deadly Poison+1","Infinite Blades+1"],"picked":"SKIP","floor":27},{"not_picked":["Slice+1","StuffTheSpire:Injection+1","Escape Plan+1"],"picked":"SKIP","floor":28},{"not_picked":["jedi:studyshivs+1","Malaise+1"],"picked":"Envenom+1","floor":33},{"not_picked":["Fluid Movement+1","Hidden Blade+1","Predator+1"],"picked":"SKIP","floor":35},{"not_picked":["Tools of the Trade+1","Dagger Throw+1","Blade Dance+1"],"picked":"SKIP","floor":37},{"not_picked":["Dagger Throw+1","StuffTheSpire:ClusterCrunch+1","Slice+1"],"picked":"SKIP","floor":39},{"not_picked":["Bane+1","Wraith Form v2+1","Outmaneuver+1"],"picked":"SKIP","floor":41},{"not_picked":["hubris:SlightOfHand+1","Prepared+1","Deadly Poison+1"],"picked":"SKIP","floor":45},{"not_picked":["Skewer+1","ReplayTheSpireMod:Speed Training+1","StuffTheSpire:MirrorStance+1"],"picked":"SKIP","floor":46},{"not_picked":["Underhanded Strike+1","Bane+1","Dash+1"],"picked":"SKIP","floor":48},{"not_picked":["Acrobatics+1","Skewer+1","Dagger Throw+1"],"picked":"SKIP","floor":54}],"player_experience":3212408,"relics_obtained":[{"floor":6,"key":"Replay:Bottled Flurry"},{"floor":8,"key":"trackpad:DisasterInABottle"},{"floor":9,"key":"ReplayTheSpireMod:TigerMarble"},{"floor":12,"key":"reliquary:KillPill"},{"floor":14,"key":"hubris:DuctTape"},{"floor":23,"key":"hubris:PeanutButter"},{"floor":25,"key":"StuffTheSpire:Expresso"},{"floor":41,"key":"aspiration:TomeofQuesting"},{"floor":43,"key":"StuffTheSpire:RubySignet"},{"floor":45,"key":"ShockBauble"},{"floor":54,"key":"Dead Branch"}],"event_choices":[{"damage_healed":0,"gold_gain":0,"player_choice":"Simplicity","damage_taken":0,"max_hp_gain":0,"max_hp_loss":10,"event_name":"betterThird:BetterWriting","floor":0,"gold_loss":0},{"damage_healed":0,"gold_gain":0,"player_choice":"2","damage_taken":0,"max_hp_gain":0,"max_hp_loss":0,"event_name":"betterMatch:BetterMatch","floor":3,"gold_loss":0,"cards_obtained":["betterMatch:CommonCard"]},{"damage_healed":0,"gold_gain":0,"player_choice":"Ignored","damage_taken":0,"max_hp_gain":0,"max_hp_loss":0,"event_name":"Beggar","floor":30,"gold_loss":0}],"is_beta":false,"boss_relics":[{"not_picked":["Snecko Scales","hubris:HollowSoul"],"picked":"reliquary:RedCape"},{"not_picked":["infinitespire:Cupcake","ReplayTheSpireMod:SealedPack"],"picked":"sneckomod:SneckoTalon"}],"items_purged_floors":[24,47],"is_endless":false,"potions_floor_spawned":[7,11,12,14,16,18,20,25,35,39,45],"ascension_level":17}}