{"host":"y6zg4wwu39otf01a","time":1613424078,"event":{"mods":["Act Like it!","Aspiration","BaseMod","Better Altar","Better Match","Better Note","Better Sensory Stone","Better Skull","Better Third Choice","Challenge The Spire","Colored Map","Colored Powertips","Conspire","GifTheSpireLib","Glutton Mod","Halation","Hermit","Highlight Path","Hubris","Infinite Spire","Mimic Mod","Minty Spire (QoL Compilation)","Quick Restart","Random Character Button","Rare Cards Sparkle","Replay The Spire","Retaliation","Spicy Shops","StSLib","Stuff the Spire","The Blue Laboratory","The Jungle"],"gold_per_floor":[116,126,126,9,23,54,54,54,54,54,86,86,86,117,117,117,117],"floor_reached":16,"language":"ENG","playtime":842,"items_purged":[],"score":116,"play_id":"11e6dc42-8822-4ab5-8c7e-563d149cc435","local_time":"20210215152118","daily_mods":["SealedDeck","Purple Cards","Elite Swarm"],"is_ascension_mode":false,"campfire_choices":[{"floor":12,"key":"REST"}],"circlet_count":0,"master_deck":["ClearTheMind","CrushJoints","BattleHymn","Caltrops+1","Cloak And Dagger","conspire:DoublingDagger","ReplayTheSpireMod:The Works","StuffTheSpire:DoubleShiv","Cloak And Dagger","Escape Plan+1","Tantrum","Heel Hook","FollowUp","Doppelganger","LessonLearned","Injury"],"relics":["Replay:M_StaffOfTheSnake","Garlic","Pet Ghost","Basket Of Snakes","StuffTheSpire:MayFlowers","Golden Idol","aspiration:StickyExplosives_weak","infinitespire:Cubic Diamond"],"acts_visited":["Exordium"],"potions_floor_usage":[11,14],"damage_taken":[{"damage":8,"enemies":"Small Slimes","floor":1,"turns":3},{"damage":0,"enemies":"Cultist","floor":2,"turns":2},{"damage":10,"enemies":"Jaw Worm","floor":5,"turns":2},{"damage":10,"enemies":"Lagavulin","floor":6,"turns":3},{"damage":4,"enemies":"3 Sentries","floor":11,"turns":4},{"damage":21,"enemies":"Lagavulin","floor":14,"turns":4},{"damage":24,"enemies":"The Guardian","floor":16,"turns":2}],"seed_played":"-373293188457082505","potions_obtained":[{"floor":2,"key":"blueLaboratory:RememoryPotion"},{"floor":6,"key":"Block Potion"}],"is_trial":true,"path_per_floor":["M","M","?","$","M","E","?","$","T","?","E","R","?","E","R_BF","B"],"character_chosen":"THE_SILENT","items_purchased":["Heel Hook"],"campfire_rested":1,"item_purchase_floors":[4],"current_hp_per_floor":[62,62,62,62,52,42,42,42,42,28,24,45,45,24,24,0,0],"gold":117,"neow_bonus":"","is_daily":false,"chose_seed":false,"campfire_upgraded":0,"win_rate":0.0,"timestamp":1613424078,"path_taken":["M","M","?","?","M","E","?","$","T","?","E","R","?","E","R_BF","BOSS"],"items_purchased_type":["Card"],"build_version":"2020-12-22","purchased_purges":0,"victory":false,"max_hp_per_floor":[70,70,70,70,70,70,70,70,70,70,70,70,70,70,70,70,70],"card_choices":[{"not_picked":["Noxious Fumes","Dagger Spray"],"picked":"Tantrum","floor":1},{"not_picked":["WaveOfTheHand","PiercingWail","Cloak And Dagger"],"picked":"SKIP","floor":2},{"not_picked":["Backflip","Swivel"],"picked":"FollowUp","floor":5},{"not_picked":["Replay:Bag of Tricks","Unload"],"picked":"Doppelganger","floor":6},{"not_picked":["Judgement","infinitespire:Neurotoxin"],"picked":"LessonLearned","floor":11},{"not_picked":["Ragnarok","Replay:AllIn","Blasphemy"],"picked":"SKIP","floor":14}],"player_experience":845972,"relics_obtained":[{"floor":3,"key":"Garlic"},{"floor":6,"key":"Pet Ghost"},{"floor":9,"key":"Basket Of Snakes"},{"floor":11,"key":"StuffTheSpire:MayFlowers"},{"floor":14,"key":"aspiration:StickyExplosives_weak"}],"event_choices":[{"damage_healed":0,"gold_gain":0,"player_choice":"Relic","damage_taken":0,"max_hp_gain":0,"max_hp_loss":0,"event_name":"Wheel of Change","floor":3,"gold_loss":0},{"damage_healed":0,"gold_gain":0,"player_choice":"Ignored","damage_taken":0,"max_hp_gain":0,"max_hp_loss":0,"event_name":"Golden Wing","floor":7,"gold_loss":0},{"damage_healed":42,"gold_gain":0,"player_choice":"Upgrade","damage_taken":14,"max_hp_gain":0,"max_hp_loss":70,"event_name":"betterThird:BetterShining","floor":10,"gold_loss":0,"cards_upgraded":["Caltrops","Escape Plan"]},{"damage_healed":0,"gold_gain":0,"player_choice":"Take Wound","damage_taken":0,"relics_obtained":["Golden Idol"],"max_hp_gain":0,"max_hp_loss":0,"event_name":"Golden Idol","floor":13,"gold_loss":0,"cards_obtained":["Injury"]}],"is_beta":false,"boss_relics":[],"items_purged_floors":[],"is_endless":false,"potions_floor_spawned":[2,6],"killed_by":"The Guardian","ascension_level":0}}