{"host":"lxu17chzujqn8whl","time":1613368537,"event":{"mods":["BaseMod","Minty Spire (QoL Compilation)","Relic Stats","StSLib"],"gold_per_floor":[114,124,124,143,157,183,183,200,227,227,244,244,256,268,268,369,369,383,394,114,129,54,54,68,68,116,126,126,126,156,172,172,172,172],"floor_reached":33,"language":"ENG","playtime":841,"items_purged":["Electrodynamics"],"score":273,"play_id":"8c84a08f-a6d7-4197-b61b-f8fad49cb8ce","local_time":"20210214215537","is_ascension_mode":false,"campfire_choices":[{"data":"Hologram","floor":7,"key":"SMITH"},{"data":"Zap","floor":12,"key":"SMITH"},{"floor":15,"key":"REST"},{"data":"Glacier","floor":23,"key":"SMITH"},{"data":"Conserve Battery","floor":25,"key":"SMITH"},{"data":"Turbo","floor":29,"key":"SMITH"},{"floor":32,"key":"REST"}],"circlet_count":0,"master_deck":["Strike_B+1","Strike_B+1","Defend_B","Defend_B+1","Defend_B","Zap+1","Dualcast","Sunder+1","Hologram+1","Sweeping Beam+1","Glacier+1","Conserve Battery+1","Core Surge+1","Thunder Strike+1","Electrodynamics+1","Rebound+1","Turbo+1","Barrage+1","Ball Lightning+1","Chill+1","Defragment"],"relics":["Cracked Core","Whetstone","DataDisk","Astrolabe","Lee\u0027s Waffle","Dream Catcher","MutagenicStrength","Bag of Preparation"],"acts_visited":["Exordium","TheCity"],"potions_floor_usage":[5,33,33],"damage_taken":[{"damage":1,"enemies":"Jaw Worm","floor":1,"turns":3},{"damage":0,"enemies":"Small Slimes","floor":2,"turns":3},{"damage":0,"enemies":"Cultist","floor":4,"turns":3},{"damage":0,"enemies":"Looter","floor":5,"turns":1},{"damage":21,"enemies":"3 Sentries","floor":6,"turns":7},{"damage":1,"enemies":"Exordium Wildlife","floor":8,"turns":2},{"damage":0,"enemies":"Large Slime","floor":11,"turns":3},{"damage":2,"enemies":"Exordium Thugs","floor":13,"turns":2},{"damage":0,"enemies":"2 Fungi Beasts","floor":14,"turns":2},{"damage":11,"enemies":"The Guardian","floor":16,"turns":12},{"damage":15,"enemies":"2 Thieves","floor":18,"turns":2},{"damage":10,"enemies":"3 Byrds","floor":19,"turns":2},{"damage":19,"enemies":"Snake Plant","floor":21,"turns":4},{"damage":8,"enemies":"Centurion and Healer","floor":24,"turns":4},{"damage":0,"enemies":"3 Cultists","floor":27,"turns":3},{"damage":18,"enemies":"Gremlin Leader","floor":30,"turns":3},{"damage":10,"enemies":"Chosen and Byrds","floor":31,"turns":3},{"damage":63,"enemies":"Champ","floor":33,"turns":9}],"seed_played":"-5114898840935924455","potions_obtained":[{"floor":2,"key":"Dexterity Potion"},{"floor":4,"key":"Fire Potion"},{"floor":11,"key":"GamblersBrew"},{"floor":16,"key":"FocusPotion"}],"is_trial":false,"path_per_floor":["M","M","?","M","M","E","R","M","T","?","M","R","M","M","R","B",null,"M","M","$","M","?","R","M","R","T","M","?","R","E","M","R","B"],"character_chosen":"DEFECT","items_purchased":["Lee\u0027s Waffle","Turbo"],"campfire_rested":2,"item_purchase_floors":[20,20],"current_hp_per_floor":[81,81,65,65,65,44,44,43,43,43,43,43,41,41,65,54,82,67,57,89,70,70,70,62,62,62,62,62,62,44,34,60,0,0],"gold":172,"neow_bonus":"TEN_PERCENT_HP_BONUS","is_daily":false,"chose_seed":false,"campfire_upgraded":5,"win_rate":0.0,"timestamp":1613368537,"path_taken":["M","M","?","M","M","E","R","M","T","?","M","R","M","M","R","BOSS","M","?","$","M","?","R","M","R","T","M","?","R","E","M","R","BOSS"],"items_purchased_type":["Relic","Card"],"build_version":"2020-12-22","purchased_purges":1,"victory":false,"max_hp_per_floor":[82,82,82,82,82,82,82,82,82,82,82,82,82,82,82,82,82,82,82,89,89,89,89,89,89,89,89,89,89,89,89,89,89,89],"relic_stats":{"Lee\u0027s Waffle":32,"Dream Catcher":1,"counters":[18,68],"Astrolabe":["Core Surge","Thunder Strike","Electrodynamics"],"Bag of Preparation":[4],"Whetstone":["Sunder","Strike_B"],"obtain_stats":[{"DataDisk":9,"Lee\u0027s Waffle":20,"Dream Catcher":26,"Astrolabe":17,"MutagenicStrength":28,"Bag of Preparation":30,"Whetstone":6,"Cracked Core":0},{"DataDisk":6,"Lee\u0027s Waffle":12,"Dream Catcher":14,"Astrolabe":10,"MutagenicStrength":15,"Bag of Preparation":16,"Whetstone":5,"Cracked Core":0},{"DataDisk":19,"Lee\u0027s Waffle":42,"Dream Catcher":50,"Astrolabe":38,"MutagenicStrength":53,"Bag of Preparation":56,"Whetstone":17,"Cracked Core":0}]},"card_choices":[{"not_picked":["Compile Driver","Steam Power"],"picked":"Sunder","floor":1},{"not_picked":["Gash","Scrape"],"picked":"Hologram","floor":2},{"not_picked":["Turbo","Darkness"],"picked":"Sweeping Beam","floor":4},{"not_picked":["Heatsinks","Go for the Eyes","Leap"],"picked":"SKIP","floor":5},{"not_picked":["Sunder","Hello World","Gash"],"picked":"SKIP","floor":6},{"not_picked":["Static Discharge","Amplify","Sweeping Beam"],"picked":"SKIP","floor":8},{"not_picked":["Hologram","Barrage"],"picked":"Cold Snap","floor":11},{"not_picked":["Barrage","Go for the Eyes"],"picked":"Glacier","floor":13},{"not_picked":["Steam","Hello World"],"picked":"Conserve Battery","floor":14},{"not_picked":["Creative AI","Amplify"],"picked":"Electrodynamics","floor":16},{"not_picked":["Redo","Sunder"],"picked":"Rebound+1","floor":18},{"not_picked":["Cold Snap","Beam Cell","Recycle"],"picked":"SKIP","floor":19},{"not_picked":["Stack","Ball Lightning"],"picked":"Barrage+1","floor":21},{"not_picked":["Leap","Auto Shields"],"picked":"Ball Lightning+1","floor":24},{"not_picked":["Steam","All For One","BootSequence"],"picked":"SKIP","floor":27},{"not_picked":["Ball Lightning","Go for the Eyes","Rebound"],"picked":"SKIP","floor":30},{"not_picked":["Leap","Sweeping Beam+1"],"picked":"Chill+1","floor":31},{"not_picked":["Storm","Sweeping Beam"],"picked":"Defragment","floor":32}],"player_experience":682398,"relics_obtained":[{"floor":6,"key":"Whetstone"},{"floor":9,"key":"DataDisk"},{"floor":26,"key":"Dream Catcher"},{"floor":30,"key":"Bag of Preparation"}],"event_choices":[{"damage_healed":0,"gold_gain":0,"player_choice":"Entered Light","damage_taken":16,"max_hp_gain":0,"max_hp_loss":0,"event_name":"Shining Light","floor":3,"gold_loss":0,"cards_upgraded":["Defend_B","Strike_B"]},{"damage_healed":0,"gold_gain":0,"player_choice":"Forge","damage_taken":0,"max_hp_gain":0,"max_hp_loss":0,"event_name":"Accursed Blacksmith","floor":10,"gold_loss":0,"cards_upgraded":["Sweeping Beam"]},{"cards_removed":["Defend_B"],"damage_healed":0,"gold_gain":0,"player_choice":"Gave Gold","damage_taken":0,"max_hp_gain":0,"max_hp_loss":0,"event_name":"Beggar","floor":22,"gold_loss":75},{"damage_healed":0,"gold_gain":0,"player_choice":"Inject Mutagens","damage_taken":0,"relics_obtained":["MutagenicStrength"],"max_hp_gain":0,"max_hp_loss":0,"event_name":"Drug Dealer","floor":28,"gold_loss":0}],"is_beta":false,"boss_relics":[{"not_picked":["Fusion Hammer","Velvet Choker"],"picked":"Astrolabe"}],"items_purged_floors":[20],"is_endless":false,"potions_floor_spawned":[2,4,11,16,18,21,27,30],"killed_by":"Champ","ascension_level":0}}