{"host":"kaame4qwxxqnygv7","time":1613372205,"event":{"mods":["AchievementEnabler","BaseMod","Better Match","Better Skull","Better Third Choice","BetterRewards","Block Reminder","Bossed Relics","DeckTracker","Energized Spire","GungeonMod","Minty Spire (QoL Compilation)","Quick Restart","Red Circlet Mod","StSLib","SuperFastMode","The Blue Laboratory"],"gold_per_floor":[113,113,128,148,158,158,185,185,209,209,134,146,146,176,176,176,176],"floor_reached":16,"language":"KOR","playtime":391,"items_purged":["Burn+1"],"score":280,"play_id":"4ed90af2-8683-4370-856c-5323be8d009c","local_time":"20210215155645","is_ascension_mode":true,"campfire_choices":[{"floor":6.0,"key":"REST"},{"data":"1","floor":8.0,"key":"LIFT"},{"floor":15.0,"key":"REST"}],"circlet_count":0,"master_deck":["AscendersBane","DemoMod:Strike_Huntress","DemoMod:Strike_Huntress","DemoMod:Strike_Huntress","DemoMod:Defend_Huntress","DemoMod:Defend_Huntress","DemoMod:Defend_Huntress","DemoMod:Defend_Huntress","DemoMod:Roll","DemoMod:ManualReload","DemoMod:RustySidearm","DemoMod:CrossBow","DemoMod:ProbeStrike","DemoMod:PotionOfGunFriendShip","DemoMod:FullFirepower"],"relics":["DemoMod:Dog","DemoMod:GundromedaStrain","Girya","DemoMod:GnawedKey","DemoMod:WhiteGuonStone","DemoMod:PoisonVial","Question Card"],"acts_visited":["Exordium"],"potions_floor_usage":[16],"damage_taken":[{"damage":1.0,"enemies":"Cultist","floor":1.0,"turns":3.0},{"damage":3.0,"enemies":"2 Louse","floor":3.0,"turns":2.0},{"damage":1.0,"enemies":"Jaw Worm","floor":4.0,"turns":2.0},{"damage":0.0,"enemies":"Exordium Wildlife","floor":5.0,"turns":2.0},{"damage":12.0,"enemies":"Gremlin Nob","floor":7.0,"turns":4.0},{"damage":0.0,"enemies":"Red Slaver","floor":12.0,"turns":3.0},{"damage":12.0,"enemies":"Lagavulin","floor":14.0,"turns":5.0},{"damage":47,"enemies":"Hexaghost","floor":16,"turns":10}],"seed_played":"-8519711710799474078","potions_obtained":[{"floor":5.0,"key":"blueLaboratory:BubblePotion"},{"floor":7.0,"key":"blueLaboratory:HummingbirdPotion"}],"is_trial":false,"path_per_floor":["M","$","M","M","M","R","E","R","T","?","$","M","$","E","R","B"],"character_chosen":"HUNTRESS","items_purchased":["Girya","DemoMod:GnawedKey","Fire Potion"],"campfire_rested":2,"item_purchase_floors":[0,0,0],"current_hp_per_floor":[38,38,35,34,34,52,40,40,40,40,40,40,40,28,46,0,0],"gold":176,"neow_bonus":"","is_daily":false,"chose_seed":false,"campfire_upgraded":0,"win_rate":0.0,"timestamp":1613372205,"path_taken":["M","?","M","M","M","R","E","R","T","?","?","?","$","E","R","BOSS"],"items_purchased_type":["Relic","Relic","Potion"],"build_version":"2020-12-22","purchased_purges":1,"victory":false,"max_hp_per_floor":[63,63,63,63,63,63,63,63,63,63,63,63,63,63,63,63,63],"card_choices":[{"not_picked":["DemoMod:SAA","DemoMod:GunstockTap"],"picked":"DemoMod:ProbeStrike","floor":1.0},{"not_picked":["DemoMod:SAA","DemoMod:AC15","DemoMod:BlackHoleGun"],"picked":"SKIP","floor":3.0},{"not_picked":["DemoMod:Casey","DemoMod:FastSwitch","DemoMod:TeaPot"],"picked":"SKIP","floor":4.0},{"not_picked":["DemoMod:FastSwitch","DemoMod:SkilledReload","DemoMod:JK47"],"picked":"SKIP","floor":5.0},{"not_picked":["DemoMod:JK47","DemoMod:Unmoved"],"picked":"DemoMod:PotionOfGunFriendShip","floor":7.0},{"not_picked":["DemoMod:LifeOrb","DemoMod:Replace"],"picked":"DemoMod:FullFirepower","floor":12.0},{"not_picked":["DemoMod:TripleGun","DemoMod:ShadowBullets","DemoMod:JK47"],"picked":"SKIP","floor":14.0}],"player_experience":296646,"relics_obtained":[{"floor":7.0,"key":"DemoMod:WhiteGuonStone"},{"floor":9.0,"key":"DemoMod:PoisonVial"},{"floor":14.0,"key":"Question Card"}],"event_choices":[{"damage_healed":40.0,"max_hp_gain":0.0,"max_hp_loss":63.0,"gold_gain":0.0,"event_name":"betterThird:BetterShining","player_choice":"Embrace Burn","floor":10.0,"gold_loss":0.0,"damage_taken":0.0}],"is_beta":false,"boss_relics":[],"items_purged_floors":[11],"is_endless":false,"potions_floor_spawned":[5,7],"killed_by":"Hexaghost","ascension_level":15}}