{"host":"d85gwtocd8go8gx0","time":1613368816,"event":{"mods":["AchievementEnabler","BaseMod","Better Altar","Better Skull","Better Third Choice","Block Reminder","Colored Powertips","Curses Come First","Dark Map","Filter the Spire","Highlight Path","Minty Spire (QoL Compilation)","Permanent Neow","Quick Restart","Shop Mod","StSLib","SuperFastMode","UnlockEverythingMod"],"gold_per_floor":[113,126,126,126,143,177,177,189,261,286,46,73,90,120,120,191,191,210,220,220,20,20,20,52,52,352,386,436,436,449,502,502,502,502],"floor_reached":33,"language":"ENG","playtime":1422,"items_purged":["Strike_P"],"score":622,"play_id":"641ab2c5-b5e0-4554-8982-647826265225","local_time":"20210214220016","is_ascension_mode":true,"campfire_choices":[{"data":"SashWhip","floor":7.0,"key":"SMITH"},{"data":"Crescendo","floor":15.0,"key":"SMITH"},{"floor":23.0,"key":"REST"},{"floor":25.0,"key":"REST"},{"floor":32.0,"key":"REST"}],"circlet_count":0,"master_deck":["AscendersBane","Strike_P","Strike_P","Strike_P","Defend_P","Defend_P","Defend_P+1","Defend_P+1","Eruption+1","Vigilance","WheelKick","ClearTheMind+1","FollowUp","SashWhip+1","FearNoEvil","Crescendo+1","Sanctity","Devotion","BowlingBash","WaveOfTheHand","EmptyBody+1","FearNoEvil","EmptyFist","CrushJoints","FlurryOfBlows"],"relics":["PureWater","Lizard Tail","Sundial","Damaru","Lee\u0027s Waffle","Juzu Bracelet","Kunai","VioletLotus","MutagenicStrength","Orichalcum","Anchor","Old Coin","Bird Faced Urn","War Paint"],"acts_visited":["Exordium","TheCity"],"potions_floor_usage":[],"damage_taken":[{"damage":2.0,"enemies":"Jaw Worm","floor":1.0,"turns":3.0},{"damage":0.0,"enemies":"Cultist","floor":2.0,"turns":2.0},{"damage":0.0,"enemies":"2 Louse","floor":5.0,"turns":2.0},{"damage":8.0,"enemies":"Gremlin Nob","floor":6.0,"turns":3.0},{"damage":8.0,"enemies":"Exordium Thugs","floor":8.0,"turns":5.0},{"damage":10.0,"enemies":"3 Sentries","floor":10.0,"turns":5.0},{"damage":20.0,"enemies":"Lagavulin","floor":12.0,"turns":3.0},{"damage":0.0,"enemies":"3 Louse","floor":13.0,"turns":2.0},{"damage":5.0,"enemies":"3 Sentries","floor":14.0,"turns":3.0},{"damage":16.0,"enemies":"The Guardian","floor":16.0,"turns":8.0},{"damage":28.0,"enemies":"2 Thieves","floor":18.0,"turns":5.0},{"damage":21.0,"enemies":"Shell Parasite","floor":19.0,"turns":5.0},{"damage":25.0,"enemies":"Gremlin Leader","floor":24.0,"turns":4.0},{"damage":45.0,"enemies":"Slavers","floor":27.0,"turns":4.0},{"damage":29.0,"enemies":"Snake Plant","floor":30.0,"turns":4.0},{"damage":80,"enemies":"Champ","floor":33,"turns":11}],"seed_played":"-4996855972008037155","potions_obtained":[{"floor":1.0,"key":"Fire Potion"},{"floor":4.0,"key":"Fruit Juice"},{"floor":4.0,"key":"SkillPotion"},{"floor":10.0,"key":"LiquidBronze"},{"floor":13.0,"key":"DuplicationPotion"},{"floor":14.0,"key":"SkillPotion"},{"floor":19.0,"key":"Strength Potion"}],"is_trial":false,"path_per_floor":["M","M","?","?","M","E","R","M","T","E","$","E","M","E","R","B",null,"M","M","?","$","?","R","E","R","T","E","?","?","M","T","R","B"],"character_chosen":"WATCHER","items_purchased":["Lee\u0027s Waffle","Orichalcum","FearNoEvil"],"campfire_rested":3,"item_purchase_floors":[11,21,21],"current_hp_per_floor":[59,59,59,64,64,56,56,48,48,38,80,60,60,55,55,39,70,42,21,21,21,37,61,36,60,60,15,15,15,31,31,55,0,0],"gold":502,"neow_bonus":"UPGRADE_CARD","is_daily":false,"chose_seed":false,"campfire_upgraded":2,"win_rate":0.0,"timestamp":1613368816,"path_taken":["M","M","?","?","M","E","R","?","T","E","$","E","M","E","R","BOSS","BOSS","M","M","?","$","?","R","E","R","T","E","?","?","M","?","R","BOSS"],"items_purchased_type":["Relic","Relic","Card"],"build_version":"2020-12-22","purchased_purges":1,"victory":false,"max_hp_per_floor":[68,68,68,73,73,73,73,73,73,73,80,80,80,80,80,80,80,80,80,80,80,80,80,80,80,80,80,80,80,80,80,80,80,80],"card_choices":[{"not_picked":["Halt","Consecrate"],"picked":"WheelKick","floor":1.0},{"not_picked":["Meditate","Halt"],"picked":"ClearTheMind","floor":2.0},{"not_picked":["Worship","JustLucky"],"picked":"FollowUp","floor":5.0},{"not_picked":["Sanctity","DeceiveReality"],"picked":"SashWhip","floor":6.0},{"not_picked":["FollowUp","CrushJoints"],"picked":"FearNoEvil","floor":8.0},{"not_picked":["CarveReality","Halt"],"picked":"Crescendo","floor":10.0},{"not_picked":["WreathOfFlame","Fasting2"],"picked":"Sanctity","floor":12.0},{"not_picked":["ThirdEye","FearNoEvil"],"picked":"Devotion","floor":13.0},{"not_picked":["Meditate","Weave"],"picked":"BowlingBash","floor":14.0},{"not_picked":["FollowUp","EmptyFist"],"picked":"WaveOfTheHand","floor":18.0},{"not_picked":["Meditate+1","Pray"],"picked":"EmptyBody+1","floor":19.0},{"not_picked":["WindmillStrike","Tantrum"],"picked":"EmptyFist","floor":24.0},{"not_picked":["DeceiveReality","EmptyFist"],"picked":"CrushJoints","floor":27.0},{"not_picked":["EmptyMind","Pray"],"picked":"FlurryOfBlows","floor":30.0}],"player_experience":55772,"relics_obtained":[{"floor":6.0,"key":"Lizard Tail"},{"floor":9.0,"key":"Sundial"},{"floor":10.0,"key":"Damaru"},{"floor":12.0,"key":"Juzu Bracelet"},{"floor":14.0,"key":"Kunai"},{"floor":24.0,"key":"Anchor"},{"floor":26.0,"key":"Old Coin"},{"floor":27.0,"key":"Bird Faced Urn"},{"floor":31.0,"key":"War Paint"}],"event_choices":[{"damage_healed":0.0,"max_hp_gain":0.0,"max_hp_loss":0.0,"gold_gain":0.0,"event_name":"Living Wall","player_choice":"Grow","floor":3.0,"gold_loss":0.0,"damage_taken":0.0,"cards_upgraded":["ClearTheMind"]},{"damage_healed":0.0,"max_hp_gain":0.0,"max_hp_loss":0.0,"gold_gain":0.0,"event_name":"Lab","player_choice":"Got Potions","floor":4.0,"gold_loss":0.0,"damage_taken":0.0},{"damage_healed":0.0,"max_hp_gain":0.0,"max_hp_loss":0.0,"gold_gain":0.0,"event_name":"Drug Dealer","player_choice":"Inject Mutagens","floor":20.0,"gold_loss":0.0,"damage_taken":0.0,"relics_obtained":["MutagenicStrength"]},{"damage_healed":16.0,"max_hp_gain":0.0,"max_hp_loss":0.0,"gold_gain":0.0,"event_name":"The Library","player_choice":"Heal","floor":22.0,"gold_loss":0.0,"damage_taken":0.0},{"damage_healed":0.0,"max_hp_gain":0.0,"max_hp_loss":0.0,"gold_gain":100.0,"event_name":"The Joust","player_choice":"Bet on Murderer","floor":28.0,"gold_loss":50.0,"damage_taken":0.0},{"damage_healed":0.0,"max_hp_gain":0.0,"max_hp_loss":0.0,"gold_gain":0.0,"event_name":"The Mausoleum","player_choice":"Ignored","floor":29.0,"gold_loss":0.0,"damage_taken":0.0}],"is_beta":false,"boss_relics":[{"not_picked":["Tiny House","Black Star"],"picked":"VioletLotus"}],"items_purged_floors":[11],"is_endless":false,"potions_floor_spawned":[1,5,10,13,14,19],"killed_by":"Champ","ascension_level":20}}