{"host":"7caq7bqinjqlxdab","time":1613412640,"event":{"mods":["AchievementEnabler","Aspiration","BaseMod","Better Third Choice","BetterRewards","Bossed Relics","Colored Map","Colored Powertips","Conspire","Curses Come First","Downfall","Hermit","Highlight Path","Hubris","Infinite Spire","Minty Spire (QoL Compilation)","Quick Restart","Rare Cards Sparkle","Replay The Spire","Shop Mod","StSLib","Transform Curses"],"gold_per_floor":[115,115,134,134,147,172,172,207,207,207,30,30,112,129,129,227,227,240,240,240],"floor_reached":19,"language":"ENG","playtime":1475,"items_purged":[],"score":315,"play_id":"fbab5f38-a080-4f41-91cb-26204c4376c0","local_time":"20210215191040","is_ascension_mode":true,"campfire_choices":[{"floor":7,"key":"REST"},{"floor":12,"key":"REST"},{"floor":15,"key":"REST"}],"circlet_count":0,"master_deck":["hermit:Strike_Hermit","hermit:Strike_Hermit","hermit:Strike_Hermit","hermit:Strike_Hermit","hermit:Defend_Hermit","hermit:Defend_Hermit","hermit:Defend_Hermit","hermit:Defend_Hermit","hermit:Snapshot","hermit:Cheat","hermit:OverwhelmingPower","hermit:Vantage","hermit:Snipe","hermit:GoldenBullet","infinitespire:Execution","hermit:Enervate","hermit:BigShot","hermit:Enervate","hermit:EternalForm+1","hermit:BodyArmor"],"relics":["hermit:Momento","MerchantsRug","Golden Egg","Happy Flower","hubris:ToyBattleship","hubris:Towel","Potion Belt","infinitespire:Bottled Soul","conspire:RoyalGoblet"],"acts_visited":["Exordium","TheCity"],"potions_floor_usage":[6,8,16,16,18,19],"damage_taken":[{"damage":7.0,"enemies":"Small Slimes","floor":1.0,"turns":3.0},{"damage":3,"enemies":"Jaw Worm","floor":3,"turns":4},{"damage":9,"enemies":"2 Louse","floor":5,"turns":3},{"damage":27,"enemies":"Lagavulin","floor":6,"turns":6},{"damage":0,"enemies":"Gremlin Nob","floor":8,"turns":4},{"damage":9,"enemies":"Blue Slaver","floor":14,"turns":4},{"damage":38,"enemies":"The Guardian","floor":16,"turns":7},{"damage":72,"enemies":"3 Byrds","floor":18,"turns":9},{"damage":7,"enemies":"conspire:MimicChest","floor":19,"turns":4}],"seed_played":"3716405239745803480","potions_obtained":[{"floor":3,"key":"SpeedPotion"},{"floor":6,"key":"infinitespire:BlackPotion"},{"floor":14,"key":"Weak Potion"},{"floor":18,"key":"hermit:Eclipse"}],"is_trial":false,"path_per_floor":["M","?","M","AVR","M","E","R","E","T","?","$","R","T","M","R","B",null,"M","?"],"character_chosen":"HERMIT","items_purchased":["MerchantsRug","hermit:Cheat","Golden Egg","Potion Belt","AttackPotion","SkillPotion"],"campfire_rested":3,"item_purchase_floors":[0,0,0,11,11,11],"current_hp_per_floor":[68,68,65,65,56,29,51,51,51,51,51,73,73,64,75,37,75,3,0,0],"gold":240,"neow_bonus":"","is_daily":false,"chose_seed":false,"campfire_upgraded":0,"win_rate":0.0,"timestamp":1613412640,"path_taken":["M","?","M","AVR","M","E","R","E","T","?","$","R","?","M","R","BOSS","M","?"],"items_purchased_type":["Relic","Card","Relic","Relic","Potion","Potion"],"build_version":"2020-12-22","purchased_purges":0,"victory":false,"max_hp_per_floor":[75,75,75,75,75,75,75,75,75,75,75,75,75,75,75,75,75,75,75,75],"card_choices":[{"not_picked":["hermit:Manifest","hermit:DeadMansHand"],"picked":"hermit:Vantage","floor":1},{"not_picked":["hermit:Manifest","hermit:DeadMansHand"],"picked":"hermit:GoldenBullet","floor":3},{"not_picked":["hermit:HighCaliber","hermit:Feint"],"picked":"hermit:Enervate","floor":5},{"not_picked":["hermit:Virtue","hermit:CalledShot","hermit:Malice"],"picked":"SKIP","floor":6},{"not_picked":["hermit:NoHoldsBarred","hermit:HoleUp"],"picked":"hermit:BigShot","floor":8},{"not_picked":["hermit:LowProfile","hermit:HoleUp"],"picked":"hermit:Enervate","floor":14},{"not_picked":["hermit:Adapt","hermit:Reprieve"],"picked":"hermit:EternalForm","floor":16},{"not_picked":["hermit:HighCaliber","hermit:GoldenBullet"],"picked":"hermit:BodyArmor","floor":18}],"player_experience":668816,"relics_obtained":[{"floor":6,"key":"Happy Flower"},{"floor":8,"key":"hubris:ToyBattleship"},{"floor":9,"key":"Mirror"},{"floor":13,"key":"infinitespire:Bottled Soul"}],"event_choices":[],"is_beta":false,"boss_relics":[{"not_picked":["Coffee Dripper","aspiration:SilentSkillbook"],"picked":"conspire:RoyalGoblet"}],"items_purged_floors":[],"is_endless":false,"potions_floor_spawned":[3,6,14,18],"killed_by":"conspire:MimicChest","ascension_level":1}}