{"host":"4rvakrj1idbgia3f","time":1613367862,"event":{"mods":["BaseMod","Colored Map","Colored Powertips","DeckTracker","Highlight Path","Minty Spire (QoL Compilation)","Random Character Button","StSLib"],"gold_per_floor":[19,19,19,39,60,60,73,73,73,73,108,129,54,78,78,173,173,196,246,285,200,214,214,229,229,284,322,322,356,356,369,369,465,465,485,818,834,1056,870,870,899,899,922,922,952,963,963,70,70,70,70,70,70,70,102,102,102],"floor_reached":56,"language":"JPN","playtime":2266,"items_purged":["Strike_G","Strike_G","Strike_G"],"score":2007,"play_id":"13695de7-6d9c-4821-8383-040db9d7703a","local_time":"20210215144422","is_ascension_mode":true,"campfire_choices":[{"data":"After Image","floor":6.0,"key":"SMITH"},{"data":"Blade Dance","floor":8.0,"key":"SMITH"},{"data":"A Thousand Cuts","floor":10.0,"key":"SMITH"},{"data":"Accuracy","floor":15.0,"key":"SMITH"},{"data":"After Image","floor":23.0,"key":"SMITH"},{"data":"Neutralize","floor":30,"key":"SMITH"},{"data":"Finisher","floor":32,"key":"SMITH"},{"data":"Blade Dance","floor":40,"key":"SMITH"},{"data":"Blade Dance","floor":42,"key":"SMITH"},{"floor":47,"key":"REST"},{"floor":49,"key":"RECALL"},{"data":"Choke","floor":53,"key":"SMITH"}],"circlet_count":0,"master_deck":["AscendersBane","Strike_G","Defend_G","Defend_G","Defend_G","Defend_G","Survivor","Neutralize+1","After Image+1","A Thousand Cuts+1","Deadly Poison","Backstab","Blade Dance+1","PiercingWail","Blade Dance+1","Choke+1","Accuracy+1","After Image+1","PiercingWail","Blade Dance+1","Leg Sweep+1","Finisher+1","Prepared+1","Calculated Gamble","Backstab","Caltrops+1"],"relics":["Ring of the Snake","Matryoshka","Bottled Flame","WristBlade","Red Mask","Ninja Scroll","MutagenicStrength","InkBottle","Snake Skull","StrikeDummy","Calipers","Sozu","The Courier","White Beast Statue","Blue Candle","TungstenRod","Mercury Hourglass","Nunchaku","Pantograph","Bag of Marbles"],"acts_visited":["Exordium","TheCity","TheBeyond","TheEnding"],"potions_floor_usage":[55,56],"damage_taken":[{"damage":1.0,"enemies":"Jaw Worm","floor":1.0,"turns":8.0},{"damage":0.0,"enemies":"2 Louse","floor":4.0,"turns":4.0},{"damage":0.0,"enemies":"Cultist","floor":5.0,"turns":4.0},{"damage":0.0,"enemies":"2 Fungi Beasts","floor":7.0,"turns":3.0},{"damage":8.0,"enemies":"Lagavulin","floor":11.0,"turns":6.0},{"damage":1.0,"enemies":"Blue Slaver","floor":12.0,"turns":2.0},{"damage":2.0,"enemies":"3 Louse","floor":14.0,"turns":3.0},{"damage":12.0,"enemies":"The Guardian","floor":16.0,"turns":8.0},{"damage":0.0,"enemies":"3 Byrds","floor":18.0,"turns":4.0},{"damage":0.0,"enemies":"Masked Bandits","floor":20.0,"turns":2.0},{"damage":0.0,"enemies":"Spheric Guardian","floor":22.0,"turns":1.0},{"damage":0.0,"enemies":"3 Cultists","floor":24.0,"turns":4.0},{"damage":0,"enemies":"Gremlin Leader","floor":27,"turns":5},{"damage":0,"enemies":"Slavers","floor":29,"turns":3},{"damage":0,"enemies":"Snecko","floor":31,"turns":1},{"damage":41,"enemies":"Automaton","floor":33,"turns":8},{"damage":0,"enemies":"Orb Walker","floor":35,"turns":1},{"damage":0,"enemies":"3 Shapes","floor":37,"turns":1},{"damage":0,"enemies":"Reptomancer","floor":41,"turns":2},{"damage":20,"enemies":"Nemesis","floor":45,"turns":5},{"damage":0,"enemies":"Maw","floor":46,"turns":4},{"damage":2,"enemies":"Donu and Deca","floor":50,"turns":9},{"damage":37,"enemies":"Awakened One","floor":51,"turns":10},{"damage":10,"enemies":"Shield and Spear","floor":55,"turns":4},{"damage":62,"enemies":"The Heart","floor":56,"turns":5}],"seed_played":"-4810718151494068994","potions_obtained":[{"floor":1.0,"key":"GamblersBrew"},{"floor":11.0,"key":"DistilledChaos"},{"floor":12.0,"key":"SkillPotion"},{"floor":14.0,"key":"Dexterity Potion"},{"floor":22.0,"key":"Energy Potion"},{"floor":27,"key":"DistilledChaos"}],"is_trial":false,"path_per_floor":["M","?","?","M","M","R","M","R","T","R","E","M","$","M","R","B",null,"M","?","?","?","M","R","M","?","T","E","?","E","R","M","R","B",null,"M","?","M","?","$","R","E","R","T","?","E","M","R","$","R","B","B",null,"R","$","E","B"],"character_chosen":"THE_SILENT","items_purchased":["Backstab","TungstenRod","Mercury Hourglass","Nunchaku","Pantograph"],"campfire_rested":1,"item_purchase_floors":[39,48,48,48,48],"current_hp_per_floor":[58,58,63,63,63,63,63,63,63,63,55,54,54,52,52,40,59,59,59,59,59,59,59,59,59,59,59,59,59,59,59,59,18,53,53,53,53,53,53,53,53,53,53,53,33,33,51,51,51,60,25,53,53,53,43,0,0],"gold":102,"neow_bonus":"TRANSFORM_TWO_CARDS","is_daily":false,"chose_seed":false,"campfire_upgraded":10,"win_rate":0.0,"timestamp":1613367862,"path_taken":["M","?","?","M","M","R","M","R","T","R","E","?","?","M","R","BOSS","M","?","?","?","M","R","M","?","T","E","?","E","R","M","R","BOSS","M","?","M","?","$","R","E","R","T","?","E","M","R","$","R","BOSS","BOSS","R","$","E","BOSS"],"items_purchased_type":["Card","Relic","Relic","Relic","Relic"],"build_version":"2020-12-22","purchased_purges":3,"victory":false,"max_hp_per_floor":[66,60,65,65,65,65,65,65,65,65,65,65,65,65,65,65,65,65,65,65,65,65,65,65,65,65,65,65,65,65,65,65,65,65,65,65,65,65,65,65,65,65,65,62,62,62,62,62,62,62,62,62,62,62,62,62,62],"card_choices":[{"not_picked":["Caltrops","Backflip"],"picked":"Deadly Poison","floor":1.0},{"not_picked":["Deflect","Backflip"],"picked":"Backstab","floor":4.0},{"not_picked":["PiercingWail","Terror"],"picked":"Blade Dance","floor":5.0},{"not_picked":["Bouncing Flask","Dodge and Roll"],"picked":"PiercingWail","floor":7.0},{"not_picked":["Deflect","Burst"],"picked":"Blade Dance","floor":11.0},{"not_picked":["Acrobatics","Prepared"],"picked":"Choke","floor":12.0},{"not_picked":["Infinite Blades","Predator"],"picked":"Accuracy","floor":14.0},{"not_picked":["Wraith Form v2","Malaise"],"picked":"After Image","floor":16.0},{"not_picked":["Endless Agony","Poisoned Stab"],"picked":"PiercingWail","floor":18.0},{"not_picked":["Poisoned Stab","Blur+1"],"picked":"Blade Dance","floor":20.0},{"not_picked":["Quick Slash","Dash","Deadly Poison"],"picked":"SKIP","floor":22.0},{"not_picked":["Deadly Poison","Poisoned Stab","Riddle With Holes"],"picked":"SKIP","floor":24.0},{"not_picked":["Catalyst","Poisoned Stab","Envenom"],"picked":"SKIP","floor":27},{"not_picked":["Deadly Poison","Flying Knee+1"],"picked":"Leg Sweep+1","floor":29},{"not_picked":["Blade Dance","Dodge and Roll"],"picked":"Finisher","floor":31},{"not_picked":["Catalyst+1","Sucker Punch"],"picked":"Prepared+1","floor":35},{"not_picked":["Tactician","Outmaneuver"],"picked":"Calculated Gamble","floor":37},{"not_picked":["Catalyst","Blur"],"picked":"Caltrops+1","floor":41},{"not_picked":["Infinite Blades+1","Dagger Throw+1","Flying Knee"],"picked":"SKIP","floor":45},{"not_picked":["Cloak And Dagger","Prepared","Outmaneuver"],"picked":"SKIP","floor":46},{"not_picked":["Quick Slash","Flechettes+1","Deadly Poison"],"picked":"SKIP","floor":55}],"player_experience":2388122,"relics_obtained":[{"floor":9.0,"key":"Matryoshka"},{"floor":11.0,"key":"Bottled Flame"},{"floor":20.0,"key":"Red Mask"},{"floor":26,"key":"InkBottle"},{"floor":26,"key":"Snake Skull"},{"floor":27,"key":"StrikeDummy"},{"floor":29,"key":"Calipers"},{"floor":41,"key":"The Courier"},{"floor":43,"key":"White Beast Statue"},{"floor":45,"key":"Blue Candle"},{"floor":55,"key":"Bag of Marbles"}],"event_choices":[{"damage_healed":0.0,"max_hp_gain":0.0,"max_hp_loss":6.0,"gold_gain":0.0,"event_name":"Golden Idol","player_choice":"Lose Max HP","floor":2.0,"gold_loss":0.0,"damage_taken":0.0,"relics_obtained":["Golden Idol"]},{"damage_healed":0.0,"max_hp_gain":5.0,"max_hp_loss":0.0,"gold_gain":0.0,"event_name":"Big Fish","player_choice":"Donut","floor":3.0,"gold_loss":0.0,"damage_taken":0.0},{"damage_healed":0.0,"max_hp_gain":0.0,"max_hp_loss":0.0,"gold_gain":50.0,"event_name":"Nest","player_choice":"Stole From Cult","floor":19.0,"gold_loss":0.0,"damage_taken":0.0},{"damage_healed":0.0,"max_hp_gain":0.0,"max_hp_loss":0.0,"gold_gain":0.0,"event_name":"Masked Bandits","player_choice":"Fought Bandits","floor":20.0,"gold_loss":0.0,"damage_taken":0.0},{"damage_healed":0.0,"max_hp_gain":0.0,"max_hp_loss":0.0,"gold_gain":0.0,"event_name":"Addict","player_choice":"Obtained Relic","floor":21.0,"gold_loss":85.0,"damage_taken":0.0,"relics_obtained":["Ninja Scroll"]},{"damage_healed":0,"gold_gain":0,"player_choice":"Inject Mutagens","damage_taken":0,"relics_obtained":["MutagenicStrength"],"max_hp_gain":0,"max_hp_loss":0,"event_name":"Drug Dealer","floor":25,"gold_loss":0},{"damage_healed":0,"gold_gain":0,"player_choice":"Ignored","damage_taken":0,"max_hp_gain":0,"max_hp_loss":0,"event_name":"N\u0027loth","floor":28,"gold_loss":0},{"damage_healed":0,"gold_gain":333,"player_choice":"Gave Idol","damage_taken":0,"max_hp_gain":0,"max_hp_loss":0,"event_name":"The Moai Head","floor":36,"relics_lost":["Golden Idol"],"gold_loss":0},{"damage_healed":0,"gold_gain":222,"player_choice":"Wore Mask","damage_taken":0,"max_hp_gain":0,"max_hp_loss":0,"event_name":"Tomb of Lord Red Mask","floor":38,"gold_loss":0},{"damage_healed":0,"gold_gain":0,"player_choice":"Max HP","damage_taken":0,"max_hp_gain":0,"max_hp_loss":3,"event_name":"Winding Halls","floor":44,"gold_loss":0}],"is_beta":false,"boss_relics":[{"not_picked":["Ectoplasm","Philosopher\u0027s Stone"],"picked":"WristBlade"},{"not_picked":["Black Star","Tiny House"],"picked":"Sozu"}],"items_purged_floors":[13,39,48],"is_endless":false,"potions_floor_spawned":[1,11,12,14,22,24,27,35,41,45,46,55],"killed_by":"The Heart","ascension_level":20}}