{"host":"6stms6pip0nke83b","time":1613348870,"event":{"mods":["BaseMod","Hermit","JesterMod","Minty Spire (QoL Compilation)","Quick Restart","Robot Space Explorer","Shade Mod","StSLib","The Cursed","The Death Knight","The Forsaken","The Hierophant","The IronCluck","The Marked","The Runesmith"],"gold_per_floor":[109,109,127,92,110,110,110,141,165,175,187,213,229,199,199,299,299,239,257,270,270,270,305,305,305,305,305,305,305,320,351,351,351,351],"floor_reached":33,"language":"ENG","playtime":3086,"items_purged":[],"score":318,"play_id":"63ab78a9-f79b-4eda-ba6e-409a76bd4fba","local_time":"20210215012750","is_ascension_mode":false,"campfire_choices":[{"floor":15,"key":"REST"},{"data":"TheCursedMod:HellsGateOpen","floor":24,"key":"SMITH"},{"data":"TheCursedMod:ForbiddenAlchemy","floor":27,"key":"SMITH"},{"floor":29,"key":"REST"},{"data":"TheCursedMod:SmokeScreen","floor":32,"key":"SMITH"}],"circlet_count":0,"master_deck":["TheCursedMod:Defend_TheCursed","TheCursedMod:Defend_TheCursed","TheCursedMod:Defend_TheCursed","TheCursedMod:CursedWand+1","TheCursedMod:CleanUpWorkshop","TheCursedMod:Dregs","TheCursedMod:WearCloak","TheCursedMod:ManaBullet","TheCursedMod:CursedStaff+1","TheCursedMod:Evocation","TheCursedMod:CursedSpellbook","TheCursedMod:BloodBarrier","TheCursedMod:LuckyCharm","TheCursedMod:RapidMovement","TheCursedMod:CursedAmulet","TheCursedMod:AbyssShockwave","TheCursedMod:ForbiddenAlchemy+1","TheCursedMod:HellsGateOpen+1","theForsaken:PlagueCurse","Shame","TheCursedMod:SpitefulPlan+1","Bite","Bite","Bite","Bite","Bite","Decay","TheCursedMod:WearCloak","TheCursedMod:SmokeScreen+1"],"relics":["TheCursedMod:BlackMagic101","NeowsBlessing","Regal Pillow","Oddly Smooth Stone","Runesmith:UraniumAnvil","theForsaken:PlagueMask","Frozen Egg 2","Whetstone","Smiling Mask","PreservedInsect"],"acts_visited":["Exordium","TheCity"],"potions_floor_usage":[13,16,19,23,23,23,23,23,23,30,30,31,33],"damage_taken":[{"damage":0,"enemies":"2 Louse","floor":1,"turns":1},{"damage":0,"enemies":"Cultist","floor":3,"turns":1},{"damage":0,"enemies":"Small Slimes","floor":5,"turns":2},{"damage":34,"enemies":"Lagavulin","floor":8,"turns":7},{"damage":0,"enemies":"Gremlin Gang","floor":10,"turns":4},{"damage":2,"enemies":"Exordium Thugs","floor":11,"turns":5},{"damage":20,"enemies":"3 Sentries","floor":12,"turns":10},{"damage":5,"enemies":"3 Louse","floor":13,"turns":6},{"damage":9,"enemies":"Looter","floor":14,"turns":4},{"damage":7,"enemies":"Slime Boss","floor":16,"turns":11},{"damage":8,"enemies":"2 Thieves","floor":18,"turns":4},{"damage":3,"enemies":"Shell Parasite","floor":19,"turns":7},{"damage":24,"enemies":"Shelled Parasite and Fungi","floor":20,"turns":7},{"damage":15,"enemies":"Gremlin Leader","floor":23,"turns":5},{"damage":6,"enemies":"Centurion and Healer","floor":30,"turns":5},{"damage":7,"enemies":"Book of Stabbing","floor":31,"turns":7},{"damage":96,"enemies":"Champ","floor":33,"turns":15}],"seed_played":"7541058763372139217","potions_obtained":[{"floor":5,"key":"PowerPotion"},{"floor":10,"key":"ColorlessPotion"},{"floor":12,"key":"SpeedPotion"},{"floor":16,"key":"DeathKnight:BottledBloodEchoes"},{"floor":30,"key":"Fire Potion"}],"is_trial":false,"path_per_floor":["M","?","M","$","M","?","?","E","T","M","M","E","M","M","R","B",null,"M","M","M","?","?","E","R","?","T","R","?","R","M","E","R","B"],"character_chosen":"THE_CURSED","items_purchased":["TheCursedMod:CursedStaff"],"campfire_rested":2,"item_purchase_floors":[4],"current_hp_per_floor":[75,75,75,75,75,68,68,34,34,36,36,18,15,8,45,40,75,67,66,44,44,44,31,31,31,31,31,31,68,66,67,67,0,0],"gold":351,"neow_bonus":"THREE_ENEMY_KILL","is_daily":false,"chose_seed":false,"campfire_upgraded":3,"win_rate":0.0,"timestamp":1613348870,"path_taken":["M","?","M","$","?","?","?","E","T","M","?","E","M","M","R","BOSS","M","M","?","?","?","E","R","?","T","R","?","R","M","E","R","BOSS"],"items_purchased_type":["Card"],"build_version":"2020-12-22","purchased_purges":0,"victory":false,"max_hp_per_floor":[75,75,75,75,75,75,75,75,75,75,75,75,75,75,75,75,75,75,75,75,75,75,75,75,75,75,75,75,75,75,75,75,75,75],"card_choices":[{"not_picked":["TheCursedMod:RapidMovement","TheCursedMod:Obscuration"],"picked":"TheCursedMod:WearCloak","floor":1},{"not_picked":["TheCursedMod:CursedMace","TheCursedMod:Evocation"],"picked":"TheCursedMod:ManaBullet","floor":3},{"not_picked":["TheCursedMod:SpitefulStrike","TheCursedMod:DoubleShield"],"picked":"TheCursedMod:Evocation","floor":5},{"not_picked":["TheCursedMod:Stretching","TheCursedMod:FleshFromBone"],"picked":"TheCursedMod:CursedSpellbook","floor":8},{"not_picked":["TheCursedMod:PrepareRite","TheCursedMod:BlessingInDisguise"],"picked":"TheCursedMod:BloodBarrier","floor":10},{"not_picked":["TheCursedMod:TacticalStrike","TheCursedMod:CollectTribute"],"picked":"TheCursedMod:LuckyCharm","floor":11},{"not_picked":["TheCursedMod:SpitefulPray","TheCursedMod:Stigma"],"picked":"TheCursedMod:RapidMovement","floor":12},{"not_picked":["TheCursedMod:CircleOfCorruption","TheCursedMod:Grudge"],"picked":"TheCursedMod:CursedAmulet","floor":13},{"not_picked":["TheCursedMod:CursedBlade","TheCursedMod:RavingStaff"],"picked":"TheCursedMod:AbyssShockwave","floor":14},{"not_picked":["TheCursedMod:UltimatePain","TheCursedMod:AntiAging"],"picked":"TheCursedMod:ForbiddenAlchemy","floor":16},{"not_picked":["TheCursedMod:AshesToAshes","TheCursedMod:Stigma","TheCursedMod:RapidMovement"],"picked":"SKIP","floor":18},{"not_picked":["TheCursedMod:Stretching","TheCursedMod:SoulReap+1","TheCursedMod:CircleOfAmplification+1"],"picked":"SKIP","floor":19},{"not_picked":["TheCursedMod:Stretching","TheCursedMod:CursedShiv"],"picked":"TheCursedMod:HellsGateOpen","floor":20},{"not_picked":["TheCursedMod:FuryStrike","TheCursedMod:CursedAmulet+1"],"picked":"TheCursedMod:SpitefulPlan+1","floor":23},{"not_picked":["TheCursedMod:CircleOfWindfury+1","TheCursedMod:FuryStrike"],"picked":"TheCursedMod:WearCloak","floor":30},{"not_picked":["TheCursedMod:Torture","TheCursedMod:CircleOfAmplification"],"picked":"TheCursedMod:SmokeScreen","floor":31}],"player_experience":796975,"relics_obtained":[{"floor":8,"key":"Blood Vial"},{"floor":9,"key":"Regal Pillow"},{"floor":12,"key":"Oddly Smooth Stone"},{"floor":23,"key":"Whetstone"},{"floor":26,"key":"Smiling Mask"},{"floor":31,"key":"PreservedInsect"}],"event_choices":[{"cards_removed":["TheCursedMod:Defend_TheCursed"],"damage_healed":0,"gold_gain":0,"player_choice":"Purged","damage_taken":0,"max_hp_gain":0,"max_hp_loss":0,"event_name":"Purifier","floor":2,"gold_loss":0},{"cards_removed":["TheCursedMod:Strike_TheCursed"],"damage_healed":0,"gold_gain":0,"player_choice":"Card Removal","damage_taken":7,"max_hp_gain":0,"max_hp_loss":0,"event_name":"Golden Wing","floor":6,"gold_loss":0},{"damage_healed":0,"gold_gain":0,"player_choice":"0 cards matched","damage_taken":0,"max_hp_gain":0,"max_hp_loss":0,"event_name":"Match and Keep!","floor":7,"gold_loss":0,"cards_obtained":[]},{"damage_healed":0,"gold_gain":0,"player_choice":"Obtain Plague Curse","damage_taken":0,"max_hp_gain":0,"max_hp_loss":0,"event_name":"Plague Doctor","floor":21,"gold_loss":0,"cards_obtained":["theForsaken:PlagueCurse"]},{"damage_healed":0,"gold_gain":0,"player_choice":"Stole Relic","damage_taken":0,"relics_obtained":["Frozen Egg 2"],"max_hp_gain":0,"max_hp_loss":0,"event_name":"Addict","floor":22,"gold_loss":0,"cards_obtained":["Shame"]},{"damage_healed":0,"gold_gain":0,"player_choice":"Became a vampire (Vial)","damage_taken":0,"max_hp_gain":0,"max_hp_loss":0,"event_name":"Vampires","floor":25,"relics_lost":["Blood Vial"],"gold_loss":0,"cards_obtained":["Bite","Bite","Bite","Bite","Bite"]},{"damage_healed":0,"gold_gain":0,"player_choice":"Smashed Altar","damage_taken":0,"max_hp_gain":0,"max_hp_loss":0,"event_name":"Forgotten Altar","floor":28,"gold_loss":0,"cards_obtained":["Decay"]}],"is_beta":false,"boss_relics":[{"not_picked":["Runic Dome","Sozu"],"picked":"Runesmith:UraniumAnvil"}],"items_purged_floors":[],"is_endless":false,"potions_floor_spawned":[5,10,12,16,20,30],"killed_by":"Champ","ascension_level":0}}