{"host":"r4aerl4ckfvw1dw3","time":1613368980,"event":{"mods":["BaseMod","BetterRewards","Minty Spire (QoL Compilation)","Quick Restart","StSLib"],"gold_per_floor":[109,120,133,133,58,91,91,116,189,203,219,219,236,246,246,246,246],"floor_reached":16,"language":"ENG","playtime":691,"items_purged":["Strike_B"],"score":131,"play_id":"d835ad02-2c42-4fc2-8c72-28cd69966f8e","local_time":"20210214220300","is_ascension_mode":true,"campfire_choices":[{"data":"Zap","floor":7,"key":"SMITH"},{"floor":12,"key":"REST"},{"data":"Doom and Gloom","floor":15,"key":"SMITH"}],"circlet_count":0,"master_deck":["Strike_B","Strike_B","Strike_B","Defend_B+1","Defend_B+1","Defend_B","Defend_B","Zap+1","Dualcast","Meteor Strike","Ball Lightning","Coolheaded","Turbo","Multi-Cast","Cold Snap","Stack","Doom and Gloom+1","Coolheaded"],"relics":["Cracked Core","Gambling Chip","War Paint","Bottled Flame"],"acts_visited":["Exordium"],"potions_floor_usage":[6,8,16],"damage_taken":[{"damage":8,"enemies":"2 Louse","floor":1,"turns":3},{"damage":1,"enemies":"Cultist","floor":2,"turns":3},{"damage":2,"enemies":"Jaw Worm","floor":3,"turns":3},{"damage":6,"enemies":"Gremlin Nob","floor":6,"turns":3},{"damage":15,"enemies":"3 Sentries","floor":8,"turns":7},{"damage":4,"enemies":"Red Slaver","floor":10,"turns":2},{"damage":4,"enemies":"2 Fungi Beasts","floor":11,"turns":3},{"damage":3,"enemies":"Blue Slaver","floor":13,"turns":3},{"damage":0,"enemies":"Large Slime","floor":14,"turns":4},{"damage":55,"enemies":"Slime Boss","floor":16,"turns":11}],"seed_played":"-8435783970599737328","potions_obtained":[{"floor":1,"key":"Block Potion"},{"floor":2,"key":"Fire Potion"},{"floor":4,"key":"ColorlessPotion"},{"floor":8,"key":"Weak Potion"},{"floor":10,"key":"Energy Potion"},{"floor":14,"key":"SkillPotion"}],"is_trial":false,"path_per_floor":["M","M","M","?","$","E","R","E","T","M","M","R","M","M","R","B"],"character_chosen":"DEFECT","items_purchased":[],"campfire_rested":1,"item_purchase_floors":[],"current_hp_per_floor":[67,66,64,64,64,58,58,43,43,39,35,57,54,54,54,0,0],"gold":246,"neow_bonus":"ONE_RANDOM_RARE_CARD","is_daily":false,"chose_seed":false,"campfire_upgraded":2,"win_rate":0.0,"timestamp":1613368980,"path_taken":["M","M","M","?","$","E","R","E","T","M","?","R","?","M","R","BOSS"],"items_purchased_type":[],"build_version":"2020-12-22","purchased_purges":1,"victory":false,"max_hp_per_floor":[75,75,75,75,75,75,75,75,75,75,75,75,75,75,75,75,75],"card_choices":[{"not_picked":["Heatsinks","Reinforced Body"],"picked":"Ball Lightning","floor":1},{"not_picked":["Streamline","Hello World"],"picked":"Coolheaded","floor":2},{"not_picked":["Hello World","Sunder"],"picked":"Turbo","floor":3},{"not_picked":["Chill","Aggregate"],"picked":"Multi-Cast","floor":6},{"not_picked":["Compile Driver","Streamline"],"picked":"Cold Snap","floor":8},{"not_picked":["FTL","Ball Lightning"],"picked":"Stack","floor":10},{"not_picked":["Static Discharge","Coolheaded"],"picked":"Doom and Gloom","floor":11},{"not_picked":["Recycle","Hologram"],"picked":"Coolheaded","floor":13},{"not_picked":["Recycle","Rip and Tear","Turbo"],"picked":"SKIP","floor":14}],"player_experience":591597,"relics_obtained":[{"floor":6,"key":"Gambling Chip"},{"floor":8,"key":"War Paint"},{"floor":9,"key":"Bottled Flame"}],"event_choices":[{"damage_healed":0,"gold_gain":0,"player_choice":"Got Potions","damage_taken":0,"max_hp_gain":0,"max_hp_loss":0,"event_name":"Lab","floor":4,"gold_loss":0}],"is_beta":false,"boss_relics":[],"items_purged_floors":[5],"is_endless":false,"potions_floor_spawned":[1,2,8,10,13,14],"killed_by":"Slime Boss","ascension_level":3}}