{"host":"3c8x8j1h2jyrixpf","time":1613419047,"event":{"mods":["BaseMod","Colored Powertips","Highlight Path","Minty Spire (QoL Compilation)","StSLib"],"gold_per_floor":[110,128,140,156,173,173,198,198,198,226,226,326,326,326],"floor_reached":13,"language":"ENG","playtime":363,"items_purged":[],"score":147,"play_id":"c696fb79-9e78-482d-ae40-18e94b4784c7","local_time":"20210215135727","is_ascension_mode":true,"campfire_choices":[{"floor":6,"key":"REST"},{"floor":8,"key":"REST"}],"circlet_count":0,"master_deck":["AscendersBane","Strike_B","Strike_B","Strike_B","Strike_B","Defend_B","Defend_B","Defend_B","Defend_B","Zap","Dualcast","CurseOfTheBell","Barrage+1","Skim","Lockon+1","Static Discharge","Doom and Gloom+1","Core Surge+1","Loop","Ball Lightning+1","Genetic Algorithm","Stack+1"],"relics":["Calling Bell","Vajra","Molten Egg 2","Prayer Wheel","Centennial Puzzle","Toxic Egg 2","Lantern"],"acts_visited":[],"potions_floor_usage":[10,10,10],"damage_taken":[{"damage":1.0,"enemies":"Cultist","floor":1.0,"turns":3.0},{"damage":12.0,"enemies":"Jaw Worm","floor":2.0,"turns":4.0},{"damage":13.0,"enemies":"Small Slimes","floor":3.0,"turns":3.0},{"damage":14.0,"enemies":"Red Slaver","floor":4.0,"turns":4.0},{"damage":10.0,"enemies":"Exordium Wildlife","floor":5.0,"turns":4.0},{"damage":30,"enemies":"3 Sentries","floor":7,"turns":5},{"damage":24,"enemies":"Gremlin Nob","floor":10,"turns":3},{"damage":10,"enemies":"3 Sentries","floor":13,"turns":2}],"seed_played":"-5208440692907786160","potions_obtained":[{"floor":1.0,"key":"DuplicationPotion"},{"floor":2.0,"key":"FearPotion"},{"floor":3.0,"key":"EntropicBrew"}],"is_trial":false,"path_per_floor":["M","M","M","M","M","R","E","R","T","E","?","?","E"],"character_chosen":"DEFECT","items_purchased":[],"campfire_rested":2,"item_purchase_floors":[],"current_hp_per_floor":[67,55,42,28,18,40,10,32,32,8,8,8,0,0],"gold":326,"neow_bonus":"BOSS_RELIC","is_daily":false,"chose_seed":false,"campfire_upgraded":0,"win_rate":0.0,"timestamp":1613419047,"path_taken":["M","M","?","M","M","R","E","R","T","E","?","?","E"],"items_purchased_type":[],"build_version":"2020-12-22","purchased_purges":0,"victory":false,"max_hp_per_floor":[75,75,75,75,75,75,75,75,75,75,75,75,75,75],"card_choices":[{"not_picked":["Conserve Battery","Steam"],"picked":"Barrage+1","floor":1.0},{"not_picked":["Redo","Reprogram"],"picked":"Skim","floor":1.0},{"not_picked":["Barrage+1","Steam"],"picked":"Lockon+1","floor":2.0},{"not_picked":["White Noise","Ball Lightning+1"],"picked":"Static Discharge","floor":2.0},{"not_picked":["Melter+1","Gash+1"],"picked":"Doom and Gloom+1","floor":3.0},{"not_picked":["Ball Lightning+1","Glacier"],"picked":"Core Surge+1","floor":3.0},{"not_picked":["Darkness","Sweeping Beam+1"],"picked":"Loop","floor":4.0},{"not_picked":["Gash+1","Leap","Turbo"],"picked":"SKIP","floor":4.0},{"not_picked":["Conserve Battery","Steam"],"picked":"Ball Lightning+1","floor":5.0},{"not_picked":["Compile Driver+1","Sunder+1","Redo"],"picked":"SKIP","floor":5.0},{"not_picked":["Leap","Heatsinks"],"picked":"Genetic Algorithm","floor":7},{"not_picked":["Chaos+1","Amplify+1"],"picked":"Stack+1","floor":10}],"player_experience":250524,"relics_obtained":[{"floor":0.0,"key":"Vajra"},{"floor":0.0,"key":"Molten Egg 2"},{"floor":0.0,"key":"Prayer Wheel"},{"floor":7,"key":"Centennial Puzzle"},{"floor":9,"key":"Toxic Egg 2"},{"floor":10,"key":"Lantern"}],"event_choices":[{"damage_healed":0,"gold_gain":0,"player_choice":"Ignored","damage_taken":0,"max_hp_gain":0,"max_hp_loss":0,"event_name":"Liars Game","floor":11,"gold_loss":0},{"damage_healed":0,"gold_gain":100,"player_choice":"Pray","damage_taken":0,"max_hp_gain":0,"max_hp_loss":0,"event_name":"Golden Shrine","floor":12,"gold_loss":0}],"is_beta":false,"boss_relics":[],"items_purged_floors":[],"is_endless":false,"potions_floor_spawned":[1,2,3],"killed_by":"3 Sentries","ascension_level":11}}