{"host":"4gr5irrdjh39ysed","time":1613352281,"event":{"mods":["AchievementEnabler","BaseMod","Colored Map","Downfall","Hermit","Minty Spire (QoL Compilation)","Random Character Button","StSLib","The Construct","The Cursed","The Disciple","The Hierophant","The Mystic","The Necromancer","The Runesmith"],"gold_per_floor":[114,130,16,33,33,33,71,71,94,128,128,8,24,37,37,135,135,154,174,174,74,88,88,108,131,157,175,217,92,92,126,126,231,231,255,278,128,128,156,156,184,227,227,255,282,282,282,305,305,305,305,305,91,143,143],"floor_reached":56,"language":"ENG","playtime":2990,"items_purged":["Defend_B","Defend_B","Defend_B","Defend_B"],"score":2082,"play_id":"8909b791-6f11-4d14-b84e-672f0585617c","local_time":"20210214182441","is_ascension_mode":true,"campfire_choices":[{"floor":6,"key":"RECALL"},{"data":"Streamline","floor":8,"key":"SMITH"},{"data":"Fusion","floor":11,"key":"SMITH"},{"data":"Reboot","floor":15,"key":"SMITH"},{"data":"Rainbow","floor":23,"key":"SMITH"},{"data":"Consume","floor":30,"key":"SMITH"},{"data":"Blizzard","floor":32,"key":"SMITH"},{"data":"Thunder Strike","floor":40,"key":"SMITH"},{"data":"Barrage","floor":46,"key":"SMITH"},{"data":"Lockon","floor":49,"key":"SMITH"},{"data":"Lockon","floor":52,"key":"SMITH"}],"circlet_count":0,"master_deck":["AscendersBane","Strike_B","Strike_B","Strike_B","Strike_B","Zap","Dualcast","Conserve Battery","Fusion+1","Rip and Tear","Redo","Streamline+1","Cold Snap","Lockon+1","Defragment+1","Reboot+1","Electrodynamics+1","Consume+1","Chill","Rainbow+1","Cold Snap","Sweeping Beam","Ball Lightning","Blizzard+1","Sweeping Beam","Compile Driver","Thunder Strike+1","Melter","Compile Driver+1","Lockon+1","Barrage+1","Capacitor+1","Electrodynamics+1","Barrage+1","Mayhem+1","FTL","Consume+1"],"relics":["Inserter","Golden Idol","Art of War","Frozen Egg 2","Nuclear Battery","DataDisk","CeramicFish","Sozu","Mummified Hand","MealTicket","Oddly Smooth Stone"],"acts_visited":["Exordium","TheCity","TheBeyond","TheEnding"],"potions_floor_usage":[10,13,16,22,31,33,55],"damage_taken":[{"damage":7,"enemies":"Cultist","floor":1,"turns":4},{"damage":28,"enemies":"Small Slimes","floor":2,"turns":5},{"damage":19,"enemies":"Jaw Worm","floor":4,"turns":4},{"damage":51,"enemies":"3 Sentries","floor":7,"turns":8},{"damage":40,"enemies":"Lagavulin","floor":10,"turns":6},{"damage":37,"enemies":"Gremlin Gang","floor":13,"turns":4},{"damage":22,"enemies":"Looter","floor":14,"turns":3},{"damage":66,"enemies":"Slime Boss","floor":16,"turns":12},{"damage":20,"enemies":"3 Byrds","floor":18,"turns":3},{"damage":39,"enemies":"Shell Parasite","floor":19,"turns":4},{"damage":25,"enemies":"Sentry and Sphere","floor":22,"turns":4},{"damage":13,"enemies":"Snecko","floor":24,"turns":5},{"damage":21,"enemies":"Cultist and Chosen","floor":25,"turns":4},{"damage":41,"enemies":"Shelled Parasite and Fungi","floor":27,"turns":4},{"damage":33,"enemies":"Book of Stabbing","floor":28,"turns":5},{"damage":33,"enemies":"Snake Plant","floor":31,"turns":5},{"damage":79,"enemies":"Collector","floor":33,"turns":7},{"damage":13,"enemies":"Orb Walker","floor":35,"turns":2},{"damage":13,"enemies":"3 Shapes","floor":36,"turns":2},{"damage":19,"enemies":"3 Darklings","floor":39,"turns":3},{"damage":104,"enemies":"Spire Growth","floor":41,"turns":5},{"damage":69,"enemies":"Reptomancer","floor":42,"turns":5},{"damage":28,"enemies":"Jaw Worm Horde","floor":44,"turns":3},{"damage":12,"enemies":"Writhing Mass","floor":45,"turns":4},{"damage":30,"enemies":"Maw","floor":48,"turns":4},{"damage":191,"enemies":"Awakened One","floor":50,"turns":9},{"damage":174,"enemies":"Shield and Spear","floor":54,"turns":7},{"damage":356,"enemies":"The Heart","floor":55,"turns":11}],"seed_played":"5254690800563389194","potions_obtained":[{"floor":1,"key":"Energy Potion"},{"floor":2,"key":"EssenceOfSteel"},{"floor":10,"key":"Explosive Potion"},{"floor":16,"key":"Explosive Potion"},{"floor":19,"key":"bronze:BurnAndBuffPotion"},{"floor":24,"key":"Fruit Juice"},{"floor":31,"key":"Regen Potion"}],"is_trial":false,"path_per_floor":["M","M","$","M","?","R","E","R","T","E","R","$","M","M","R","B",null,"M","M","?","$","M","R","M","M","T","M","E","$","R","M","R","B",null,"M","M","$","?","M","R","M","E","T","M","M","R","?","M","R","B",null,"R","$","E","B",null],"character_chosen":"DEFECT","items_purchased":["Rip and Tear","Lockon","Defragment+1","Mayhem+1","FTL"],"campfire_rested":0,"item_purchase_floors":[3,12,12,53,53],"current_hp_per_floor":[2057,2029,2029,2010,1864,1864,1813,1813,1813,1773,1773,1773,1736,1714,1714,1648,1810,1790,1751,1751,1751,1726,1726,1713,1692,1692,1651,1618,1618,1618,1590,1590,1526,1783,1770,1757,1757,1477,1458,1458,1354,1285,1285,1257,1245,1245,1245,1215,1215,1024,1658,1658,1673,1499,1143],"gold":143,"neow_bonus":"BOSS_RELIC","is_daily":false,"chose_seed":false,"campfire_upgraded":10,"win_rate":0.0,"timestamp":1613352281,"path_taken":["M","M","$","M","?","R","E","R","T","E","R","$","M","M","R","BOSS","M","M","?","$","M","R","M","M","T","M","E","$","R","M","R","BOSS","M","M","$","?","M","R","?","E","T","?","M","R","?","?","R","BOSS","R","$","E","BOSS"],"items_purchased_type":["Card","Card","Card","Card","Card"],"build_version":"2020-12-22","purchased_purges":4,"victory":true,"max_hp_per_floor":[2071,2071,2071,2071,1864,1864,1864,1864,1864,1864,1864,1864,1864,1864,1864,1864,1864,1864,1864,1864,1864,1864,1864,1864,1864,1864,1864,1864,1864,1864,1869,1869,1869,1869,1869,1869,1869,1869,1869,1869,1869,1869,1869,1869,1869,1869,1869,1869,1869,1869,1869,1869,1869,1869,1869],"card_choices":[{"not_picked":["Compile Driver","Static Discharge"],"picked":"Conserve Battery","floor":1},{"not_picked":["Storm","Steam"],"picked":"Fusion","floor":2},{"not_picked":["Self Repair","Go for the Eyes"],"picked":"Redo","floor":4},{"not_picked":["Beam Cell","Conserve Battery"],"picked":"Streamline","floor":7},{"not_picked":["Leap","Conserve Battery"],"picked":"Cold Snap","floor":10},{"not_picked":["Leap","Steam Power"],"picked":"Reboot","floor":13},{"not_picked":["Stack","Hello World+1","Steam"],"picked":"SKIP","floor":14},{"not_picked":["Biased Cognition+1","Meteor Strike"],"picked":"Electrodynamics+1","floor":16},{"not_picked":["Fusion","Coolheaded"],"picked":"Consume","floor":18},{"not_picked":["Beam Cell","Rebound"],"picked":"Chill","floor":19},{"not_picked":["Double Energy","Reinforced Body"],"picked":"Cold Snap","floor":22},{"not_picked":["Compile Driver","Steam Power"],"picked":"Sweeping Beam","floor":24},{"not_picked":["Gash","Hologram"],"picked":"Ball Lightning","floor":25},{"not_picked":["Steam","Streamline"],"picked":"Blizzard","floor":27},{"not_picked":["Steam","White Noise"],"picked":"Sweeping Beam","floor":28},{"not_picked":["Steam","Cold Snap"],"picked":"Compile Driver","floor":31},{"not_picked":["Core Surge","Echo Form+1"],"picked":"Thunder Strike","floor":33},{"not_picked":["Rebound","Hologram+1"],"picked":"Melter","floor":35},{"not_picked":["Rebound","Scrape","Sweeping Beam"],"picked":"SKIP","floor":36},{"not_picked":["Beam Cell","Hologram"],"picked":"Compile Driver+1","floor":39},{"not_picked":["Hologram","Gash"],"picked":"Lockon","floor":41},{"not_picked":["Melter","Cold Snap"],"picked":"Barrage","floor":42},{"not_picked":["Beam Cell","Coolheaded+1"],"picked":"Capacitor+1","floor":44},{"not_picked":["Go for the Eyes+1","Glacier+1"],"picked":"Electrodynamics+1","floor":45},{"not_picked":["Redo","Gash"],"picked":"Barrage+1","floor":48},{"not_picked":["Reprogram+1","Coolheaded+1"],"picked":"Consume+1","floor":54}],"player_experience":363758,"relics_obtained":[{"floor":7,"key":"Art of War"},{"floor":10,"key":"Frozen Egg 2"},{"floor":26,"key":"DataDisk"},{"floor":28,"key":"CeramicFish"},{"floor":42,"key":"Mummified Hand"},{"floor":43,"key":"MealTicket"},{"floor":54,"key":"Oddly Smooth Stone"}],"event_choices":[{"damage_healed":0,"gold_gain":0,"player_choice":"Lose Max HP","damage_taken":0,"relics_obtained":["Golden Idol"],"max_hp_gain":0,"max_hp_loss":207,"event_name":"Golden Idol","floor":5,"gold_loss":0},{"damage_healed":0,"gold_gain":0,"player_choice":"Read","damage_taken":0,"max_hp_gain":0,"max_hp_loss":0,"event_name":"The Library","floor":20,"gold_loss":0,"cards_obtained":["Rainbow"]},{"damage_healed":0,"gold_gain":0,"player_choice":"Damaged","damage_taken":280,"max_hp_gain":0,"max_hp_loss":0,"event_name":"Wheel of Change","floor":38,"gold_loss":0},{"damage_healed":0,"gold_gain":0,"player_choice":"Got Potions","damage_taken":0,"max_hp_gain":0,"max_hp_loss":0,"event_name":"Lab","floor":47,"gold_loss":0}],"is_beta":false,"boss_relics":[{"not_picked":["Astrolabe","Ectoplasm"],"picked":"Nuclear Battery"},{"not_picked":["Runic Pyramid","Tiny House"],"picked":"Sozu"}],"items_purged_floors":[3,21,29,37],"is_endless":false,"potions_floor_spawned":[1,2,10,16,19,24,25,27,31,36,41,42,45,48,54],"ascension_level":19}}