{"host":"wqsqub3crsxqknzv","time":1613403110,"event":{"mods":["BaseMod","Colored Powertips","Lobotomy","LobotomyExtend","Minty Spire (QoL Compilation)","StSLib"],"gold_per_floor":[110,128,143,93,93,93,119,119,119,151,167,167,167,180,180,279,279,291,206,206,218,230,265,275,292,317,329,329,356,206,16,16,121,121,134,0,0,11,25,52,52,52,52,78,89,89,89,89,89,89],"floor_reached":51,"playtime":1026,"items_purged":["SpecialBullet"],"score":1135,"play_id":"51c7ef3c-61d8-443e-ba5a-368039c3a543","local_time":"20210215173150","is_ascension_mode":false,"campfire_choices":[],"circlet_count":0,"master_deck":["Funeral","CENSORED","BodiesMountain","SpecialBullet","SpecialBullet","SpecialBullet","SpecialBullet","InformationCode","TrainingCode","RecordCode","Moonlight+1","Soda","Logging+1","WristCuter","BlackSwan_ego","Mimicry","SwordSharpenedByTears+1","PunishingBird","Necronomicurse","Twilight","Pinks","CurseOfTheBell","Ecstasy+1","Moonlight","SecurityCode"],"relics":["CogitoBucket","RabbitCall","LetterFromLob","Shuriken","Dream Catcher","Toy Ornithopter","BackwardClock","Snecko Eye","Letter Opener","Bag of Preparation","PreservedInsect","Necronomicon","Tiny Chest","Membership Card","Orichalcum","TheSmile_r","CENSORED_r","Calling Bell","Nunchaku","Mummified Hand","Prayer Wheel","AtMidnight","Red Mask","SolemnVow_r","Kunai","Bottled Tornado","Eternal Feather","Thread and Needle"],"acts_visited":["Exordium","TheCity","TheBeyond"],"potions_floor_usage":[16,22,51,51,51,51],"damage_taken":[{"damage":0,"enemies":"Cultist","floor":1,"turns":3},{"damage":10,"enemies":"Small Slimes","floor":2,"turns":3},{"damage":9,"enemies":"2 Louse","floor":3,"turns":2},{"damage":0,"enemies":"Lagavulin","floor":7,"turns":6},{"damage":18,"enemies":"3 Sentries","floor":10,"turns":5},{"damage":0,"enemies":"2 Fungi Beasts","floor":11,"turns":1},{"damage":13,"enemies":"Red Slaver","floor":14,"turns":2},{"damage":0,"enemies":"The Guardian","floor":16,"turns":6},{"damage":0,"enemies":"2 Thieves","floor":18,"turns":2},{"damage":0,"enemies":"Spheric Guardian","floor":21,"turns":2},{"damage":23,"enemies":"3 Cultists","floor":22,"turns":1},{"damage":6,"enemies":"Gremlin Leader","floor":23,"turns":2},{"damage":0,"enemies":"Snecko","floor":24,"turns":2},{"damage":2,"enemies":"Chosen and Byrds","floor":25,"turns":2},{"damage":0,"enemies":"3 Cultists","floor":27,"turns":1},{"damage":0,"enemies":"Automaton","floor":33,"turns":4},{"damage":0,"enemies":"Orb Walker","floor":35,"turns":1},{"damage":0,"enemies":"3 Darklings","floor":38,"turns":1},{"damage":0,"enemies":"Maw","floor":39,"turns":2},{"damage":62,"enemies":"Reptomancer","floor":40,"turns":3},{"damage":0,"enemies":"Giant Head","floor":44,"turns":1},{"damage":6,"enemies":"4 Shapes","floor":45,"turns":1},{"damage":0,"enemies":"Donu and Deca","floor":50,"turns":2},{"damage":0,"enemies":"Malkuth","floor":51,"turns":4},{"damage":23,"enemies":"Hod","floor":51,"turns":5},{"damage":87,"enemies":"Chesed","floor":51,"turns":6},{"damage":162,"enemies":"Binah","floor":51,"turns":5}],"seed_played":"7921448774392701749","potions_obtained":[{"floor":14,"key":"LiquidMemories"},{"floor":16,"key":"Swift Potion"},{"floor":24,"key":"SpeedPotion"},{"floor":27,"key":"PowerPotion"},{"floor":38,"key":"Dexterity Potion"},{"floor":39,"key":"Explosive Potion"}],"is_trial":false,"path_per_floor":["M","M","M","?","?","R","E","?","T","E","M","M","?","M","R","B",null,"M","?","?","M","M","E","M","M","T","M","?","T","$","$","R","B",null,"M","?","$","M","M","E","R","?","T","E","M","T","R","?","R","B",null],"character_chosen":"Angela","items_purchased":["Membership Card","Twilight","Orichalcum"],"campfire_rested":0,"item_purchase_floors":[30,31,31],"current_hp_per_floor":[70,60,52,52,38,38,39,39,39,23,27,30,23,10,10,17,74,74,74,74,78,60,56,57,57,57,61,45,45,45,45,45,51,82,82,82,82,82,86,48,172,172,172,172,166,166,172,172,172,172],"gold":89,"neow_bonus":"TRANSFORM_TWO_CARDS","is_daily":false,"chose_seed":false,"campfire_upgraded":0,"win_rate":0.0,"timestamp":1613403110,"path_taken":["M","?","M","?","?","R","E","?","T","E","?","M","?","M","R","BOSS","M","?","?","M","M","E","M","M","T","M","?","?","?","$","R","BOSS","M","?","$","M","M","E","R","?","T","E","M","?","R","?","R","BOSS"],"items_purchased_type":["Relic","Card","Relic"],"build_version":"2020-11-29","purchased_purges":1,"victory":true,"max_hp_per_floor":[70,70,70,70,70,70,70,70,70,70,74,74,74,74,74,74,74,74,74,74,78,78,78,78,78,78,82,82,82,82,82,82,82,82,82,82,82,82,86,86,172,172,172,172,172,172,172,172,172,172],"card_choices":[{"not_picked":["WallGazer","UniverseFragment"],"picked":"OSAHOGD","floor":1},{"not_picked":["BearPaw"],"picked":"Logging","floor":1},{"not_picked":["RedEyes"],"picked":"InTheNameOfLoveAndHate","floor":2},{"not_picked":["CherryBlossom","Hypocrisy"],"picked":"SKIP","floor":3},{"not_picked":["Wingbeat","Horn"],"picked":"SKIP","floor":7},{"not_picked":["Horn"],"picked":"WristCuter","floor":10},{"not_picked":["VoidDream","Murderer"],"picked":"BodiesMountain","floor":11},{"not_picked":["FourthMatchFlame","Loneliness"],"picked":"SKIP","floor":11},{"not_picked":["Pinks"],"picked":"BlackSwan_ego","floor":14},{"not_picked":["DaCapo"],"picked":"Mimicry","floor":16},{"not_picked":["BlueScar","RedEyes"],"picked":"SKIP","floor":18},{"not_picked":["OSAHOGD","BigBadWolf"],"picked":"CENSORED","floor":21},{"not_picked":["Harvest"],"picked":"SwordSharpenedByTears+1","floor":21},{"not_picked":["WristCuter+1"],"picked":"CENSORED_ego","floor":22},{"not_picked":["Laetitia_ego","Pleasure"],"picked":"SKIP","floor":23},{"not_picked":["WristCuter","Horn"],"picked":"SKIP","floor":24},{"not_picked":["MagicBullet","CUTE"],"picked":"SKIP","floor":25},{"not_picked":["MHz","FairyFestival"],"picked":"PunishingBird","floor":27},{"not_picked":["Lamp+1","FourthMatchFlame+1"],"picked":"SKIP","floor":27},{"not_picked":["CENSORED_ego"],"picked":"Pinks","floor":33},{"not_picked":["RedEyes+1"],"picked":"Ecstasy+1","floor":35},{"not_picked":["WristCuter","FeatherOfHonor+1"],"picked":"SKIP","floor":35},{"not_picked":["SwordSharpenedByTears+1","Soda+1"],"picked":"SKIP","floor":38},{"not_picked":["FeatherOfHonor+1","Ecstasy+1"],"picked":"SKIP","floor":38},{"not_picked":["Woodsman","DespairKnight"],"picked":"Funeral","floor":39},{"not_picked":["FeatherOfHonor+1","BloodyDesire"],"picked":"SKIP","floor":39},{"not_picked":["WristCuter+1","Penitence+1"],"picked":"SKIP","floor":39},{"not_picked":["Horn","Regret_ego"],"picked":"SKIP","floor":40},{"not_picked":["TodaysExpression"],"picked":"Moonlight","floor":44},{"not_picked":["Harvest","SwordSharpenedByTears+1"],"picked":"SKIP","floor":44},{"not_picked":["Regret_ego","CrimsonScar"],"picked":"SKIP","floor":45},{"not_picked":["Harvest+1","Christmas+1"],"picked":"SKIP","floor":45},{"not_picked":["TheSmile","SomewhereSpear"],"picked":"SKIP","floor":45}],"player_experience":26180,"relics_obtained":[{"floor":1,"key":"LetterFromLob"},{"floor":7,"key":"Shuriken"},{"floor":9,"key":"Dream Catcher"},{"floor":10,"key":"Toy Ornithopter"},{"floor":23,"key":"Bag of Preparation"},{"floor":26,"key":"PreservedInsect"},{"floor":28,"key":"Necronomicon"},{"floor":29,"key":"Tiny Chest"},{"floor":34,"key":"Nunchaku"},{"floor":34,"key":"Mummified Hand"},{"floor":34,"key":"Prayer Wheel"},{"floor":35,"key":"AtMidnight"},{"floor":40,"key":"Kunai"},{"floor":43,"key":"Bottled Tornado"},{"floor":44,"key":"Eternal Feather"},{"floor":46,"key":"Thread and Needle"}],"event_choices":[{"cards_removed":["Decay"],"damage_healed":0,"gold_gain":0,"player_choice":"Card Removal","damage_taken":0,"max_hp_gain":0,"max_hp_loss":0,"event_name":"The Cleric","floor":4,"gold_loss":50},{"damage_healed":0,"gold_gain":0,"player_choice":"Entered Light","damage_taken":14,"max_hp_gain":0,"max_hp_loss":0,"event_name":"Shining Light","floor":5,"gold_loss":0,"cards_upgraded":["Moonlight","Logging"]},{"damage_healed":0,"gold_gain":0,"player_choice":"Forge","damage_taken":0,"max_hp_gain":0,"max_hp_loss":0,"event_name":"Accursed Blacksmith","floor":8,"gold_loss":0,"cards_upgraded":["InTheNameOfLoveAndHate"]},{"cards_removed":["SpecialBullet"],"damage_healed":0,"gold_gain":0,"player_choice":"Card Removal","damage_taken":7,"max_hp_gain":0,"max_hp_loss":0,"event_name":"Golden Wing","floor":13,"gold_loss":0},{"damage_healed":0,"gold_gain":0,"player_choice":"Obtained Relic","damage_taken":0,"relics_obtained":["Letter Opener"],"max_hp_gain":0,"max_hp_loss":0,"event_name":"Addict","floor":19,"gold_loss":85},{"damage_healed":0,"gold_gain":0,"cards_transformed":["OSAHOGD"],"player_choice":"Transformed","damage_taken":0,"max_hp_gain":0,"max_hp_loss":0,"event_name":"Transmorgrifier","floor":20,"gold_loss":0,"cards_obtained":["CENSORED_ego"]},{"damage_healed":0,"gold_gain":0,"player_choice":"Obtained Book","damage_taken":16,"max_hp_gain":0,"max_hp_loss":0,"event_name":"Cursed Tome","floor":28,"gold_loss":0},{"damage_healed":0,"gold_gain":0,"player_choice":"Paid","damage_taken":0,"relics_obtained":["Red Mask"],"max_hp_gain":0,"max_hp_loss":0,"event_name":"Tomb of Lord Red Mask","floor":36,"gold_loss":134},{"damage_healed":0,"gold_gain":0,"player_choice":"Got Potions","damage_taken":0,"max_hp_gain":0,"max_hp_loss":0,"event_name":"Lab","floor":48,"gold_loss":0}],"is_beta":false,"boss_relics":[{"not_picked":["Astrolabe","Fusion Hammer"],"picked":"Snecko Eye"},{"not_picked":["Runic Pyramid","SacredBark"],"picked":"Calling Bell"}],"items_purged_floors":[31],"is_endless":false,"potions_floor_spawned":[14,16,24,27,38,39],"ascension_level":0}}