{"host":"gc0hqzwg2gd3zszy","time":1613400197,"event":{"mods":["BaseMod","DeckTracker","Minty Spire (QoL Compilation)","Relic Stats","SuperFastMode"],"gold_per_floor":[119,44,44,44,62,89,103,129,129,129,45,45,58,75,75,154,154,168,168,10,25,42,70,88,88,111,129,129,148,161,51,51,128,128,146,171,189,189,202,202,235,73,97,97,97,97,22,22,22,22,22],"floor_reached":50,"language":"KOR","playtime":1972,"items_purged":["Entrench"],"score":1100,"play_id":"4bf3b6b5-ad78-4541-b5f9-189920160416","local_time":"20210215234317","is_ascension_mode":true,"campfire_choices":[{"data":"Bash","floor":10.0,"key":"SMITH"},{"data":"Fire Breathing","floor":12.0,"key":"SMITH"},{"data":"Anger","floor":15.0,"key":"SMITH"},{"floor":25.0,"key":"REST"},{"floor":28.0,"key":"REST"},{"floor":32.0,"key":"REST"},{"floor":40.0,"key":"REST"},{"floor":46.0,"key":"REST"},{"floor":49.0,"key":"RECALL"}],"circlet_count":0,"master_deck":["AscendersBane","Bash+1","Fire Breathing+1","Dual Wield","Shrug It Off","Power Through","Reckless Charge","Shrug It Off","Demon Form","Infernal Blade+1","Heavy Blade","Evolve+1","Armaments","Offering","Second Wind","True Grit","Feel No Pain","Rage","Impervious","Dropkick","Flame Barrier","Second Wind","Power Through","Enlightenment","Finesse"],"relics":["Burning Blood","NeowsBlessing","Darkstone Periapt","Kunai","HornCleat","Pandora\u0027s Box","Bag of Preparation","Juzu Bracelet","PreservedInsect","Velvet Choker","Mango","Regal Pillow","OrangePellets"],"acts_visited":["Exordium","TheCity","TheBeyond"],"potions_floor_usage":[],"damage_taken":[{"damage":0.0,"enemies":"Jaw Worm","floor":1.0,"turns":1.0},{"damage":0.0,"enemies":"2 Louse","floor":5.0,"turns":1.0},{"damage":0.0,"enemies":"3 Sentries","floor":6.0,"turns":1.0},{"damage":1.0,"enemies":"Cultist","floor":7.0,"turns":3.0},{"damage":27.0,"enemies":"Lagavulin","floor":8.0,"turns":7.0},{"damage":11.0,"enemies":"Looter","floor":13.0,"turns":3.0},{"damage":2.0,"enemies":"Large Slime","floor":14.0,"turns":5.0},{"damage":12.0,"enemies":"Slime Boss","floor":16.0,"turns":7.0},{"damage":15.0,"enemies":"Chosen","floor":18.0,"turns":4.0},{"damage":10.0,"enemies":"Shell Parasite","floor":21.0,"turns":7.0},{"damage":12.0,"enemies":"Snecko","floor":22.0,"turns":4.0},{"damage":11.0,"enemies":"Gremlin Leader","floor":23.0,"turns":8.0},{"damage":15.0,"enemies":"Snake Plant","floor":24.0,"turns":5.0},{"damage":14.0,"enemies":"Shelled Parasite and Fungi","floor":27.0,"turns":6.0},{"damage":6.0,"enemies":"Sentry and Sphere","floor":29.0,"turns":5.0},{"damage":27.0,"enemies":"Cultist and Chosen","floor":30.0,"turns":6.0},{"damage":55.0,"enemies":"Automaton","floor":33.0,"turns":9.0},{"damage":6.0,"enemies":"Orb Walker","floor":35.0,"turns":4.0},{"damage":7.0,"enemies":"Mind Bloom Boss Battle","floor":36.0,"turns":8.0},{"damage":6.0,"enemies":"3 Shapes","floor":37.0,"turns":3.0},{"damage":58.0,"enemies":"Jaw Worm Horde","floor":39.0,"turns":7.0},{"damage":30.0,"enemies":"Giant Head","floor":41.0,"turns":7.0},{"damage":69,"enemies":"Awakened One","floor":50,"turns":5}],"seed_played":"3232149318455515451","potions_obtained":[{"floor":1.0,"key":"SkillPotion"},{"floor":7.0,"key":"BlessingOfTheForge"},{"floor":8.0,"key":"AttackPotion"},{"floor":14.0,"key":"LiquidMemories"},{"floor":21.0,"key":"PowerPotion"},{"floor":22.0,"key":"SneckoOil"},{"floor":23.0,"key":"FearPotion"},{"floor":33.0,"key":"SkillPotion"}],"is_trial":false,"path_per_floor":["M","?","$","?","M","E","M","E","T","R","$","R","M","M","R","B",null,"M","?","$","M","M","E","M","R","T","M","R","M","M","?","R","B",null,"M","?","M","?","M","R","E","$","T","?","?","R","$","?","R","B"],"character_chosen":"IRONCLAD","items_purchased":["Power Through","Bag of Preparation","OrangePellets"],"campfire_rested":5,"item_purchase_floors":[11,20,42],"current_hp_per_floor":[74,74,74,74,75,75,75,54,54,54,54,54,49,53,53,47,68,59,38,38,34,28,23,14,38,38,30,54,54,33,33,57,8,62,62,75,75,75,23,51,27,27,27,27,27,70,70,60,60,0,0],"gold":22,"neow_bonus":"THREE_ENEMY_KILL","is_daily":false,"chose_seed":false,"campfire_upgraded":3,"win_rate":0.0,"timestamp":1613400197,"path_taken":["M","?","$","?","M","E","M","E","T","R","?","R","?","M","R","BOSS","M","?","$","M","M","E","M","R","T","M","R","M","M","?","R","BOSS","M","?","M","?","M","R","E","$","T","?","?","R","$","?","R","BOSS"],"items_purchased_type":["Card","Relic","Relic"],"build_version":"2020-12-22","purchased_purges":1,"victory":false,"max_hp_per_floor":[75,75,75,75,75,75,75,75,75,75,75,75,75,75,75,75,75,75,80,80,80,80,80,80,80,80,80,80,80,80,80,80,80,80,80,94,94,94,94,94,94,94,94,94,94,94,94,94,94,94,94],"relic_stats":{"Darkstone Periapt":0,"OrangePellets":[0],"Regal Pillow":15,"counters":[23,116],"Pandora\u0027s Box":["Infernal Blade","Clash","Heavy Blade","Evolve","Armaments","Offering","Clash","Second Wind"],"PreservedInsect":130,"Bag of Preparation":[28],"Juzu Bracelet":3,"Kunai":[14],"obtain_stats":[{"Darkstone Periapt":6,"Regal Pillow":41,"NeowsBlessing":0,"Velvet Choker":34,"Mango":36,"PreservedInsect":26,"Bag of Preparation":20,"Juzu Bracelet":23,"Burning Blood":0,"OrangePellets":42,"HornCleat":9,"Pandora\u0027s Box":17,"Kunai":8},{"Darkstone Periapt":3,"Regal Pillow":22,"NeowsBlessing":0,"Velvet Choker":17,"Mango":19,"PreservedInsect":13,"Bag of Preparation":9,"Juzu Bracelet":12,"Burning Blood":0,"OrangePellets":22,"HornCleat":5,"Pandora\u0027s Box":8,"Kunai":5},{"Darkstone Periapt":3,"Regal Pillow":111,"NeowsBlessing":0,"Velvet Choker":82,"Mango":94,"PreservedInsect":56,"Bag of Preparation":32,"Juzu Bracelet":51,"Burning Blood":0,"OrangePellets":111,"HornCleat":13,"Pandora\u0027s Box":28,"Kunai":13}],"Burning Blood":116},"card_choices":[{"not_picked":["Flame Barrier","Clash"],"picked":"Anger","floor":1.0},{"not_picked":["Perfected Strike","Pommel Strike"],"picked":"Fire Breathing","floor":5.0},{"not_picked":["Entrench","Warcry"],"picked":"Dual Wield","floor":6.0},{"not_picked":["Clash","Seeing Red"],"picked":"Shrug It Off","floor":7.0},{"not_picked":["Ghostly Armor","Headbutt","Fire Breathing"],"picked":"SKIP","floor":8.0},{"not_picked":["Pommel Strike","Bloodletting"],"picked":"Reckless Charge","floor":13.0},{"not_picked":["Dark Embrace","Sword Boomerang"],"picked":"Shrug It Off","floor":14.0},{"not_picked":["Bludgeon","Brutality"],"picked":"Demon Form","floor":16.0},{"not_picked":["Spot Weakness+1","Battle Trance"],"picked":"True Grit","floor":18.0},{"not_picked":["Clothesline","Heavy Blade"],"picked":"Feel No Pain","floor":21.0},{"not_picked":["Havoc","Heavy Blade","Sword Boomerang"],"picked":"SKIP","floor":22.0},{"not_picked":["Pommel Strike","Brutality","Shrug It Off+1"],"picked":"SKIP","floor":23.0},{"not_picked":["Thunderclap","Carnage","Anger"],"picked":"SKIP","floor":24.0},{"not_picked":["Thunderclap","Perfected Strike"],"picked":"Rage","floor":27.0},{"not_picked":["Combust","Rampage+1","Perfected Strike"],"picked":"SKIP","floor":29.0},{"not_picked":["Sword Boomerang","Carnage","Perfected Strike"],"picked":"SKIP","floor":30.0},{"not_picked":["Feed","Juggernaut"],"picked":"Impervious","floor":33.0},{"not_picked":["Pommel Strike","Clothesline"],"picked":"Dropkick","floor":35.0},{"not_picked":["Warcry","Pummel+1"],"picked":"Flame Barrier","floor":37.0},{"not_picked":["Sword Boomerang","Armaments"],"picked":"Second Wind","floor":39.0},{"not_picked":["Headbutt+1","Fiend Fire"],"picked":"Power Through","floor":41.0},{"not_picked":["The Bomb","Purity"],"picked":"Enlightenment","floor":48.0},{"not_picked":["Forethought","Discovery"],"picked":"Finesse","floor":48.0}],"player_experience":1398474,"relics_obtained":[{"floor":6.0,"key":"Darkstone Periapt"},{"floor":8.0,"key":"Kunai"},{"floor":9.0,"key":"HornCleat"},{"floor":23.0,"key":"Juzu Bracelet"},{"floor":26.0,"key":"PreservedInsect"},{"floor":36.0,"key":"Mango"},{"floor":41.0,"key":"Regal Pillow"}],"event_choices":[{"cards_removed":["Strike_R"],"damage_healed":0.0,"max_hp_gain":0.0,"max_hp_loss":0.0,"gold_gain":0.0,"event_name":"The Cleric","player_choice":"Card Removal","floor":2.0,"gold_loss":75.0,"damage_taken":0.0},{"damage_healed":0.0,"max_hp_gain":0.0,"max_hp_loss":0.0,"gold_gain":0.0,"event_name":"Liars Game","player_choice":"Ignored","floor":4.0,"gold_loss":0.0,"damage_taken":0.0},{"damage_healed":0.0,"max_hp_gain":5.0,"max_hp_loss":0.0,"gold_gain":0.0,"event_name":"Forgotten Altar","player_choice":"Shed Blood","floor":19.0,"gold_loss":0.0,"damage_taken":26.0},{"cards_removed":["Clash"],"damage_healed":0.0,"max_hp_gain":0.0,"max_hp_loss":0.0,"gold_gain":0.0,"event_name":"Designer","player_choice":"Upgrade and Remove","floor":31.0,"gold_loss":110.0,"damage_taken":0.0,"cards_upgraded":["Infernal Blade"]},{"damage_healed":0.0,"max_hp_gain":0.0,"max_hp_loss":0.0,"gold_gain":0.0,"event_name":"MindBloom","player_choice":"Fight","floor":36.0,"gold_loss":0.0,"damage_taken":0.0},{"cards_removed":["Clash"],"damage_healed":0.0,"max_hp_gain":0.0,"max_hp_loss":0.0,"gold_gain":0.0,"event_name":"Falling","player_choice":"Removed Attack","floor":38.0,"gold_loss":0.0,"damage_taken":0.0},{"damage_healed":0.0,"max_hp_gain":0.0,"max_hp_loss":0.0,"gold_gain":0.0,"event_name":"Upgrade Shrine","player_choice":"Upgraded","floor":44.0,"gold_loss":0.0,"damage_taken":0.0,"cards_upgraded":["Evolve"]},{"damage_healed":0.0,"max_hp_gain":0.0,"max_hp_loss":0.0,"gold_gain":0.0,"cards_transformed":["Anger"],"event_name":"Transmorgrifier","player_choice":"Transformed","floor":45.0,"gold_loss":0.0,"damage_taken":0.0,"cards_obtained":["Entrench"]},{"damage_healed":0.0,"max_hp_gain":0.0,"max_hp_loss":0.0,"gold_gain":0.0,"event_name":"SensoryStone","player_choice":"Memory 3","floor":48.0,"gold_loss":0.0,"damage_taken":10.0}],"is_beta":false,"boss_relics":[{"not_picked":["Tiny House","SacredBark"],"picked":"Pandora\u0027s Box"},{"not_picked":["Runic Cube","Runic Pyramid"],"picked":"Velvet Choker"}],"items_purged_floors":[47],"is_endless":false,"potions_floor_spawned":[1,7,8,14,21,22,23,33,36],"killed_by":"Awakened One","ascension_level":20}}