{"host":"gzsdmyo07u314vug","time":1613384848,"event":{"mods":["2.2 Compatiblity","Astrologer","BaseMod","Colored Powertips","GifTheSpireLib","Gremlin Mod","Hermit","Jorbs\u0027s Wanderer Trilogy","Minty Spire (QoL Compilation)","Quick Restart","Rare Cards Sparkle","Relic Stats","Replay The Spire","Robot Space Explorer","Shop Mod","StSLib","The Bladedancer","The Bug Knight","The Construct","The Cursed","The Elementalist","The Hierophant","The IronCluck","The Marked","The Necromancer","The Runesmith","The Servant 0.9.4","Unceasing Turn Reminder","everything is the same but u backflip on backflip","slay the spire mod where everything is the same but ironclad has a cowboy hat"],"gold_per_floor":[365,85,85,85,100,100,110,110,110,110,130,130,160,173,173,278,278,278,278,278,278,278,278,97,97,97,97,97,37,37,37,37,37,37,37,37,37,37,37,37,37,37,37,37,37,37,37,37,37,37],"floor_reached":51,"language":"ENG","playtime":3105,"items_purged":["Strike_P","Strike_P"],"score":1717,"play_id":"50c43a89-43d6-43f0-a3a4-da6344c2f6e3","local_time":"20210215072728","is_ascension_mode":true,"campfire_choices":[{"data":"Eruption","floor":6.0,"key":"SMITH"},{"data":"JustLucky","floor":8.0,"key":"SMITH"},{"data":"Devotion","floor":12.0,"key":"SMITH"},{"data":"WindmillStrike","floor":15.0,"key":"SMITH"},{"data":"Evaluate","floor":23.0,"key":"SMITH"},{"data":"Sanctity","floor":25.0,"key":"SMITH"},{"data":"Study","floor":32.0,"key":"SMITH"},{"data":"Vigilance","floor":40.0,"key":"SMITH"},{"data":"TalkToTheHand","floor":47,"key":"SMITH"},{"data":"ThirdEye","floor":49,"key":"SMITH"}],"circlet_count":0,"master_deck":["Strike_P","Strike_P","Defend_P","Defend_P+1","Defend_P","Defend_P","Eruption+1","Vigilance+1","JustLucky+1","FlurryOfBlows+1","Evaluate+1","Devotion+1","WindmillStrike+1","MasterReality+1","CutThroughFate","Sanctity+1","BattleHymn+1","Study+1","Replay:LoomingThreat+1","Prostrate+1","Conclude+1","Replay:DivineShield+1","Brilliance+1","ThirdEye+1","TalkToTheHand+1"],"relics":["PureWater","HollowMod:JonisBlessing","Replay:Baseball","Ancient Tea Set","Golden Egg","Ectoplasm","Lantern","Mummified Hand","StoneCalendar","Tiny House","Turnip","Incense Burner","Yang"],"acts_visited":["Exordium","TheCity","TheBeyond"],"potions_floor_usage":[46,48,50,50,50,50,50],"damage_taken":[{"damage":4.0,"enemies":"2 Louse","floor":1.0,"turns":4.0},{"damage":0.0,"enemies":"Jaw Worm","floor":5.0,"turns":4.0},{"damage":0.0,"enemies":"Cultist","floor":7.0,"turns":3.0},{"damage":0.0,"enemies":"Red Slaver","floor":11.0,"turns":4.0},{"damage":0.0,"enemies":"Lagavulin","floor":13.0,"turns":6.0},{"damage":7.0,"enemies":"Exordium Thugs","floor":14.0,"turns":5.0},{"damage":0.0,"enemies":"The Guardian","floor":16.0,"turns":7.0},{"damage":14.0,"enemies":"3 Byrds","floor":18.0,"turns":5.0},{"damage":0.0,"enemies":"Chosen","floor":19.0,"turns":4.0},{"damage":3.0,"enemies":"Centurion and Healer","floor":22.0,"turns":5.0},{"damage":0.0,"enemies":"Gremlin Leader","floor":27.0,"turns":6.0},{"damage":0.0,"enemies":"Shelled Parasite and Fungi","floor":30.0,"turns":5.0},{"damage":1.0,"enemies":"Snake Plant","floor":31.0,"turns":4.0},{"damage":0.0,"enemies":"Pondfish","floor":33.0,"turns":6.0},{"damage":1.0,"enemies":"Orb Walker","floor":35.0,"turns":5.0},{"damage":0.0,"enemies":"3 Shapes","floor":36.0,"turns":5.0},{"damage":0.0,"enemies":"Writhing Mass","floor":37.0,"turns":4.0},{"damage":0.0,"enemies":"Transient","floor":39.0,"turns":5.0},{"damage":0.0,"enemies":"Giant Head","floor":41.0,"turns":5.0},{"damage":16,"enemies":"Spire Growth","floor":42,"turns":4},{"damage":0,"enemies":"4 Shapes","floor":44,"turns":6},{"damage":0,"enemies":"Writhing Mass","floor":46,"turns":6},{"damage":10,"enemies":"Reptomancer","floor":48,"turns":4},{"damage":14,"enemies":"Awakened One","floor":50,"turns":7}],"seed_played":"4782836117026265082","potions_obtained":[{"floor":7.0,"key":"Strength Potion"},{"floor":11.0,"key":"Death Potion"},{"floor":13.0,"key":"Milkshake"},{"floor":14.0,"key":"Elixir"},{"floor":19.0,"key":"Explosive Potion"},{"floor":22.0,"key":"StancePotion"},{"floor":31.0,"key":"BottledMiracle"},{"floor":34.0,"key":"Flashbang"},{"floor":41.0,"key":"Fruit Juice"},{"floor":44,"key":"Ambrosia"},{"floor":48,"key":"EntropicBrew"}],"is_trial":false,"path_per_floor":["M","$","?","?","M","R","M","R","T","?","M","R","E","M","R","B",null,"M","M","?","?","M","R","$","R","T","E","T","?","M","M","R","B",null,"M","M","M","?","M","R","E","M","T","M","?","M","R","E","R","B",null],"character_chosen":"WATCHER","items_purchased":["FlurryOfBlows","HollowMod:JonisBlessing","BattleHymn"],"campfire_rested":0,"item_purchase_floors":[2,2,24],"current_hp_per_floor":[61,61,66,54,54,54,54,54,54,54,54,54,54,47,47,47,64,50,50,50,50,47,47,47,47,47,47,47,47,47,46,46,46,69,68,68,68,68,68,68,73,57,57,57,57,57,57,47,47,33],"gold":37,"neow_bonus":"TWO_FIFTY_GOLD","is_daily":false,"chose_seed":false,"campfire_upgraded":10,"win_rate":0.0,"timestamp":1613384848,"path_taken":["M","$","?","?","M","R","M","R","T","?","M","R","E","M","R","BOSS","M","M","?","?","?","R","?","R","T","E","?","?","?","M","R","BOSS","M","M","M","?","M","R","E","M","T","M","?","M","R","E","R","BOSS"],"items_purchased_type":["Card","Relic","Card"],"build_version":"2020-12-22","purchased_purges":2,"victory":true,"max_hp_per_floor":[65,65,70,70,70,70,70,70,70,70,70,70,70,70,70,70,70,70,70,70,70,70,70,70,70,70,70,70,70,70,70,70,70,75,75,75,75,71,71,71,76,76,76,76,76,76,76,76,76,76],"relic_stats":{"counters":[24,119],"Mummified Hand":[70],"StoneCalendar":[0],"Yang":[29],"Ectoplasm":538,"Turnip":[0],"obtain_stats":[{"Golden Egg":13,"Lantern":26,"Tiny House":34,"HollowMod:JonisBlessing":2,"StoneCalendar":28,"Yang":48,"Incense Burner":43,"Ancient Tea Set":9,"Replay:Baseball":4,"Mummified Hand":27,"Ectoplasm":17,"Turnip":41,"PureWater":0},{"Golden Egg":5,"Lantern":10,"Tiny House":14,"HollowMod:JonisBlessing":1,"StoneCalendar":11,"Yang":23,"Incense Burner":20,"Ancient Tea Set":3,"Replay:Baseball":1,"Mummified Hand":11,"Ectoplasm":7,"Turnip":19,"PureWater":0},{"Golden Egg":21,"Lantern":47,"Tiny House":68,"HollowMod:JonisBlessing":4,"StoneCalendar":53,"Yang":112,"Incense Burner":96,"Ancient Tea Set":11,"Replay:Baseball":4,"Mummified Hand":53,"Ectoplasm":33,"Turnip":92,"PureWater":0}]},"card_choices":[{"not_picked":["Halt","CutThroughFate"],"picked":"JustLucky","floor":1.0},{"not_picked":["WaveOfTheHand","Fasting2","Protect"],"picked":"SKIP","floor":5.0},{"not_picked":["WheelKick","Fasting2"],"picked":"Evaluate","floor":7.0},{"not_picked":["Protect","ClearTheMind"],"picked":"Devotion","floor":11.0},{"not_picked":["Replay:Hum","Wallop"],"picked":"WindmillStrike","floor":13.0},{"not_picked":["Replay:BluntJabs","Vengeance","Swivel"],"picked":"SKIP","floor":14.0},{"not_picked":["DeusExMachina","Vault"],"picked":"MasterReality","floor":16.0},{"not_picked":["JustLucky","EmptyFist","Consecrate"],"picked":"SKIP","floor":18.0},{"not_picked":["Consecrate","Protect"],"picked":"CutThroughFate","floor":19.0},{"not_picked":["WindmillStrike","Worship"],"picked":"Sanctity","floor":22.0},{"not_picked":["JustLucky+1","FlurryOfBlows","PathToVictory"],"picked":"SKIP","floor":27.0},{"not_picked":["LikeWater","Replay:ManipulateFuture"],"picked":"Study","floor":30.0},{"not_picked":["ClearTheMind","EmptyBody","CutThroughFate"],"picked":"SKIP","floor":31.0},{"not_picked":["LessonLearned","ConjureBlade"],"picked":"Replay:LoomingThreat","floor":33.0},{"not_picked":["Replay:Battleflow","Consecrate+1"],"picked":"Prostrate+1","floor":34.0},{"not_picked":["Vengeance","JustLucky"],"picked":"Conclude+1","floor":35.0},{"not_picked":["Replay:BluntJabs+1","Vengeance+1","EmptyBody"],"picked":"SKIP","floor":36.0},{"not_picked":["FlyingSleeves+1","Prostrate","FollowUp+1"],"picked":"SKIP","floor":37.0},{"not_picked":["FlyingSleeves","Replay:Hum"],"picked":"Replay:DivineShield+1","floor":39.0},{"not_picked":["EmptyMind","JustLucky"],"picked":"Brilliance","floor":41.0},{"not_picked":["FollowUp","EmptyFist+1"],"picked":"ThirdEye","floor":42},{"not_picked":["SashWhip","PathToVictory+1","Replay:DivineShield"],"picked":"SKIP","floor":44},{"not_picked":["Replay:AtTheReady+1","FlyingSleeves+1"],"picked":"TalkToTheHand","floor":46},{"not_picked":["Collect","BowlingBash+1","PathToVictory+1"],"picked":"SKIP","floor":48}],"player_experience":893606,"relics_obtained":[{"floor":9.0,"key":"Ancient Tea Set"},{"floor":13.0,"key":"Golden Egg"},{"floor":26.0,"key":"Lantern"},{"floor":27.0,"key":"Mummified Hand"},{"floor":28.0,"key":"StoneCalendar"},{"floor":41.0,"key":"Turnip"},{"floor":43,"key":"Incense Burner"},{"floor":48,"key":"Yang"}],"event_choices":[{"damage_healed":0.0,"max_hp_gain":5.0,"max_hp_loss":0.0,"gold_gain":0.0,"event_name":"Big Fish","player_choice":"Donut","floor":3.0,"gold_loss":0.0,"damage_taken":0.0},{"damage_healed":0.0,"max_hp_gain":0.0,"max_hp_loss":0.0,"gold_gain":0.0,"event_name":"Scrap Ooze","player_choice":"Success","floor":4.0,"gold_loss":0.0,"damage_taken":12.0,"relics_obtained":["Replay:Baseball"]},{"damage_healed":0.0,"max_hp_gain":0.0,"max_hp_loss":0.0,"gold_gain":0.0,"event_name":"Golden Shrine","player_choice":"Ignored","floor":21.0,"gold_loss":0.0,"damage_taken":0.0},{"damage_healed":0.0,"max_hp_gain":0.0,"max_hp_loss":4.0,"gold_gain":0.0,"event_name":"Winding Halls","player_choice":"Max HP","floor":38.0,"gold_loss":0.0,"damage_taken":0.0}],"is_beta":false,"boss_relics":[{"not_picked":["Runic Dome","Runesmith:UraniumAnvil"],"picked":"Ectoplasm"},{"not_picked":["construct:ClawGrip","Abe\u0027s Treasure"],"picked":"Tiny House"}],"items_purged_floors":[2,24],"is_endless":false,"potions_floor_spawned":[7,11,13,14,16,19,22,31,33,36,37,41,44,48],"ascension_level":7}}