{"host":"qp7xs8nuzfsyommi","time":1613422545,"event":{"mods":["2.2 Compatiblity","BaseMod","Colored Powertips","DeckTracker","Highlight Path","Minty Spire (QoL Compilation)","Permanent Neow","Quick Restart","StSLib"],"gold_per_floor":[117,136,150,150,170,203,203,236,236,263,341,9,159,4,4,81,81,92,92,92,142,142,142,159,177,177,177,187,187,187,187],"floor_reached":30,"language":"ENG","playtime":977,"items_purged":["Doubt"],"score":567,"play_id":"d41f43fc-b6d1-4a18-833c-5db57601ed74","local_time":"20210215155545","is_ascension_mode":true,"campfire_choices":[{"floor":7.0,"key":"REST"},{"floor":15,"key":"REST"},{"floor":23,"key":"REST"},{"floor":27,"key":"REST"}],"circlet_count":0,"master_deck":["AscendersBane","Defend_B","Defend_B","Defend_B","Defend_B","Zap","Dualcast","CurseOfTheBell","Ball Lightning","Sweeping Beam","Gash","Machine Learning","Go for the Eyes","Hologram","Loop","Darkness","Multi-Cast","Stack","Bite","Bite","Bite","Bite","Bite","Meteor Strike","Skim","Gash","Redo","Heatsinks"],"relics":["Calling Bell","Bronze Scales","Ornamental Fan","Incense Burner","Mercury Hourglass","Mummified Hand","Symbiotic Virus","Gremlin Horn","Lizard Tail","SlaversCollar","Bottled Lightning","White Beast Statue"],"acts_visited":["Exordium","TheCity"],"potions_floor_usage":[],"damage_taken":[{"damage":3.0,"enemies":"2 Louse","floor":1.0,"turns":4.0},{"damage":2.0,"enemies":"Jaw Worm","floor":2.0,"turns":4.0},{"damage":7.0,"enemies":"Small Slimes","floor":3.0,"turns":3.0},{"damage":8.0,"enemies":"Blue Slaver","floor":5.0,"turns":3.0},{"damage":26.0,"enemies":"Gremlin Nob","floor":6.0,"turns":4.0},{"damage":16.0,"enemies":"3 Sentries","floor":8.0,"turns":4.0},{"damage":0.0,"enemies":"Gremlin Nob","floor":10.0,"turns":3.0},{"damage":31,"enemies":"The Guardian","floor":16,"turns":7},{"damage":28,"enemies":"Shell Parasite","floor":18,"turns":4},{"damage":30,"enemies":"2 Thieves","floor":24,"turns":3},{"damage":13,"enemies":"Centurion and Healer","floor":25,"turns":5},{"damage":47,"enemies":"Cultist and Chosen","floor":28,"turns":6},{"damage":32,"enemies":"Book of Stabbing","floor":30,"turns":2}],"seed_played":"2350981680408857501","potions_obtained":[{"floor":3.0,"key":"DuplicationPotion"},{"floor":6.0,"key":"Fire Potion"},{"floor":8.0,"key":"LiquidMemories"},{"floor":16,"key":"SpeedPotion"},{"floor":28,"key":"SneckoOil"}],"is_trial":false,"path_per_floor":["M","M","M","?","M","E","R","E","T","E","T","$","?","$","R","B",null,"M","$","?","?","?","R","M","M","T","R","M","T","E"],"character_chosen":"DEFECT","items_purchased":["Lizard Tail","Darkness"],"campfire_rested":4,"item_purchase_floors":[12,14],"current_hp_per_floor":[61,59,52,52,44,18,39,23,23,23,23,23,23,23,44,13,57,29,29,29,29,29,43,19,16,16,30,24,24,0,0],"gold":187,"neow_bonus":"BOSS_RELIC","is_daily":false,"chose_seed":false,"campfire_upgraded":0,"win_rate":0.0,"timestamp":1613422545,"path_taken":["M","M","M","?","M","E","R","E","T","E","?","$","?","$","R","BOSS","M","$","?","?","?","R","M","?","T","R","M","?","E"],"items_purchased_type":["Relic","Card"],"build_version":"2020-12-22","purchased_purges":1,"victory":false,"max_hp_per_floor":[71,71,71,71,71,71,71,71,71,71,71,71,71,71,71,71,71,71,71,49,49,49,49,49,49,49,49,49,49,49,49],"card_choices":[{"not_picked":["Streamline","Aggregate"],"picked":"Ball Lightning","floor":1.0},{"not_picked":["Stack","Double Energy"],"picked":"Sweeping Beam","floor":2.0},{"not_picked":["Steam","Turbo"],"picked":"Gash","floor":3.0},{"not_picked":["Rebound","Force Field"],"picked":"Go for the Eyes","floor":5.0},{"not_picked":["Hello World","Conserve Battery"],"picked":"Hologram","floor":6.0},{"not_picked":["Go for the Eyes","Reprogram","Aggregate"],"picked":"SKIP","floor":8.0},{"not_picked":["Rebound","Steam"],"picked":"Loop","floor":10.0},{"not_picked":["Reboot","Biased Cognition"],"picked":"Multi-Cast","floor":16},{"not_picked":["Scrape","Cold Snap"],"picked":"Stack","floor":18},{"not_picked":["Glacier+1","Cold Snap"],"picked":"Gash","floor":24},{"not_picked":["Compile Driver","Blizzard"],"picked":"Redo","floor":25},{"not_picked":["Steam","Melter"],"picked":"Heatsinks","floor":28}],"player_experience":1920453,"relics_obtained":[{"floor":0.0,"key":"Bronze Scales"},{"floor":0.0,"key":"Ornamental Fan"},{"floor":0.0,"key":"Incense Burner"},{"floor":6.0,"key":"Mercury Hourglass"},{"floor":8.0,"key":"Mummified Hand"},{"floor":9.0,"key":"Symbiotic Virus"},{"floor":10.0,"key":"Gremlin Horn"},{"floor":26,"key":"Bottled Lightning"},{"floor":29,"key":"White Beast Statue"}],"event_choices":[{"damage_healed":0.0,"max_hp_gain":0.0,"max_hp_loss":0.0,"gold_gain":0.0,"cards_transformed":["Strike_B"],"event_name":"Living Wall","player_choice":"Change","floor":4.0,"gold_loss":0.0,"damage_taken":0.0,"cards_obtained":["Machine Learning"]},{"damage_healed":0,"gold_gain":150,"player_choice":"AGREE","damage_taken":0,"max_hp_gain":0,"max_hp_loss":0,"event_name":"Liars Game","floor":13,"gold_loss":0,"cards_obtained":["Doubt"]},{"damage_healed":0,"gold_gain":0,"player_choice":"Became a vampire","damage_taken":0,"max_hp_gain":0,"max_hp_loss":22,"event_name":"Vampires","floor":20,"gold_loss":0,"cards_obtained":["Bite","Bite","Bite","Bite","Bite"]},{"damage_healed":0,"gold_gain":50,"player_choice":"Stole From Cult","damage_taken":0,"max_hp_gain":0,"max_hp_loss":0,"event_name":"Nest","floor":21,"gold_loss":0},{"damage_healed":0,"gold_gain":0,"player_choice":"2 cards matched","damage_taken":0,"max_hp_gain":0,"max_hp_loss":0,"event_name":"Match and Keep!","floor":22,"gold_loss":0,"cards_obtained":["Meteor Strike","Skim"]}],"is_beta":false,"boss_relics":[{"not_picked":["Fusion Hammer","Inserter"],"picked":"SlaversCollar"}],"items_purged_floors":[14],"is_endless":false,"potions_floor_spawned":[3,6,8,16,28],"killed_by":"Book of Stabbing","ascension_level":20}}