{"host":"tj6tjcyqgbd0xj5u","time":1613418068,"event":{"mods":["Aspiration","BaseMod","Better Match","BetterRewards","Challenge The Spire","Conspire","Defuse TimeMaze Blight","Dota2Spire","Downfall","Energized Spire","Evolution","GifTheSpireLib","Good Game Mod","Halation","Hubris","Hyrulean Relics","Infinite Spire","Minty Spire (QoL Compilation)","Reliquary","Replay The Spire","Reworked Bosses","Spikes Relics","StS++","StSLib","Stuff the Spire"],"gold_per_floor":[118,136,136,136,149,149,166,166,235,312,334,334,376,393,393,488,488,514,416,24,42,58,94,94,125,125,125,131,155,155,155,155,175,175],"floor_reached":33,"language":"ENG","playtime":975,"items_purged":[],"score":486,"play_id":"98e1f41f-4fb9-4fb0-a078-386f7443805a","local_time":"20210215154108","is_ascension_mode":true,"campfire_choices":[{"data":"Armaments","floor":6,"key":"SMITH"},{"data":"Regret","floor":12,"key":"SMITH"},{"floor":15,"key":"REST"},{"floor":24,"key":"REST"},{"floor":27,"key":"REST"},{"floor":30,"key":"REST"}],"circlet_count":0,"master_deck":["Headbutt","Headbutt","Headbutt","Headbutt","True Grit+1","True Grit","True Grit","True Grit","Bash","hubris:EnhanceAbility","Cloak And Dagger","Armaments+1","Intimidate+1","Inflame","Thunderclap","BarbarianYell","Wild Strike+1","ReplayTheSpireMod:Private Reserves","Sword Boomerang+1","ReplayTheSpireMod:Muscle Training","StuffTheSpire:DeathNote","Slimebound:Tackle+1","Slimebound:Tackle+1","Slimebound:Tackle+1"],"relics":["Burning Blood","EVO:Axolotl","REME:ComplimentaryCards","aspiration:Nostalgia","m_SlimeRing","halation:PrussianBluePaint","infinitespire:Midas Blood","Another Sword","HailfireSword","Sling","Dota2Spire:Dagon","reliquary:ExpiredCoupon","BlackRope","StuffTheSpire:Nightcore"],"acts_visited":["Exordium","TheCity"],"potions_floor_usage":[16,16,16,21,22,23,25,33],"damage_taken":[{"damage":0,"enemies":"Cultist","floor":1,"turns":2},{"damage":0,"enemies":"2 Louse","floor":2,"turns":2},{"damage":3,"enemies":"conspire:RoseBush","floor":5,"turns":2},{"damage":15,"enemies":"Large Slime","floor":7,"turns":5},{"damage":15,"enemies":"2 Fungi Beasts","floor":11,"turns":4},{"damage":20,"enemies":"Replay:BlueRogue","floor":13,"turns":4},{"damage":8,"enemies":"Blue Slaver","floor":14,"turns":4},{"damage":0,"enemies":"Slime Boss","floor":16,"turns":6},{"damage":19,"enemies":"Spheric Guardian","floor":18,"turns":4},{"damage":14,"enemies":"conspire:FuzzyDice","floor":21,"turns":5},{"damage":24,"enemies":"Snake Plant","floor":22,"turns":2},{"damage":29,"enemies":"Book of Stabbing","floor":23,"turns":4},{"damage":20,"enemies":"Slavers","floor":25,"turns":3},{"damage":19,"enemies":"conspire:HollyBat","floor":29,"turns":6},{"damage":81,"enemies":"bossMod:newChamp","floor":33,"turns":7}],"seed_played":"8255876381190187462","potions_obtained":[{"floor":2,"key":"SkillPotion"},{"floor":7,"key":"hexamod:SoulburnPotion"},{"floor":11,"key":"Energy Potion"},{"floor":16,"key":"Block Potion"},{"floor":21,"key":"Fire Potion"},{"floor":22,"key":"AttackPotion"},{"floor":23,"key":"Guardian:BlockOnCardUsePotion"},{"floor":29,"key":"Regen Potion"}],"is_trial":false,"path_per_floor":["M","M","$","?","M","R","M","?","T","?","M","R","E","M","R","B",null,"M","$","$","M","M","E","R","E","T","R","?","M","R","?","R","B"],"character_chosen":"IRONCLAD","items_purchased":["ReplayTheSpireMod:Private Reserves","Sling","Dota2Spire:Dagon"],"campfire_rested":4,"item_purchase_floors":[19,20,20],"current_hp_per_floor":[87,89,89,89,89,89,80,80,80,69,60,60,46,44,70,76,86,73,73,73,65,47,24,50,36,36,62,42,29,55,55,55,0,0],"gold":175,"neow_bonus":"NOSTALGIA","is_daily":false,"chose_seed":false,"campfire_upgraded":2,"win_rate":0.0,"timestamp":1613418068,"path_taken":["M","M","?","?","M","R","M","?","T","?","?","R","E","M","R","BOSS","M","?","$","M","M","E","R","E","T","R","?","M","R","?","R","BOSS"],"items_purchased_type":["Card","Relic","Relic"],"build_version":"2020-12-22","purchased_purges":0,"victory":false,"max_hp_per_floor":[89,89,89,89,89,89,89,89,89,89,89,89,89,89,89,89,89,89,89,89,89,89,89,89,89,89,89,89,89,89,89,89,89,89],"card_choices":[{"not_picked":["StSpp:Jab","Body Slam"],"picked":"Cloak And Dagger","floor":1},{"not_picked":["Flex","Burning Pact"],"picked":"Armaments","floor":2},{"not_picked":["Entrench","ReplayTheSpireMod:Strike From Hell","Whirlwind"],"picked":"SKIP","floor":5},{"not_picked":["True Grit","Cloak And Dagger"],"picked":"Inflame","floor":7},{"not_picked":["Slimebound:DisruptingSlam","Intimidate"],"picked":"Thunderclap","floor":11},{"not_picked":["Hemokinesis","Slimebound:SlimeSpikes"],"picked":"BarbarianYell","floor":13},{"not_picked":["Dropkick","Thunderclap","Rampage"],"picked":"SKIP","floor":14},{"not_picked":["StSpp:Sprint","Replay:Undeath\u0027s Touch"],"picked":"Wild Strike+1","floor":18},{"not_picked":["Searing Blow","conspire:ExplosiveBarrier","Iron Wave"],"picked":"SKIP","floor":21},{"not_picked":["Searing Blow+1","Defy Death","StSpp:Sprint"],"picked":"SKIP","floor":22},{"not_picked":["Whirlwind+1","Eclipse"],"picked":"Sword Boomerang+1","floor":23},{"not_picked":["hubris:ReadiedAction","Bloodletting+1"],"picked":"ReplayTheSpireMod:Muscle Training","floor":25},{"not_picked":["Defy Death","StuffTheSpire:RagingBull+1","Clothesline"],"picked":"SKIP","floor":29}],"player_experience":146416,"relics_obtained":[{"floor":9,"key":"infinitespire:Midas Blood"},{"floor":13,"key":"Another Sword"},{"floor":23,"key":"reliquary:ExpiredCoupon"},{"floor":25,"key":"BlackRope"},{"floor":26,"key":"StuffTheSpire:Nightcore"}],"event_choices":[{"damage_healed":0,"gold_gain":0,"player_choice":"Box","damage_taken":0,"relics_obtained":["halation:PrussianBluePaint"],"max_hp_gain":0,"max_hp_loss":0,"event_name":"Big Fish","floor":8,"gold_loss":0,"cards_obtained":["Regret"]},{"damage_healed":0,"gold_gain":75,"player_choice":"Gather Gold","damage_taken":11,"max_hp_gain":0,"max_hp_loss":0,"event_name":"World of Goop","floor":10,"gold_loss":0},{"damage_healed":0,"gold_gain":0,"player_choice":"Leave","damage_taken":0,"max_hp_gain":0,"max_hp_loss":0,"event_name":"conspire:Investor","floor":31,"gold_loss":0}],"is_beta":false,"boss_relics":[{"not_picked":["Ooze Armor","aspiration:DefectSkillbook"],"picked":"HailfireSword"}],"items_purged_floors":[],"is_endless":false,"potions_floor_spawned":[2,7,11,16,21,22,23,29],"killed_by":"bossMod:newChamp","ascension_level":6}}