{"host":"ydh61a5ftgdajrbo","time":1613394769,"event":{"mods":["BaseMod","Colored Map","Colored Powertips","DeckTracker","Downfall","Hermit","Koishi","Minty Spire (QoL Compilation)","Prisma Mod","Relic Stats","Spire Arcade","StSLib","SuperFastMode","The Cursed","The Jungle","The Mystic","The Runesmith","The Senshi","The Servant 0.9.4"],"gold_per_floor":[115,132,146,146,221,221,259,259,314,326,338,390,402,414,426,566,578,606,632,682,694,722,777,802,137,137,137,155,155,179,121,121,246,246,246,246],"floor_reached":35,"language":"ZHS","playtime":1225,"items_purged":["Defend_P"],"score":592,"play_id":"47cd71aa-8e45-43c1-bddd-6d8e26c78c5b","local_time":"20210215211249","is_ascension_mode":true,"campfire_choices":[{"floor":8.0,"key":"REST"},{"data":"FollowUp","floor":13.0,"key":"SMITH"},{"data":"Vigilance","floor":15.0,"key":"SMITH"},{"data":"Blasphemy","floor":27.0,"key":"SMITH"},{"floor":29.0,"key":"REST"},{"data":"BattleHymn","floor":32.0,"key":"SMITH"}],"circlet_count":0,"master_deck":["Defend_P","Defend_P","Defend_P","Eruption+1","Vigilance+1","BowlingBash","JustLucky","FollowUp+1","ReachHeaven","SashWhip","Blasphemy+1","ThirdEye","CarveReality","FollowUp","Slimebound:Tackle+1","Slimebound:Tackle+1","Slimebound:Tackle+1","Protect","ReachHeaven","FlyingSleeves","Consecrate","Evaluate+1","BattleHymn+1","MasterReality","CurseOfTheBell"],"relics":["PureWater","Golden Idol","Art of War","MawBank","Shuriken","Philosopher\u0027s Stone","Red Mask","MealTicket","HandDrill","theSenshi:SailorFukuRelic","hexamod:Sixitude","The Courier","Calling Bell","Bag of Preparation","InkBottle","TungstenRod"],"acts_visited":["TheCity","TheBeyond"],"potions_floor_usage":[],"damage_taken":[{"damage":1.0,"enemies":"2 Louse","floor":1.0,"turns":4.0},{"damage":2.0,"enemies":"Jaw Worm","floor":2.0,"turns":3.0},{"damage":0.0,"enemies":"Small Slimes","floor":3.0,"turns":1.0},{"damage":28.0,"enemies":"3 Sentries","floor":7.0,"turns":8.0},{"damage":0.0,"enemies":"Lagavulin","floor":12.0,"turns":3.0},{"damage":26.0,"enemies":"Slime Boss","floor":16.0,"turns":5.0},{"damage":4.0,"enemies":"Chosen","floor":18.0,"turns":3.0},{"damage":10.0,"enemies":"Shell Parasite","floor":19.0,"turns":4.0},{"damage":0.0,"enemies":"Masked Bandits","floor":20.0,"turns":2.0},{"damage":24.0,"enemies":"Centurion and Healer","floor":22.0,"turns":4.0},{"damage":8.0,"enemies":"Book of Stabbing","floor":23.0,"turns":2.0},{"damage":11.0,"enemies":"Snecko","floor":24.0,"turns":4.0},{"damage":0.0,"enemies":"Cultist and Chosen","floor":28.0,"turns":3.0},{"damage":10.0,"enemies":"Shelled Parasite and Fungi","floor":30.0,"turns":4.0},{"damage":12.0,"enemies":"Collector","floor":33.0,"turns":6.0},{"damage":99998,"enemies":"3 Darklings","floor":35,"turns":3}],"seed_played":"-5273173415957319732","potions_obtained":[{"floor":1.0,"key":"LiquidBronze"},{"floor":3.0,"key":"DistilledChaos"},{"floor":19.0,"key":"SteroidPotion"},{"floor":20.0,"key":"Dexterity Potion"},{"floor":22.0,"key":"PowerPotion"},{"floor":30.0,"key":"Fire Potion"}],"is_trial":false,"path_per_floor":["M","M","M","?","?","?","E","R","T","$","$","E","R","?","R","B",null,"M","M","?","?","M","E","M","$","T","R","M","R","M","$","R","B",null,"M"],"character_chosen":"WATCHER","items_purchased":["HandDrill","theSenshi:SailorFukuRelic","hexamod:Sixitude","BattleHymn"],"campfire_rested":2,"item_purchase_floors":[25,25,25,31],"current_hp_per_floor":[64,62,62,62,51,56,28,51,51,51,51,51,51,51,51,25,64,60,50,50,50,26,18,7,22,22,22,22,45,35,50,50,38,67,0,0],"gold":246,"neow_bonus":"UPGRADE_CARD","is_daily":false,"chose_seed":false,"campfire_upgraded":4,"win_rate":0.0,"timestamp":1613394769,"path_taken":["M","M","M","?","?","?","E","R","T","?","$","E","R","?","R","BOSS","M","M","?","?","M","E","M","?","T","R","M","R","M","$","R","BOSS","M"],"items_purchased_type":["Relic","Relic","Relic","Card"],"build_version":"2020-12-22","purchased_purges":1,"victory":false,"max_hp_per_floor":[72,72,72,72,72,77,77,77,77,77,77,77,77,77,77,77,77,77,77,77,77,77,77,77,77,77,77,77,77,77,77,77,77,77,77,77],"relic_stats":{"counters":[16,58],"Golden Idol":105,"Shuriken":[23],"MealTicket":30,"Art of War":[1],"HandDrill":[12],"Bag of Preparation":[2],"MawBank":192,"obtain_stats":[{"Golden Idol":4,"hexamod:Sixitude":25,"The Courier":26,"Bag of Preparation":34,"MawBank":9,"Calling Bell":34,"Shuriken":12,"Philosopher\u0027s Stone":17,"MealTicket":23,"Art of War":7,"Red Mask":20,"HandDrill":25,"PureWater":0,"theSenshi:SailorFukuRelic":25,"InkBottle":34,"TungstenRod":34},{"Golden Idol":3,"hexamod:Sixitude":12,"The Courier":12,"Bag of Preparation":15,"MawBank":4,"Calling Bell":15,"Shuriken":5,"Philosopher\u0027s Stone":6,"MealTicket":11,"Art of War":4,"Red Mask":9,"HandDrill":12,"PureWater":0,"theSenshi:SailorFukuRelic":12,"InkBottle":15,"TungstenRod":15},{"Golden Idol":8,"hexamod:Sixitude":43,"The Courier":43,"Bag of Preparation":56,"MawBank":16,"Calling Bell":56,"Shuriken":19,"Philosopher\u0027s Stone":24,"MealTicket":39,"Art of War":16,"Red Mask":33,"HandDrill":43,"PureWater":0,"theSenshi:SailorFukuRelic":43,"InkBottle":56,"TungstenRod":56}],"InkBottle":[1],"TungstenRod":2},"card_choices":[{"not_picked":["ForeignInfluence","Fasting2"],"picked":"BowlingBash","floor":1.0},{"not_picked":["Protect","Collect"],"picked":"JustLucky","floor":2.0},{"not_picked":["MentalFortress","JustLucky"],"picked":"FollowUp","floor":3.0},{"not_picked":["Study","SignatureMove"],"picked":"ReachHeaven","floor":7.0},{"not_picked":["EmptyFist","ThirdEye"],"picked":"SashWhip","floor":12.0},{"not_picked":["Judgement","Vault"],"picked":"Blasphemy","floor":16.0},{"not_picked":["JustLucky","Evaluate"],"picked":"ThirdEye","floor":18.0},{"not_picked":["Protect","Sanctity"],"picked":"CarveReality","floor":19.0},{"not_picked":["Consecrate","CrushJoints"],"picked":"FollowUp","floor":20.0},{"not_picked":["EmptyFist+1","CrushJoints+1"],"picked":"Protect","floor":22.0},{"not_picked":["DevaForm","Study"],"picked":"ReachHeaven","floor":23.0},{"not_picked":["EmptyFist","WreathOfFlame"],"picked":"FlyingSleeves","floor":24.0},{"not_picked":["SandsOfTime+1","Perseverance+1"],"picked":"Consecrate","floor":28.0},{"not_picked":["FollowUp","ThirdEye"],"picked":"Evaluate+1","floor":30.0},{"not_picked":["Scrawl","Alpha"],"picked":"MasterReality","floor":33.0}],"player_experience":399105,"relics_obtained":[{"floor":7.0,"key":"Art of War"},{"floor":9.0,"key":"MawBank"},{"floor":12.0,"key":"Shuriken"},{"floor":20.0,"key":"Red Mask"},{"floor":23.0,"key":"MealTicket"},{"floor":26.0,"key":"The Courier"},{"floor":34.0,"key":"Bag of Preparation"},{"floor":34.0,"key":"InkBottle"},{"floor":34.0,"key":"TungstenRod"}],"event_choices":[{"damage_healed":0.0,"max_hp_gain":0.0,"max_hp_loss":0.0,"gold_gain":0.0,"event_name":"Golden Idol","player_choice":"Take Wound","floor":4.0,"gold_loss":0.0,"damage_taken":0.0,"relics_obtained":["Golden Idol"],"cards_obtained":["Injury"]},{"damage_healed":0.0,"max_hp_gain":0.0,"max_hp_loss":0.0,"gold_gain":75.0,"event_name":"World of Goop","player_choice":"Gather Gold","floor":5.0,"gold_loss":0.0,"damage_taken":11.0},{"damage_healed":0.0,"max_hp_gain":5.0,"max_hp_loss":0.0,"gold_gain":0.0,"event_name":"Big Fish","player_choice":"Donut","floor":6.0,"gold_loss":0.0,"damage_taken":0.0},{"cards_removed":["Injury"],"damage_healed":0.0,"max_hp_gain":0.0,"max_hp_loss":0.0,"gold_gain":0.0,"event_name":"Living Wall","player_choice":"Forget","floor":14.0,"gold_loss":0.0,"damage_taken":0.0},{"damage_healed":0.0,"max_hp_gain":0.0,"max_hp_loss":0.0,"gold_gain":0.0,"event_name":"Masked Bandits","player_choice":"Fought Bandits","floor":20.0,"gold_loss":0.0,"damage_taken":0.0}],"is_beta":false,"boss_relics":[{"not_picked":["Empty Cage","VioletLotus"],"picked":"Philosopher\u0027s Stone"},{"not_picked":["Coffee Dripper","Runic Pyramid"],"picked":"Calling Bell"}],"items_purged_floors":[25],"is_endless":false,"potions_floor_spawned":[1,3,19,20,22,30],"killed_by":"3 Darklings","ascension_level":9}}