{"host":"pke0xxyzw0teju56","time":1613428992,"event":{"mods":["BaseMod","Bestiary","Colored Powertips","Highlight Path","Minty Spire (QoL Compilation)","Relic Stats","Slay the Relics Exporter","StSLib"],"gold_per_floor":[110,127,127,127,144,175,175,175,228,238,248,259,273,304,304,375,375,390,315,230,246,246,277,289,319,385,397,421,459,489,50,50,50,50],"floor_reached":33,"language":"ENG","playtime":1062,"items_purged":[],"score":598,"play_id":"ba346c75-6139-4ce8-9235-ed4efb13e0e3","local_time":"20210215174312","is_ascension_mode":true,"campfire_choices":[{"data":"Fission","floor":7,"key":"SMITH"},{"data":"Zap","floor":15,"key":"SMITH"},{"data":"Darkness","floor":24,"key":"SMITH"},{"data":"Biased Cognition","floor":32,"key":"SMITH"}],"circlet_count":0,"master_deck":["AscendersBane","Strike_B+1","Defend_B","Defend_B","Defend_B","Zap+1","Dualcast","Fission+1","Thunder Strike","Doom and Gloom+1","Cold Snap","Seek+1","BootSequence","FTL","Cold Snap","Glacier+1","Biased Cognition+1","Sweeping Beam+1","Darkness+1","RitualDagger"],"relics":["Cracked Core","Bag of Marbles","White Beast Statue","Oddly Smooth Stone","War Paint","Runic Pyramid","HornCleat","MutagenicStrength","MawBank","Strawberry","CeramicFish","ClockworkSouvenir","Bottled Lightning"],"acts_visited":["Exordium","TheCity"],"potions_floor_usage":[6,14,16,23,29,29,30,33,33,33],"damage_taken":[{"damage":7,"enemies":"Small Slimes","floor":1,"turns":3},{"damage":2,"enemies":"Jaw Worm","floor":2,"turns":3},{"damage":0,"enemies":"2 Louse","floor":5,"turns":1},{"damage":9,"enemies":"Gremlin Nob","floor":6,"turns":3},{"damage":0,"enemies":"Large Slime","floor":10,"turns":3},{"damage":0,"enemies":"3 Louse","floor":11,"turns":1},{"damage":0,"enemies":"Looter","floor":12,"turns":2},{"damage":0,"enemies":"2 Fungi Beasts","floor":13,"turns":3},{"damage":6,"enemies":"3 Sentries","floor":14,"turns":3},{"damage":5,"enemies":"The Guardian","floor":16,"turns":8},{"damage":0,"enemies":"Spheric Guardian","floor":18,"turns":4},{"damage":4,"enemies":"Shell Parasite","floor":21,"turns":3},{"damage":1,"enemies":"Gremlin Leader","floor":23,"turns":5},{"damage":0,"enemies":"Chosen and Byrds","floor":25,"turns":4},{"damage":10,"enemies":"Centurion and Healer","floor":28,"turns":5},{"damage":4,"enemies":"Slavers","floor":29,"turns":2},{"damage":0,"enemies":"Snecko","floor":30,"turns":5},{"damage":75,"enemies":"Champ","floor":33,"turns":10}],"seed_played":"-8224511280773168631","potions_obtained":[{"floor":1,"key":"FairyPotion"},{"floor":2,"key":"Strength Potion"},{"floor":10,"key":"Strength Potion"},{"floor":11,"key":"FocusPotion"},{"floor":14,"key":"GamblersBrew"},{"floor":16,"key":"FearPotion"},{"floor":18,"key":"FocusPotion"},{"floor":21,"key":"CultistPotion"},{"floor":23,"key":"SpeedPotion"},{"floor":25,"key":"Energy Potion"},{"floor":28,"key":"EntropicBrew"},{"floor":29,"key":"BlessingOfTheForge"},{"floor":30,"key":"Energy Potion"}],"is_trial":false,"path_per_floor":["M","M","?","?","M","E","R","?","T","M","M","M","M","E","R","B",null,"M","?","?","M","?","E","R","M","T","?","M","E","M","$","R","B"],"character_chosen":"DEFECT","items_purchased":["ClockworkSouvenir","Bottled Lightning"],"campfire_rested":0,"item_purchase_floors":[31,31],"current_hp_per_floor":[39,37,26,19,19,10,10,21,21,21,21,21,21,15,15,10,56,56,56,56,52,52,51,51,51,58,52,42,38,38,38,38,0,0],"gold":50,"neow_bonus":"TRANSFORM_TWO_CARDS","is_daily":false,"chose_seed":false,"campfire_upgraded":4,"win_rate":0.0,"timestamp":1613428992,"path_taken":["M","M","?","?","M","E","R","?","T","M","?","M","M","E","R","BOSS","M","?","?","M","?","E","R","M","T","?","M","E","M","$","R","BOSS"],"items_purchased_type":["Relic","Relic"],"build_version":"2020-12-22","purchased_purges":0,"victory":false,"max_hp_per_floor":[71,71,71,71,71,71,71,71,71,71,71,71,71,71,71,71,71,71,71,71,71,71,71,71,71,78,78,78,78,78,78,78,78,78],"relic_stats":{"counters":[18,68],"CeramicFish":0,"War Paint":["Glacier","Seek"],"MawBank":96,"obtain_stats":[{"CeramicFish":29,"Oddly Smooth Stone":9,"War Paint":14,"MawBank":23,"White Beast Statue":6,"ClockworkSouvenir":31,"HornCleat":20,"MutagenicStrength":22,"Strawberry":26,"Bag of Marbles":3,"Bottled Lightning":31,"Cracked Core":0,"Runic Pyramid":17},{"CeramicFish":16,"Oddly Smooth Stone":4,"War Paint":9,"MawBank":13,"White Beast Statue":4,"ClockworkSouvenir":17,"HornCleat":11,"MutagenicStrength":12,"Strawberry":14,"Bag of Marbles":2,"Bottled Lightning":17,"Cracked Core":0,"Runic Pyramid":10},{"CeramicFish":53,"Oddly Smooth Stone":10,"War Paint":22,"MawBank":42,"White Beast Statue":10,"ClockworkSouvenir":58,"HornCleat":34,"MutagenicStrength":37,"Strawberry":46,"Bag of Marbles":6,"Bottled Lightning":58,"Cracked Core":0,"Runic Pyramid":30}]},"card_choices":[{"not_picked":["Beam Cell","Leap"],"picked":"Doom and Gloom","floor":1},{"not_picked":["Turbo","Go for the Eyes"],"picked":"Cold Snap","floor":2},{"not_picked":["Heatsinks","Compile Driver"],"picked":"Seek","floor":5},{"not_picked":["Rainbow","Conserve Battery"],"picked":"BootSequence","floor":6},{"not_picked":["Rebound","Turbo"],"picked":"FTL","floor":10},{"not_picked":["Compile Driver","Turbo"],"picked":"Cold Snap","floor":11},{"not_picked":["Turbo","Streamline"],"picked":"Glacier","floor":12},{"not_picked":["Steam Power","Rebound","Conserve Battery"],"picked":"SKIP","floor":13},{"not_picked":["Rip and Tear","Steam Power","Scrape"],"picked":"SKIP","floor":14},{"not_picked":["Reboot","Multi-Cast"],"picked":"Biased Cognition","floor":16},{"not_picked":["Leap","Blizzard"],"picked":"Sweeping Beam+1","floor":18},{"not_picked":["Compile Driver","Barrage","Stack"],"picked":"SKIP","floor":21},{"not_picked":["Ball Lightning","Cold Snap"],"picked":"Darkness","floor":23},{"not_picked":["Conserve Battery","Sweeping Beam","Streamline+1"],"picked":"SKIP","floor":25},{"not_picked":["Conserve Battery","Sweeping Beam","Streamline+1"],"picked":"SKIP","floor":25},{"not_picked":["Hello World+1","Rainbow","Beam Cell"],"picked":"SKIP","floor":28},{"not_picked":["Chaos+1","Undo","Ball Lightning"],"picked":"SKIP","floor":29},{"not_picked":["Gash","Compile Driver+1","Chaos"],"picked":"SKIP","floor":30}],"player_experience":5341812,"relics_obtained":[{"floor":6,"key":"White Beast Statue"},{"floor":9,"key":"Oddly Smooth Stone"},{"floor":14,"key":"War Paint"},{"floor":23,"key":"MawBank"},{"floor":26,"key":"Strawberry"},{"floor":29,"key":"CeramicFish"}],"event_choices":[{"damage_healed":0,"gold_gain":0,"player_choice":"Success","damage_taken":11,"relics_obtained":["Bag of Marbles"],"max_hp_gain":0,"max_hp_loss":0,"event_name":"Scrap Ooze","floor":3,"gold_loss":0},{"cards_removed":["Strike_B"],"damage_healed":0,"gold_gain":0,"player_choice":"Card Removal","damage_taken":7,"max_hp_gain":0,"max_hp_loss":0,"event_name":"Golden Wing","floor":4,"gold_loss":0},{"damage_healed":0,"gold_gain":0,"player_choice":"Entered Light","damage_taken":21,"max_hp_gain":0,"max_hp_loss":0,"event_name":"Shining Light","floor":8,"gold_loss":0,"cards_upgraded":["Doom and Gloom","Strike_B"]},{"cards_removed":["Strike_B"],"damage_healed":0,"gold_gain":0,"player_choice":"Gave Gold","damage_taken":0,"max_hp_gain":0,"max_hp_loss":0,"event_name":"Beggar","floor":19,"gold_loss":75},{"damage_healed":0,"gold_gain":0,"player_choice":"Obtained Relic","damage_taken":0,"relics_obtained":["HornCleat"],"max_hp_gain":0,"max_hp_loss":0,"event_name":"Addict","floor":20,"gold_loss":85},{"damage_healed":0,"gold_gain":0,"player_choice":"Inject Mutagens","damage_taken":0,"relics_obtained":["MutagenicStrength"],"max_hp_gain":0,"max_hp_loss":0,"event_name":"Drug Dealer","floor":22,"gold_loss":0},{"damage_healed":0,"gold_gain":0,"player_choice":"Joined the Cult","damage_taken":6,"max_hp_gain":0,"max_hp_loss":0,"event_name":"Nest","floor":27,"gold_loss":0,"cards_obtained":["RitualDagger"]}],"is_beta":false,"boss_relics":[{"not_picked":["Ectoplasm","Coffee Dripper"],"picked":"Runic Pyramid"}],"items_purged_floors":[],"is_endless":false,"potions_floor_spawned":[1,2,10,11,12,13,14,16,18,21,23,25,28,29,30],"killed_by":"Champ","ascension_level":20}}