{"host":"yeg3u3dfqewtiiug","time":1613432263,"event":{"mods":["AchievementEnabler","BaseMod","Downfall","Minty Spire (QoL Compilation)","StSLib"],"gold_per_floor":[99,115,130,160,160,186,212,225,254,154,154,183,203,40,50,150,150,150,168,168,180,197,197,197,232,232,245,245,278,293,293,293,293,293],"floor_reached":32,"language":"ENG","playtime":3198,"items_purged":[],"score":340,"play_id":"1001468d-e182-4df7-a5fe-d5376cf37f98","local_time":"20210215173743","is_ascension_mode":false,"campfire_choices":[{"floor":23,"key":"REST"},{"floor":26,"key":"REST"},{"floor":28,"key":"REST"}],"circlet_count":0,"master_deck":["sneckomod:Strike","sneckomod:Strike+1","sneckomod:Strike","sneckomod:Defend","sneckomod:Defend","sneckomod:Defend","sneckomod:TailWhip","sneckomod:SnekBite","sneckomod:Unknown","Creative AI","sneckomod:UnknownExhaust","sneckomod:SoulRoll","sneckomod:Nope","bronze:AlphaBuild+1","sneckomod:UnknownUncommonSkill","sneckomod:SoulDraw","sneckomod:UnknownBlock","sneckomod:UnknownClassTHE_BRONZE_AUTOMATON","sneckomod:UnknownClassTHE_BRONZE_AUTOMATON","sneckomod:UnknownClassTHE_BRONZE_AUTOMATON","sneckomod:UnknownClassTHE_BRONZE_AUTOMATON","bronze:Invalidate","bronze:OilSpill","sneckomod:UnknownBlock+1","CurseOfTheBell","CurseOfTheBell","bronze:InfiniteLoop","sneckomod:Unknown0Cost+1","sneckomod:DefensiveFlair+1","bronze:Backtrace","sneckomod:Unknown1Cost+1","sneckomod:UnknownBlock+1","Necronomicurse"],"relics":["sneckomod:SneckoSoul","Strawberry","Smiling Mask","PreservedInsect","Whetstone","Bronze Scales","downfall:HeartBlessingGreen","Odd Mushroom","Frozen Eye","sneckomod:SneckoBoss","downfall:ExtraCursedBell","Vajra","The Courier","sneckomod:UnknownEgg","Juzu Bracelet","Blood Vial","Anchor","Necronomicon"],"acts_visited":["Exordium","TheCity"],"potions_floor_usage":[12,16,16,22,25,25],"damage_taken":[{"damage":0,"enemies":"Small Slimes","floor":2,"turns":5},{"damage":10,"enemies":"Jaw Worm","floor":3,"turns":5},{"damage":8,"enemies":"Lagavulin","floor":6,"turns":6},{"damage":0,"enemies":"2 Louse","floor":8,"turns":1},{"damage":35,"enemies":"3 Sentries","floor":9,"turns":10},{"damage":13,"enemies":"The Mushroom Lair","floor":12,"turns":4},{"damage":9,"enemies":"downfall:LooterAlt","floor":13,"turns":2},{"damage":0,"enemies":"downfall:FleeingMerchant","floor":14,"turns":4},{"damage":13,"enemies":"Red Slaver","floor":15,"turns":5},{"damage":15,"enemies":"SI_SHIV_ARCHETYPE","floor":16,"turns":5},{"damage":15,"enemies":"downfall:LooterAlt2","floor":19,"turns":3},{"damage":6,"enemies":"Chosen","floor":21,"turns":5},{"damage":28,"enemies":"Centurion and Healer","floor":22,"turns":6},{"damage":60,"enemies":"Gremlin Leader","floor":25,"turns":7},{"damage":47,"enemies":"Cultist and Chosen","floor":27,"turns":10},{"damage":14,"enemies":"Book of Stabbing","floor":29,"turns":4},{"damage":29,"enemies":"Snecko","floor":30,"turns":5},{"damage":20,"enemies":"Snake Plant","floor":32,"turns":3}],"seed_played":"7211967269616991944","potions_obtained":[{"floor":2,"key":"BlessingOfTheForge"},{"floor":8,"key":"SkillPotion"},{"floor":12,"key":"Energy Potion"},{"floor":15,"key":"sneckomod:MuddlingPotion"},{"floor":16,"key":"Slimebound:ThreeZeroPotion"},{"floor":19,"key":"EntropicBrew"},{"floor":21,"key":"LiquidBronze"}],"is_trial":false,"path_per_floor":["R","M","M","?","T","E","T","M","E","R","?","?","M","$","M","B",null,"R","M","?","M","M","R","T","E","R","M","R","E","M","?","M"],"character_chosen":"THE_SNECKO","items_purchased":["Frozen Eye"],"campfire_rested":3,"item_purchase_floors":[14],"current_hp_per_floor":[99,99,89,96,96,88,88,88,53,53,58,45,36,36,23,8,111,111,96,96,90,62,95,95,35,68,37,70,58,31,15,0,0,0],"gold":293,"neow_bonus":"TEN_PERCENT_HP_BONUS","is_daily":false,"chose_seed":false,"campfire_upgraded":0,"win_rate":0.0,"timestamp":1613432263,"path_taken":["R","M","M","?","?","E","T","M","E","R","?","?","M","?","M","BOSS","R","M","?","M","M","R","T","E","R","M","R","E","M","?","M"],"items_purchased_type":["Relic"],"build_version":"2020-12-22","purchased_purges":0,"victory":false,"max_hp_per_floor":[99,99,99,106,106,106,106,106,106,106,111,111,111,111,111,111,111,111,111,111,111,111,111,111,111,111,111,111,111,111,111,111,111,111],"card_choices":[{"not_picked":["sneckomod:WideSting","sneckomod:ImprovisedGuard"],"picked":"sneckomod:UnknownExhaust","floor":2},{"not_picked":["sneckomod:Unknown1Cost","sneckomod:Unknown2Cost"],"picked":"sneckomod:SoulRoll","floor":3},{"not_picked":["sneckomod:Unknown1Cost","sneckomod:UnknownUncommonPower"],"picked":"sneckomod:UnknownRareAttack","floor":6},{"not_picked":["sneckomod:ImprovisedGuard","sneckomod:DiceCrush"],"picked":"sneckomod:Nope","floor":8},{"not_picked":["sneckomod:UnknownCommonAttack","sneckomod:UnendingSupply","sneckomod:SerpentIdol"],"picked":"SKIP","floor":9},{"not_picked":["sneckomod:SoulRoll","sneckomod:UnknownCommonSkill"],"picked":"sneckomod:UnknownUncommonSkill","floor":12},{"not_picked":["sneckomod:UnknownCommonAttack","sneckomod:QuickBite"],"picked":"sneckomod:SoulDraw","floor":13},{"not_picked":["sneckomod:UnknownCommonSkill","sneckomod:DiceBlock"],"picked":"sneckomod:UnknownBlock","floor":14},{"not_picked":["sneckomod:UnknownCommonSkill","sneckomod:RainOfDice","sneckomod:SerpentIdol"],"picked":"SKIP","floor":15},{"not_picked":["bronze:Overheat","bronze:BuggyMess"],"picked":"bronze:OilSpill","floor":19},{"not_picked":["sneckomod:SoulRoll","sneckomod:DiceCrush"],"picked":"sneckomod:UnknownBlock+1","floor":19},{"not_picked":["bronze:Separator","bronze:DelayedSlice"],"picked":"bronze:InfiniteLoop","floor":21},{"not_picked":["sneckomod:Unknown1Cost+1","sneckomod:SnakeSap"],"picked":"sneckomod:Unknown0Cost+1","floor":21},{"not_picked":["sneckomod:UnknownX+1","sneckomod:DiceBoulder"],"picked":"sneckomod:DefensiveFlair+1","floor":22},{"not_picked":["bronze:Defend","bronze:CloningBeam"],"picked":"bronze:Backtrace","floor":25},{"not_picked":["sneckomod:UnknownBlock+1","sneckomod:UnknownExhaust+1","sneckomod:ImprovisedAttack"],"picked":"SKIP","floor":25},{"not_picked":["sneckomod:MasterEye","sneckomod:RainOfDice"],"picked":"sneckomod:Unknown1Cost+1","floor":27},{"not_picked":["sneckomod:Unknown3Cost+1","sneckomod:SnakeSap"],"picked":"sneckomod:UnknownBlock+1","floor":29},{"not_picked":["sneckomod:Nope","sneckomod:RainOfDice","sneckomod:UnknownDraw+1"],"picked":"SKIP","floor":30}],"player_experience":386286,"relics_obtained":[{"floor":5,"key":"Smiling Mask"},{"floor":6,"key":"PreservedInsect"},{"floor":7,"key":"Whetstone"},{"floor":9,"key":"Bronze Scales"},{"floor":12,"key":"Odd Mushroom"},{"floor":20,"key":"Vajra"},{"floor":20,"key":"The Courier"},{"floor":20,"key":"sneckomod:UnknownEgg"},{"floor":24,"key":"Juzu Bracelet"},{"floor":25,"key":"Blood Vial"},{"floor":29,"key":"Anchor"},{"floor":31,"key":"Necronomicon"}],"event_choices":[{"damage_healed":0,"gold_gain":0,"player_choice":"Donut","damage_taken":0,"max_hp_gain":5,"max_hp_loss":0,"event_name":"Big Fish","floor":11,"gold_loss":0},{"damage_healed":0,"gold_gain":0,"player_choice":"Fought Mushrooms","damage_taken":0,"max_hp_gain":0,"max_hp_loss":0,"event_name":"Mushrooms","floor":12,"gold_loss":0}],"is_beta":false,"boss_relics":[{"not_picked":["SacredBark","Black Star"],"picked":"sneckomod:SneckoBoss"}],"items_purged_floors":[],"is_endless":false,"potions_floor_spawned":[2,8,12,15,16,19,21],"killed_by":"Snake Plant","ascension_level":0}}