{"host":"2fgwwnzqc97k7iys","time":1613418770,"event":{"mods":["BaseMod","Colored Map","Minty Spire (QoL Compilation)","Quick Restart","Relic Stats"],"gold_per_floor":[115,127,127,140,140,175,198,198,278,302,378,69,69,69,69,69,69],"floor_reached":16,"language":"ENG","playtime":1033,"items_purged":["Strike_R"],"score":150,"play_id":"f2245cfa-5db4-4139-bb8e-d81418409f14","local_time":"20210215135250","is_ascension_mode":true,"campfire_choices":[{"data":"Uppercut","floor":8,"key":"SMITH"},{"floor":15,"key":"REST"}],"circlet_count":0,"master_deck":["AscendersBane","Strike_R","Strike_R","Strike_R","Defend_R","Defend_R","Defend_R","Defend_R","Bash","Flame Barrier","Dropkick","Headbutt","Uppercut+1","Pommel Strike","Dropkick"],"relics":["Burning Blood","Golden Idol","Dead Branch","Sundial","Centennial Puzzle","HandDrill"],"acts_visited":["Exordium"],"potions_floor_usage":[6,16,16],"damage_taken":[{"damage":4,"enemies":"Small Slimes","floor":1,"turns":4},{"damage":5,"enemies":"2 Louse","floor":2,"turns":3},{"damage":1,"enemies":"Cultist","floor":4,"turns":4},{"damage":16,"enemies":"Gremlin Nob","floor":6,"turns":3},{"damage":20,"enemies":"Exordium Thugs","floor":7,"turns":5},{"damage":15,"enemies":"3 Louse","floor":10,"turns":4},{"damage":30,"enemies":"3 Sentries","floor":11,"turns":7},{"damage":37,"enemies":"Slime Boss","floor":16,"turns":8}],"seed_played":"3613521630133475043","potions_obtained":[{"floor":1,"key":"Ancient Potion"},{"floor":2,"key":"SteroidPotion"},{"floor":6,"key":"ElixirPotion"},{"floor":14,"key":"SteroidPotion"},{"floor":14,"key":"GamblersBrew"},{"floor":14,"key":"SkillPotion"}],"is_trial":false,"path_per_floor":["M","M","?","M","?","E","M","R","T","M","?","$","?","?","R","B"],"character_chosen":"IRONCLAD","items_purchased":["HandDrill","Dropkick"],"campfire_rested":1,"item_purchase_floors":[12,12],"current_hp_per_floor":[82,83,61,66,66,56,42,42,42,33,9,9,9,9,35,0,0],"gold":69,"neow_bonus":"TEN_PERCENT_HP_BONUS","is_daily":false,"chose_seed":false,"campfire_upgraded":1,"win_rate":0.0,"timestamp":1613418770,"path_taken":["M","M","?","M","?","E","M","R","T","M","?","$","?","?","R","BOSS"],"items_purchased_type":["Relic","Card"],"build_version":"2020-12-22","purchased_purges":1,"victory":false,"max_hp_per_floor":[88,88,88,88,88,88,88,88,88,88,88,88,88,88,88,88,88],"relic_stats":{"Centennial Puzzle":[3],"counters":[8,38],"Golden Idol":43,"Sundial":[4],"Dead Branch":[15],"HandDrill":[0],"obtain_stats":[{"Centennial Puzzle":11,"Golden Idol":3,"Sundial":9,"Dead Branch":6,"HandDrill":12,"Burning Blood":0},{"Centennial Puzzle":7,"Golden Idol":2,"Sundial":5,"Dead Branch":4,"HandDrill":7,"Burning Blood":0},{"Centennial Puzzle":30,"Golden Idol":7,"Sundial":19,"Dead Branch":14,"HandDrill":30,"Burning Blood":0}],"Burning Blood":42},"card_choices":[{"not_picked":["Armaments","Clothesline"],"picked":"Flame Barrier","floor":1},{"not_picked":["Feel No Pain","Pummel"],"picked":"Dropkick","floor":2},{"not_picked":["Combust","Armaments"],"picked":"Headbutt","floor":4},{"not_picked":["Headbutt","Pummel","Inflame"],"picked":"SKIP","floor":6},{"not_picked":["Perfected Strike","Whirlwind"],"picked":"Uppercut","floor":7},{"not_picked":["Combust","Fire Breathing"],"picked":"Pommel Strike","floor":10}],"player_experience":561206,"relics_obtained":[{"floor":6,"key":"Dead Branch"},{"floor":9,"key":"Sundial"},{"floor":11,"key":"Centennial Puzzle"}],"event_choices":[{"damage_healed":0,"gold_gain":0,"player_choice":"Take Damage","damage_taken":22,"relics_obtained":["Golden Idol"],"max_hp_gain":0,"max_hp_loss":0,"event_name":"Golden Idol","floor":3,"gold_loss":0},{"cards_removed":["Strike_R"],"damage_healed":0,"gold_gain":0,"player_choice":"Forget","damage_taken":0,"max_hp_gain":0,"max_hp_loss":0,"event_name":"Living Wall","floor":5,"gold_loss":0},{"damage_healed":0,"gold_gain":0,"player_choice":"Searched \u00272\u0027 times","damage_taken":0,"max_hp_gain":0,"max_hp_loss":0,"event_name":"Dead Adventurer","floor":11,"gold_loss":0},{"damage_healed":0,"gold_gain":0,"player_choice":"Ignored","damage_taken":0,"max_hp_gain":0,"max_hp_loss":0,"event_name":"Liars Game","floor":13,"gold_loss":0},{"damage_healed":0,"gold_gain":0,"player_choice":"Got Potions","damage_taken":0,"max_hp_gain":0,"max_hp_loss":0,"event_name":"Lab","floor":14,"gold_loss":0}],"is_beta":false,"boss_relics":[],"items_purged_floors":[12],"is_endless":false,"potions_floor_spawned":[1,2,6],"killed_by":"Slime Boss","ascension_level":10}}