{"host":"oqv3vxnsjitmn8w8","time":1613357381,"event":{"mods":["BaseMod","DeckTracker","Lobotomy","Minty Spire (QoL Compilation)","StSLib","WarShipGirlsR/??á´Ò³R mod"],"gold_per_floor":[111,136,67,133,153,153,153,153,198,198,198,42,91,91,91,192,192,204,40,40,52,3,3,19,46,46,46,0,0,0,33,33,33,33,47,47,47,27,0,30,59,59,59,59,59,78,27,27,27,27],"floor_reached":51,"language":"KOR","playtime":1848,"items_purged":["Binah"],"score":1149,"play_id":"c4fea06d-8a6d-4c57-8c24-6900f67b0a33","local_time":"20210215114941","daily_mods":["Draft","Heirloom","Time Dilation","Flight","Elite Swarm"],"is_ascension_mode":false,"campfire_choices":[{"data":"GoldRush","floor":15,"key":"SMITH"},{"data":"Apotheosis","floor":23,"key":"SMITH"},{"data":"Soda","floor":32,"key":"SMITH"},{"data":"GreenStem","floor":44,"key":"SMITH"},{"data":"Soda","floor":49,"key":"SMITH"}],"circlet_count":0,"master_deck":["InformationCode","ExtractionCode","TrainingCode","BlackSwan_ego+1","Wingbeat","Moonlight","Heaven","Ecstasy","Galaxy","CUTE","GreenStem+1","CherryBlossom","Regret_ego","SwordSharpenedByTears","FourthMatchFlame","Harvest","Harvest","OldLady","Lamp+2","CrumblingArmor","Regret_ego","GoldRush+1","ParadiseLost","CENSORED_ego","SpecialBullet","DaCapo","MeatLantern","SpecialBullet","Beak","Apotheosis+1","SpecialBullet","RedEyes","Soda+1","OSAHOGD","Mimicry","CENSORED_ego+1","GoldRush","SpecialBullet","GoldRush","GoldRush","SpecialBullet","GoldRush","CENSORED_ego","CENSORED_ego","CENSORED_ego","SpecialBullet","SpecialBullet","Justitia","SpecialBullet","SpecialBullet","RedEyes+1","Soda+1"],"relics":["CogitoBucket","Pocketwatch","Happy Flower","Ice Cream","Orichalcum","Ornamental Fan","Black Star","Nloth\u0027s Gift","ResearcherNote","Lantern","Dead Branch","Bird Faced Urn","Pear","Torii","Eternal Feather","Blood Vial","War Paint","Oddly Smooth Stone","Coffee Dripper","TreeSap","Red Mask","CaptainsWheel","Pen Nib","InkBottle","Ancient Tea Set","FossilizedHelix","Thread and Needle","Bottled Tornado"],"acts_visited":["Exordium","TheCity","TheBeyond"],"potions_floor_usage":[51],"damage_taken":[{"damage":9,"enemies":"Cultist","floor":1,"turns":4},{"damage":13,"enemies":"2 Louse","floor":5,"turns":2},{"damage":3,"enemies":"3 Sentries","floor":14,"turns":4},{"damage":0,"enemies":"Slime Boss","floor":16,"turns":5},{"damage":6,"enemies":"2 Thieves","floor":18,"turns":2},{"damage":22,"enemies":"Shell Parasite","floor":21,"turns":2},{"damage":0,"enemies":"3 Cultists","floor":24,"turns":3},{"damage":5,"enemies":"Slavers","floor":25,"turns":5},{"damage":23,"enemies":"Gremlin Leader","floor":27,"turns":6},{"damage":0,"enemies":"Book of Stabbing","floor":29,"turns":4},{"damage":2,"enemies":"Gremlin Leader","floor":31,"turns":3},{"damage":4,"enemies":"Automaton","floor":33,"turns":6},{"damage":33,"enemies":"Orb Walker","floor":35,"turns":3},{"damage":1,"enemies":"Giant Head","floor":40,"turns":4},{"damage":7,"enemies":"Nemesis","floor":41,"turns":3},{"damage":5,"enemies":"Giant Head","floor":42,"turns":4},{"damage":0,"enemies":"3 Shapes","floor":46,"turns":1},{"damage":0,"enemies":"Donu and Deca","floor":50,"turns":5},{"damage":0,"enemies":"Malkuth","floor":51,"turns":4},{"damage":0,"enemies":"Netzach","floor":51,"turns":6}],"seed_played":"-6877470314333437586","potions_obtained":[{"floor":1,"key":"Dexterity Potion"},{"floor":5,"key":"GamblersBrew"},{"floor":25,"key":"CultistPotion"},{"floor":46,"key":"FairyPotion"}],"is_trial":true,"path_per_floor":["M","T","$","?","M","R","R","R","T","T","R","$","T","E","R","B",null,"M","$","?","M","$","R","M","E","T","E","$","E","?","E","R","B",null,"M","?","$","?","?","E","E","E","T","R","?","M","$","?","R","B",null],"character_chosen":"Angela","items_purchased":["Lamp","GoldRush","Apotheosis","Soda","Soda"],"campfire_rested":0,"item_purchase_floors":[3,12,19,22,47],"current_hp_per_floor":[61,61,61,61,48,48,48,48,48,48,48,48,48,45,45,45,70,68,68,68,46,46,46,53,52,52,56,56,68,68,76,88,88,88,55,55,55,55,55,84,87,88,88,88,84,84,84,84,84,84],"gold":27,"neow_bonus":"","is_daily":false,"chose_seed":false,"campfire_upgraded":5,"win_rate":0.0,"timestamp":1613357381,"path_taken":["M","?","$","?","M","R","R","R","T","?","R","$","?","E","R","BOSS","M","$","?","?","$","R","?","E","T","E","?","E","?","E","R","BOSS","M","?","$","?","?","E","E","E","T","R","?","?","$","?","R","BOSS"],"items_purchased_type":["Card","Card","Card","Card","Card"],"build_version":"2020-12-22","purchased_purges":1,"victory":true,"max_hp_per_floor":[70,70,70,70,70,70,70,70,70,70,70,70,70,70,70,70,70,74,74,74,74,74,74,78,78,78,88,88,88,88,88,88,88,88,88,88,88,88,88,88,88,88,88,88,84,84,84,84,84,84],"card_choices":[{"not_picked":["Loneliness","Regret_ego"],"picked":"BlackSwan_ego","floor":0},{"not_picked":["WristCuter","Loneliness"],"picked":"Wingbeat","floor":0},{"not_picked":["Horn","Loneliness"],"picked":"Moonlight","floor":0},{"not_picked":["Loneliness","WristCuter"],"picked":"Heaven","floor":0},{"not_picked":["Soda","Gaze"],"picked":"Ecstasy","floor":0},{"not_picked":["CUTE","Lantern"],"picked":"Galaxy","floor":0},{"not_picked":["Horn","Regret_ego"],"picked":"CUTE","floor":0},{"not_picked":["Tough","Soda"],"picked":"GreenStem","floor":0},{"not_picked":["Horn","TodaysExpression"],"picked":"CherryBlossom","floor":0},{"not_picked":["RedEyes","Wingbeat"],"picked":"Regret_ego","floor":0},{"not_picked":["BearPaw","Tough"],"picked":"FeatherOfHonor","floor":0},{"not_picked":["Harmony","Loneliness"],"picked":"SwordSharpenedByTears","floor":0},{"not_picked":["Lantern","Penitence"],"picked":"FourthMatchFlame","floor":0},{"not_picked":["Penitence","Noise"],"picked":"Harvest","floor":0},{"not_picked":["Penitence","CUTE"],"picked":"Harvest","floor":0},{"not_picked":["VoidDream","GreedKing"],"picked":"OldLady","floor":1},{"not_picked":["Lantern","Tough"],"picked":"SKIP","floor":1},{"not_picked":["Beak","Harmony"],"picked":"SKIP","floor":1},{"not_picked":["UniverseFragment","VoidDream"],"picked":"CrumblingArmor","floor":5},{"not_picked":["Justitia"],"picked":"Regret_ego","floor":5},{"not_picked":["SoundOfStar","Adoration"],"picked":"ParadiseLost","floor":14},{"not_picked":["SoundOfStar","Justitia"],"picked":"CENSORED_ego","floor":16},{"not_picked":["Twilight","Justitia"],"picked":"DaCapo","floor":16},{"not_picked":["Yin","LittlePrince"],"picked":"MeatLantern","floor":18},{"not_picked":["Loneliness","Harvest"],"picked":"Beak","floor":18},{"not_picked":["RapturousDream","BloodyDesire"],"picked":"RedEyes","floor":21},{"not_picked":["FairyFestival","Scorched"],"picked":"OSAHOGD","floor":24},{"not_picked":["BlueScar+1","RapturousDream+1","Galaxy+1"],"picked":"SKIP","floor":24},{"not_picked":["ParadiseLost","Twilight"],"picked":"Mimicry","floor":25},{"not_picked":["Twilight","GoldRush"],"picked":"CENSORED_ego","floor":27},{"not_picked":["Pinks","ParadiseLost"],"picked":"GoldRush","floor":27},{"not_picked":["Twilight","SoundOfStar"],"picked":"GoldRush","floor":29},{"not_picked":["SoundOfStar","Pinks"],"picked":"GoldRush","floor":31},{"not_picked":["DaCapo","Mimicry"],"picked":"CENSORED_ego","floor":33},{"not_picked":["GoldRush","SoundOfStar"],"picked":"CENSORED_ego","floor":33},{"not_picked":["Horn","Regret_ego","RedEyes"],"picked":"SKIP","floor":35},{"not_picked":[],"picked":"CENSORED_ego","floor":38},{"not_picked":["Twilight","Adoration","ParadiseLost"],"picked":"SKIP","floor":40},{"not_picked":["SoundOfStar","Pinks","Justitia"],"picked":"SKIP","floor":41},{"not_picked":["Mimicry","Adoration"],"picked":"Justitia","floor":42},{"not_picked":["Pinks","ParadiseLost","Mimicry"],"picked":"SKIP","floor":42},{"not_picked":["BloodyDesire","CherryBlossom"],"picked":"RedEyes+1","floor":46}],"player_experience":110027,"relics_obtained":[{"floor":2,"key":"Dream Catcher"},{"floor":9,"key":"Happy Flower"},{"floor":10,"key":"Ice Cream"},{"floor":13,"key":"Orichalcum"},{"floor":14,"key":"Ornamental Fan"},{"floor":25,"key":"Lantern"},{"floor":25,"key":"Dead Branch"},{"floor":26,"key":"Bird Faced Urn"},{"floor":27,"key":"Pear"},{"floor":27,"key":"Torii"},{"floor":29,"key":"Eternal Feather"},{"floor":29,"key":"Blood Vial"},{"floor":31,"key":"War Paint"},{"floor":31,"key":"Oddly Smooth Stone"},{"floor":40,"key":"CaptainsWheel"},{"floor":40,"key":"Pen Nib"},{"floor":41,"key":"InkBottle"},{"floor":41,"key":"Ancient Tea Set"},{"floor":42,"key":"FossilizedHelix"},{"floor":42,"key":"Thread and Needle"},{"floor":43,"key":"Bottled Tornado"}],"event_choices":[{"damage_healed":0,"gold_gain":66,"player_choice":"Gained Gold","damage_taken":0,"max_hp_gain":0,"max_hp_loss":0,"event_name":"Golden Wing","floor":4,"gold_loss":0},{"damage_healed":0,"gold_gain":0,"player_choice":"Traded Relic","damage_taken":0,"relics_obtained":["Nloth\u0027s Gift"],"max_hp_gain":0,"max_hp_loss":0,"event_name":"N\u0027loth","floor":20,"relics_lost":["Dream Catcher"],"gold_loss":0},{"damage_healed":0,"gold_gain":0,"player_choice":"Read","damage_taken":0,"max_hp_gain":0,"max_hp_loss":0,"event_name":"The Library","floor":30,"gold_loss":0,"cards_obtained":["GoldRush"]},{"damage_healed":0,"gold_gain":0,"player_choice":"Memory 1","damage_taken":0,"max_hp_gain":0,"max_hp_loss":0,"event_name":"SensoryStone","floor":36,"gold_loss":0},{"damage_healed":0,"gold_gain":0,"player_choice":"Paid","damage_taken":0,"relics_obtained":["Red Mask"],"max_hp_gain":0,"max_hp_loss":0,"event_name":"Tomb of Lord Red Mask","floor":39,"gold_loss":27},{"damage_healed":0,"gold_gain":0,"player_choice":"Max HP","damage_taken":0,"max_hp_gain":0,"max_hp_loss":4,"event_name":"Winding Halls","floor":45,"gold_loss":0},{"cards_removed":["FeatherOfHonor"],"damage_healed":0,"gold_gain":0,"player_choice":"Removed Attack","damage_taken":0,"max_hp_gain":0,"max_hp_loss":0,"event_name":"Falling","floor":48,"gold_loss":0}],"is_beta":false,"boss_relics":[{"not_picked":["Sozu","Runic Pyramid"],"picked":"Black Star"},{"not_picked":["Philosopher\u0027s Stone","Empty Cage"],"picked":"Coffee Dripper"}],"items_purged_floors":[28],"is_endless":false,"potions_floor_spawned":[1,5,25,27,31,33,40,42,46],"ascension_level":0}}