{"host":"gop1q6bv59twswbp","time":1613349636,"event":{"mods":["AlwaysNeverKeys","BaseMod","Downfall","Hermit","Minty Spire (QoL Compilation)","Permanent Neow","Rare Cards Sparkle","StSLib","The Cursed"],"gold_per_floor":[118,118,136,155,173,204,204,220,298,473,488,488,514,524,524,625,625,639,639,659,674,688,688,19,48,97,97,108,133,133,58,58,162,162,179,229,240,240,148,148,182,193,242,242,275,289,289,19,19,19,19],"floor_reached":50,"language":"ENG","playtime":4282,"items_purged":["Strike_P"],"score":676,"play_id":"4559cb9f-11b0-4974-952b-fc720ccaf73d","local_time":"20210214194036","is_ascension_mode":false,"campfire_choices":[{"floor":12.0,"key":"REST"},{"data":"Vigilance","floor":15.0,"key":"SMITH"},{"floor":23.0,"key":"REST"},{"floor":30.0,"key":"REST"},{"floor":32.0,"key":"REST"},{"data":"Study","floor":40.0,"key":"SMITH"},{"floor":44,"key":"REST"},{"floor":47,"key":"REST"},{"data":"DevaForm","floor":49,"key":"SMITH"}],"circlet_count":0,"master_deck":["Strike_P","Defend_P","Defend_P+1","Defend_P","Defend_P","Eruption+1","Vigilance+1","ThirdEye+1","PathToVictory+1","Consecrate","CutThroughFate","Adaptation","Crescendo","JustLucky","FlurryOfBlows","DevaForm+1","Perseverance+1","Ragnarok","Prostrate+1","ThirdEye+1","Meditate+1","FearNoEvil+1","LikeWater","ThirdEye+1","downfall:Bewildered","EmptyBody+1","PathToVictory+1","Vault+1","Prostrate+1","Meditate+1","Study+1","Forethought+1","FlurryOfBlows","CutThroughFate+1","Prostrate+1","DeceiveReality+1"],"relics":["HolyWater","Strawberry","Toxic Egg 2","Mango","Spirit Poop","Oddly Smooth Stone","HandDrill","Bird Faced Urn","Bronze Scales","Anchor","sneckomod:BabySnecko","Potion Belt","Velvet Choker","FossilizedHelix","Regal Pillow","Bag of Marbles","Gambling Chip","champ:Barbells"],"acts_visited":["Exordium","TheCity","TheBeyond"],"potions_floor_usage":[41,45,50],"damage_taken":[{"damage":0.0,"enemies":"Small Slimes","floor":1.0,"turns":5.0},{"damage":0.0,"enemies":"2 Louse","floor":3.0,"turns":3.0},{"damage":0.0,"enemies":"Jaw Worm","floor":4.0,"turns":3.0},{"damage":0.0,"enemies":"Looter","floor":5.0,"turns":2.0},{"damage":27.0,"enemies":"Lagavulin","floor":6.0,"turns":7.0},{"damage":15.0,"enemies":"Exordium Thugs","floor":8.0,"turns":5.0},{"damage":14.0,"enemies":"Red Slaver","floor":11.0,"turns":3.0},{"damage":0.0,"enemies":"Gremlin Nob","floor":13.0,"turns":3.0},{"damage":3.0,"enemies":"Gremlin Gang","floor":14.0,"turns":4.0},{"damage":10.0,"enemies":"Hexaghost","floor":16.0,"turns":9.0},{"damage":51.0,"enemies":"Shell Parasite","floor":18.0,"turns":6.0},{"damage":3.0,"enemies":"2 Thieves","floor":20.0,"turns":4.0},{"damage":56.0,"enemies":"Cultist and Chosen","floor":21.0,"turns":5.0},{"damage":1.0,"enemies":"Shelled Parasite and Fungi","floor":22.0,"turns":3.0},{"damage":44.0,"enemies":"Slavers","floor":25.0,"turns":7.0},{"damage":8.0,"enemies":"Snecko","floor":28.0,"turns":5.0},{"damage":0.0,"enemies":"Gremlin Leader","floor":29.0,"turns":6.0},{"damage":15.0,"enemies":"Automaton","floor":33.0,"turns":12.0},{"damage":0.0,"enemies":"3 Shapes","floor":35.0,"turns":8.0},{"damage":11.0,"enemies":"Mind Bloom Boss Battle","floor":36.0,"turns":6.0},{"damage":19.0,"enemies":"3 Darklings","floor":37.0,"turns":5.0},{"damage":48,"enemies":"Reptomancer","floor":41,"turns":11},{"damage":5,"enemies":"Maw","floor":42,"turns":7},{"damage":33,"enemies":"Giant Head","floor":45,"turns":8},{"damage":6,"enemies":"Sphere and 2 Shapes","floor":46,"turns":9},{"damage":98,"enemies":"Awakened One","floor":50,"turns":15}],"seed_played":"-7374951232931350531","potions_obtained":[{"floor":3.0,"key":"Energy Potion"},{"floor":5.0,"key":"FairyPotion"},{"floor":8.0,"key":"AttackPotion"},{"floor":20.0,"key":"StancePotion"},{"floor":21.0,"key":"BlessingOfTheForge"},{"floor":22.0,"key":"DuplicationPotion"},{"floor":25.0,"key":"DuplicationPotion"},{"floor":37.0,"key":"GamblersBrew"},{"floor":41,"key":"Slimebound:ThreeZeroPotion"},{"floor":42,"key":"champ:CounterPotion"},{"floor":45,"key":"PowerPotion"},{"floor":46,"key":"AttackPotion"}],"is_trial":false,"path_per_floor":["M","?","M","M","M","E","?","M","T","?","M","R","E","M","R","B",null,"M","?","M","M","M","R","$","E","T","?","M","E","R","?","R","B",null,"M","?","M","?","$","R","E","M","T","R","E","M","R","$","R","B"],"character_chosen":"WATCHER","items_purchased":["Oddly Smooth Stone","HandDrill","Bird Faced Urn","LikeWater","Forethought+1","DeceiveReality+1","champ:Barbells"],"campfire_rested":6,"item_purchase_floors":[24,24,24,24,39,48,48],"current_hp_per_floor":[72,58,58,58,58,38,38,23,23,23,9,32,46,43,43,33,93,42,42,39,27,26,53,53,13,13,13,9,15,42,42,69,58,93,93,82,69,69,69,69,29,30,30,72,47,47,89,89,89,0,0],"gold":19,"neow_bonus":"TRANSFORM_CARD","is_daily":false,"chose_seed":false,"campfire_upgraded":3,"win_rate":0.0,"timestamp":1613349636,"path_taken":["M","?","M","M","M","E","?","?","T","?","M","R","E","M","R","BOSS","M","?","M","?","?","R","$","E","T","?","M","E","R","?","R","BOSS","M","?","M","?","?","R","E","M","T","R","E","M","R","?","R","BOSS"],"items_purchased_type":["Relic","Relic","Relic","Card","Card","Card","Relic"],"build_version":"2020-12-22","purchased_purges":1,"victory":false,"max_hp_per_floor":[72,72,72,72,72,79,79,79,79,79,79,79,93,93,93,93,93,93,93,93,93,93,93,93,93,93,93,93,93,93,93,93,93,93,93,93,93,93,93,93,93,93,93,93,93,93,93,93,93,93,93],"card_choices":[{"not_picked":["CutThroughFate","BowlingBash"],"picked":"PathToVictory","floor":1.0},{"not_picked":["SignatureMove","EmptyBody"],"picked":"Consecrate","floor":3.0},{"not_picked":["FearNoEvil","Conclude"],"picked":"CutThroughFate","floor":4.0},{"not_picked":["Judgement","Indignation"],"picked":"Adaptation","floor":5.0},{"not_picked":["FearNoEvil","FollowUp"],"picked":"Crescendo","floor":6.0},{"not_picked":["Prostrate","WreathOfFlame"],"picked":"JustLucky","floor":8.0},{"not_picked":["Evaluate+1","Prostrate+1"],"picked":"FlurryOfBlows","floor":11.0},{"not_picked":["Protect+1","EmptyBody+1"],"picked":"DevaForm","floor":13.0},{"not_picked":["MentalFortress","Conclude"],"picked":"Perseverance+1","floor":14.0},{"not_picked":["Establishment","DeusExMachina+1"],"picked":"Ragnarok","floor":16.0},{"not_picked":["JustLucky","FlurryOfBlows"],"picked":"Prostrate+1","floor":18.0},{"not_picked":["SashWhip","Crescendo+1"],"picked":"ThirdEye+1","floor":20.0},{"not_picked":["Collect+1","ForeignInfluence+1"],"picked":"Meditate+1","floor":21.0},{"not_picked":["LikeWater","Swivel+1"],"picked":"FearNoEvil+1","floor":22.0},{"not_picked":["Wallop","Protect+1"],"picked":"ThirdEye+1","floor":25.0},{"not_picked":["Sanctity+1","BowlingBash"],"picked":"EmptyBody+1","floor":28.0},{"not_picked":["FollowUp","Pray+1"],"picked":"PathToVictory+1","floor":29.0},{"not_picked":["Establishment","DevaForm"],"picked":"Vault+1","floor":33.0},{"not_picked":["Protect+1","ClearTheMind+1"],"picked":"Prostrate+1","floor":35.0},{"not_picked":["Crescendo+1","ThirdEye+1"],"picked":"Meditate+1","floor":36.0},{"not_picked":["ReachHeaven","Vengeance+1"],"picked":"Study","floor":37.0},{"not_picked":["SignatureMove","CrushJoints"],"picked":"FlurryOfBlows","floor":41},{"not_picked":["Consecrate+1","Fasting2","ThirdEye+1"],"picked":"SKIP","floor":42},{"not_picked":["CrushJoints+1","DevaForm"],"picked":"CutThroughFate+1","floor":45},{"not_picked":["FlyingSleeves","SashWhip"],"picked":"Prostrate+1","floor":46}],"player_experience":956488,"relics_obtained":[{"floor":6.0,"key":"Strawberry"},{"floor":9.0,"key":"Toxic Egg 2"},{"floor":13.0,"key":"Mango"},{"floor":25.0,"key":"Bronze Scales"},{"floor":26.0,"key":"Anchor"},{"floor":29.0,"key":"Potion Belt"},{"floor":36.0,"key":"FossilizedHelix"},{"floor":41,"key":"Regal Pillow"},{"floor":43,"key":"Bag of Marbles"},{"floor":45,"key":"Gambling Chip"}],"event_choices":[{"damage_healed":0.0,"max_hp_gain":0.0,"max_hp_loss":0.0,"gold_gain":0.0,"event_name":"Shining Light","player_choice":"Entered Light","floor":2.0,"gold_loss":0.0,"damage_taken":14.0,"cards_upgraded":["ThirdEye","Eruption"]},{"damage_healed":0.0,"max_hp_gain":0.0,"max_hp_loss":0.0,"gold_gain":0.0,"event_name":"Living Wall","player_choice":"Grow","floor":7.0,"gold_loss":0.0,"damage_taken":0.0,"cards_upgraded":["PathToVictory"]},{"damage_healed":0.0,"max_hp_gain":0.0,"max_hp_loss":0.0,"gold_gain":175.0,"event_name":"Liars Game","player_choice":"AGREE","floor":10.0,"gold_loss":0.0,"damage_taken":0.0,"cards_obtained":["Doubt"]},{"cards_removed":["Doubt"],"damage_healed":0.0,"max_hp_gain":0.0,"max_hp_loss":0.0,"gold_gain":0.0,"event_name":"Bonfire Elementals","player_choice":"Offered Curse","floor":19.0,"gold_loss":0.0,"damage_taken":0.0,"relics_obtained":["Spirit Poop"]},{"cards_removed":["Strike_P"],"damage_healed":0.0,"max_hp_gain":0.0,"max_hp_loss":0.0,"gold_gain":0.0,"event_name":"Beggar","player_choice":"Gave Gold","floor":31.0,"gold_loss":75.0,"damage_taken":0.0},{"damage_healed":0.0,"max_hp_gain":0.0,"max_hp_loss":0.0,"gold_gain":0.0,"event_name":"MindBloom","player_choice":"Fight","floor":36.0,"gold_loss":0.0,"damage_taken":0.0},{"damage_healed":0.0,"max_hp_gain":0.0,"max_hp_loss":0.0,"gold_gain":0.0,"event_name":"Tomb of Lord Red Mask","player_choice":"Ignored","floor":38.0,"gold_loss":0.0,"damage_taken":0.0}],"is_beta":false,"boss_relics":[{"not_picked":["Sozu","Ectoplasm"],"picked":"HolyWater"},{"not_picked":["Calling Bell","Black Star"],"picked":"Velvet Choker"}],"items_purged_floors":[48],"is_endless":false,"potions_floor_spawned":[3,5,8,20,21,22,25,37,41,42,45,46],"killed_by":"Awakened One","ascension_level":0}}