{"host":"prxrhpgaxnj4om9r","time":1613393340,"event":{"mods":["AchievementEnabler","BaseMod","Colored Map","DeckTracker","Minty Spire (QoL Compilation)"],"gold_per_floor":[115,290,302,322,338,338,354,414,414,414,414],"floor_reached":10,"language":"KOR","playtime":435,"items_purged":[],"score":72,"play_id":"1d4e8fae-e3ec-4337-b637-004050cb4c21","local_time":"20210215214900","is_ascension_mode":true,"campfire_choices":[{"data":"Shrug It Off","floor":6,"key":"SMITH"}],"circlet_count":0,"master_deck":["Strike_R","Strike_R","Strike_R","Strike_R","Strike_R","Defend_R","Defend_R","Defend_R","Defend_R","Bash","Clothesline","Doubt","Shrug It Off+1","Battle Trance","Wild Strike","Cleave","Body Slam"],"relics":["Burning Blood","Bag of Marbles","Happy Flower","Lantern"],"acts_visited":["Exordium"],"potions_floor_usage":[7,10],"damage_taken":[{"damage":6,"enemies":"Cultist","floor":1,"turns":3},{"damage":7,"enemies":"Small Slimes","floor":3,"turns":2},{"damage":9,"enemies":"2 Louse","floor":4,"turns":3},{"damage":15,"enemies":"2 Fungi Beasts","floor":5,"turns":4},{"damage":6,"enemies":"Exordium Thugs","floor":7,"turns":3},{"damage":63,"enemies":"Lagavulin Event","floor":8,"turns":7},{"damage":25,"enemies":"3 Sentries","floor":10,"turns":6}],"seed_played":"-3029864979675306003","potions_obtained":[{"floor":4,"key":"SpeedPotion"},{"floor":5,"key":"Regen Potion"}],"is_trial":false,"path_per_floor":["M","?","M","M","M","R","M","?","T","E"],"character_chosen":"IRONCLAD","items_purchased":[],"campfire_rested":0,"item_purchase_floors":[],"current_hp_per_floor":[80,80,79,76,67,67,76,19,19,0,0],"gold":414,"neow_bonus":"RANDOM_COMMON_RELIC","is_daily":false,"chose_seed":false,"campfire_upgraded":1,"win_rate":0.0,"timestamp":1613393340,"path_taken":["M","?","M","M","M","R","M","?","T","E"],"items_purchased_type":[],"build_version":"2020-12-22","purchased_purges":0,"victory":false,"max_hp_per_floor":[80,80,80,80,80,80,80,80,80,80,80],"card_choices":[{"not_picked":["Twin Strike","Perfected Strike"],"picked":"Clothesline","floor":1},{"not_picked":["Pommel Strike","Metallicize"],"picked":"Shrug It Off","floor":3},{"not_picked":["Entrench","Pommel Strike"],"picked":"Battle Trance","floor":4},{"not_picked":["Feel No Pain","True Grit"],"picked":"Wild Strike","floor":5},{"not_picked":["Pommel Strike","Havoc"],"picked":"Cleave","floor":7},{"not_picked":["Perfected Strike","Rupture"],"picked":"Body Slam","floor":8}],"player_experience":462117,"relics_obtained":[{"floor":8,"key":"Happy Flower"},{"floor":9,"key":"Lantern"}],"event_choices":[{"damage_healed":0,"gold_gain":175,"player_choice":"AGREE","damage_taken":0,"max_hp_gain":0,"max_hp_loss":0,"event_name":"Liars Game","floor":2,"gold_loss":0,"cards_obtained":["Doubt"]},{"damage_healed":0,"gold_gain":30,"player_choice":"Searched \u00273\u0027 times","damage_taken":0,"max_hp_gain":0,"max_hp_loss":0,"event_name":"Dead Adventurer","floor":8,"gold_loss":0}],"is_beta":false,"boss_relics":[],"items_purged_floors":[],"is_endless":false,"potions_floor_spawned":[4,5],"killed_by":"3 Sentries","ascension_level":4}}