{"host":"zsnmfqgcm92hlreo","time":1613353994,"event":{"mods":["AchievementEnabler","BaseMod","Bestiary","Block Reminder","Colored Map","Colored Powertips","Filter the Spire","Minty Spire (QoL Compilation)","Permanent Neow","Quick Restart","Relic Stats","StSLib","Weighted Paths"],"gold_per_floor":[116,116,116,126,145,145,170,170,170,7,32,32,32,46,46,117,117,135,135,146,146,146,146,173,173,220,245,265,315,4,15,15,91,91,108,128,128,128],"floor_reached":37,"language":"ENG","playtime":1424,"items_purged":[],"score":960,"play_id":"ce7d2a0d-44df-4d31-858e-d7edcec946fe","local_time":"20210214195314","is_ascension_mode":true,"campfire_choices":[{"data":"Glass Knife","floor":6.0,"key":"SMITH"},{"data":"Venomology","floor":8.0,"key":"SMITH"},{"data":"Envenom","floor":13.0,"key":"SMITH"},{"data":"Noxious Fumes","floor":15.0,"key":"SMITH"},{"data":"Finisher","floor":23.0,"key":"SMITH"},{"floor":25.0,"key":"REST"},{"floor":32.0,"key":"REST"}],"circlet_count":0,"master_deck":["AscendersBane","Survivor","Neutralize","Caltrops","Slice","Glass Knife+1","Envenom+1","Blur","Outmaneuver","Dagger Throw","Infinite Blades","Venomology+1","Finisher+1","Blade Dance","Backstab","Predator","Noxious Fumes+1","Corpse Explosion","CurseOfTheBell","Backflip+1","PiercingWail","Catalyst","Accuracy","Infinite Blades","Caltrops","Footwork","Accuracy","Calculated Gamble","Storm of Steel","Backflip"],"relics":["Pandora\u0027s Box","Sundial","Meat on the Bone","Happy Flower","Boot","Calling Bell","Nunchaku","The Courier","Bird Faced Urn","Orichalcum","Centennial Puzzle","PreservedInsect","Fusion Hammer"],"acts_visited":["Exordium","TheCity","TheBeyond"],"potions_floor_usage":[37,37],"damage_taken":[{"damage":0.0,"enemies":"Small Slimes","floor":1.0,"turns":3.0},{"damage":4.0,"enemies":"Jaw Worm","floor":4.0,"turns":2.0},{"damage":0.0,"enemies":"2 Louse","floor":5.0,"turns":1.0},{"damage":11.0,"enemies":"Gremlin Nob","floor":7.0,"turns":3.0},{"damage":7.0,"enemies":"Large Slime","floor":14.0,"turns":3.0},{"damage":0.0,"enemies":"Slime Boss","floor":16.0,"turns":4.0},{"damage":22.0,"enemies":"Shell Parasite","floor":18.0,"turns":3.0},{"damage":11.0,"enemies":"Spheric Guardian","floor":20.0,"turns":3.0},{"damage":22.0,"enemies":"Book of Stabbing","floor":24.0,"turns":5.0},{"damage":15.0,"enemies":"Slavers","floor":27.0,"turns":3.0},{"damage":27.0,"enemies":"Shelled Parasite and Fungi","floor":28.0,"turns":4.0},{"damage":1.0,"enemies":"3 Cultists","floor":31.0,"turns":4.0},{"damage":45.0,"enemies":"Automaton","floor":33.0,"turns":7.0},{"damage":9.0,"enemies":"3 Darklings","floor":35.0,"turns":5.0},{"damage":12.0,"enemies":"Orb Walker","floor":36.0,"turns":3.0},{"damage":105,"enemies":"Transient","floor":37,"turns":6}],"seed_played":"-1632765837722513020","potions_obtained":[{"floor":1.0,"key":"Dexterity Potion"},{"floor":24.0,"key":"SteroidPotion"},{"floor":31.0,"key":"Fire Potion"},{"floor":33.0,"key":"SpeedPotion"}],"is_trial":false,"path_per_floor":["M","?","?","M","M","R","E","R","T","$","T","$","R","M","R","B",null,"M","?","M","?","$","R","E","R","T","E","M","?","$","M","R","B",null,"M","M","M"],"character_chosen":"THE_SILENT","items_purchased":["Happy Flower","Accuracy","Infinite Blades","Caltrops","Footwork","Accuracy"],"campfire_rested":2,"item_purchase_floors":[10,30,30,30,30,30],"current_hp_per_floor":[59,59,59,55,55,55,44,44,44,44,44,44,44,37,37,37,59,41,41,34,34,34,34,32,51,51,36,25,25,25,38,57,42,60,63,55,0,0],"gold":128,"neow_bonus":"BOSS_RELIC","is_daily":false,"chose_seed":false,"campfire_upgraded":5,"win_rate":0.0,"timestamp":1613353994,"path_taken":["M","?","?","M","M","R","E","R","T","?","?","$","R","M","R","BOSS","M","?","M","?","$","R","E","R","T","E","M","?","?","M","R","BOSS","M","M","M"],"items_purchased_type":["Relic","Card","Card","Card","Card","Card"],"build_version":"2020-12-22","purchased_purges":0,"victory":false,"max_hp_per_floor":[66,66,66,66,66,66,66,66,66,66,66,66,66,66,66,66,66,66,66,66,66,66,66,66,66,66,66,66,66,66,66,66,66,66,66,66,66,66],"relic_stats":{"Nunchaku":[13],"Centennial Puzzle":[21],"Happy Flower":[16],"counters":[16,59],"Sundial":[4],"Bird Faced Urn":[70],"Pandora\u0027s Box":["Caltrops","Slice","Glass Knife","Envenom","Blur","Outmaneuver","Dagger Throw","Infinite Blades","Venomology","Finisher"],"PreservedInsect":0,"Orichalcum":[72],"Boot":[49],"obtain_stats":[{"Happy Flower":10,"The Courier":17,"PreservedInsect":27,"Orichalcum":24,"Boot":11,"Calling Bell":17,"Nunchaku":17,"Centennial Puzzle":26,"Sundial":7,"Bird Faced Urn":17,"Pandora\u0027s Box":0,"Fusion Hammer":34,"Ring of the Snake":0,"Meat on the Bone":9},{"Happy Flower":4,"The Courier":6,"PreservedInsect":10,"Orichalcum":9,"Boot":4,"Calling Bell":6,"Nunchaku":6,"Centennial Puzzle":9,"Sundial":4,"Bird Faced Urn":6,"Pandora\u0027s Box":0,"Fusion Hammer":13,"Ring of the Snake":0,"Meat on the Bone":4},{"Happy Flower":9,"The Courier":16,"PreservedInsect":30,"Orichalcum":27,"Boot":9,"Calling Bell":16,"Nunchaku":16,"Centennial Puzzle":27,"Sundial":9,"Bird Faced Urn":16,"Pandora\u0027s Box":0,"Fusion Hammer":45,"Ring of the Snake":0,"Meat on the Bone":9}],"Meat on the Bone":48},"card_choices":[{"not_picked":["Dash","Poisoned Stab"],"picked":"Blade Dance","floor":1.0},{"not_picked":["Bouncing Flask","Flechettes"],"picked":"Backstab","floor":4.0},{"not_picked":["Outmaneuver","Poisoned Stab"],"picked":"Predator","floor":5.0},{"not_picked":["Expertise","Concentrate","Prepared"],"picked":"SKIP","floor":7.0},{"not_picked":["Underhanded Strike","Poisoned Stab"],"picked":"Noxious Fumes","floor":14.0},{"not_picked":["Glass Knife","A Thousand Cuts"],"picked":"Corpse Explosion","floor":16.0},{"not_picked":["Acrobatics","Heel Hook"],"picked":"Backflip+1","floor":18.0},{"not_picked":["Poisoned Stab+1","Sucker Punch","Dodge and Roll"],"picked":"SKIP","floor":20.0},{"not_picked":["Setup","Calculated Gamble"],"picked":"PiercingWail","floor":24.0},{"not_picked":["Cloak And Dagger","Underhanded Strike"],"picked":"Catalyst","floor":27.0},{"not_picked":["Slice","Deflect","PiercingWail"],"picked":"SKIP","floor":28.0},{"not_picked":["Flechettes","All Out Attack"],"picked":"Calculated Gamble","floor":31.0},{"not_picked":["Unload","Phantasmal Killer"],"picked":"Storm of Steel","floor":33.0},{"not_picked":["Finisher","Outmaneuver+1"],"picked":"Backflip","floor":35.0},{"not_picked":["Deflect","Underhanded Strike","Bane"],"picked":"SKIP","floor":36.0}],"player_experience":1133980,"relics_obtained":[{"floor":7.0,"key":"Sundial"},{"floor":9.0,"key":"Meat on the Bone"},{"floor":11.0,"key":"Boot"},{"floor":17.0,"key":"Nunchaku"},{"floor":17.0,"key":"The Courier"},{"floor":17.0,"key":"Bird Faced Urn"},{"floor":24.0,"key":"Orichalcum"},{"floor":26.0,"key":"Centennial Puzzle"},{"floor":27.0,"key":"PreservedInsect"}],"event_choices":[{"damage_healed":0.0,"max_hp_gain":0.0,"max_hp_loss":0.0,"gold_gain":0.0,"event_name":"The Cleric","player_choice":"Leave","floor":2.0,"gold_loss":0.0,"damage_taken":0.0},{"damage_healed":0.0,"max_hp_gain":0.0,"max_hp_loss":0.0,"gold_gain":0.0,"event_name":"Golden Wing","player_choice":"Ignored","floor":3.0,"gold_loss":0.0,"damage_taken":0.0},{"damage_healed":0.0,"max_hp_gain":0.0,"max_hp_loss":0.0,"gold_gain":0.0,"event_name":"Beggar","player_choice":"Ignored","floor":19.0,"gold_loss":0.0,"damage_taken":0.0},{"damage_healed":0.0,"max_hp_gain":0.0,"max_hp_loss":0.0,"gold_gain":0.0,"event_name":"Vampires","player_choice":"Ignored","floor":21.0,"gold_loss":0.0,"damage_taken":0.0},{"damage_healed":0.0,"max_hp_gain":0.0,"max_hp_loss":0.0,"gold_gain":50.0,"event_name":"Nest","player_choice":"Stole From Cult","floor":29.0,"gold_loss":0.0,"damage_taken":0.0}],"is_beta":false,"boss_relics":[{"not_picked":["Busted Crown","Tiny House"],"picked":"Calling Bell"},{"not_picked":["WristBlade","Velvet Choker"],"picked":"Fusion Hammer"}],"items_purged_floors":[],"is_endless":false,"potions_floor_spawned":[1,14,24,31,33,35],"killed_by":"Transient","ascension_level":20}}