{"host":"i3w38rq1z4slkels","time":1613384821,"event":{"mods":["2.2 Compatiblity","Act Like it!","BaseMod","Better Match","Better Vampires","BetterRewards","Conspire","Downfall","Hallownest","Minty Spire (QoL Compilation)","Rare Cards Sparkle","Replay The Spire","StSLib","The Bug Knight"],"gold_per_floor":[0,13,31,131,141,41,41,72,72,57,73,73,58,70,84,185,185,185,185,195,145,145,145,171,191,91,76,89,89,53,80,97,97,97,97],"floor_reached":33,"language":"ENG","playtime":2196,"items_purged":["bronze:Defend+1"],"score":308,"play_id":"bb8cc067-d86d-411a-854c-83a9f2aa8abf","local_time":"20210215172701","is_ascension_mode":true,"campfire_choices":[{"floor":1,"key":"RECALL"},{"data":"bronze:ClassDefault","floor":6,"key":"SMITH"},{"data":"bronze:ChosenStrike","floor":9,"key":"SMITH"},{"data":"bronze:DigitalCarnage","floor":12,"key":"SMITH"},{"data":"bronze:Verify","floor":18,"key":"SMITH"},{"data":"bronze:Separator","floor":26,"key":"SMITH"},{"data":"bronze:TinkerersToolbox","floor":29,"key":"SMITH"}],"circlet_count":0,"master_deck":["bronze:Strike","bronze:Strike","bronze:Strike","bronze:Defend+1","bronze:Defend+1","bronze:Defend+1","bronze:Replicate","bronze:Goto","bronze:ClassDefault+1","bronze:ChosenStrike+1","bronze:DigitalCarnage+1","bronze:Separator+1","bronze:TinkerersToolbox+1","bronze:Verify+1","bronze:Repair"],"relics":["bronze:BronzeCore","downfall:HeartBlessingRed","Replay:Bottled Eggs","Blue Doll","SacredBark","Orichalcum","downfall:HeartBlessingBlue","Replay:Arrowhead","Regal Pillow"],"acts_visited":["Exordium","TheCity"],"potions_floor_usage":[2,13,19,25,28,30,33],"damage_taken":[{"damage":5,"enemies":"conspire:RoseBush","floor":2,"turns":8},{"damage":7,"enemies":"Small Slimes","floor":3,"turns":4},{"damage":2,"enemies":"2 Louse","floor":5,"turns":3},{"damage":21,"enemies":"conspire:MimicChest","floor":8,"turns":8},{"damage":10,"enemies":"downfall:FleeingMerchant","floor":10,"turns":4},{"damage":0,"enemies":"Exordium Wildlife","floor":11,"turns":3},{"damage":0,"enemies":"downfall:FleeingMerchant","floor":13,"turns":4},{"damage":0,"enemies":"Blue Slaver","floor":14,"turns":5},{"damage":11,"enemies":"Exordium Thugs","floor":15,"turns":2},{"damage":5,"enemies":"WA_ARCHETYPE_RETAIN","floor":16,"turns":4},{"damage":0,"enemies":"Shell Parasite","floor":19,"turns":1},{"damage":12,"enemies":"Chosen","floor":20,"turns":3},{"damage":13,"enemies":"Centurion and Healer","floor":25,"turns":8},{"damage":12,"enemies":"downfall:FleeingMerchant","floor":27,"turns":4},{"damage":0,"enemies":"Shelled Parasite and Fungi","floor":28,"turns":2},{"damage":17,"enemies":"downfall:FleeingMerchant","floor":30,"turns":4},{"damage":17,"enemies":"conspire:Head Lice","floor":31,"turns":5},{"damage":0,"enemies":"Snecko","floor":32,"turns":2},{"damage":55,"enemies":"SI_MIRROR_ARCHETYPE","floor":33,"turns":8}],"seed_played":"-4155693365898906151","potions_obtained":[{"floor":2,"key":"Fruit Juice"},{"floor":11,"key":"SkillPotion"},{"floor":14,"key":"SmokeBomb"},{"floor":15,"key":"Guardian:BlockOnCardUsePotion"},{"floor":20,"key":"Weak Potion"},{"floor":28,"key":"bronze:CleanCodePotion"},{"floor":32,"key":"ColorlessPotion"}],"is_trial":false,"path_per_floor":["R","M","M","?","M","R","T","?","R","$","M","R","$","M","M","B",null,"R","M","M","?","T","?","T","M","R","$","M","R","$","E","M","B"],"character_chosen":"THE_AUTOMATON","items_purchased":["Replay:Arrowhead"],"campfire_rested":0,"item_purchase_floors":[30],"current_hp_per_floor":[84,84,77,77,75,75,75,54,54,44,44,44,44,44,33,28,89,89,89,77,89,89,89,89,76,86,74,74,74,57,40,40,0,0,0],"gold":97,"neow_bonus":"TWENTY_PERCENT_HP_BONUS","is_daily":false,"chose_seed":false,"campfire_upgraded":6,"win_rate":0.0,"timestamp":1613384821,"path_taken":["R","M","M","?","M","R","T","?","R","?","M","R","$","M","M","BOSS","R","M","M","?","?","?","T","M","R","$","M","R","$","E","M","BOSS"],"items_purchased_type":["Relic"],"build_version":"2020-12-22","purchased_purges":1,"victory":false,"max_hp_per_floor":[84,89,89,89,89,89,89,89,89,89,89,89,89,89,89,89,89,89,89,89,89,89,89,89,89,99,99,99,99,99,99,99,99,99,99],"card_choices":[{"not_picked":["bronze:BronzeOrb","bronze:OilSpill"],"picked":"bronze:ClassDefault","floor":2},{"not_picked":["bronze:DelayedSlice","bronze:WhirlingStrike","bronze:NullPointer"],"picked":"SKIP","floor":3},{"not_picked":["bronze:OilSpill","bronze:FineTuning"],"picked":"bronze:ChosenStrike","floor":5},{"not_picked":["bronze:Deprecate","bronze:Return"],"picked":"bronze:DigitalCarnage","floor":8},{"not_picked":["bronze:Backtrace","bronze:DarkDash","bronze:Shield"],"picked":"SKIP","floor":10},{"not_picked":["bronze:Optimize","bronze:Shell","bronze:ForLoop"],"picked":"SKIP","floor":11},{"not_picked":["bronze:Backtrace","bronze:DelayedSlice"],"picked":"bronze:Separator","floor":13},{"not_picked":["bronze:OilSpill","bronze:Terminator"],"picked":"bronze:TinkerersToolbox","floor":14},{"not_picked":["bronze:Turbo","bronze:Invalidate","bronze:Shell"],"picked":"SKIP","floor":15},{"not_picked":["bronze:HardenedForm","bronze:SpaghettiCode"],"picked":"bronze:Verify","floor":16},{"not_picked":["bronze:Safeguard","bronze:Iterate","bronze:Turbo"],"picked":"SKIP","floor":20},{"not_picked":["bronze:GetLatest","bronze:Refactor","bronze:FineTuning"],"picked":"SKIP","floor":25},{"not_picked":["bronze:FineTuning","bronze:DelayedSlice+1","bronze:OilSpill"],"picked":"SKIP","floor":27},{"not_picked":["bronze:Refactor","bronze:FineTuning","bronze:DelayedGuard"],"picked":"SKIP","floor":28},{"not_picked":["bronze:ThunderWave","bronze:ChildClass","bronze:Turbo"],"picked":"SKIP","floor":30},{"not_picked":["bronze:OilSpill","bronze:BitShift","bronze:Flail"],"picked":"SKIP","floor":31},{"not_picked":["bronze:Constructor","bronze:DelayedSlice"],"picked":"bronze:Repair","floor":32}],"player_experience":502580,"relics_obtained":[{"floor":7,"key":"Replay:Bottled Eggs"},{"floor":8,"key":"Blue Doll"},{"floor":24,"key":"Orichalcum"},{"floor":31,"key":"Regal Pillow"}],"event_choices":[],"is_beta":false,"boss_relics":[{"not_picked":["Runic Dome","Pandora\u0027s Box"],"picked":"SacredBark"}],"items_purged_floors":[30],"is_endless":false,"potions_floor_spawned":[2,11,14,15,20,28,32],"killed_by":"SI_MIRROR_ARCHETYPE","ascension_level":2}}