{"host":"clf2hd4adhiiw0zf","time":1613361206,"event":{"mods":["AchievementEnabler","BaseMod","Beaked The Cultist","Bestiary","Dark Map","Downfall","Gremlin Mod","Hermit","Jorbs\u0027s Wanderer Trilogy","Marisa????????","Minty Spire (QoL Compilation)","Shop Mod","StSLib","The Cursed","Wide Potions"],"gold_per_floor":[99,116,216,34,134,134,134,204,254,273,290,302,202,235,249,249,249,249],"floor_reached":16,"language":"ENG","playtime":734,"items_purged":[],"score":173,"play_id":"6938e1ea-63cf-4d26-82a8-7d3211c11768","local_time":"20210214205326","is_ascension_mode":true,"campfire_choices":[{"data":"champ:Execute","floor":1.0,"key":"SMITH"},{"floor":13.0,"key":"REST"}],"circlet_count":0,"master_deck":["AscendersBane","champ:Strike","champ:Strike","champ:Strike+1","champ:Strike","champ:Defend","champ:Defend+1","champ:Defend","champ:Defend","champ:Execute+1","champ:Taunt","champ:Lariat+1","champ:DefensiveStyle","champ:BringItOn","champ:Encircle","champ:EnGarde","downfall:Malfunctioning","champ:TornadoPunch","champ:Circumvent","champ:ShieldSigil","champ:PreemptiveStrike","champ:FlashCut"],"relics":["champ:ChampionCrown","bronze:BronzeIdol","CloakClasp","SsserpentHead","downfall:HeartBlessingBlue","hexamod:BolsterEngine"],"acts_visited":["Exordium"],"potions_floor_usage":[],"damage_taken":[{"damage":10.0,"enemies":"2 Louse","floor":2.0,"turns":2.0},{"damage":25.0,"enemies":"downfall:FleeingMerchant","floor":4.0,"turns":4.0},{"damage":121.0,"enemies":"downfall:FleeingMerchant","floor":5.0,"turns":14.0},{"damage":12.0,"enemies":"Small Slimes","floor":8.0,"turns":4.0},{"damage":10.0,"enemies":"Cultist","floor":10.0,"turns":4.0},{"damage":20.0,"enemies":"Lots of Slimes","floor":11.0,"turns":5.0},{"damage":1.0,"enemies":"Red Slaver","floor":12.0,"turns":4.0},{"damage":31.0,"enemies":"Lagavulin","floor":14.0,"turns":9.0},{"damage":15.0,"enemies":"Large Slime","floor":15.0,"turns":6.0},{"damage":41,"enemies":"IC_STATUS_ARCHETYPE","floor":16,"turns":8}],"seed_played":"8062560179231643711","potions_obtained":[{"floor":10.0,"key":"bronze:BurnAndBuffPotion"},{"floor":12.0,"key":"Energy Potion"}],"is_trial":false,"path_per_floor":["R","M","?","$","?","?","T","M","?","M","M","M","R","E","M","B"],"character_chosen":"THE_CHAMP","items_purchased":["champ:BringItOn","bronze:BronzeIdol"],"campfire_rested":1,"item_purchase_floors":[4,4],"current_hp_per_floor":[81,81,81,76,30,30,30,28,28,28,18,17,56,45,40,0,0,0],"gold":249,"neow_bonus":"TEN_PERCENT_HP_BONUS","is_daily":false,"chose_seed":false,"campfire_upgraded":1,"win_rate":0.0,"timestamp":1613361206,"path_taken":["R","M","?","$","?","?","T","?","?","M","M","M","R","E","M","BOSS"],"items_purchased_type":["Card","Relic"],"build_version":"2020-12-22","purchased_purges":0,"victory":false,"max_hp_per_floor":[89,89,89,89,89,89,89,89,89,89,89,89,99,99,99,99,99,99],"card_choices":[{"not_picked":["champ:FlashCut","champ:FocusedDefense"],"picked":"champ:Lariat","floor":2.0},{"not_picked":["champ:BerserkersShout","champ:Shatter"],"picked":"champ:DefensiveStyle","floor":4.0},{"not_picked":["champ:HeartStrike","champ:ViciousMockery"],"picked":"champ:Encircle","floor":5.0},{"not_picked":["champ:GutPunch","champ:CalledShot"],"picked":"champ:EnGarde","floor":8.0},{"not_picked":["champ:GladiatorStyle","champ:FanOfKnives"],"picked":"champ:TornadoPunch","floor":10.0},{"not_picked":["champ:ArenaPreparation","champ:RecklessLeap"],"picked":"champ:Circumvent","floor":11.0},{"not_picked":["champ:FocusedBerserking","champ:EndlessRage"],"picked":"champ:ShieldSigil","floor":12.0},{"not_picked":["champ:FlashCut","champ:VampiricStrike"],"picked":"champ:PreemptiveStrike","floor":14.0},{"not_picked":["champ:PreemptiveStrike","champ:FocusedBerserking"],"picked":"champ:FlashCut","floor":15.0}],"player_experience":302481,"relics_obtained":[{"floor":5.0,"key":"CloakClasp"},{"floor":14.0,"key":"hexamod:BolsterEngine"}],"event_choices":[{"damage_healed":0.0,"max_hp_gain":0.0,"max_hp_loss":0.0,"gold_gain":0.0,"event_name":"FaceTrader","player_choice":"Trade","floor":6.0,"gold_loss":0.0,"damage_taken":0.0,"relics_obtained":["SsserpentHead"]}],"is_beta":false,"boss_relics":[],"items_purged_floors":[],"is_endless":false,"potions_floor_spawned":[10,12,14],"killed_by":"IC_STATUS_ARCHETYPE","ascension_level":14}}