{"host":"dztixnx9b0gu6w9i","time":1613416237,"event":{"mods":["BaseMod","Bestiary","Minty Spire (QoL Compilation)","Relic Stats","Slay the Relics Exporter","SpireBot","ojb\u0027s Better Paths Mod","ojb\u0027s Info Mod"],"gold_per_floor":[114,134,147,166,177,212,177,177,223,252,263,281,281,306,306,381,381,397,412,36,36,36,64,64,64,143,160,185,185,203,234,234,308,308,325,378,391,409,34,65,113,0,0,0,0,27,50,93,105,117,129,141,153,8,36,36],"floor_reached":57,"language":"ENG","playtime":12113,"items_purged":[],"score":3140,"play_id":"a3dc57e4-e987-48a5-a895-38aa2d7c98bf","local_time":"20210215141037","is_ascension_mode":true,"campfire_choices":[{"data":"Chaos","floor":8,"key":"SMITH"},{"data":"Beam Cell","floor":15,"key":"SMITH"},{"data":"Seek","floor":24,"key":"SMITH"},{"data":"Loop","floor":29,"key":"SMITH"},{"data":"Go for the Eyes","floor":32,"key":"SMITH"},{"floor":49,"key":"RECALL"},{"data":"Apotheosis","floor":53,"key":"SMITH"}],"circlet_count":0,"master_deck":["AscendersBane","Defend_B","Defend_B","Defend_B","Defend_B","Zap","Dualcast","Compile Driver+1","Genetic Algorithm","FTL","Beam Cell+1","Compile Driver","Chaos+1","Defragment+1","Compile Driver","Loop+1","Seek+1","Sweeping Beam","Compile Driver","Double Energy","Recycle","Bite","Bite","Bite","Bite","Steam","Go for the Eyes+1","Biased Cognition","Apotheosis+1","Hologram","Coolheaded","Rebound+1","Coolheaded+1","Compile Driver","Blind"],"relics":["Cracked Core","Anchor","Tiny Chest","Centennial Puzzle","Shuriken","Whetstone","Runic Dome","Lantern","Nunchaku","Bottled Lightning","Art of War","Sundial","Calipers","Boot","Coffee Dripper","OrangePellets","Strawberry","Prayer Wheel","Red Mask","Letter Opener","Turnip","MawBank","Bag of Marbles","Happy Flower"],"acts_visited":["Exordium","TheCity","TheBeyond","TheEnding"],"potions_floor_usage":[6,14,23,33,56,56],"damage_taken":[{"damage":1,"enemies":"Cultist","floor":1,"turns":3},{"damage":0,"enemies":"2 Louse","floor":2,"turns":2},{"damage":3,"enemies":"Jaw Worm","floor":3,"turns":3},{"damage":1,"enemies":"Looter","floor":4,"turns":2},{"damage":3,"enemies":"Exordium Thugs","floor":5,"turns":3},{"damage":15,"enemies":"3 Sentries","floor":6,"turns":9},{"damage":5,"enemies":"Lagavulin","floor":10,"turns":5},{"damage":0,"enemies":"2 Fungi Beasts","floor":11,"turns":3},{"damage":0,"enemies":"Exordium Wildlife","floor":12,"turns":3},{"damage":0,"enemies":"Gremlin Nob","floor":14,"turns":3},{"damage":0,"enemies":"Slime Boss","floor":16,"turns":5},{"damage":6,"enemies":"3 Byrds","floor":18,"turns":3},{"damage":1,"enemies":"Spheric Guardian","floor":19,"turns":3},{"damage":12,"enemies":"Book of Stabbing","floor":23,"turns":4},{"damage":14,"enemies":"Snake Plant","floor":27,"turns":4},{"damage":17,"enemies":"Gremlin Leader","floor":28,"turns":4},{"damage":0,"enemies":"Shelled Parasite and Fungi","floor":30,"turns":3},{"damage":2,"enemies":"Book of Stabbing","floor":31,"turns":3},{"damage":13,"enemies":"Champ","floor":33,"turns":8},{"damage":10,"enemies":"3 Darklings","floor":35,"turns":3},{"damage":0,"enemies":"Orb Walker","floor":37,"turns":3},{"damage":0,"enemies":"Jaw Worm Horde","floor":38,"turns":4},{"damage":19,"enemies":"Reptomancer","floor":40,"turns":8},{"damage":12,"enemies":"2 Orb Walkers","floor":41,"turns":4},{"damage":5,"enemies":"Giant Head","floor":46,"turns":4},{"damage":0,"enemies":"Sphere and 2 Shapes","floor":47,"turns":13},{"damage":5,"enemies":"Nemesis","floor":48,"turns":11},{"damage":45,"enemies":"Time Eater","floor":50,"turns":57},{"damage":0,"enemies":"Awakened One","floor":51,"turns":24},{"damage":7,"enemies":"Shield and Spear","floor":55,"turns":21},{"damage":32,"enemies":"The Heart","floor":56,"turns":8}],"seed_played":"-4435893662201249122","potions_obtained":[{"floor":5,"key":"ColorlessPotion"},{"floor":10,"key":"FearPotion"},{"floor":11,"key":"Energy Potion"},{"floor":16,"key":"Fire Potion"},{"floor":27,"key":"Explosive Potion"},{"floor":28,"key":"GamblersBrew"},{"floor":31,"key":"GamblersBrew"},{"floor":35,"key":"Dexterity Potion"}],"is_trial":false,"path_per_floor":["M","M","M","M","M","E","?","R","T","E","M","M","?","E","R","B",null,"M","M","$","?","T","E","R","?","T","M","E","R","M","E","R","B",null,"M","T","M","M","$","E","?","?","T","?","T","E","M","E","R","B","B",null,"R","$","E","B",null],"character_chosen":"DEFECT","items_purchased":["Lantern","Nunchaku","Double Energy","OrangePellets","Apotheosis","Compile Driver","Blind"],"campfire_rested":0,"item_purchase_floors":[20,20,20,39,39,54,54],"current_hp_per_floor":[63,63,60,59,56,41,58,58,58,53,53,53,53,53,53,53,67,61,60,60,60,60,48,48,48,48,39,38,38,46,49,49,42,47,47,47,49,49,49,52,53,53,53,53,53,56,56,56,56,11,56,56,56,56,56,35],"gold":36,"neow_bonus":"RANDOM_COMMON_RELIC","is_daily":false,"chose_seed":false,"campfire_upgraded":6,"win_rate":0.0,"timestamp":1613416237,"path_taken":["M","M","?","?","M","E","?","R","T","E","M","M","?","E","R","BOSS","M","M","$","?","?","E","R","?","T","?","E","R","?","E","R","BOSS","M","?","M","M","$","E","?","?","T","?","?","E","M","E","R","BOSS","BOSS","R","$","E","BOSS"],"items_purchased_type":["Relic","Relic","Card","Relic","Card","Card","Card"],"build_version":"2020-12-22","purchased_purges":0,"victory":true,"max_hp_per_floor":[71,71,71,71,71,71,71,71,71,71,71,71,71,71,71,71,71,71,71,71,71,71,71,71,49,49,49,49,49,49,49,49,49,49,49,49,49,49,49,56,56,56,56,56,56,56,56,56,56,56,56,56,56,56,56,56],"relic_stats":{"Happy Flower":[2],"counters":[31,232],"Whetstone":["Strike_B","Compile Driver"],"Letter Opener":[244],"Boot":[64],"MawBank":96,"OrangePellets":[12],"Centennial Puzzle":[48],"Nunchaku":[38],"Shuriken":[91],"Sundial":[30],"Tiny Chest":3,"Prayer Wheel":1,"Turnip":[22],"Art of War":[65],"obtain_stats":[{"Lantern":20,"Calipers":28,"Happy Flower":55,"Whetstone":14,"Letter Opener":43,"Boot":31,"MawBank":46,"Runic Dome":17,"OrangePellets":39,"Anchor":0,"Centennial Puzzle":9,"Nunchaku":20,"Shuriken":10,"Sundial":26,"Strawberry":40,"Tiny Chest":6,"Prayer Wheel":41,"Turnip":45,"Art of War":23,"Coffee Dripper":34,"Red Mask":42,"Bag of Marbles":48,"Bottled Lightning":22,"Cracked Core":0},{"Lantern":13,"Calipers":16,"Happy Flower":30,"Whetstone":10,"Letter Opener":24,"Boot":18,"MawBank":25,"Runic Dome":11,"OrangePellets":22,"Anchor":0,"Centennial Puzzle":6,"Nunchaku":13,"Shuriken":7,"Sundial":14,"Strawberry":23,"Tiny Chest":6,"Prayer Wheel":24,"Turnip":24,"Art of War":14,"Coffee Dripper":19,"Red Mask":24,"Bag of Marbles":27,"Bottled Lightning":13,"Cracked Core":0},{"Lantern":47,"Calipers":59,"Happy Flower":224,"Whetstone":36,"Letter Opener":94,"Boot":64,"MawBank":98,"Runic Dome":41,"OrangePellets":82,"Anchor":0,"Centennial Puzzle":22,"Nunchaku":47,"Shuriken":27,"Sundial":51,"Strawberry":90,"Tiny Chest":22,"Prayer Wheel":94,"Turnip":94,"Art of War":51,"Coffee Dripper":72,"Red Mask":94,"Bag of Marbles":122,"Bottled Lightning":47,"Cracked Core":0}]},"card_choices":[{"not_picked":["Coolheaded","Static Discharge"],"picked":"Compile Driver","floor":1},{"not_picked":["Heatsinks","Undo"],"picked":"Genetic Algorithm","floor":2},{"not_picked":["Redo","Gash"],"picked":"FTL","floor":3},{"not_picked":["Go for the Eyes","BootSequence"],"picked":"Beam Cell","floor":4},{"not_picked":["Barrage","Conserve Battery"],"picked":"Compile Driver","floor":5},{"not_picked":["Fission","Skim"],"picked":"Chaos","floor":6},{"not_picked":["Storm","Chaos","Lockon"],"picked":"SKIP","floor":10},{"not_picked":["Storm","Chaos","Lockon"],"picked":"SKIP","floor":10},{"not_picked":["Darkness","Ball Lightning"],"picked":"Defragment","floor":11},{"not_picked":["Turbo","Double Energy"],"picked":"Compile Driver","floor":12},{"not_picked":["Streamline","Auto Shields"],"picked":"Loop","floor":14},{"not_picked":["Creative AI","Multi-Cast"],"picked":"Seek","floor":16},{"not_picked":["Gash","Reprogram+1"],"picked":"Sweeping Beam","floor":18},{"not_picked":["Doom and Gloom","Steam Power"],"picked":"Compile Driver","floor":19},{"not_picked":["Machine Learning","Stack"],"picked":"Recycle","floor":23},{"not_picked":["Heatsinks","Reinforced Body"],"picked":"Steam","floor":27},{"not_picked":["Barrage","Turbo","Storm"],"picked":"SKIP","floor":28},{"not_picked":["Barrage","Turbo","Storm"],"picked":"SKIP","floor":28},{"not_picked":["Barrage","Turbo","Storm"],"picked":"SKIP","floor":28},{"not_picked":["Barrage","Turbo","Storm"],"picked":"SKIP","floor":28},{"not_picked":["Hologram","Sweeping Beam"],"picked":"Go for the Eyes","floor":30},{"not_picked":["Beam Cell","Stack","Genetic Algorithm"],"picked":"SKIP","floor":31},{"not_picked":["Electrodynamics","Rainbow"],"picked":"Biased Cognition","floor":33},{"not_picked":["Cold Snap","Aggregate","Stack+1"],"picked":"SKIP","floor":35},{"not_picked":["Steam","Go for the Eyes","Redo"],"picked":"SKIP","floor":37},{"not_picked":["Hyperbeam","Go for the Eyes","Beam Cell"],"picked":"SKIP","floor":38},{"not_picked":["Leap+1","White Noise"],"picked":"Hologram","floor":40},{"not_picked":["Streamline","Go for the Eyes"],"picked":"Coolheaded","floor":41},{"not_picked":["Go for the Eyes","Darkness","Streamline"],"picked":"SKIP","floor":46},{"not_picked":["Blizzard","Consume","Streamline"],"picked":"SKIP","floor":47},{"not_picked":["Go for the Eyes","Rebound+1","Turbo+1"],"picked":"SKIP","floor":47},{"not_picked":["Go for the Eyes","Turbo+1"],"picked":"Rebound+1","floor":47},{"not_picked":["Blizzard","Consume","Streamline"],"picked":"SKIP","floor":47},{"not_picked":["Fission","Chill"],"picked":"Coolheaded+1","floor":48},{"not_picked":["Sunder","Steam","Go for the Eyes"],"picked":"SKIP","floor":55}],"player_experience":8620810,"relics_obtained":[{"floor":6,"key":"Tiny Chest"},{"floor":9,"key":"Centennial Puzzle"},{"floor":10,"key":"Shuriken"},{"floor":14,"key":"Whetstone"},{"floor":22,"key":"Bottled Lightning"},{"floor":23,"key":"Art of War"},{"floor":26,"key":"Sundial"},{"floor":28,"key":"Calipers"},{"floor":31,"key":"Boot"},{"floor":40,"key":"Strawberry"},{"floor":41,"key":"Prayer Wheel"},{"floor":43,"key":"Letter Opener"},{"floor":45,"key":"Turnip"},{"floor":46,"key":"MawBank"},{"floor":48,"key":"Bag of Marbles"},{"floor":55,"key":"Happy Flower"}],"event_choices":[{"damage_healed":17,"gold_gain":0,"player_choice":"Healed","damage_taken":0,"max_hp_gain":0,"max_hp_loss":0,"event_name":"The Cleric","floor":7,"gold_loss":35},{"damage_healed":0,"gold_gain":0,"player_choice":"Grow","damage_taken":0,"max_hp_gain":0,"max_hp_loss":0,"event_name":"Living Wall","floor":13,"gold_loss":0,"cards_upgraded":["Defragment"]},{"damage_healed":0,"gold_gain":0,"player_choice":"Became a vampire","damage_taken":0,"max_hp_gain":0,"max_hp_loss":22,"event_name":"Vampires","floor":25,"gold_loss":0,"cards_obtained":["Bite","Bite","Bite","Bite","Bite"]},{"damage_healed":0,"gold_gain":0,"player_choice":"Fight","damage_taken":0,"max_hp_gain":0,"max_hp_loss":0,"event_name":"Mysterious Sphere","floor":41,"gold_loss":0},{"damage_healed":0,"gold_gain":0,"player_choice":"Paid","damage_taken":0,"relics_obtained":["Red Mask"],"max_hp_gain":0,"max_hp_loss":0,"event_name":"Tomb of Lord Red Mask","floor":42,"gold_loss":113},{"cards_removed":["Bite"],"damage_healed":0,"gold_gain":0,"player_choice":"Purged","damage_taken":0,"max_hp_gain":0,"max_hp_loss":0,"event_name":"Purifier","floor":44,"gold_loss":0}],"is_beta":false,"boss_relics":[{"not_picked":["Calling Bell","Runic Pyramid"],"picked":"Runic Dome"},{"not_picked":["Cursed Key","Fusion Hammer"],"picked":"Coffee Dripper"}],"items_purged_floors":[],"is_endless":false,"potions_floor_spawned":[5,10,11,16,27,28,31,35,38,41,48],"ascension_level":20}}