{"host":"8o45mh5p3pp1o2mi","time":1613431402,"event":{"mods":["BaseMod","Bestiary","Better Match","Better Third Choice","BetterRewards","Dark Map","Downfall","Fox Events","Minty Spire (QoL Compilation)","Rare Cards Sparkle","Relic Stats","Replay The Spire","Shop Mod","Spire Exporter","StSLib","everything is the same but u backflip on backflip"],"gold_per_floor":[99,109,109,14,33,33,33,66,92,92,125,160,102,179,179,179,179,179],"floor_reached":16,"language":"ENG","playtime":1254,"items_purged":[],"score":108,"play_id":"95945c85-4d46-4309-bc69-55db88e046c0","local_time":"20210215232322","is_ascension_mode":false,"campfire_choices":[{"data":"hexamod:Sear","floor":1,"key":"SMITH"},{"data":"hexamod:SoulSteal","floor":6,"key":"SMITH"},{"data":"hexamod:SearingWound","floor":10,"key":"SMITH"}],"circlet_count":0,"master_deck":["hexamod:Strike","hexamod:Strike","hexamod:Strike","hexamod:Defend+1","hexamod:Defend+1","hexamod:Defend","hexamod:Defend+1","hexamod:Sear+1","hexamod:Float+1","downfall:Icky","hexamod:FifthSeal","hexamod:SixthSeal","hexamod:SoulSteal+1","hexamod:FirstSeal","hexamod:HauntingEcho","hexamod:ThirdSeal","hexamod:SecondSeal","hexamod:FourthSeal","hexamod:SearingWound+1","hexamod:FastForward","hexamod:Again","hexamod:DynamicBlow","hexamod:BurningTouch","hexamod:HeatShield","hexamod:PowerFromBeyond+1","hexamod:GhostflameBarrier"],"relics":["hexamod:SpiritBrand","Replay:Wax Seal","Bottled Lightning","Replay:PocketPolymizer","Mirror","foxEvents:LuckyCharm","Iron Hammer"],"acts_visited":["Exordium"],"potions_floor_usage":[11,12,16],"damage_taken":[{"damage":0,"enemies":"Small Slimes","floor":2,"turns":3},{"damage":0,"enemies":"downfall:FleeingMerchant","floor":4,"turns":4},{"damage":5,"enemies":"Cultist","floor":5,"turns":4},{"damage":30,"enemies":"Lagavulin","floor":8,"turns":9},{"damage":2,"enemies":"2 Louse","floor":9,"turns":4},{"damage":31,"enemies":"3 Sentries","floor":11,"turns":8},{"damage":33,"enemies":"Colosseum Slavers","floor":12,"turns":6},{"damage":10,"enemies":"downfall:FleeingMerchant","floor":13,"turns":4},{"damage":6,"enemies":"Exordium Wildlife","floor":15,"turns":3},{"damage":8,"enemies":"WA_ARCHETYPE_RETAIN","floor":16,"turns":2}],"seed_played":"-165178118283212587","potions_obtained":[{"floor":2,"key":"LiquidBronze"},{"floor":8,"key":"Regen Potion"},{"floor":9,"key":"Energy Potion"},{"floor":11,"key":"FearPotion"},{"floor":12,"key":"SkillPotion"},{"floor":13,"key":"Energy Potion"},{"floor":15,"key":"hexamod:EctoCoolerPotion"}],"is_trial":false,"path_per_floor":["R","M","?","$","M","R","T","E","M","R","E","?","$","T","M","B"],"character_chosen":"THE_SPIRIT","items_purchased":["Replay:Wax Seal","hexamod:PowerFromBeyond+1"],"campfire_rested":0,"item_purchase_floors":[4,13],"current_hp_per_floor":[70,70,70,70,70,70,70,47,52,52,28,17,14,14,8,0,0,0],"gold":179,"neow_bonus":"THREE_RARE_CARDS","is_daily":false,"chose_seed":false,"campfire_upgraded":3,"win_rate":0.0,"timestamp":1613431402,"path_taken":["R","M","?","?","?","R","T","E","?","R","E","?","$","?","M","BOSS"],"items_purchased_type":["Relic","Card"],"build_version":"2020-12-22","purchased_purges":0,"victory":false,"max_hp_per_floor":[70,70,70,70,70,70,70,70,70,70,70,70,70,70,70,70,70,70],"relic_stats":{"counters":[10,47],"obtain_stats":[{"Replay:PocketPolymizer":8,"Iron Hammer":14,"foxEvents:LuckyCharm":12,"Bottled Lightning":7,"Replay:Wax Seal":4,"Mirror":11,"hexamod:SpiritBrand":0},{"Replay:PocketPolymizer":4,"Iron Hammer":8,"foxEvents:LuckyCharm":7,"Bottled Lightning":3,"Replay:Wax Seal":2,"Mirror":6,"hexamod:SpiritBrand":0},{"Replay:PocketPolymizer":20,"Iron Hammer":42,"foxEvents:LuckyCharm":38,"Bottled Lightning":11,"Replay:Wax Seal":7,"Mirror":32,"hexamod:SpiritBrand":0}]},"card_choices":[{"not_picked":["hexamod:GiftsFromTheDead","hexamod:GhostflameInferno"],"picked":"hexamod:FifthSeal","floor":0},{"not_picked":["hexamod:FirstSeal","hexamod:FourthSeal"],"picked":"hexamod:SixthSeal","floor":2},{"not_picked":["hexamod:BurningTouch","hexamod:FourthSeal"],"picked":"hexamod:SoulSteal","floor":2},{"not_picked":["hexamod:FourthSeal","hexamod:SecondSeal"],"picked":"hexamod:FirstSeal","floor":4},{"not_picked":["hexamod:RecurringNightmare","hexamod:BacktrackSmack"],"picked":"hexamod:HauntingEcho","floor":4},{"not_picked":["hexamod:SecondSeal","hexamod:FirstSeal"],"picked":"hexamod:ThirdSeal","floor":5},{"not_picked":["hexamod:ShieldOfDarkness","hexamod:Firestarter"],"picked":"hexamod:SecondSeal","floor":5},{"not_picked":["hexamod:FirstSeal","hexamod:SixthSeal"],"picked":"hexamod:FourthSeal","floor":8},{"not_picked":["hexamod:ShieldOfDarkness","hexamod:FlamesFromBeyond"],"picked":"hexamod:SearingWound","floor":8},{"not_picked":["hexamod:FirstSeal","hexamod:ChargedBarrage"],"picked":"hexamod:FastForward","floor":9},{"not_picked":["hexamod:Incineration","hexamod:Firestarter"],"picked":"hexamod:DynamicBlow","floor":11},{"not_picked":["hexamod:SpectersWail","hexamod:SuperheatedStrike","hexamod:HauntingEcho"],"picked":"SKIP","floor":11},{"not_picked":["hexamod:AdvancingGuard","hexamod:NightmareGuise"],"picked":"hexamod:BurningTouch","floor":12},{"not_picked":["hexamod:EtherealExpedition","hexamod:TurnItUp"],"picked":"hexamod:HeatShield","floor":13},{"not_picked":["hexamod:SpectersWail","hexamod:BurningTouch","hexamod:HeatMetal"],"picked":"SKIP","floor":13},{"not_picked":["hexamod:AdvancingGuard","hexamod:HauntingEcho"],"picked":"hexamod:GhostflameBarrier","floor":15},{"not_picked":["hexamod:DynamicBlow","hexamod:Firestarter","hexamod:SuperheatedStrike"],"picked":"SKIP","floor":15}],"player_experience":211997,"relics_obtained":[{"floor":7,"key":"Bottled Lightning"},{"floor":8,"key":"Replay:PocketPolymizer"},{"floor":11,"key":"Mirror"},{"floor":12,"key":"foxEvents:LuckyCharm"},{"floor":14,"key":"Iron Hammer"}],"event_choices":[{"damage_healed":0,"gold_gain":0,"player_choice":"3","damage_taken":0,"max_hp_gain":0,"max_hp_loss":0,"event_name":"betterMatch:BetterMatch","floor":3,"gold_loss":0,"cards_obtained":[]}],"is_beta":false,"boss_relics":[],"items_purged_floors":[],"is_endless":false,"potions_floor_spawned":[2,8,15],"killed_by":"WA_ARCHETYPE_RETAIN","ascension_level":0}}