{"host":"yfkezq0m1a8tfmul","time":1613364317,"event":{"mods":["100% Spire Juice","2.2 Compatiblity","AchievementEnabler","Act Like it!","AlwaysNeverKeys","Arknights","Aspiration","Astrologer","BaseMod","Bestiary","Better Altar","Better Match","Better Note","Better Sensory Stone","Better Skull","Better Third Choice","BetterRewards","Block Reminder","Challenge The Spire","Colored Map","Colored Powertips","Conspire","Curses Come First","DeckTracker","Downfall","Duelist Mod","Elementarium","Energized Spire","Fox Events","Gensokyo","GifTheSpireLib","GungeonMod","Halation","Hallownest","Hermit","HololiveMod","Hubris","Infinite Spire","Jedi Mod","Marisa????????","Menagerie","Minty Spire (QoL Compilation)","Pale of the Ancients","Permanent Neow","Random Character Button","Relic Stats","Reliquary","Replay The Spire","Robot Space Explorer","Shade Mod","Shop Mod","Spicy Shops","StSLib","Stuff the Spire","The Animator","The Blackbeard","The Blue Laboratory","The Bug Knight","The Construct","The Cursed","The Disciple","The Dragon Tamer","The Exalted","The Forsaken","The Gatherer","The Hierophant","The Marked","The Necromancer","The Poker Player","The Runesmith","The Servant 0.9.4","TheFirefly","Treasure Hunter","UnlockEverythingMod","Wandering Minibosses","Weighted Paths"],"gold_per_floor":[166,211,66,81,100,100,100,100,100,100,100,40,68,80,80,181,181,200,200,215,215,215],"floor_reached":21,"language":"ENG","playtime":2361,"items_purged":["theForsaken:ChargeAttack"],"score":277,"play_id":"42bd0481-18ae-4d37-9aed-95c070f0d8d1","local_time":"20210214234517","is_ascension_mode":false,"campfire_choices":[{"data":"theForsaken:Prudence","floor":6,"key":"SMITH"},{"data":"theForsaken:BountifulSunlight","floor":8,"key":"SMITH"},{"data":"Dramatic Entrance","floor":10,"key":"SMITH"},{"data":"theForsaken:HymnOfPatience","floor":15,"key":"SMITH"}],"circlet_count":0,"master_deck":["theForsaken:TheForsaken_Strike","theForsaken:TheForsaken_Strike","theForsaken:TheForsaken_Strike","theForsaken:TheForsaken_Defend","theForsaken:TheForsaken_Defend","theForsaken:TheForsaken_Defend","theForsaken:Smite","theForsaken:Penitence","theForsaken:DarkBargain","Dramatic Entrance+1","theForsaken:BountifulSunlight+1","theForsaken:MagicWeapon","theForsaken:Prudence+1","TH:Mimic","theForsaken:DarkBarrier","theForsaken:HymnOfPatience+1","theForsaken:TearsOfSunlight","Elementarium:StickyTar","theForsaken:ScorchingSunlight","theForsaken:DarkBarrier"],"relics":["theForsaken:JudgementScales","hubris:Potato","Pen Nib","StuffTheSpire:Rhapsscallions","halation:TwoAmDonut","Singing Bowl","Honey Jar","Elementarium:FlickeringLantern"],"acts_visited":["Menagerie:Menagerie","Elementarium:Elementarium"],"potions_floor_usage":[],"damage_taken":[{"damage":10,"enemies":"Menagerie:WhisperingWraith","floor":1,"turns":4},{"damage":13,"enemies":"conspire:MimicChest","floor":2,"turns":7},{"damage":4,"enemies":"Menagerie:2_RABBITS","floor":4,"turns":7},{"damage":0,"enemies":"Menagerie:MonstrousExperiment","floor":5,"turns":4},{"damage":20,"enemies":"Menagerie:VoidReaper","floor":13,"turns":12},{"damage":3,"enemies":"Menagerie:KEEPER_AND_YOUNG_SUNEATER","floor":14,"turns":7},{"damage":11,"enemies":"Menagerie:AVATARS","floor":16,"turns":9},{"damage":13,"enemies":"Elementarium:MUD_AND_TAR_GOLEMS","floor":18,"turns":6},{"damage":6,"enemies":"Elementarium:Cyclone","floor":20,"turns":7},{"damage":0,"enemies":"Elementarium:Hydrostalker","floor":21,"turns":2}],"seed_played":"-1878376272558477992","potions_obtained":[{"floor":4,"key":"Energy Potion"},{"floor":13,"key":"Ancient Potion"},{"floor":16,"key":"Toxic Potion"}],"is_trial":false,"path_per_floor":["M","?","$","M","M","R","?","R","T","R","T","$","E","M","R","B",null,"M","?","M","M"],"character_chosen":"THE_FORSAKEN","items_purchased":["Dramatic Entrance","theForsaken:Prudence","theForsaken:DarkBarrier"],"campfire_rested":0,"item_purchase_floors":[0,3,12],"current_hp_per_floor":[40,43,43,56,63,63,54,54,58,58,58,58,69,73,73,75,75,77,77,73,73,73],"gold":215,"neow_bonus":"","is_daily":false,"chose_seed":false,"campfire_upgraded":4,"win_rate":0.0,"timestamp":1613364317,"path_taken":["M","?","?","M","M","R","?","R","T","R","?","?","E","M","R","BOSS","M","?","M","M"],"items_purchased_type":["Card","Card","Card"],"build_version":"2020-12-22","purchased_purges":1,"victory":false,"max_hp_per_floor":[65,65,65,65,65,65,65,65,69,69,69,69,73,73,73,75,75,77,77,77,77,77],"relic_stats":{"Singing Bowl":8,"counters":[32,192],"Pen Nib":[6],"obtain_stats":[{"DemoMod:GreenGuonStone":4,"ReplayTheSpireMod:Ring of Exchange":20,"Singing Bowl":13,"StuffTheSpire:Rhapsscallions":9,"Bromod:ArcaneVictory":10,"DemoMod:GlassGuonStoneRelic":1,"hubris:EvacipatedBox":42,"Centennial Puzzle":22,"Ring of Fangs":20,"Honey Jar":17,"jedi:cryingmask":9,"hubris:KleinBottle":42,"hubris:FruitBowl":42,"theForsaken:PaleLantern":17,"Pen Nib":2,"War Paint":26,"Akabeko":43,"hubris:Spice":6,"halation:PenCase":42,"halation:TwoAmDonut":11,"theForsaken:JudgementScales":0,"FossilizedHelix":28,"hubris:Potato":0,"Elementarium:FlickeringLantern":19,"hubris:BottledRain":44},{"DemoMod:GreenGuonStone":2,"ReplayTheSpireMod:Ring of Exchange":10,"Singing Bowl":27,"StuffTheSpire:Rhapsscallions":26,"Bromod:ArcaneVictory":6,"DemoMod:GlassGuonStoneRelic":1,"hubris:EvacipatedBox":20,"Centennial Puzzle":11,"Ring of Fangs":10,"Honey Jar":29,"jedi:cryingmask":5,"hubris:KleinBottle":20,"hubris:FruitBowl":20,"theForsaken:PaleLantern":9,"Pen Nib":24,"War Paint":12,"Akabeko":20,"hubris:Spice":4,"halation:PenCase":20,"halation:TwoAmDonut":26,"theForsaken:JudgementScales":0,"FossilizedHelix":13,"hubris:Potato":22,"Elementarium:FlickeringLantern":30,"hubris:BottledRain":21},{"DemoMod:GreenGuonStone":6,"ReplayTheSpireMod:Ring of Exchange":48,"Singing Bowl":161,"StuffTheSpire:Rhapsscallions":149,"Bromod:ArcaneVictory":26,"DemoMod:GlassGuonStoneRelic":3,"hubris:EvacipatedBox":119,"Centennial Puzzle":53,"Ring of Fangs":48,"Honey Jar":177,"jedi:cryingmask":16,"hubris:KleinBottle":119,"hubris:FruitBowl":119,"theForsaken:PaleLantern":42,"Pen Nib":138,"War Paint":57,"Akabeko":119,"hubris:Spice":14,"halation:PenCase":119,"halation:TwoAmDonut":149,"theForsaken:JudgementScales":0,"FossilizedHelix":68,"hubris:Potato":127,"Elementarium:FlickeringLantern":183,"hubris:BottledRain":125}]},"card_choices":[{"not_picked":["theForsaken:Bolster","theForsaken:WordOfPower"],"picked":"theForsaken:BountifulSunlight","floor":1},{"not_picked":["theForsaken:PanicDive","theForsaken:FuryStrikes"],"picked":"theForsaken:MagicWeapon","floor":2},{"not_picked":["theForsaken:ChargeAttack","theForsaken:WardingHymn","theForsaken:ScorchingSunlight"],"picked":"SKIP","floor":4},{"not_picked":["theForsaken:Terrorize","theForsaken:WordOfPower","theForsaken:CleansingLight"],"picked":"SKIP","floor":5},{"not_picked":["TH:EnergyPotion","TH:TreasureMap"],"picked":"SKIP","floor":9},{"not_picked":["TH:EnergyPotion"],"picked":"TH:Mimic","floor":11},{"not_picked":["TH:ElvenBoots","TH:CopperCoins"],"picked":"Singing Bowl","floor":13},{"not_picked":["theForsaken:Parry","theForsaken:ShieldCharge","theForsaken:ScorchingSunlight"],"picked":"Singing Bowl","floor":13},{"not_picked":["theForsaken:WordsOfPestilence","theForsaken:FuryStrikes"],"picked":"theForsaken:HymnOfPatience","floor":14},{"not_picked":["TH:CursedSword","TH:ArmorSpikes"],"picked":"Singing Bowl","floor":16},{"not_picked":["theForsaken:Temperance","theForsaken:Confusion"],"picked":"theForsaken:TearsOfSunlight","floor":16},{"not_picked":["theForsaken:ShieldBash","theForsaken:ScorchingSunlight","theForsaken:CorruptedWord","theForsaken:SpinAttack"],"picked":"Singing Bowl","floor":18},{"not_picked":["theForsaken:AncientWords","theForsaken:Backlash","theForsaken:ShieldCharge"],"picked":"theForsaken:DarkBarrier","floor":20}],"player_experience":56809,"relics_obtained":[{"floor":2,"key":"Pen Nib"},{"floor":9,"key":"StuffTheSpire:Rhapsscallions"},{"floor":11,"key":"halation:TwoAmDonut"},{"floor":13,"key":"Singing Bowl"}],"event_choices":[{"damage_healed":0,"gold_gain":0,"player_choice":"Run","damage_taken":9,"max_hp_gain":0,"max_hp_loss":0,"event_name":"Menagerie:ScentOfGold","floor":7,"gold_loss":0},{"damage_healed":0,"gold_gain":0,"player_choice":"Take","damage_taken":0,"relics_obtained":["Elementarium:FlickeringLantern"],"max_hp_gain":0,"max_hp_loss":0,"event_name":"Elementarium:HeartOfTheVoid","floor":19,"gold_loss":0}],"is_beta":false,"boss_relics":[{"not_picked":["halation:CatFaceCupcake","Kintsugi"],"picked":"Honey Jar"}],"items_purged_floors":[0],"is_endless":false,"potions_floor_spawned":[4,13,16],"killed_by":"Elementarium:Hydrostalker","ascension_level":0}}