{"host":"rs956zbefct9hzhl","time":1613416194,"event":{"mods":["BaseMod","BetterRewards","Downfall","Minty Spire (QoL Compilation)","Shop Mod","Spikes Relics","StSLib"],"gold_per_floor":[99,111,121,57,69,69,122,157,174,188,188,188,188,188],"floor_reached":12,"language":"ENG","playtime":583,"items_purged":[],"score":80,"play_id":"03c6c1b7-d760-48b4-a00a-706cb739e943","local_time":"20210215200954","is_ascension_mode":false,"campfire_choices":[{"data":"hexamod:Sear","floor":1,"key":"SMITH"},{"data":"hexamod:BurningTouch","floor":6,"key":"SMITH"}],"circlet_count":0,"master_deck":["hexamod:Strike","hexamod:Strike","hexamod:Strike","hexamod:Strike","hexamod:Defend","hexamod:Defend","hexamod:Defend","hexamod:Defend+1","hexamod:Sear+1","hexamod:Float","hexamod:CatchUp+1","hexamod:ChargedBarrage+1","hexamod:SoulSteal","hexamod:BurningTouch+1","hexamod:PowerFromBeyond","hexamod:SwordOfDarkness","hexamod:FastForward","downfall:Malfunctioning"],"relics":["hexamod:SpiritBrand","Bird Faced Urn","Incense Burner"],"acts_visited":["Exordium"],"potions_floor_usage":[4,4,12],"damage_taken":[{"damage":0,"enemies":"Cultist","floor":2,"turns":3},{"damage":0,"enemies":"Small Slimes","floor":3,"turns":3},{"damage":5,"enemies":"downfall:FleeingMerchant","floor":4,"turns":4},{"damage":6,"enemies":"Jaw Worm","floor":5,"turns":3},{"damage":17,"enemies":"Lagavulin","floor":8,"turns":6},{"damage":6,"enemies":"Large Slime","floor":9,"turns":3},{"damage":7,"enemies":"3 Louse","floor":10,"turns":3},{"damage":15,"enemies":"Gremlin Nob","floor":12,"turns":2}],"seed_played":"-3953173834568454899","potions_obtained":[{"floor":2,"key":"DistilledChaos"},{"floor":3,"key":"hexamod:InfernoChargePotion"},{"floor":10,"key":"Fire Potion"}],"is_trial":false,"path_per_floor":["R","M","M","$","M","R","T","E","M","M","?","E"],"character_chosen":"THE_SPIRIT","items_purchased":["hexamod:BurningTouch"],"campfire_rested":0,"item_purchase_floors":[4],"current_hp_per_floor":[49,49,49,44,38,38,38,21,15,8,8,0,0,0],"gold":188,"neow_bonus":"ONE_RARE_RELIC","is_daily":false,"chose_seed":false,"campfire_upgraded":2,"win_rate":0.0,"timestamp":1613416194,"path_taken":["R","M","?","$","M","R","T","E","M","M","?","E"],"items_purchased_type":["Card"],"build_version":"2020-12-22","purchased_purges":0,"victory":false,"max_hp_per_floor":[70,70,70,70,70,70,70,70,70,70,70,70,70,70],"card_choices":[{"not_picked":["hexamod:SecondSeal","hexamod:FirstSeal"],"picked":"hexamod:CatchUp","floor":2},{"not_picked":["hexamod:GhostShield","hexamod:FastForward"],"picked":"hexamod:ChargedBarrage","floor":3},{"not_picked":["hexamod:PhantomCloak","hexamod:BacktrackSmack"],"picked":"hexamod:SoulSteal","floor":4},{"not_picked":["hexamod:InspiringFlames","hexamod:RainOfEmbers","hexamod:NightmareGuise"],"picked":"SKIP","floor":5},{"not_picked":["hexamod:RetreatToShadows","hexamod:HeatShield"],"picked":"hexamod:PowerFromBeyond","floor":8},{"not_picked":["hexamod:HeatCrush","hexamod:BurningTouch"],"picked":"hexamod:SwordOfDarkness","floor":9},{"not_picked":["hexamod:GhostflameBarrier","hexamod:FirstSeal"],"picked":"hexamod:FastForward","floor":10}],"player_experience":511029,"relics_obtained":[{"floor":8,"key":"Incense Burner"}],"event_choices":[],"is_beta":false,"boss_relics":[],"items_purged_floors":[],"is_endless":false,"potions_floor_spawned":[2,3,10],"killed_by":"Gremlin Nob","ascension_level":0}}