{"host":"o88u0awh8mkwl1l8","time":1613373445,"event":{"mods":["BaseMod","Colored Map","Highlight Path","Minty Spire (QoL Compilation)"],"gold_per_floor":[119,137,150,164,89,124,124,124,124,124,49,49,93,106,106,205,205,221,221,241,241,241,285,285,318,318,362,376,415,428,447,447,447,447],"floor_reached":33,"language":"JPN","playtime":2086,"items_purged":["Strike_P"],"score":820,"play_id":"8da7e153-55e3-4959-a645-21718b290452","local_time":"20210215161725","is_ascension_mode":true,"campfire_choices":[{"floor":7.0,"key":"REST"},{"data":"Tantrum","floor":10.0,"key":"SMITH"},{"data":"Blasphemy","floor":12.0,"key":"SMITH"},{"data":"Wireheading","floor":15.0,"key":"SMITH"},{"data":"SpiritShield","floor":24.0,"key":"SMITH"},{"data":"WindmillStrike","floor":32,"key":"SMITH"}],"circlet_count":0,"master_deck":["AscendersBane","Strike_P","Strike_P","Strike_P","Defend_P","Defend_P+1","Defend_P","Eruption","Vigilance+1","Blasphemy+1","FlurryOfBlows","WindmillStrike+1","Tantrum+1","CutThroughFate","Brilliance","TalkToTheHand","Wireheading+1","Judgement","EmptyMind","Ghostly","Ghostly","Ghostly","SpiritShield+1","Vault","CutThroughFate+1","LessonLearned"],"relics":["HolyWater","White Beast Statue","Golden Idol","Letter Opener","War Paint","MealTicket","Bag of Preparation","Ornamental Fan","Bird Faced Urn","Centennial Puzzle"],"acts_visited":["TheCity"],"potions_floor_usage":[],"damage_taken":[{"damage":5.0,"enemies":"Small Slimes","floor":1.0,"turns":6.0},{"damage":0.0,"enemies":"2 Louse","floor":2.0,"turns":2.0},{"damage":0.0,"enemies":"Cultist","floor":3.0,"turns":3.0},{"damage":17.0,"enemies":"Exordium Thugs","floor":4.0,"turns":3.0},{"damage":0.0,"enemies":"Gremlin Nob","floor":6.0,"turns":2.0},{"damage":0.0,"enemies":"Lagavulin","floor":13.0,"turns":3.0},{"damage":0.0,"enemies":"3 Louse","floor":14.0,"turns":3.0},{"damage":3.0,"enemies":"Hexaghost","floor":16.0,"turns":7.0},{"damage":0.0,"enemies":"Chosen","floor":18.0,"turns":2.0},{"damage":23.0,"enemies":"2 Thieves","floor":20.0,"turns":3.0},{"damage":14.0,"enemies":"Book of Stabbing","floor":23.0,"turns":2.0},{"damage":1.0,"enemies":"Gremlin Leader","floor":25.0,"turns":4.0},{"damage":2.0,"enemies":"Slavers","floor":27.0,"turns":4.0},{"damage":0.0,"enemies":"Snake Plant","floor":28.0,"turns":5.0},{"damage":0.0,"enemies":"Book of Stabbing","floor":29.0,"turns":4.0},{"damage":0.0,"enemies":"3 Cultists","floor":30.0,"turns":4.0},{"damage":0.0,"enemies":"Snecko","floor":31.0,"turns":3.0},{"damage":22,"enemies":"Champ","floor":33,"turns":5}],"seed_played":"-4474159204687940933","potions_obtained":[{"floor":2.0,"key":"Block Potion"},{"floor":4.0,"key":"Dexterity Potion"},{"floor":13.0,"key":"DistilledChaos"},{"floor":20.0,"key":"FearPotion"},{"floor":23.0,"key":"ColorlessPotion"},{"floor":25.0,"key":"DuplicationPotion"},{"floor":27.0,"key":"Ancient Potion"},{"floor":29.0,"key":"Energy Potion"},{"floor":30.0,"key":"Ancient Potion"},{"floor":31,"key":"Fire Potion"}],"is_trial":false,"path_per_floor":["M","M","M","M","$","E","R","?","T","R","?","R","E","M","R","B",null,"M","?","M","?","?","E","R","E","T","E","M","E","M","M","R","B"],"character_chosen":"WATCHER","items_purchased":[],"campfire_rested":1,"item_purchase_floors":[],"current_hp_per_floor":[38,38,38,21,21,21,41,41,41,41,41,41,41,41,41,38,56,56,56,33,31,25,11,11,10,10,8,10,12,14,16,16,0,0],"gold":447,"neow_bonus":"THREE_RARE_CARDS","is_daily":false,"chose_seed":false,"campfire_upgraded":5,"win_rate":0.0,"timestamp":1613373445,"path_taken":["M","M","M","M","$","E","R","?","T","R","?","R","E","M","R","BOSS","M","?","M","?","?","E","R","E","T","E","M","E","?","M","R","BOSS"],"items_purchased_type":[],"build_version":"2020-12-22","purchased_purges":1,"victory":false,"max_hp_per_floor":[68,68,68,68,68,68,68,62,62,62,62,62,62,62,62,62,62,62,62,62,31,31,31,31,31,31,31,31,31,31,31,31,31,31],"card_choices":[{"not_picked":["Ragnarok","Omniscience"],"picked":"Blasphemy","floor":0.0},{"not_picked":["ClearTheMind","Pray"],"picked":"FlurryOfBlows","floor":1.0},{"not_picked":["Protect","Vengeance"],"picked":"WindmillStrike","floor":2.0},{"not_picked":["Adaptation","FlurryOfBlows"],"picked":"Tantrum","floor":3.0},{"not_picked":["EmptyBody","CrushJoints"],"picked":"CutThroughFate","floor":4.0},{"not_picked":["Scrawl","Evaluate"],"picked":"Brilliance","floor":6.0},{"not_picked":["FlurryOfBlows","Wallop"],"picked":"TalkToTheHand","floor":13.0},{"not_picked":["TalkToTheHand","ClearTheMind"],"picked":"Wireheading","floor":14.0},{"not_picked":["Brilliance","ConjureBlade"],"picked":"Judgement","floor":16.0},{"not_picked":["Sanctity","Tantrum"],"picked":"EmptyMind","floor":18.0},{"not_picked":["WheelKick","Vengeance","Crescendo"],"picked":"SKIP","floor":20.0},{"not_picked":["CutThroughFate","Evaluate"],"picked":"SpiritShield","floor":23.0},{"not_picked":["DevaForm","Nirvana"],"picked":"Vault","floor":25.0},{"not_picked":["SandsOfTime","FlurryOfBlows","Weave"],"picked":"SKIP","floor":27.0},{"not_picked":["SignatureMove","Consecrate+1"],"picked":"CutThroughFate+1","floor":28.0},{"not_picked":["Sanctity","CutThroughFate","ClearTheMind"],"picked":"SKIP","floor":29.0},{"not_picked":["Worship+1","Prostrate"],"picked":"LessonLearned","floor":30.0},{"not_picked":["FlurryOfBlows+1","FollowUp","Adaptation"],"picked":"SKIP","floor":31}],"player_experience":1246706,"relics_obtained":[{"floor":6.0,"key":"White Beast Statue"},{"floor":9.0,"key":"Letter Opener"},{"floor":13.0,"key":"War Paint"},{"floor":23.0,"key":"MealTicket"},{"floor":25.0,"key":"Bag of Preparation"},{"floor":26.0,"key":"Ornamental Fan"},{"floor":27.0,"key":"Bird Faced Urn"},{"floor":29.0,"key":"Centennial Puzzle"}],"event_choices":[{"damage_healed":0.0,"max_hp_gain":0.0,"max_hp_loss":6.0,"gold_gain":0.0,"event_name":"Golden Idol","player_choice":"Lose Max HP","floor":8.0,"gold_loss":0.0,"damage_taken":0.0,"relics_obtained":["Golden Idol"]},{"cards_removed":["Defend_P"],"damage_healed":0.0,"max_hp_gain":0.0,"max_hp_loss":0.0,"gold_gain":0.0,"event_name":"The Cleric","player_choice":"Card Removal","floor":11.0,"gold_loss":75.0,"damage_taken":0.0},{"damage_healed":0.0,"max_hp_gain":0.0,"max_hp_loss":0.0,"gold_gain":0.0,"event_name":"Cursed Tome","player_choice":"Ignored","floor":19.0,"gold_loss":0.0,"damage_taken":0.0},{"damage_healed":0.0,"max_hp_gain":0.0,"max_hp_loss":31.0,"gold_gain":0.0,"event_name":"Ghosts","player_choice":"Became a Ghost","floor":21.0,"gold_loss":0.0,"damage_taken":0.0,"cards_obtained":["Ghostly","Ghostly","Ghostly"]},{"damage_healed":0.0,"max_hp_gain":0.0,"max_hp_loss":0.0,"gold_gain":0.0,"event_name":"Knowing Skull","player_choice":"","floor":22.0,"potions_obtained":[],"gold_loss":0.0,"damage_taken":6.0,"cards_obtained":[]}],"is_beta":false,"boss_relics":[{"not_picked":["Runic Dome","Astrolabe"],"picked":"HolyWater"}],"items_purged_floors":[5],"is_endless":false,"potions_floor_spawned":[2,4,13,14,16,18,20,23,25,27,28,29,30,31],"killed_by":"Champ","ascension_level":20}}