{"host":"93x13jgem5w43hjr","time":1613416490,"event":{"mods":["AchievementEnabler","BaseMod","Better Note","Colored Map","Colored Powertips","Downfall","Highlight Path","Minty Spire (QoL Compilation)","Rare Cards Sparkle","StSLib"],"gold_per_floor":[10,10,33,33,48,91,91,109,109,109,124,124,89,105,105,224,224,240,240,254,53,53,53,53],"floor_reached":23,"language":"ENG","playtime":1068,"items_purged":["True Grit"],"score":201,"play_id":"2fa9679d-910d-4bbd-91b4-f44c96deca23","local_time":"20210215121450","is_ascension_mode":true,"campfire_choices":[{"floor":7,"key":"REST"},{"data":"Barricade","floor":10,"key":"SMITH"},{"data":"Corruption","floor":12,"key":"SMITH"},{"data":"Rampage","floor":15,"key":"SMITH"}],"circlet_count":0,"master_deck":["Strike_R","Strike_R","Strike_R","Strike_R","Strike_R","Defend_R","Defend_R","Defend_R","Defend_R","Bash","Barricade+1","Seeing Red","Shrug It Off","Corruption+1","Rampage+1","Perfected Strike","Exhume","Iron Wave+1","Perfected Strike","Ghostly Armor","Shrug It Off"],"relics":["Burning Blood","Golden Idol","Mercury Hourglass","Orichalcum","Black Star"],"acts_visited":["Exordium","TheCity"],"potions_floor_usage":[16,20,23,23],"damage_taken":[{"damage":0,"enemies":"Small Slimes","floor":1,"turns":6},{"damage":3,"enemies":"Jaw Worm","floor":3,"turns":6},{"damage":1,"enemies":"2 Louse","floor":5,"turns":6},{"damage":57,"enemies":"3 Sentries","floor":6,"turns":17},{"damage":7,"enemies":"Blue Slaver","floor":8,"turns":5},{"damage":12,"enemies":"Large Slime","floor":11,"turns":6},{"damage":1,"enemies":"Exordium Wildlife","floor":14,"turns":4},{"damage":47,"enemies":"The Guardian","floor":16,"turns":11},{"damage":53,"enemies":"Spheric Guardian","floor":18,"turns":9},{"damage":21,"enemies":"Chosen","floor":20,"turns":7},{"damage":25,"enemies":"Book of Stabbing","floor":23,"turns":5}],"seed_played":"2196002164205966057","potions_obtained":[{"floor":11,"key":"DuplicationPotion"},{"floor":14,"key":"PowerPotion"},{"floor":16,"key":"Slimebound:ThreeZeroPotion"},{"floor":20,"key":"Fruit Juice"}],"is_trial":false,"path_per_floor":["M","?","M","T","M","E","R","M","T","R","M","R","?","M","R","B",null,"M","?","M","$","?","E"],"character_chosen":"IRONCLAD","items_purchased":["Ghostly Armor","Shrug It Off"],"campfire_rested":1,"item_purchase_floors":[21,21],"current_hp_per_floor":[80,60,63,63,68,17,41,40,40,40,34,34,54,59,59,18,80,33,33,23,23,23,0,0],"gold":53,"neow_bonus":"THREE_RARE_CARDS","is_daily":false,"chose_seed":false,"campfire_upgraded":3,"win_rate":0.0,"timestamp":1613416490,"path_taken":["M","?","M","?","?","E","R","M","T","R","M","R","?","M","R","BOSS","M","?","M","$","?","E"],"items_purchased_type":["Card","Card"],"build_version":"2020-12-22","purchased_purges":1,"victory":false,"max_hp_per_floor":[80,80,80,80,80,80,80,80,80,80,80,80,80,80,80,80,80,80,80,85,85,85,85,85],"card_choices":[{"not_picked":["Immolate","Reaper"],"picked":"Barricade","floor":0},{"not_picked":["Twin Strike","Clothesline"],"picked":"True Grit","floor":1},{"not_picked":["Battle Trance","Twin Strike"],"picked":"Seeing Red","floor":3},{"not_picked":["Second Wind","Iron Wave"],"picked":"Shrug It Off","floor":5},{"not_picked":["Perfected Strike","Disarm"],"picked":"Corruption","floor":6},{"not_picked":["Anger","True Grit","Twin Strike"],"picked":"SKIP","floor":8},{"not_picked":["Pommel Strike","Thunderclap"],"picked":"Rampage","floor":11},{"not_picked":["Pommel Strike","Flex"],"picked":"Perfected Strike","floor":14},{"not_picked":["Offering","Fiend Fire"],"picked":"Exhume","floor":16},{"not_picked":["Armaments","Heavy Blade"],"picked":"Iron Wave","floor":18},{"not_picked":["Thunderclap","Headbutt"],"picked":"Perfected Strike","floor":20}],"player_experience":198949,"relics_obtained":[{"floor":6,"key":"Mercury Hourglass"},{"floor":9,"key":"Orichalcum"}],"event_choices":[{"damage_healed":0,"gold_gain":0,"player_choice":"Take Damage","damage_taken":20,"relics_obtained":["Golden Idol"],"max_hp_gain":0,"max_hp_loss":0,"event_name":"Golden Idol","floor":2,"gold_loss":0},{"damage_healed":20,"gold_gain":0,"player_choice":"Healed","damage_taken":0,"max_hp_gain":0,"max_hp_loss":0,"event_name":"The Cleric","floor":13,"gold_loss":35},{"damage_healed":0,"gold_gain":0,"player_choice":"Upgraded","damage_taken":0,"max_hp_gain":0,"max_hp_loss":0,"event_name":"Upgrade Shrine","floor":19,"gold_loss":0,"cards_upgraded":["Iron Wave"]},{"damage_healed":0,"gold_gain":0,"player_choice":"0 cards matched","damage_taken":0,"max_hp_gain":0,"max_hp_loss":0,"event_name":"Match and Keep!","floor":22,"gold_loss":0,"cards_obtained":[]}],"is_beta":false,"boss_relics":[{"not_picked":["Runic Dome","SacredBark"],"picked":"Black Star"}],"items_purged_floors":[21],"is_endless":false,"potions_floor_spawned":[11,14,16,20],"killed_by":"Book of Stabbing","ascension_level":1}}