{"host":"2eh6kef149pfh93v","time":1613357873,"event":{"mods":["2.2 Compatiblity","Act Like it!","Aspiration","BaseMod","Clockwork Mod","Conspire","Energized Spire","Gensokyo","GifTheSpireLib","Hero for Fun","Hubris","Infinite Spire","Marisa????????","Minty Spire (QoL Compilation)","Reliquary","Replay The Spire","Shop Mod","StSLib","Stuff the Spire","The Servant 0.9.4","Waifu the Spire","Yakumo Yukari mod"],"gold_per_floor":[114,114,33,133,152,190,190,209,209,209,209,209,209,209,209,209,209],"floor_reached":16,"language":"ENG","playtime":555,"items_purged":[],"score":96,"play_id":"1022a6cd-8941-4b70-8f38-c074ed53b7a7","local_time":"20210214215753","daily_mods":["Heirloom","Flight","Night Terrors"],"is_ascension_mode":false,"campfire_choices":[{"floor":7,"key":"REST"},{"data":"hubris:Fate","floor":12,"key":"SMITH"},{"data":"ReplayReversal","floor":13,"key":"SMITH"},{"floor":15,"key":"REST"}],"circlet_count":0,"master_deck":["Strike_R","Strike_R","Strike_R","Strike_R","Strike_R","Defend_R","Defend_R","Defend_R","Defend_R","Bash","Havoc","Dramatic Entrance","ReplayReversal+1","Run Through","Run Through","hubris:Fate+1"],"relics":["StuffTheSpire:OccultApparatus","hubris:BundleOfHerbs","Golden Idol","InkBottle","ReplayFunnel","HornCleat"],"acts_visited":["Exordium"],"potions_floor_usage":[5],"damage_taken":[{"damage":14,"enemies":"2 Louse","floor":1,"turns":3},{"damage":6,"enemies":"Jaw Worm","floor":5,"turns":2},{"damage":46,"enemies":"3 Sentries","floor":6,"turns":15},{"damage":0,"enemies":"Small Slimes","floor":8,"turns":3},{"damage":67,"enemies":"The Guardian","floor":16,"turns":10}],"seed_played":"5535013652570512859","potions_obtained":[{"floor":1,"key":"Energy Potion"}],"is_trial":false,"path_per_floor":["M","?","$","?","M","E","R","M","T","?","?","R","R","?","R","B"],"character_chosen":"IRONCLAD","items_purchased":["Dramatic Entrance"],"campfire_rested":2,"item_purchase_floors":[3],"current_hp_per_floor":[72,72,72,72,72,32,69,69,69,69,51,51,51,26,64,0,0],"gold":209,"neow_bonus":"","is_daily":true,"chose_seed":false,"campfire_upgraded":2,"win_rate":0.0,"timestamp":1613357873,"path_taken":["M","?","?","?","?","E","R","?","T","?","?","R","R","?","R","BOSS"],"items_purchased_type":["Card"],"build_version":"2020-12-22","purchased_purges":0,"victory":false,"max_hp_per_floor":[80,74,74,74,74,74,69,69,69,69,69,69,69,69,64,64,64],"card_choices":[{"not_picked":["Second Wind","Rage"],"picked":"Havoc","floor":1},{"not_picked":["Intimidate","Flex"],"picked":"ReplayReversal","floor":5},{"not_picked":["Shrug It Off","ReplayTheSpireMod:Corrosion Curse"],"picked":"Run Through","floor":6},{"not_picked":["Armaments","Iron Wave"],"picked":"Run Through","floor":8},{"not_picked":["infinitespire:FutureSight","Replay:Fractal Strike"],"picked":"hubris:Fate","floor":11}],"player_experience":4510,"relics_obtained":[{"floor":6,"key":"InkBottle"},{"floor":9,"key":"ReplayFunnel"}],"event_choices":[{"damage_healed":0,"gold_gain":0,"player_choice":"Lose Max HP","damage_taken":0,"relics_obtained":["Golden Idol"],"max_hp_gain":0,"max_hp_loss":6,"event_name":"Golden Idol","floor":2,"gold_loss":0},{"damage_healed":0,"gold_gain":100,"player_choice":"Pray","damage_taken":0,"max_hp_gain":0,"max_hp_loss":0,"event_name":"Golden Shrine","floor":4,"gold_loss":0},{"damage_healed":0,"gold_gain":0,"player_choice":"Success","damage_taken":25,"relics_obtained":["HornCleat"],"max_hp_gain":0,"max_hp_loss":0,"event_name":"Scrap Ooze","floor":14,"gold_loss":0}],"is_beta":false,"boss_relics":[],"items_purged_floors":[],"is_endless":false,"potions_floor_spawned":[1],"killed_by":"The Guardian","ascension_level":0}}