{"host":"or8fr2mp0k3eluj8","time":1613363400,"event":{"mods":["AchievementEnabler","BaseMod","Colored Map","DeckTracker","Minty Spire (QoL Compilation)","SuperFastMode"],"gold_per_floor":[116,41,41,116,130,130,143,158,182,196,176,176,27,38,38,38,38],"floor_reached":16,"language":"KOR","playtime":332,"items_purged":["Defend_P"],"score":92,"play_id":"5032353e-7915-4ccc-a8c2-875db7c89391","local_time":"20210215133000","is_ascension_mode":false,"campfire_choices":[{"data":"Eruption","floor":6,"key":"SMITH"},{"floor":12,"key":"REST"},{"floor":15,"key":"REST"}],"circlet_count":0,"master_deck":["Strike_P","Strike_P","Strike_P","Strike_P","Defend_P","Defend_P","Defend_P","Eruption+1","Vigilance","InnerPeace","Halt"],"relics":["PureWater","Omamori","Smiling Mask","Nunchaku","TheAbacus"],"acts_visited":["Exordium"],"potions_floor_usage":[16,16],"damage_taken":[{"damage":0,"enemies":"Small Slimes","floor":1,"turns":3},{"damage":2,"enemies":"2 Louse","floor":5,"turns":2},{"damage":0,"enemies":"Jaw Worm","floor":7,"turns":3},{"damage":6,"enemies":"Large Slime","floor":8,"turns":5},{"damage":46,"enemies":"Exordium Thugs","floor":10,"turns":4},{"damage":7,"enemies":"Looter","floor":14,"turns":3},{"damage":76,"enemies":"The Guardian","floor":16,"turns":13}],"seed_played":"-131875124850976502","potions_obtained":[{"floor":8,"key":"Ancient Potion"},{"floor":14,"key":"PowerPotion"}],"is_trial":false,"path_per_floor":["M","$","?","?","M","R","M","M","T","M","?","R","$","M","R","B"],"character_chosen":"WATCHER","items_purchased":["TheAbacus"],"campfire_rested":2,"item_purchase_floors":[13],"current_hp_per_floor":[72,72,72,61,59,59,59,53,53,7,7,28,28,21,42,0,0],"gold":38,"neow_bonus":"RANDOM_COMMON_RELIC","is_daily":false,"chose_seed":false,"campfire_upgraded":1,"win_rate":0.0,"timestamp":1613363400,"path_taken":["M","$","?","?","?","R","M","M","T","M","?","R","?","M","R","BOSS"],"items_purchased_type":["Relic"],"build_version":"2020-12-22","purchased_purges":1,"victory":false,"max_hp_per_floor":[72,72,72,72,72,72,72,72,72,72,72,72,72,72,72,72,72],"card_choices":[{"not_picked":["ClearTheMind","PathToVictory"],"picked":"InnerPeace","floor":1},{"not_picked":["CutThroughFate","FlyingSleeves","ClearTheMind"],"picked":"SKIP","floor":5},{"not_picked":["Collect","SashWhip"],"picked":"Halt","floor":7},{"not_picked":["Pray","FearNoEvil","BowlingBash"],"picked":"SKIP","floor":8},{"not_picked":["Vengeance","CarveReality","ThirdEye"],"picked":"SKIP","floor":10},{"not_picked":["SashWhip","Evaluate","Crescendo"],"picked":"SKIP","floor":14}],"player_experience":312793,"relics_obtained":[{"floor":9,"key":"Nunchaku"}],"event_choices":[{"damage_healed":0,"gold_gain":0,"player_choice":"Box","damage_taken":0,"relics_obtained":["Smiling Mask"],"max_hp_gain":0,"max_hp_loss":0,"event_name":"Big Fish","floor":3,"gold_loss":0,"cards_obtained":["Regret"]},{"damage_healed":0,"gold_gain":75,"player_choice":"Gather Gold","damage_taken":11,"max_hp_gain":0,"max_hp_loss":0,"event_name":"World of Goop","floor":4,"gold_loss":0},{"damage_healed":0,"gold_gain":0,"player_choice":"Bought 1 Potion","damage_taken":0,"max_hp_gain":0,"max_hp_loss":0,"event_name":"The Woman in Blue","floor":11,"gold_loss":0}],"is_beta":false,"boss_relics":[],"items_purged_floors":[2],"is_endless":false,"potions_floor_spawned":[8,14],"killed_by":"The Guardian","ascension_level":0}}