{"host":"zsnmfqgcm92hlreo","time":1613376184,"event":{"mods":["AchievementEnabler","BaseMod","Bestiary","Block Reminder","Colored Map","Colored Powertips","Filter the Spire","Minty Spire (QoL Compilation)","Permanent Neow","Quick Restart","Relic Stats","StSLib","Weighted Paths"],"gold_per_floor":[113,126,126,145,145,174,189,189,189,189,199,225,225,21,21,97,97,109,159,177,177,190,223,223,14,37,48,48,78,97,127,127,201,201,201,201],"floor_reached":35,"language":"ENG","playtime":1612,"items_purged":["Pain"],"score":950,"play_id":"d3933501-6b33-4dc0-85b5-3f7ffaf8cb26","local_time":"20210215020304","is_ascension_mode":true,"campfire_choices":[{"floor":8,"key":"REST"},{"data":"Perfected Strike","floor":10,"key":"SMITH"},{"floor":13,"key":"REST"},{"data":"Perfected Strike","floor":15,"key":"SMITH"},{"floor":24,"key":"REST"},{"floor":28,"key":"REST"},{"floor":32,"key":"REST"}],"circlet_count":0,"master_deck":["AscendersBane","Strike_R","Strike_R","Strike_R","Strike_R","Strike_R","Defend_R","Defend_R","Defend_R","Defend_R","Bash","Hemokinesis","Perfected Strike+1","Clothesline","Brutality","Carnage","Exhume","Flame Barrier","Perfected Strike+1","Impervious","Perfected Strike","Twin Strike+1","Apotheosis","Inflame","Bludgeon","Feed"],"relics":["Snecko Eye","WarpedTongs","Toy Ornithopter","Oddly Smooth Stone","Singing Bowl","Fusion Hammer","Gremlin Horn","Potion Belt","Blue Candle","Magic Flower","Philosopher\u0027s Stone"],"acts_visited":["Exordium","TheCity","TheBeyond"],"potions_floor_usage":[6,22],"damage_taken":[{"damage":12.0,"enemies":"Jaw Worm","floor":1.0,"turns":3.0},{"damage":2.0,"enemies":"Cultist","floor":2.0,"turns":3.0},{"damage":2.0,"enemies":"Small Slimes","floor":4.0,"turns":2.0},{"damage":4,"enemies":"Lagavulin","floor":6,"turns":3},{"damage":20,"enemies":"3 Louse","floor":7,"turns":4},{"damage":12,"enemies":"Blue Slaver","floor":11,"turns":2},{"damage":16,"enemies":"3 Sentries","floor":12,"turns":6},{"damage":16,"enemies":"Slime Boss","floor":16,"turns":8},{"damage":14,"enemies":"3 Byrds","floor":18,"turns":5},{"damage":0,"enemies":"Shell Parasite","floor":20,"turns":2},{"damage":2,"enemies":"Cultist and Chosen","floor":22,"turns":4},{"damage":38,"enemies":"Gremlin Leader","floor":23,"turns":5},{"damage":2,"enemies":"Snake Plant","floor":27,"turns":2},{"damage":21,"enemies":"Book of Stabbing","floor":29,"turns":3},{"damage":0,"enemies":"Centurion and Healer","floor":30,"turns":4},{"damage":0,"enemies":"Gremlin Leader","floor":31,"turns":4},{"damage":42,"enemies":"Champ","floor":33,"turns":6},{"damage":0,"enemies":"3 Darklings","floor":35,"turns":1}],"seed_played":"-7089824608354605331","potions_obtained":[{"floor":2.0,"key":"ColorlessPotion"},{"floor":6,"key":"BloodPotion"},{"floor":12,"key":"Strength Potion"},{"floor":22,"key":"HeartOfIron"},{"floor":29,"key":"Regen Potion"},{"floor":30,"key":"BlessingOfTheForge"}],"is_trial":false,"path_per_floor":["M","M","?","M","?","E","M","R","T","R","M","E","R","$","R","B",null,"M","?","M","?","M","E","R","$","T","M","R","E","M","E","R","B",null,"M"],"character_chosen":"IRONCLAD","items_purchased":["Flame Barrier","Perfected Strike","Apotheosis"],"campfire_rested":5,"item_purchase_floors":[14,14,25],"current_hp_per_floor":[56,54,54,52,52,48,28,50,50,50,38,22,44,44,44,28,63,51,51,51,51,69,33,56,56,56,54,77,56,58,60,83,41,73,73,73],"gold":201,"neow_bonus":"BOSS_RELIC","is_daily":false,"chose_seed":false,"campfire_upgraded":2,"win_rate":0.0,"timestamp":1613376184,"path_taken":["M","M","?","M","?","E","?","R","T","R","M","E","R","$","R","BOSS","M","?","M","?","M","E","R","$","T","M","R","E","M","E","R","BOSS","M"],"items_purchased_type":["Card","Card","Card"],"build_version":"2020-12-22","purchased_purges":1,"victory":false,"max_hp_per_floor":[75,75,75,75,75,75,75,75,75,75,75,75,75,75,75,75,75,77,77,77,77,77,79,79,79,79,79,79,79,81,83,83,83,83,83,83],"relic_stats":{"Singing Bowl":8,"Gremlin Horn":[4,4],"counters":[18,67],"Blue Candle":[0],"Snecko Eye":[122,109,124,91],"Magic Flower":[0],"obtain_stats":[{"Potion Belt":26,"Singing Bowl":12,"Gremlin Horn":23,"Blue Candle":29,"Snecko Eye":0,"Oddly Smooth Stone":9,"Magic Flower":31,"Philosopher\u0027s Stone":34,"Fusion Hammer":17,"Burning Blood":0,"Toy Ornithopter":6,"WarpedTongs":5},{"Potion Belt":12,"Singing Bowl":7,"Gremlin Horn":12,"Blue Candle":14,"Snecko Eye":0,"Oddly Smooth Stone":5,"Magic Flower":16,"Philosopher\u0027s Stone":17,"Fusion Hammer":8,"Burning Blood":0,"Toy Ornithopter":4,"WarpedTongs":3},{"Potion Belt":47,"Singing Bowl":23,"Gremlin Horn":47,"Blue Candle":52,"Snecko Eye":0,"Oddly Smooth Stone":15,"Magic Flower":60,"Philosopher\u0027s Stone":66,"Fusion Hammer":31,"Burning Blood":0,"Toy Ornithopter":11,"WarpedTongs":8}],"Toy Ornithopter":5,"WarpedTongs":[49]},"card_choices":[{"not_picked":["Clash","Iron Wave"],"picked":"Hemokinesis","floor":1.0},{"not_picked":["Flex","Burning Pact","Bloodletting"],"picked":"SKIP","floor":2.0},{"not_picked":["Clash","Iron Wave"],"picked":"Perfected Strike","floor":4.0},{"not_picked":["Body Slam","Clash"],"picked":"Clothesline","floor":6},{"not_picked":["Iron Wave","Havoc"],"picked":"Brutality","floor":7},{"not_picked":["Headbutt","Havoc"],"picked":"Carnage","floor":11},{"not_picked":["Second Wind","Searing Blow"],"picked":"Exhume","floor":12},{"not_picked":["Bludgeon","Barricade"],"picked":"Impervious","floor":16},{"not_picked":["Flex","Anger","Thunderclap"],"picked":"Singing Bowl","floor":18},{"not_picked":["Headbutt","Shrug It Off"],"picked":"Perfected Strike","floor":20},{"not_picked":["Searing Blow","Brutality"],"picked":"Twin Strike+1","floor":22},{"not_picked":["Wild Strike","Anger","Body Slam"],"picked":"Singing Bowl","floor":23},{"not_picked":["Clash","Bloodletting"],"picked":"Inflame","floor":27},{"not_picked":["Bloodletting","Iron Wave"],"picked":"Bludgeon","floor":29},{"not_picked":["Havoc","Metallicize","Feel No Pain"],"picked":"Singing Bowl","floor":30},{"not_picked":["Fire Breathing","Clothesline","Wild Strike"],"picked":"Singing Bowl","floor":31},{"not_picked":["Berserk","Fiend Fire"],"picked":"Feed","floor":33}],"player_experience":1147384,"relics_obtained":[{"floor":6,"key":"Toy Ornithopter"},{"floor":9,"key":"Oddly Smooth Stone"},{"floor":12,"key":"Singing Bowl"},{"floor":23,"key":"Gremlin Horn"},{"floor":26,"key":"Potion Belt"},{"floor":29,"key":"Blue Candle"},{"floor":31,"key":"Magic Flower"}],"event_choices":[{"damage_healed":0.0,"max_hp_gain":0.0,"max_hp_loss":0.0,"gold_gain":0.0,"event_name":"Shining Light","player_choice":"Ignored","floor":3.0,"gold_loss":0.0,"damage_taken":0.0},{"damage_healed":0.0,"max_hp_gain":0.0,"max_hp_loss":0.0,"gold_gain":0.0,"event_name":"Accursed Blacksmith","player_choice":"Rummage","floor":5.0,"gold_loss":0.0,"damage_taken":0.0,"relics_obtained":["WarpedTongs"],"cards_obtained":["Pain"]},{"damage_healed":0,"gold_gain":50,"player_choice":"Stole From Cult","damage_taken":0,"max_hp_gain":0,"max_hp_loss":0,"event_name":"Nest","floor":19,"gold_loss":0},{"damage_healed":0,"gold_gain":0,"player_choice":"Ignored","damage_taken":0,"max_hp_gain":0,"max_hp_loss":0,"event_name":"Beggar","floor":21,"gold_loss":0}],"is_beta":false,"boss_relics":[{"not_picked":["SlaversCollar","SacredBark"],"picked":"Fusion Hammer"},{"not_picked":["Pandora\u0027s Box","Tiny House"],"picked":"Philosopher\u0027s Stone"}],"items_purged_floors":[14],"is_endless":false,"potions_floor_spawned":[2,6,12,18,22,29,30,33],"killed_by":"3 Darklings","ascension_level":20}}