{"host":"kiehjq3lc4w5t4uc","time":1613401369,"event":{"mods":["AchievementEnabler","BaseMod","BetterRewards","Colored Map","Colored Powertips","DeckTracker","Good Game Mod","Infinite Spire","Keyboard Shortcuts","Minty Spire (QoL Compilation)","Permanent Neow","Quick Restart","Rare Cards Sparkle","Relic Stats","StSLib","SuperFastMode"],"gold_per_floor":[117,137,137,87,98,124,124,152,152,169,169,189,46,62,62,163,163,177,25,25,42,42,68,68,98,166,179,179,94,94,94,94,199,199,215,225,225,242,242,267,280,293,293,321,331,365,365,378,378,378],"floor_reached":51,"language":"KOR","playtime":2232,"items_purged":["Strike_R","Strike_R","Strike_R","Strike_R","Bash","Strike_R","Defend_R","Defend_R","Defend_R","Iron Wave"],"score":1959,"play_id":"d09ce962-fc2f-48a5-b051-eadc8be9cc16","local_time":"20210216000249","is_ascension_mode":true,"campfire_choices":[{"floor":15,"key":"RECALL"},{"data":"Feel No Pain","floor":24,"key":"SMITH"},{"data":"Corruption","floor":30,"key":"SMITH"},{"data":"Evolve","floor":32,"key":"SMITH"},{"data":"1","floor":49,"key":"LIFT"}],"circlet_count":0,"master_deck":["AscendersBane","Defend_R+1","Seek+1","Apotheosis+1","Pummel","Sword Boomerang","Finesse","Master of Strategy+1","Power Through","Pummel","Finesse","Feel No Pain+1","Seeing Red","Corruption+1","Evolve+1","Immolate","Thunderclap","Wild Strike","Juggernaut","infinitespire:Punishment","infinitespire:Oblivion","Entrench"],"relics":["Cracked Core","REME:ComplimentaryCards","infinitespire:Golems Mask","Smiling Mask","War Paint","Charon\u0027s Ashes","infinitespire:Magic Flask","Boot","Lizard Tail","infinitespire:Satchel","Prayer Wheel","Pocketwatch","ClockworkSouvenir","FossilizedHelix","Medical Kit","infinitespire:Joker Card","Bottled Lightning","Oddly Smooth Stone","Gambling Chip","infinitespire:CheckeredPen","InkBottle","Smiling Mask","Pantograph","Lantern","infinitespire:Cubic Diamond","infinitespire:PuzzleCube","Busted Crown","Strange Spoon","Anchor","Bag of Marbles","Mummified Hand","Chemical X","infinitespire:EmpoweringShard","Philosopher\u0027s Stone","Pen Nib","Du-Vu Doll","Bottled Tornado","Art of War","Girya"],"acts_visited":["Exordium","TheCity","TheBeyond"],"potions_floor_usage":[],"damage_taken":[{"damage":0,"enemies":"Jaw Worm","floor":1,"turns":2},{"damage":0,"enemies":"Cultist","floor":2,"turns":2},{"damage":0,"enemies":"Small Slimes","floor":5,"turns":1},{"damage":0,"enemies":"Lagavulin","floor":6,"turns":2},{"damage":0,"enemies":"Gremlin Nob","floor":8,"turns":3},{"damage":0,"enemies":"Exordium Wildlife","floor":10,"turns":1},{"damage":0,"enemies":"Red Slaver","floor":12,"turns":1},{"damage":0,"enemies":"Gremlin Gang","floor":14,"turns":1},{"damage":26,"enemies":"The Guardian","floor":16,"turns":7},{"damage":0,"enemies":"Chosen","floor":18,"turns":1},{"damage":0,"enemies":"2 Thieves","floor":21,"turns":1},{"damage":0,"enemies":"Slavers","floor":23,"turns":2},{"damage":0,"enemies":"Gremlin Leader","floor":25,"turns":2},{"damage":0,"enemies":"Snake Plant","floor":27,"turns":2},{"damage":0,"enemies":"Collector","floor":33,"turns":3},{"damage":0,"enemies":"3 Darklings","floor":35,"turns":1},{"damage":0,"enemies":"3 Shapes","floor":36,"turns":2},{"damage":0,"enemies":"3 Darklings","floor":38,"turns":2},{"damage":23,"enemies":"Nightmare","floor":40,"turns":4},{"damage":0,"enemies":"4 Shapes","floor":41,"turns":1},{"damage":0,"enemies":"Writhing Mass","floor":42,"turns":1},{"damage":0,"enemies":"Nemesis","floor":44,"turns":2},{"damage":0,"enemies":"Sphere and 2 Shapes","floor":45,"turns":1},{"damage":0,"enemies":"Giant Head","floor":46,"turns":2},{"damage":0,"enemies":"3 Darklings","floor":48,"turns":2},{"damage":11,"enemies":"Time Eater","floor":50,"turns":4}],"seed_played":"4315738553405039118","potions_obtained":[{"floor":1,"key":"BloodPotion"},{"floor":6,"key":"Ancient Potion"}],"is_trial":false,"path_per_floor":["M","M","?","$","M","E","?","E","T","M","?","M","$","M","R","B",null,"M","$","?","M","?","E","R","E","T","M","AVR","?","R","?","R","B",null,"M","M","AVR","M","?","NM","M","M","T","E","M","E","?","M","R","B",null],"character_chosen":"IRONCLAD","items_purchased":["War Paint","Apotheosis","Boot","Pummel","infinitespire:Satchel","Sword Boomerang","Finesse","ClockworkSouvenir","FossilizedHelix","Iron Wave","Medical Kit","infinitespire:Joker Card","Bottled Lightning","Oddly Smooth Stone","Gambling Chip","Master of Strategy","Power Through","Iron Wave","infinitespire:CheckeredPen","InkBottle","Pummel","Finesse","infinitespire:PuzzleCube","Strange Spoon"],"campfire_rested":0,"item_purchase_floors":[0,0,0,0,0,0,0,0,0,0,0,0,0,0,0,0,0,0,0,0,0,0,13,19],"current_hp_per_floor":[78,80,80,80,80,80,80,80,80,80,80,80,80,80,80,54,74,74,74,74,74,74,74,74,74,74,74,74,74,74,74,74,80,80,80,80,80,80,70,47,47,47,47,47,47,47,80,80,80,69],"gold":378,"neow_bonus":"","is_daily":false,"chose_seed":false,"campfire_upgraded":3,"win_rate":0.0,"timestamp":1613401369,"path_taken":["M","M","?","$","?","E","?","E","T","?","?","M","?","M","R","BOSS","M","$","?","?","?","E","R","E","T","M","AVR","?","R","?","R","BOSS","M","M","AVR","M","?","NM","M","M","T","E","M","E","?","M","R","BOSS"],"items_purchased_type":["Relic","Card","Relic","Card","Relic","Card","Card","Relic","Relic","Card","Relic","Relic","Relic","Relic","Relic","Card","Card","Card","Relic","Relic","Card","Card","Relic","Relic"],"build_version":"2020-12-22","purchased_purges":10,"victory":true,"max_hp_per_floor":[80,80,80,80,80,80,80,80,80,80,80,80,80,80,80,80,80,80,80,80,80,80,80,80,80,80,80,80,80,80,80,80,80,80,80,80,80,80,80,80,80,80,80,80,80,80,80,80,80,80],"relic_stats":{"counters":[104,299],"Charon\u0027s Ashes":[670],"Pen Nib":[7],"War Paint":["Defend_R","Seek"],"Smiling Mask":1375,"Boot":[317],"Medical Kit":[39],"Strange Spoon":[154],"Lizard Tail":0,"Busted Crown":74,"Mummified Hand":[113],"Gambling Chip":[20],"Pantograph":6,"Prayer Wheel":16,"Art of War":[1],"Chemical X":[0],"obtain_stats":[{"infinitespire:BottledMercury":148,"infinitespire:Cubic Diamond":11,"Whetstone":129,"Bottled Tornado":77,"Boot":131,"Blood Vial":94,"infinitespire:ShieldingShard":133,"Sundial":63,"MealTicket":26,"infinitespire:Golems Mask":108,"Kunai":24,"Pear":64,"Blue Candle":30,"Pen Nib":133,"infinitespire:Magic Flask":0,"Akabeko":74,"SlaversCollar":136,"Bird Faced Urn":114,"StrikeDummy":28,"Unceasing Top":98,"infinitespire:PuzzleCube":114,"Lantern":0,"Regal Pillow":96,"Singing Bowl":111,"Bag of Preparation":8,"Smiling Mask":124,"Ancient Tea Set":142,"Burning Blood":0,"Matryoshka":96,"infinitespire:Bottled Soul":45,"WingedGreaves":156,"Chemical X":28,"InkBottle":126,"Paper Frog":111,"Potion Belt":149,"Golden Idol":2,"Self Forming Clay":155,"Thread and Needle":59,"infinitespire:Joker Card":44,"PreservedInsect":104,"The Courier":129,"Omamori":144,"infinitespire:Lucky Rock":9,"infinitespire:CheckeredPen":155,"MawBank":40,"Busted Crown":153,"Ornamental Fan":89,"Turnip":156,"Art of War":44,"Champion Belt":0,"Bottled Lightning":155,"infinitespire:Midas Blood":91,"Tiny House":119,"Gremlin Horn":142,"Vajra":81,"infinitespire:Blanks Blanky":112,"Lizard Tail":131,"HornCleat":155,"DollysMirror":138,"Philosopher\u0027s Stone":85,"Prayer Wheel":155,"Girya":46,"Happy Flower":147,"Oddly Smooth Stone":22,"infinitespire:Beetle Shell":138,"Charon\u0027s Ashes":0,"War Paint":64,"Question Card":91,"Du-Vu Doll":27,"Bottled Flame":42,"Shuriken":149,"Bronze Scales":145,"Molten Egg 2":43,"Black Star":51,"infinitespire:EmpoweringShard":149,"Meat on the Bone":11,"Pocketwatch":0,"Darkstone Periapt":60,"Black Blood":68,"Mango":155,"Juzu Bracelet":81,"Empty Cage":102,"ClockworkSouvenir":0,"Dream Catcher":46,"Nunchaku":110,"Mummified Hand":48,"Pantograph":125,"Gambling Chip":0,"Tiny Chest":14,"Cracked Core":11,"Red Skull":144,"Runic Pyramid":17,"infinitespire:FocusingShard":36,"Orichalcum":147,"Medical Kit":149,"White Beast Statue":128,"Mercury Hourglass":57,"Peace Pipe":125,"Strange Spoon":62,"REME:ComplimentaryCards":0,"Anchor":98,"infinitespire:WardingShard":57,"infinitespire:Satchel":108,"Coffee Dripper":34,"Bag of Marbles":116,"TungstenRod":0,"FossilizedHelix":74},{"infinitespire:BottledMercury":74,"infinitespire:Cubic Diamond":84,"Whetstone":65,"Bottled Tornado":38,"Boot":66,"Blood Vial":46,"infinitespire:ShieldingShard":67,"Sundial":29,"MealTicket":10,"infinitespire:Golems Mask":56,"Kunai":9,"Pear":30,"Blue Candle":12,"Pen Nib":67,"infinitespire:Magic Flask":78,"Akabeko":37,"SlaversCollar":68,"Bird Faced Urn":59,"StrikeDummy":11,"Unceasing Top":49,"infinitespire:PuzzleCube":59,"Lantern":0,"Regal Pillow":48,"Singing Bowl":57,"Bag of Preparation":4,"Smiling Mask":63,"Ancient Tea Set":71,"Burning Blood":0,"Matryoshka":48,"infinitespire:Bottled Soul":21,"WingedGreaves":77,"Chemical X":92,"InkBottle":64,"Paper Frog":57,"Potion Belt":74,"Golden Idol":1,"Self Forming Clay":76,"Thread and Needle":28,"infinitespire:Joker Card":20,"PreservedInsect":52,"The Courier":65,"Omamori":72,"infinitespire:Lucky Rock":4,"infinitespire:CheckeredPen":76,"MawBank":18,"Busted Crown":76,"Ornamental Fan":44,"Turnip":77,"Art of War":100,"Champion Belt":0,"Bottled Lightning":76,"infinitespire:Midas Blood":46,"Tiny House":60,"Gremlin Horn":71,"Vajra":40,"infinitespire:Blanks Blanky":57,"Lizard Tail":66,"HornCleat":76,"DollysMirror":69,"Philosopher\u0027s Stone":41,"Prayer Wheel":76,"Girya":102,"Happy Flower":74,"Oddly Smooth Stone":8,"infinitespire:Beetle Shell":69,"Charon\u0027s Ashes":78,"War Paint":30,"Question Card":46,"Du-Vu Doll":11,"Bottled Flame":19,"Shuriken":74,"Bronze Scales":72,"Molten Egg 2":19,"Black Star":23,"infinitespire:EmpoweringShard":74,"Meat on the Bone":4,"Pocketwatch":78,"Darkstone Periapt":28,"Black Blood":32,"Mango":76,"Juzu Bracelet":40,"Empty Cage":51,"ClockworkSouvenir":78,"Dream Catcher":21,"Nunchaku":57,"Mummified Hand":22,"Pantograph":64,"Gambling Chip":78,"Tiny Chest":6,"Cracked Core":84,"Red Skull":72,"Runic Pyramid":7,"infinitespire:FocusingShard":15,"Orichalcum":74,"Medical Kit":74,"White Beast Statue":64,"Mercury Hourglass":27,"Peace Pipe":64,"Strange Spoon":29,"REME:ComplimentaryCards":0,"Anchor":49,"infinitespire:WardingShard":27,"infinitespire:Satchel":56,"Coffee Dripper":14,"Bag of Marbles":59,"TungstenRod":0,"FossilizedHelix":37},{"infinitespire:BottledMercury":237,"infinitespire:Cubic Diamond":257,"Whetstone":227,"Bottled Tornado":178,"Boot":228,"Blood Vial":200,"infinitespire:ShieldingShard":229,"Sundial":160,"MealTicket":52,"infinitespire:Golems Mask":217,"Kunai":47,"Pear":162,"Blue Candle":66,"Pen Nib":229,"infinitespire:Magic Flask":246,"Akabeko":177,"SlaversCollar":230,"Bird Faced Urn":220,"StrikeDummy":60,"Unceasing Top":205,"infinitespire:PuzzleCube":220,"Lantern":0,"Regal Pillow":204,"Singing Bowl":218,"Bag of Preparation":21,"Smiling Mask":225,"Ancient Tea Set":233,"Burning Blood":0,"Matryoshka":204,"infinitespire:Bottled Soul":128,"WingedGreaves":240,"Chemical X":274,"InkBottle":226,"Paper Frog":218,"Potion Belt":237,"Golden Idol":4,"Self Forming Clay":239,"Thread and Needle":158,"infinitespire:Joker Card":122,"PreservedInsect":211,"The Courier":227,"Omamori":234,"infinitespire:Lucky Rock":21,"infinitespire:CheckeredPen":239,"MawBank":107,"Busted Crown":239,"Ornamental Fan":194,"Turnip":240,"Art of War":290,"Champion Belt":0,"Bottled Lightning":239,"infinitespire:Midas Blood":200,"Tiny House":222,"Gremlin Horn":233,"Vajra":183,"infinitespire:Blanks Blanky":218,"Lizard Tail":228,"HornCleat":239,"DollysMirror":231,"Philosopher\u0027s Stone":188,"Prayer Wheel":239,"Girya":293,"Happy Flower":237,"Oddly Smooth Stone":43,"infinitespire:Beetle Shell":231,"Charon\u0027s Ashes":246,"War Paint":162,"Question Card":200,"Du-Vu Doll":60,"Bottled Flame":118,"Shuriken":237,"Bronze Scales":234,"Molten Egg 2":118,"Black Star":142,"infinitespire:EmpoweringShard":237,"Meat on the Bone":21,"Pocketwatch":246,"Darkstone Periapt":158,"Black Blood":169,"Mango":239,"Juzu Bracelet":183,"Empty Cage":210,"ClockworkSouvenir":246,"Dream Catcher":128,"Nunchaku":218,"Mummified Hand":131,"Pantograph":226,"Gambling Chip":246,"Tiny Chest":27,"Cracked Core":257,"Red Skull":234,"Runic Pyramid":36,"infinitespire:FocusingShard":92,"Orichalcum":237,"Medical Kit":237,"White Beast Statue":226,"Mercury Hourglass":153,"Peace Pipe":226,"Strange Spoon":160,"REME:ComplimentaryCards":0,"Anchor":205,"infinitespire:WardingShard":153,"infinitespire:Satchel":217,"Coffee Dripper":86,"Bag of Marbles":220,"TungstenRod":0,"FossilizedHelix":177}],"InkBottle":[46],"Pocketwatch":[15]},"card_choices":[{"not_picked":["Infernal Blade","Power Through"],"picked":"Feel No Pain","floor":1},{"not_picked":["Uppercut","Wild Strike","Shrug It Off"],"picked":"SKIP","floor":1},{"not_picked":["Twin Strike","Iron Wave","Perfected Strike"],"picked":"SKIP","floor":2},{"not_picked":["Intimidate","Heavy Blade","Dual Wield"],"picked":"SKIP","floor":2},{"not_picked":["Reckless Charge","Hemokinesis"],"picked":"Seeing Red","floor":5},{"not_picked":["Wild Strike","Metallicize","Seeing Red"],"picked":"SKIP","floor":5},{"not_picked":["Carnage","Perfected Strike"],"picked":"Corruption","floor":6},{"not_picked":["Body Slam","Rampage","Seeing Red"],"picked":"SKIP","floor":8},{"not_picked":["Sentinel","Pummel"],"picked":"Evolve","floor":10},{"not_picked":["Shrug It Off","Pommel Strike","Thunderclap"],"picked":"SKIP","floor":10},{"not_picked":["Rage","Limit Break","Havoc"],"picked":"SKIP","floor":12},{"not_picked":["Evolve","Clash","Perfected Strike"],"picked":"SKIP","floor":12},{"not_picked":["Clothesline","Body Slam","Fire Breathing"],"picked":"SKIP","floor":14},{"not_picked":["Body Slam","Sever Soul","Anger"],"picked":"SKIP","floor":14},{"not_picked":["Corruption","Double Tap"],"picked":"Immolate","floor":16},{"not_picked":[],"picked":"Thunderclap","floor":18},{"not_picked":["Iron Wave"],"picked":"SKIP","floor":18},{"not_picked":["Cleave+1"],"picked":"SKIP","floor":21},{"not_picked":["True Grit"],"picked":"SKIP","floor":21},{"not_picked":["Warcry+1"],"picked":"SKIP","floor":23},{"not_picked":["Double Tap"],"picked":"SKIP","floor":25},{"not_picked":["Infernal Blade"],"picked":"SKIP","floor":27},{"not_picked":["Warcry"],"picked":"SKIP","floor":27},{"not_picked":[],"picked":"Juggernaut","floor":33},{"not_picked":["Flex"],"picked":"SKIP","floor":35},{"not_picked":["Ghostly Armor"],"picked":"SKIP","floor":35},{"not_picked":["Heavy Blade"],"picked":"SKIP","floor":36},{"not_picked":["Pummel"],"picked":"SKIP","floor":36},{"not_picked":["Warcry"],"picked":"SKIP","floor":38},{"not_picked":["infinitespire:OneForAll"],"picked":"SKIP","floor":38},{"not_picked":["infinitespire:Collect","infinitespire:NeuralNetwork"],"picked":"infinitespire:Oblivion","floor":40},{"not_picked":["Perfected Strike"],"picked":"SKIP","floor":40},{"not_picked":["Iron Wave"],"picked":"SKIP","floor":41},{"not_picked":["Perfected Strike+1"],"picked":"SKIP","floor":41},{"not_picked":["Flex"],"picked":"SKIP","floor":42},{"not_picked":["Second Wind"],"picked":"SKIP","floor":42},{"not_picked":["Shockwave"],"picked":"SKIP","floor":44},{"not_picked":["Metallicize"],"picked":"SKIP","floor":45},{"not_picked":["Twin Strike"],"picked":"SKIP","floor":45},{"not_picked":["Body Slam+1"],"picked":"SKIP","floor":46},{"not_picked":[],"picked":"Entrench","floor":48},{"not_picked":["Hemokinesis"],"picked":"SKIP","floor":48}],"player_experience":182083,"relics_obtained":[{"floor":6,"key":"Smiling Mask"},{"floor":8,"key":"Pantograph"},{"floor":9,"key":"Lantern"},{"floor":23,"key":"Anchor"},{"floor":25,"key":"Bag of Marbles"},{"floor":26,"key":"Mummified Hand"},{"floor":40,"key":"Du-Vu Doll"},{"floor":43,"key":"Bottled Tornado"},{"floor":44,"key":"Art of War"},{"floor":46,"key":"Girya"}],"event_choices":[{"damage_healed":0,"gold_gain":0,"player_choice":"Upgraded","damage_taken":0,"max_hp_gain":0,"max_hp_loss":0,"event_name":"Upgrade Shrine","floor":3,"gold_loss":0,"cards_upgraded":["Apotheosis"]},{"cards_removed":["Iron Wave"],"damage_healed":0,"gold_gain":0,"player_choice":"Purged","damage_taken":0,"max_hp_gain":0,"max_hp_loss":0,"event_name":"Purifier","floor":7,"gold_loss":0},{"damage_healed":0,"gold_gain":0,"player_choice":"Upgraded","damage_taken":0,"max_hp_gain":0,"max_hp_loss":0,"event_name":"Upgrade Shrine","floor":20,"gold_loss":0,"cards_upgraded":["Master of Strategy"]},{"damage_healed":0,"gold_gain":0,"player_choice":"Read","damage_taken":0,"max_hp_gain":0,"max_hp_loss":0,"event_name":"The Library","floor":22,"gold_loss":0,"cards_obtained":["Wild Strike"]},{"damage_healed":0,"gold_gain":0,"player_choice":"Obtained Relic","damage_taken":0,"relics_obtained":["infinitespire:EmpoweringShard"],"max_hp_gain":0,"max_hp_loss":0,"event_name":"Addict","floor":29,"gold_loss":85},{"damage_healed":0,"gold_gain":0,"player_choice":"Ignored","damage_taken":0,"max_hp_gain":0,"max_hp_loss":0,"event_name":"Ghosts","floor":31,"gold_loss":0},{"damage_healed":0,"gold_gain":0,"player_choice":"Memory 3","damage_taken":10,"max_hp_gain":0,"max_hp_loss":0,"event_name":"SensoryStone","floor":39,"gold_loss":0},{"damage_healed":33,"gold_gain":0,"player_choice":"Full Heal","damage_taken":0,"max_hp_gain":0,"max_hp_loss":0,"event_name":"Wheel of Change","floor":47,"gold_loss":0}],"is_beta":false,"boss_relics":[{"not_picked":["Tiny House","SlaversCollar"],"picked":"Busted Crown"},{"not_picked":["Astrolabe","Runic Cube"],"picked":"Philosopher\u0027s Stone"}],"items_purged_floors":[0,0,0,0,0,0,0,0,0,4],"is_endless":false,"potions_floor_spawned":[1,5,6,12,14,16,21,25,38,42,44,46,48],"ascension_level":12}}