{"host":"zlmf7uudqr1sj8t0","time":1613372726,"event":{"mods":["BaseMod","Colored Map","DeckTracker","Highlight Path","Minty Spire (QoL Compilation)"],"gold_per_floor":[115,129,129,204,220,220,238,253,253,253,253,264,295,295,295,395,395,405,330,345,345,365,365,394,394,394,394,412,431,431,431],"floor_reached":30,"language":"ENG","playtime":1567,"items_purged":[],"score":315,"play_id":"ab4a7f23-db4a-4724-8a4c-bb5c646bfc39","local_time":"20210214230526","is_ascension_mode":true,"campfire_choices":[{"data":"Gash","floor":6,"key":"SMITH"},{"data":"Gash","floor":11,"key":"SMITH"},{"floor":15,"key":"REST"},{"floor":23,"key":"REST"},{"floor":27,"key":"REST"}],"circlet_count":0,"master_deck":["Strike_B","Strike_B","Strike_B","Strike_B","Defend_B","Defend_B","Defend_B","Defend_B","Zap","Dualcast","Gash+1","Ball Lightning","Go for the Eyes","Gash+1","Rip and Tear","Rip and Tear","Multi-Cast","CurseOfTheBell","Hologram+1","FTL","Seek+1","Zap+1","Seek+1","Beam Cell+1","Steam Power+1"],"relics":["Cracked Core","Centennial Puzzle","Smiling Mask","Pear","Bottled Flame","Calling Bell","Bronze Scales","Toxic Egg 2","FossilizedHelix","Molten Egg 2","Strawberry","Oddly Smooth Stone"],"acts_visited":["Exordium","TheCity"],"potions_floor_usage":[16,24,28],"damage_taken":[{"damage":3,"enemies":"2 Louse","floor":1,"turns":3},{"damage":3,"enemies":"Jaw Worm","floor":2,"turns":4},{"damage":0,"enemies":"Small Slimes","floor":5,"turns":2},{"damage":19,"enemies":"Exordium Thugs","floor":7,"turns":3},{"damage":9,"enemies":"3 Louse","floor":8,"turns":3},{"damage":15,"enemies":"Gremlin Gang","floor":12,"turns":4},{"damage":28,"enemies":"Lagavulin","floor":13,"turns":4},{"damage":12,"enemies":"Slime Boss","floor":16,"turns":6},{"damage":42,"enemies":"Shell Parasite","floor":18,"turns":4},{"damage":16,"enemies":"3 Byrds","floor":20,"turns":3},{"damage":28,"enemies":"Shelled Parasite and Fungi","floor":22,"turns":5},{"damage":25,"enemies":"Book of Stabbing","floor":24,"turns":4},{"damage":24,"enemies":"Centurion and Healer","floor":28,"turns":5},{"damage":18,"enemies":"Cultist and Chosen","floor":29,"turns":5},{"damage":12,"enemies":"Snecko","floor":30,"turns":3}],"seed_played":"-4119939010660991381","potions_obtained":[{"floor":7,"key":"PotionOfCapacity"},{"floor":8,"key":"LiquidBronze"},{"floor":13,"key":"ColorlessPotion"},{"floor":24,"key":"FearPotion"}],"is_trial":false,"path_per_floor":["M","M","?","?","M","R","M","M","T","T","R","M","E","?","R","B",null,"M","?","M","T","M","R","E","?","T","R","M","M","M"],"character_chosen":"DEFECT","items_purchased":[],"campfire_rested":3,"item_purchase_floors":[],"current_hp_per_floor":[79,76,76,65,65,65,46,37,37,47,47,32,4,4,31,19,92,50,50,34,34,6,33,15,15,15,44,20,2,0,0],"gold":431,"neow_bonus":"TEN_PERCENT_HP_BONUS","is_daily":false,"chose_seed":false,"campfire_upgraded":2,"win_rate":0.0,"timestamp":1613372726,"path_taken":["M","M","?","?","M","R","M","M","T","?","R","M","E","?","R","BOSS","M","?","M","?","M","R","E","?","T","R","M","M","M"],"items_purchased_type":[],"build_version":"2020-12-22","purchased_purges":0,"victory":false,"max_hp_per_floor":[82,82,82,82,82,82,82,82,82,92,92,92,92,92,92,92,92,92,92,92,92,92,92,99,99,99,99,99,99,99,99],"card_choices":[{"not_picked":["Turbo","Steam"],"picked":"Gash","floor":1},{"not_picked":["Redo","Heatsinks"],"picked":"Ball Lightning","floor":2},{"not_picked":["Turbo","Consume"],"picked":"Go for the Eyes","floor":5},{"not_picked":["Cold Snap","Steam"],"picked":"Gash","floor":7},{"not_picked":["Hologram","Coolheaded"],"picked":"Rip and Tear","floor":8},{"not_picked":["Turbo","Double Energy","Chill"],"picked":"SKIP","floor":12},{"not_picked":["Self Repair","Barrage"],"picked":"Rip and Tear","floor":13},{"not_picked":["Hyperbeam","Biased Cognition"],"picked":"Multi-Cast","floor":16},{"not_picked":["Fusion+1","Coolheaded+1"],"picked":"Hologram+1","floor":18},{"not_picked":["Steam+1","Barrage"],"picked":"FTL","floor":20},{"not_picked":["Barrage+1","Sweeping Beam+1"],"picked":"Seek+1","floor":22},{"not_picked":["Coolheaded+1","Multi-Cast+1","Hello World+1"],"picked":"SKIP","floor":24},{"not_picked":["Stack+1","Redo+1"],"picked":"Beam Cell+1","floor":28},{"not_picked":["Coolheaded+1","Compile Driver+1"],"picked":"Steam Power+1","floor":29}],"player_experience":150767,"relics_obtained":[{"floor":9,"key":"Smiling Mask"},{"floor":10,"key":"Pear"},{"floor":13,"key":"Bottled Flame"},{"floor":17,"key":"Bronze Scales"},{"floor":17,"key":"Toxic Egg 2"},{"floor":17,"key":"FossilizedHelix"},{"floor":21,"key":"Molten Egg 2"},{"floor":24,"key":"Strawberry"},{"floor":26,"key":"Oddly Smooth Stone"}],"event_choices":[{"damage_healed":0,"gold_gain":0,"player_choice":"Box","damage_taken":0,"relics_obtained":["Centennial Puzzle"],"max_hp_gain":0,"max_hp_loss":0,"event_name":"Big Fish","floor":3,"gold_loss":0,"cards_obtained":["Regret"]},{"damage_healed":0,"gold_gain":75,"player_choice":"Gather Gold","damage_taken":11,"max_hp_gain":0,"max_hp_loss":0,"event_name":"World of Goop","floor":4,"gold_loss":0},{"damage_healed":0,"gold_gain":0,"player_choice":"Ignored","damage_taken":0,"max_hp_gain":0,"max_hp_loss":0,"event_name":"Shining Light","floor":14,"gold_loss":0},{"cards_removed":["Regret"],"damage_healed":0,"gold_gain":0,"player_choice":"Gave Gold","damage_taken":0,"max_hp_gain":0,"max_hp_loss":0,"event_name":"Beggar","floor":19,"gold_loss":75},{"damage_healed":0,"gold_gain":0,"player_choice":"2 cards matched","damage_taken":0,"max_hp_gain":0,"max_hp_loss":0,"event_name":"Match and Keep!","floor":25,"gold_loss":0,"cards_obtained":["Zap","Seek"]}],"is_beta":false,"boss_relics":[{"not_picked":["Fusion Hammer","Empty Cage"],"picked":"Calling Bell"}],"items_purged_floors":[],"is_endless":false,"potions_floor_spawned":[7,8,13,24],"killed_by":"Snecko","ascension_level":3}}