{"host":"rqr5ppifgk2pyouj","time":1613362869,"event":{"mods":["AchievementEnabler","Act Like it!","BaseMod","Better Match","Better Note","Better Vampires","Better-Laid Plans","BetterRewards","Block Reminder","Clawfect","Colored Map","Colored Powertips","Curses Come First","Custom Start","Elementarium","Energized Spire","GifTheSpireLib","Minty Spire (QoL Compilation)","Rare Cards Sparkle","Reworked Bosses","Shop Mod","StSLib","Unceasing Turn Reminder","Waifu the Spire"],"gold_per_floor":[119,119,134,134,209,209,229,229,253,270,270,124,124,136,136,234,234,249,199,199,199,124,151,165,165,165,193,206,206,226,238,238,238,238],"floor_reached":33,"language":"ENG","playtime":3809,"items_purged":[],"score":456,"play_id":"cc499596-2989-4e4b-b1ec-49f6f4576e8b","local_time":"20210214222109","is_ascension_mode":true,"campfire_choices":[{"floor":6.0,"key":"REST"},{"data":"Coolheaded","floor":8.0,"key":"SMITH"},{"floor":15.0,"key":"REST"},{"floor":32.0,"key":"REST"}],"circlet_count":0,"master_deck":["Gash","Gash","Gash","Gash","Gash","Defend_B","Defend_B","Defend_B","Defend_B+1","Defend_B+1","Doubt","Auto Shields","Skim","Coolheaded+1","Loop","Regret","Defragment","Fusion","Echo Form","Capacitor+1","Loop+1","Parasite","Clawfect:ClawSnap+1","Lockon+1","Clawfect:Clawrage"],"relics":["Du-Vu Doll","Elementarium:GoldenMirage","FossilizedHelix","Pen Nib","Peace Pipe","MerchantsRug","Cursed Key","Pantograph","Ornamental Fan","Vajra"],"acts_visited":["Exordium","TheCity"],"potions_floor_usage":[],"damage_taken":[{"damage":4.0,"enemies":"Small Slimes","floor":1.0,"turns":5.0},{"damage":0.0,"enemies":"Jaw Worm","floor":3.0,"turns":4.0},{"damage":0.0,"enemies":"2 Louse","floor":7.0,"turns":4.0},{"damage":1.0,"enemies":"Blue Slaver","floor":10.0,"turns":4.0},{"damage":19.0,"enemies":"Exordium Thugs","floor":14.0,"turns":7.0},{"damage":2.0,"enemies":"Slime Boss","floor":16.0,"turns":9.0},{"damage":1.0,"enemies":"Spheric Guardian","floor":18.0,"turns":6.0},{"damage":17.0,"enemies":"2 Thieves","floor":22.0,"turns":5.0},{"damage":35.0,"enemies":"Gremlin Leader","floor":23.0,"turns":7.0},{"damage":19.0,"enemies":"Shelled Parasite and Fungi","floor":24.0,"turns":6.0},{"damage":14.0,"enemies":"Book of Stabbing","floor":27.0,"turns":6.0},{"damage":13.0,"enemies":"Centurion and Healer","floor":28.0,"turns":5.0},{"damage":18.0,"enemies":"Sentry and Sphere","floor":30.0,"turns":7.0},{"damage":15.0,"enemies":"3 Cultists","floor":31.0,"turns":6.0},{"damage":0,"enemies":"bossMod:newChamp","floor":33,"turns":1}],"seed_played":"239242483840453199","potions_obtained":[{"floor":7.0,"key":"ColorlessPotion"},{"floor":16.0,"key":"LiquidBronze"},{"floor":23.0,"key":"Block Potion"},{"floor":24.0,"key":"EntropicBrew"},{"floor":27.0,"key":"Strength Potion"},{"floor":30.0,"key":"EssenceOfDarkness"}],"is_trial":false,"path_per_floor":["M","$","M","?","?","R","M","R","T","M","?","$","?","M","R","B",null,"M","?","$","$","M","E","M","?","T","E","M","$","M","M","R","B"],"character_chosen":"DEFECT","items_purchased":["EntropicBrew","MerchantsRug","Defragment"],"campfire_rested":3,"item_purchase_floors":[0,12,12],"current_hp_per_floor":[51,51,51,48,37,59,59,59,59,58,58,58,43,24,46,44,75,74,74,74,74,57,22,3,75,75,61,48,48,30,15,37,62,62],"gold":238,"neow_bonus":"","is_daily":false,"chose_seed":false,"campfire_upgraded":1,"win_rate":0.0,"timestamp":1613362869,"path_taken":["M","$","M","?","?","R","M","R","T","M","?","$","?","M","R","BOSS","M","?","?","$","?","E","M","?","T","E","?","$","M","M","R","BOSS"],"items_purchased_type":["Potion","Relic","Card"],"build_version":"2020-12-22","purchased_purges":0,"victory":false,"max_hp_per_floor":[75,75,75,75,75,75,75,75,75,75,75,75,75,75,75,75,75,75,75,75,75,75,75,75,75,75,75,75,75,75,75,75,75,75],"card_choices":[{"not_picked":["Tempest","Consume"],"picked":"Auto Shields","floor":1.0},{"not_picked":["Clawfect:ClawpileDriver","Turbo"],"picked":"Skim","floor":3.0},{"not_picked":["Lockon","Clawfect:Clawline"],"picked":"Coolheaded","floor":7.0},{"not_picked":["Hello World","BootSequence"],"picked":"Loop","floor":10.0},{"not_picked":["Clawfect:Clawrage","Skim"],"picked":"Fusion","floor":14.0},{"not_picked":["Hyperbeam","Buffer"],"picked":"Echo Form","floor":16.0},{"not_picked":["FTL","Force Field","Static Discharge"],"picked":"SKIP","floor":18.0},{"not_picked":["Aggregate","Clawfect:ClawingBeam+1"],"picked":"Capacitor+1","floor":22.0},{"not_picked":["Reinforced Body","Chill+1"],"picked":"Loop+1","floor":23.0},{"not_picked":["Turbo","Darkness+1"],"picked":"Capacitor","floor":24.0},{"not_picked":["Double Energy","Gash"],"picked":"Clawfect:ClawSnap+1","floor":27.0},{"not_picked":["Skim","Stack","Clawfect:ClawLightning"],"picked":"SKIP","floor":28.0},{"not_picked":["Force Field","Hologram"],"picked":"Lockon+1","floor":30.0},{"not_picked":["Clawfect:ClawLightning","Steam"],"picked":"Clawfect:Clawrage","floor":31.0}],"player_experience":680383,"relics_obtained":[{"floor":9.0,"key":"Pen Nib"},{"floor":23.0,"key":"Pantograph"},{"floor":26.0,"key":"Ornamental Fan"},{"floor":27.0,"key":"Vajra"}],"event_choices":[{"damage_healed":0.0,"max_hp_gain":0.0,"max_hp_loss":0.0,"gold_gain":0.0,"event_name":"Scrap Ooze","player_choice":"Success","floor":4.0,"gold_loss":0.0,"damage_taken":3.0,"relics_obtained":["FossilizedHelix"]},{"damage_healed":0.0,"max_hp_gain":0.0,"max_hp_loss":0.0,"gold_gain":75.0,"event_name":"World of Goop","player_choice":"Gather Gold","floor":5.0,"gold_loss":0.0,"damage_taken":11.0},{"damage_healed":0.0,"max_hp_gain":0.0,"max_hp_loss":0.0,"gold_gain":0.0,"event_name":"Big Fish","player_choice":"Box","floor":11.0,"gold_loss":0.0,"damage_taken":0.0,"relics_obtained":["Peace Pipe"],"cards_obtained":["Regret"]},{"damage_healed":0.0,"max_hp_gain":0.0,"max_hp_loss":0.0,"gold_gain":0.0,"event_name":"Shining Light","player_choice":"Entered Light","floor":13.0,"gold_loss":0.0,"damage_taken":15.0,"cards_upgraded":["Defend_B","Defend_B"]},{"damage_healed":0.0,"max_hp_gain":0.0,"max_hp_loss":0.0,"gold_gain":0.0,"event_name":"The Joust","player_choice":"Bet on Murderer","floor":19.0,"gold_loss":50.0,"damage_taken":0.0},{"cards_removed":["Capacitor"],"damage_healed":72.0,"max_hp_gain":0.0,"max_hp_loss":0.0,"gold_gain":0.0,"event_name":"Bonfire Elementals","player_choice":"Offered Uncommon","floor":25.0,"gold_loss":0.0,"damage_taken":0.0}],"is_beta":false,"boss_relics":[{"not_picked":["Ectoplasm","Coffee Dripper"],"picked":"Cursed Key"}],"items_purged_floors":[],"is_endless":false,"potions_floor_spawned":[7,16,23,24,27,30],"killed_by":"bossMod:newChamp","ascension_level":3}}