{"host":"w9zfxf1uwb1etsnq","time":1613347458,"event":{"mods":["AchievementEnabler","BaseMod","Colored Map","Highlight Path","Minty Spire (QoL Compilation)"],"gold_per_floor":[112,112,122,122,222,251,251,276,302,302,322,351,370,397,397,397,397],"floor_reached":16,"language":"ENG","playtime":824,"items_purged":[],"score":168,"play_id":"501de1cf-9858-4495-a588-ca5fe527955c","local_time":"20210215000418","is_ascension_mode":true,"campfire_choices":[{"data":"Reaper","floor":7,"key":"SMITH"},{"floor":10,"key":"REST"},{"data":"Flex","floor":15,"key":"SMITH"}],"circlet_count":0,"master_deck":["Strike_R","Strike_R","Strike_R","Strike_R","Strike_R","Defend_R","Defend_R","Defend_R","Defend_R","Bash","Ghostly Armor","Reaper+1","Clothesline","Flex+1"],"relics":["Burning Blood","NeowsBlessing","Matryoshka","Red Skull","Orichalcum","MealTicket","PreservedInsect","Prayer Wheel","Potion Belt"],"acts_visited":["Exordium"],"potions_floor_usage":[13,16,16],"damage_taken":[{"damage":0,"enemies":"Cultist","floor":1,"turns":1},{"damage":0,"enemies":"2 Louse","floor":3,"turns":1},{"damage":0,"enemies":"Gremlin Nob","floor":6,"turns":1},{"damage":76,"enemies":"Lagavulin","floor":8,"turns":10},{"damage":4,"enemies":"Small Slimes","floor":11,"turns":4},{"damage":16,"enemies":"Gremlin Nob","floor":12,"turns":4},{"damage":0,"enemies":"Gremlin Gang","floor":13,"turns":4},{"damage":21,"enemies":"3 Sentries","floor":14,"turns":9},{"damage":78,"enemies":"Slime Boss","floor":16,"turns":11}],"seed_played":"-8537909540071324018","potions_obtained":[{"floor":6,"key":"Dexterity Potion"},{"floor":8,"key":"Weak Potion"},{"floor":11,"key":"Explosive Potion"},{"floor":13,"key":"SpeedPotion"}],"is_trial":false,"path_per_floor":["M","T","M","?","?","E","R","E","T","R","M","E","M","E","R","B"],"character_chosen":"IRONCLAD","items_purchased":[],"campfire_rested":1,"item_purchase_floors":[],"current_hp_per_floor":[80,80,80,80,80,80,80,17,17,41,48,45,61,61,61,0,0],"gold":397,"neow_bonus":"THREE_ENEMY_KILL","is_daily":false,"chose_seed":false,"campfire_upgraded":2,"win_rate":0.0,"timestamp":1613347458,"path_taken":["M","?","M","?","?","E","R","E","T","R","?","E","M","E","R","BOSS"],"items_purchased_type":[],"build_version":"2020-12-22","purchased_purges":0,"victory":false,"max_hp_per_floor":[80,80,80,80,80,80,80,80,80,80,80,80,80,80,80,80,80],"card_choices":[{"not_picked":["Flex","Perfected Strike"],"picked":"Ghostly Armor","floor":1},{"not_picked":["Entrench","Perfected Strike","Twin Strike"],"picked":"SKIP","floor":3},{"not_picked":["Wild Strike","Whirlwind"],"picked":"Reaper","floor":6},{"not_picked":["Wild Strike","Searing Blow"],"picked":"Clothesline","floor":8},{"not_picked":["Sword Boomerang","Twin Strike","Wild Strike"],"picked":"SKIP","floor":11},{"not_picked":["Hemokinesis","Rupture"],"picked":"Flex","floor":12},{"not_picked":["Shrug It Off","Clash","Flame Barrier"],"picked":"SKIP","floor":13},{"not_picked":["Disarm","Rupture","True Grit"],"picked":"SKIP","floor":13},{"not_picked":["Armaments","Body Slam","Evolve"],"picked":"SKIP","floor":14}],"player_experience":156259,"relics_obtained":[{"floor":2,"key":"Matryoshka"},{"floor":6,"key":"Red Skull"},{"floor":8,"key":"Orichalcum"},{"floor":9,"key":"MealTicket"},{"floor":9,"key":"PreservedInsect"},{"floor":12,"key":"Prayer Wheel"},{"floor":14,"key":"Potion Belt"}],"event_choices":[{"damage_healed":0,"gold_gain":0,"player_choice":"Fled","damage_taken":0,"max_hp_gain":0,"max_hp_loss":0,"event_name":"Scrap Ooze","floor":4,"gold_loss":0},{"damage_healed":0,"gold_gain":100,"player_choice":"Pray","damage_taken":0,"max_hp_gain":0,"max_hp_loss":0,"event_name":"Golden Shrine","floor":5,"gold_loss":0}],"is_beta":false,"boss_relics":[],"items_purged_floors":[],"is_endless":false,"potions_floor_spawned":[6,8,11,13],"killed_by":"Slime Boss","ascension_level":2}}