{"host":"u7lm8z2rvb4dg2oo","time":1613373573,"event":{"mods":["AchievementEnabler","BaseMod","Bestiary","Block Reminder","Colored Map","Colored Powertips","Curses Come First","DeckTracker","Googly Eyes","Highlight Path","Minty Spire (QoL Compilation)","Quick Restart","StSLib"],"gold_per_floor":[109,34,34,34,51,76,76,96,147,147,177,51,73,93,93,170,170,189,201,228,246,256,256,185,185,211,211,41,72,72,72,72],"floor_reached":31,"language":"ENG","playtime":1473,"items_purged":["Strike_G","Strike_G"],"score":588,"play_id":"69624a92-ad53-42a9-a8c3-ca38d46266ce","local_time":"20210215021933","is_ascension_mode":true,"campfire_choices":[{"data":"PiercingWail","floor":7.0,"key":"SMITH"},{"floor":10.0,"key":"RECALL"},{"data":"Catalyst","floor":15.0,"key":"SMITH"},{"floor":23.0,"key":"REST"},{"data":"Bouncing Flask","floor":25.0,"key":"SMITH"},{"data":"Footwork","floor":27.0,"key":"SMITH"}],"circlet_count":0,"master_deck":["AscendersBane","Strike_G","Strike_G","Defend_G","Defend_G","Defend_G","Defend_G","Defend_G","Survivor","Neutralize","PiercingWail+1","Well Laid Plans","Backstab","Bouncing Flask","Leg Sweep","Catalyst+1","Wraith Form v2","Poisoned Stab","Footwork+1","Bane","Bouncing Flask+1","Catalyst","Poisoned Stab"],"relics":["Ring of the Snake","NeowsBlessing","Snake Skull","Bag of Preparation","MealTicket","Odd Mushroom","Black Star","Red Mask","Happy Flower","Sundial","The Courier"],"acts_visited":["Exordium","TheCity"],"potions_floor_usage":[],"damage_taken":[{"damage":0.0,"enemies":"2 Louse","floor":1.0,"turns":1.0},{"damage":0.0,"enemies":"Small Slimes","floor":5.0,"turns":1.0},{"damage":0.0,"enemies":"Gremlin Nob","floor":6.0,"turns":1.0},{"damage":0.0,"enemies":"Jaw Worm","floor":8.0,"turns":4.0},{"damage":17.0,"enemies":"3 Sentries","floor":11.0,"turns":11.0},{"damage":0.0,"enemies":"The Mushroom Lair","floor":13.0,"turns":1.0},{"damage":8.0,"enemies":"Large Slime","floor":14.0,"turns":7.0},{"damage":0.0,"enemies":"The Guardian","floor":16.0,"turns":7.0},{"damage":12.0,"enemies":"Shell Parasite","floor":18.0,"turns":4.0},{"damage":10.0,"enemies":"3 Byrds","floor":19.0,"turns":5.0},{"damage":15.0,"enemies":"Masked Bandits","floor":20.0,"turns":6.0},{"damage":10.0,"enemies":"Shelled Parasite and Fungi","floor":21.0,"turns":8.0},{"damage":3.0,"enemies":"Snake Plant","floor":22.0,"turns":5.0},{"damage":57.0,"enemies":"Slavers","floor":29.0,"turns":7.0},{"damage":5,"enemies":"Snecko","floor":31,"turns":3}],"seed_played":"-5559442518319428329","potions_obtained":[{"floor":5.0,"key":"Strength Potion"},{"floor":11.0,"key":"SkillPotion"},{"floor":14.0,"key":"LiquidBronze"},{"floor":16.0,"key":"Ancient Potion"},{"floor":18.0,"key":"Weak Potion"},{"floor":19.0,"key":"Energy Potion"},{"floor":21.0,"key":"Dexterity Potion"}],"is_trial":false,"path_per_floor":["M","?","$","?","M","E","R","M","T","R","E","$","?","M","R","B",null,"M","M","?","M","M","R","$","R","T","R","$","E","?","M"],"character_chosen":"THE_SILENT","items_purchased":["SkillPotion","Bouncing Flask","Catalyst"],"campfire_rested":1,"item_purchase_floors":[12,24,28],"current_hp_per_floor":[59,59,59,59,59,59,59,59,59,59,42,57,57,49,49,49,62,50,40,25,15,12,31,46,46,46,46,61,4,4,0,0],"gold":72,"neow_bonus":"THREE_ENEMY_KILL","is_daily":false,"chose_seed":false,"campfire_upgraded":4,"win_rate":0.0,"timestamp":1613373573,"path_taken":["M","?","$","?","M","E","R","M","T","R","E","$","?","M","R","BOSS","M","M","?","M","M","R","$","R","T","R","$","E","?","M"],"items_purchased_type":["Potion","Card","Card"],"build_version":"2020-12-22","purchased_purges":2,"victory":false,"max_hp_per_floor":[66,66,66,66,66,66,66,66,66,66,66,66,66,66,66,66,66,66,66,66,66,66,66,66,66,66,66,66,66,66,66,66],"card_choices":[{"not_picked":["Poisoned Stab","Quick Slash"],"picked":"PiercingWail","floor":1.0},{"not_picked":["Poisoned Stab","Escape Plan"],"picked":"Well Laid Plans","floor":5.0},{"not_picked":["Leg Sweep","Well Laid Plans"],"picked":"Backstab","floor":6.0},{"not_picked":["Deflect","Accuracy","Dagger Throw"],"picked":"SKIP","floor":8.0},{"not_picked":["Sucker Punch","Choke"],"picked":"Bouncing Flask","floor":11.0},{"not_picked":["Endless Agony","Sucker Punch"],"picked":"Leg Sweep","floor":13.0},{"not_picked":["Terror","Leg Sweep"],"picked":"Catalyst","floor":14.0},{"not_picked":["Unload","Tools of the Trade"],"picked":"Wraith Form v2","floor":16.0},{"not_picked":["Acrobatics","Setup"],"picked":"Poisoned Stab","floor":18.0},{"not_picked":["Dash","Blade Dance"],"picked":"Footwork","floor":19.0},{"not_picked":["Leg Sweep","Endless Agony"],"picked":"Bane","floor":20.0},{"not_picked":["Prepared+1","Flechettes","Well Laid Plans"],"picked":"SKIP","floor":21.0},{"not_picked":["Infinite Blades","Prepared","Dagger Throw"],"picked":"SKIP","floor":22.0},{"not_picked":["Sucker Punch","Prepared"],"picked":"Poisoned Stab","floor":29.0}],"player_experience":1089557,"relics_obtained":[{"floor":6.0,"key":"Snake Skull"},{"floor":9.0,"key":"Bag of Preparation"},{"floor":11.0,"key":"MealTicket"},{"floor":13.0,"key":"Odd Mushroom"},{"floor":20.0,"key":"Red Mask"},{"floor":26.0,"key":"Happy Flower"},{"floor":29.0,"key":"Sundial"},{"floor":29.0,"key":"The Courier"}],"event_choices":[{"cards_removed":["Strike_G"],"damage_healed":0.0,"max_hp_gain":0.0,"max_hp_loss":0.0,"gold_gain":0.0,"event_name":"The Cleric","player_choice":"Card Removal","floor":2.0,"gold_loss":75.0,"damage_taken":0.0},{"damage_healed":0.0,"max_hp_gain":0.0,"max_hp_loss":0.0,"gold_gain":0.0,"event_name":"Shining Light","player_choice":"Ignored","floor":4.0,"gold_loss":0.0,"damage_taken":0.0},{"damage_healed":0.0,"max_hp_gain":0.0,"max_hp_loss":0.0,"gold_gain":0.0,"event_name":"Mushrooms","player_choice":"Fought Mushrooms","floor":13.0,"gold_loss":0.0,"damage_taken":0.0},{"damage_healed":0.0,"max_hp_gain":0.0,"max_hp_loss":0.0,"gold_gain":0.0,"event_name":"Masked Bandits","player_choice":"Fought Bandits","floor":20.0,"gold_loss":0.0,"damage_taken":0.0},{"damage_healed":0.0,"max_hp_gain":0.0,"max_hp_loss":0.0,"gold_gain":0.0,"event_name":"The Mausoleum","player_choice":"Ignored","floor":30.0,"gold_loss":0.0,"damage_taken":0.0}],"is_beta":false,"boss_relics":[{"not_picked":["Fusion Hammer","Calling Bell"],"picked":"Black Star"}],"items_purged_floors":[12,28],"is_endless":false,"potions_floor_spawned":[5,11,14,16,18,19,21],"killed_by":"Snecko","ascension_level":15}}