{"host":"mu5qkq7030l6349q","time":1613409152,"event":{"mods":["AchievementEnabler","BaseMod","Colored Powertips","Downfall","Highlight Path","Minty Spire (QoL Compilation)","Permanent Neow","Rare Cards Sparkle","StSLib"],"gold_per_floor":[99,112,131,131,64,64,88,114,114,114,127,277,177,14,29,134,134,134,145,158,43,43,58,58,58,58,58],"floor_reached":25,"language":"ENG","playtime":2156,"items_purged":["Slimebound:Strike_Slimebound","downfall:Icky"],"score":199,"play_id":"379a10d6-9629-482c-bd7d-6fc9d211cf46","local_time":"20210215181232","is_ascension_mode":false,"campfire_choices":[{"data":"Slimebound:Split","floor":1,"key":"SMITH"},{"data":"Slimebound:RollThrough","floor":13,"key":"SMITH"},{"data":"Slimebound:GoopTackle","floor":18,"key":"SMITH"}],"circlet_count":0,"master_deck":["Slimebound:Tackle","Slimebound:Defend_Slimebound","Slimebound:Defend_Slimebound","Slimebound:Defend_Slimebound","Slimebound:Defend_Slimebound","Slimebound:Split+1","Slimebound:CorrosiveSpit","Slimebound:ComboTackle","Slimebound:RollThrough+1","Slimebound:SpikyOuterGoop+1","Slimebound:RollThrough","Slimebound:GoopTackle+1","Parasite","Slimebound:FinishingTackle","Slimebound:Overexert+1","Slimebound:ComboTackle","CurseOfTheBell","Slimebound:GoopTackle+1","Slimebound:Schlurp","Slimebound:SplitBruiser","Slimebound:SplitBruiser","Slimebound:Gluttony+1"],"relics":["Slimebound:AbsorbEndCombat","Unceasing Top","Frozen Egg 2","Slimebound:AggressiveSlimeRelic","downfall:HeartBlessingGreen","Calling Bell","Ancient Tea Set","Mercury Hourglass","Ice Cream","Matryoshka"],"acts_visited":["Exordium","TheCity"],"potions_floor_usage":[16,16,21,25,25],"damage_taken":[{"damage":6,"enemies":"Jaw Worm","floor":2,"turns":3},{"damage":0,"enemies":"2 Louse","floor":3,"turns":3},{"damage":5,"enemies":"downfall:FleeingMerchant","floor":5,"turns":4},{"damage":44,"enemies":"Gremlin Nob","floor":8,"turns":6},{"damage":0,"enemies":"Small Slimes","floor":11,"turns":2},{"damage":3,"enemies":"downfall:FleeingMerchant","floor":14,"turns":4},{"damage":6,"enemies":"3 Louse","floor":15,"turns":2},{"damage":10,"enemies":"WA_ARCHETYPE_RETAIN","floor":16,"turns":4},{"damage":22,"enemies":"downfall:LooterAlt2","floor":19,"turns":3},{"damage":25,"enemies":"3 Byrds","floor":20,"turns":4},{"damage":13,"enemies":"downfall:FleeingMerchant","floor":21,"turns":4},{"damage":1,"enemies":"Snecko","floor":23,"turns":3},{"damage":35,"enemies":"Slavers","floor":25,"turns":2}],"seed_played":"-1143410684646438433","potions_obtained":[{"floor":2,"key":"Guardian:BlockOnCardUsePotion"},{"floor":15,"key":"Fire Potion"},{"floor":16,"key":"FairyPotion"},{"floor":19,"key":"Weak Potion"},{"floor":20,"key":"EssenceOfSteel"},{"floor":23,"key":"ColorlessPotion"}],"is_trial":false,"path_per_floor":["R","M","M","?","$","?","T","E","?","?","M","?","R","$","M","B",null,"R","M","M","$","?","M","T","E"],"character_chosen":"SLIMEBOUND","items_purchased":["Slimebound:RollThrough","Slimebound:Overexert+1"],"campfire_rested":0,"item_purchase_floors":[5,14],"current_hp_per_floor":[65,61,61,61,58,58,58,16,16,32,32,32,32,31,25,15,65,65,43,18,11,11,12,12,0,0,0],"gold":58,"neow_bonus":"ONE_RARE_RELIC","is_daily":false,"chose_seed":false,"campfire_upgraded":3,"win_rate":0.0,"timestamp":1613409152,"path_taken":["R","M","M","?","$","?","T","E","?","?","?","?","R","$","M","BOSS","R","M","M","$","?","?","T","E"],"items_purchased_type":["Card","Card"],"build_version":"2020-12-22","purchased_purges":2,"victory":false,"max_hp_per_floor":[65,65,65,65,65,65,65,65,65,65,65,65,65,65,65,65,65,65,65,65,65,65,65,65,65,65,65],"card_choices":[{"not_picked":["Slimebound:Dissolve","Slimebound:LeechingTouch"],"picked":"Slimebound:ComboTackle","floor":2},{"not_picked":["Slimebound:GoopSpray","Slimebound:SamplingLick"],"picked":"Slimebound:RollThrough","floor":3},{"not_picked":["Slimebound:Schlurp","Slimebound:ComboTackle"],"picked":"Slimebound:SpikyOuterGoop+1","floor":5},{"not_picked":["Slimebound:Prepare","Slimebound:ComboTackle"],"picked":"Slimebound:GoopTackle","floor":8},{"not_picked":["Slimebound:Prepare","Slimebound:SplitLeeching"],"picked":"Slimebound:FinishingTackle","floor":11},{"not_picked":["Slimebound:SlimeBrawl","Slimebound:LeechingTouch","Slimebound:Dissolve"],"picked":"SKIP","floor":14},{"not_picked":["Slimebound:SamplingLick","Slimebound:ViciousTackle"],"picked":"Slimebound:ComboTackle","floor":15},{"not_picked":["Slimebound:AcidTongue+1","Slimebound:LeechEnergy"],"picked":"Slimebound:GoopTackle+1","floor":19},{"not_picked":["Slimebound:HauntingLick","Slimebound:ViciousTackle"],"picked":"Slimebound:Schlurp","floor":20},{"not_picked":["Slimebound:LivingWall","Slimebound:SplitAcid"],"picked":"Slimebound:SplitBruiser","floor":21},{"not_picked":["Slimebound:SplitMire","Slimebound:SplitBruiser"],"picked":"Slimebound:Gluttony+1","floor":23}],"player_experience":17357,"relics_obtained":[{"floor":7,"key":"Bag of Marbles"},{"floor":8,"key":"Slimebound:AggressiveSlimeRelic"},{"floor":17,"key":"Ancient Tea Set"},{"floor":17,"key":"Mercury Hourglass"},{"floor":17,"key":"Ice Cream"},{"floor":24,"key":"Matryoshka"}],"event_choices":[{"cards_removed":["Slimebound:Strike_Slimebound"],"damage_healed":0,"gold_gain":0,"player_choice":"Card Removal","damage_taken":0,"max_hp_gain":0,"max_hp_loss":0,"event_name":"The Cleric","floor":6,"gold_loss":0},{"damage_healed":16,"gold_gain":0,"player_choice":"Healed and dodged fight","damage_taken":0,"max_hp_gain":0,"max_hp_loss":0,"event_name":"Mushrooms","floor":10,"gold_loss":0,"cards_obtained":["Parasite"]}],"is_beta":false,"boss_relics":[{"not_picked":["Slimebound:TarBlob","Tiny House"],"picked":"Calling Bell"}],"items_purged_floors":[14,21],"is_endless":false,"potions_floor_spawned":[2,15,16,19,20,23],"killed_by":"Slavers","ascension_level":0}}