{"host":"9e8t9l667fx7pth6","time":1613383389,"event":{"mods":["2.2 Compatiblity","AchievementEnabler","Aspiration","BaseMod","BetterRewards","Custom Start","Dark Map","Halation","Hubris","Minty Spire (QoL Compilation)","Remove Card Discount Mod","StSLib","The Blue Laboratory"],"gold_per_floor":[112,112,138,157,51,51,82,82,158,193,209,174,201,215,215,294,294,305,305,319,60,60,60],"floor_reached":22,"language":"ENG","playtime":770,"items_purged":["Strike_B","Strike_B","Strike_B","Defend_B","Defend_B"],"score":394,"play_id":"f62ae750-be73-4c6e-99dd-6740cb00fa48","local_time":"20210215050309","is_ascension_mode":true,"campfire_choices":[{"data":"Hello World","floor":6,"key":"SMITH"},{"floor":15,"key":"REST"}],"circlet_count":0,"master_deck":["AscendersBane","Strike_B+1","Defend_B","Defend_B","Zap","Dualcast","Hello World+1","Doom and Gloom","Ball Lightning","Darkness","Cold Snap","hubris:Ukulele+1","Injury","White Noise","Melter","Echo Form+1","Heatsinks+1","Buffer+1","Turbo+1","Heatsinks+1"],"relics":["Cracked Core","Blood Vial","Akabeko","Frozen Egg 2","Kunai","Tiny Chest","halation:Pancakes","Sozu","halation:EternalFortune","Whetstone"],"acts_visited":["Exordium","TheCity"],"potions_floor_usage":[16,16],"damage_taken":[{"damage":0,"enemies":"Small Slimes","floor":1,"turns":2},{"damage":4,"enemies":"Jaw Worm","floor":4,"turns":4},{"damage":24,"enemies":"Gremlin Nob","floor":7,"turns":4},{"damage":28,"enemies":"Lagavulin","floor":10,"turns":6},{"damage":0,"enemies":"2 Louse","floor":11,"turns":1},{"damage":20,"enemies":"3 Sentries","floor":13,"turns":3},{"damage":13,"enemies":"Blue Slaver","floor":14,"turns":2},{"damage":46,"enemies":"The Guardian","floor":16,"turns":10},{"damage":4,"enemies":"Spheric Guardian","floor":18,"turns":4},{"damage":34,"enemies":"3 Byrds","floor":20,"turns":5},{"damage":38,"enemies":"Snake Plant","floor":22,"turns":2}],"seed_played":"3664885367105921258","potions_obtained":[{"floor":4,"key":"blueLaboratory:BottledHope"},{"floor":13,"key":"FearPotion"},{"floor":16,"key":"Strength Potion"}],"is_trial":false,"path_per_floor":["M","?","T","M","$","R","E","?","T","E","M","?","E","M","R","B",null,"M","?","M","$","M"],"character_chosen":"DEFECT","items_purchased":["Hello World","Doom and Gloom","Cold Snap","hubris:Ukulele","Heatsinks+1","Whetstone"],"campfire_rested":1,"item_purchase_floors":[0,0,5,5,21,21],"current_hp_per_floor":[64,64,64,62,62,62,40,40,40,14,16,33,57,46,67,23,59,57,60,31,31,0,0],"gold":60,"neow_bonus":"","is_daily":false,"chose_seed":false,"campfire_upgraded":1,"win_rate":0.0,"timestamp":1613383389,"path_taken":["M","?","?","M","?","R","E","?","T","E","M","?","E","?","R","BOSS","M","?","M","$","M"],"items_purchased_type":["Card","Card","Card","Card","Card","Relic"],"build_version":"2020-12-22","purchased_purges":5,"victory":false,"max_hp_per_floor":[71,71,71,71,71,71,71,71,71,71,71,71,71,71,71,71,71,71,74,77,77,77,77],"card_choices":[{"not_picked":["Chaos","Tempest"],"picked":"Ball Lightning","floor":1},{"not_picked":["Sweeping Beam","Turbo"],"picked":"Darkness","floor":4},{"not_picked":["Lockon","Multi-Cast","Steam"],"picked":"SKIP","floor":7},{"not_picked":["Conserve Battery","Cold Snap"],"picked":"White Noise","floor":10},{"not_picked":["Compile Driver","Rebound"],"picked":"Melter","floor":11},{"not_picked":["Glacier","Coolheaded"],"picked":"Echo Form+1","floor":13},{"not_picked":["Rebound","Turbo"],"picked":"Heatsinks+1","floor":14},{"not_picked":["Rainbow","Meteor Strike"],"picked":"Buffer+1","floor":16},{"not_picked":["Redo","Rip and Tear","Sweeping Beam"],"picked":"SKIP","floor":18},{"not_picked":["Sweeping Beam","Ball Lightning"],"picked":"Turbo+1","floor":20}],"player_experience":1025036,"relics_obtained":[{"floor":3,"key":"Blood Vial"},{"floor":7,"key":"Akabeko"},{"floor":9,"key":"Kunai"},{"floor":10,"key":"Tiny Chest"},{"floor":13,"key":"halation:Pancakes"},{"floor":20,"key":"halation:EternalFortune"}],"event_choices":[{"damage_healed":17,"gold_gain":0,"player_choice":"Healed","damage_taken":0,"max_hp_gain":0,"max_hp_loss":0,"event_name":"The Cleric","floor":12,"gold_loss":35}],"is_beta":false,"boss_relics":[{"not_picked":["hubris:BlackHole","halation:PlatinumPhoenix"],"picked":"Sozu"}],"items_purged_floors":[0,21,21,21,21],"is_endless":false,"potions_floor_spawned":[4,13,14,16,18],"killed_by":"Snake Plant","ascension_level":19}}