{"host":"mnpd8gh7cwxsn5kh","time":1613399947,"event":{"mods":["BaseMod","Bestiary","Block Reminder","Colored Map","Colored Powertips","Highlight Path","Minty Spire (QoL Compilation)","Relic Sorter","Relic Stats"],"gold_per_floor":[118,128,128,142,157,157,183,193,193,193,228,256,268,314,326,412,424,454,486,498,202,215,215,229,229,298,317,317,317,317,329,329,406,406,418,428,102,102,118,118,149,149,172,205,112,92,106,52,52,52],"floor_reached":51,"language":"ENG","playtime":4996,"items_purged":[],"score":1349,"play_id":"18855803-e20e-4135-83a1-cbebb2d38309","local_time":"20210215153907","is_ascension_mode":true,"campfire_choices":[{"data":"Lockon","floor":6,"key":"SMITH"},{"data":"Zap","floor":10,"key":"SMITH"},{"data":"Dualcast","floor":15,"key":"SMITH"},{"data":"Fission","floor":23,"key":"SMITH"},{"data":"Self Repair","floor":25,"key":"SMITH"},{"floor":28,"key":"REST"},{"data":"Hologram","floor":30,"key":"SMITH"},{"floor":32,"key":"REST"},{"data":"Defragment","floor":40,"key":"SMITH"},{"floor":42,"key":"REST"},{"data":"Defragment","floor":49,"key":"SMITH"}],"circlet_count":0,"master_deck":["AscendersBane","Zap+1","Dualcast+1","CurseOfTheBell","Lockon+1","Sweeping Beam","Glacier","Sunder","Beam Cell","Ball Lightning","Genetic Algorithm","Steam","Creative AI","Fission+1","Genetic Algorithm","Recycle","Consume","Defragment+1","Auto Shields","Loop","Undo","Double Energy+1","Self Repair+1","Hologram+1","Seek","Compile Driver","Stack","Electrodynamics","Coolheaded","Glacier","Skim","Thinking Ahead","Ball Lightning+1","Tempest","Defragment+1","Hologram"],"relics":["Calling Bell","Vajra","Letter Opener","Mango","Bronze Scales","Question Card","MawBank","StoneCalendar","Pandora\u0027s Box","Runic Capacitor","Matryoshka","Busted Crown","Happy Flower","Blue Candle","Toy Ornithopter","Omamori","Blood Vial"],"acts_visited":["Exordium","TheCity","TheBeyond"],"potions_floor_usage":[5,7,14,16,18,19,27,39,47,50],"damage_taken":[{"damage":12,"enemies":"Jaw Worm","floor":1,"turns":2},{"damage":0,"enemies":"2 Louse","floor":2,"turns":2},{"damage":1,"enemies":"Cultist","floor":4,"turns":3},{"damage":8,"enemies":"Blue Slaver","floor":5,"turns":3},{"damage":8,"enemies":"3 Sentries","floor":7,"turns":9},{"damage":1,"enemies":"Lots of Slimes","floor":8,"turns":3},{"damage":8,"enemies":"Lagavulin","floor":11,"turns":8},{"damage":4,"enemies":"2 Fungi Beasts","floor":12,"turns":2},{"damage":16,"enemies":"3 Sentries","floor":14,"turns":6},{"damage":21,"enemies":"The Guardian","floor":16,"turns":7},{"damage":18,"enemies":"2 Thieves","floor":18,"turns":4},{"damage":17,"enemies":"Chosen","floor":19,"turns":7},{"damage":38,"enemies":"Shelled Parasite and Fungi","floor":22,"turns":7},{"damage":51,"enemies":"Snake Plant","floor":24,"turns":5},{"damage":18,"enemies":"Cultist and Chosen","floor":27,"turns":6},{"damage":3,"enemies":"Centurion and Healer","floor":31,"turns":7},{"damage":28,"enemies":"Automaton","floor":33,"turns":11},{"damage":20,"enemies":"3 Darklings","floor":35,"turns":4},{"damage":0,"enemies":"Orb Walker","floor":36,"turns":4},{"damage":14,"enemies":"Spire Growth","floor":39,"turns":5},{"damage":28,"enemies":"Giant Head","floor":41,"turns":7},{"damage":0,"enemies":"Reptomancer","floor":44,"turns":7},{"damage":7,"enemies":"Writhing Mass","floor":47,"turns":5},{"damage":6,"enemies":"Donu and Deca","floor":50,"turns":5}],"seed_played":"2196467828054046549","potions_obtained":[{"floor":2,"key":"Energy Potion"},{"floor":5,"key":"BlessingOfTheForge"},{"floor":11,"key":"Weak Potion"},{"floor":12,"key":"BlessingOfTheForge"},{"floor":16,"key":"DuplicationPotion"},{"floor":18,"key":"EssenceOfSteel"},{"floor":19,"key":"AttackPotion"},{"floor":27,"key":"Weak Potion"},{"floor":39,"key":"LiquidBronze"},{"floor":41,"key":"SpeedPotion"},{"floor":47,"key":"GamblersBrew"}],"is_trial":false,"path_per_floor":["M","M","?","M","M","R","E","M","T","R","E","M","?","E","R","B",null,"M","M","?","$","M","R","M","R","T","M","R","?","R","M","R","B",null,"M","M","$","?","M","R","E","R","T","E","$","?","M","$","R","B",null],"character_chosen":"DEFECT","items_purchased":["Runic Capacitor","Self Repair","FairyPotion","Glacier","Skim","Happy Flower","Defragment","SkillPotion","Hologram"],"campfire_rested":3,"item_purchase_floors":[21,21,21,37,37,37,45,45,48],"current_hp_per_floor":[66,66,71,70,62,62,54,53,53,53,45,41,41,25,25,4,69,51,34,100,100,69,69,25,25,25,17,47,32,32,39,69,51,88,68,78,78,73,69,69,51,81,81,91,91,91,100,100,100,94],"gold":52,"neow_bonus":"BOSS_RELIC","is_daily":false,"chose_seed":false,"campfire_upgraded":8,"win_rate":0.0,"timestamp":1613399947,"path_taken":["M","M","?","M","M","R","E","M","T","R","E","M","?","E","R","BOSS","M","M","?","$","M","R","?","R","T","M","R","?","R","?","R","BOSS","M","M","$","?","M","R","E","R","T","E","?","?","?","?","R","BOSS"],"items_purchased_type":["Relic","Card","Potion","Card","Card","Relic","Card","Potion","Card"],"build_version":"2020-12-22","purchased_purges":0,"victory":true,"max_hp_per_floor":[85,85,90,90,90,90,90,90,90,90,90,90,90,90,90,90,90,90,90,100,100,100,100,100,100,100,100,100,100,100,100,100,100,100,100,100,100,100,100,100,100,100,100,100,100,100,100,100,100,100],"relic_stats":{"Happy Flower":[9],"counters":[24,129],"Blue Candle":[1],"StoneCalendar":[199],"Letter Opener":[293],"Question Card":19,"MawBank":120,"Blood Vial":2,"Busted Crown":16,"Bronze Scales":[312],"Pandora\u0027s Box":["Fission","Genetic Algorithm","Recycle","Consume","All For One","Defragment","Auto Shields","Loop"],"obtain_stats":[{"Happy Flower":37,"Blue Candle":41,"Vajra":0,"Mango":0,"StoneCalendar":14,"Runic Capacitor":21,"Omamori":43,"Letter Opener":0,"Question Card":9,"MawBank":11,"Calling Bell":0,"Blood Vial":44,"Matryoshka":26,"Busted Crown":34,"Bronze Scales":7,"Pandora\u0027s Box":17,"Cracked Core":0,"Toy Ornithopter":43},{"Happy Flower":19,"Blue Candle":21,"Vajra":0,"Mango":0,"StoneCalendar":9,"Runic Capacitor":12,"Omamori":21,"Letter Opener":0,"Question Card":6,"MawBank":7,"Calling Bell":0,"Blood Vial":22,"Matryoshka":14,"Busted Crown":17,"Bronze Scales":5,"Pandora\u0027s Box":10,"Cracked Core":0,"Toy Ornithopter":21},{"Happy Flower":100,"Blue Candle":112,"Vajra":0,"Mango":0,"StoneCalendar":38,"Runic Capacitor":56,"Omamori":112,"Letter Opener":0,"Question Card":22,"MawBank":30,"Calling Bell":0,"Blood Vial":119,"Matryoshka":68,"Busted Crown":92,"Bronze Scales":19,"Pandora\u0027s Box":45,"Cracked Core":0,"Toy Ornithopter":112}],"Toy Ornithopter":5},"card_choices":[{"not_picked":["Redo","Echo Form"],"picked":"Lockon","floor":1},{"not_picked":["Capacitor","Steam Power"],"picked":"Sweeping Beam","floor":2},{"not_picked":["Gash","Stack","Heatsinks"],"picked":"SKIP","floor":4},{"not_picked":["Gash","Stack","Heatsinks"],"picked":"SKIP","floor":4},{"not_picked":["Consume","Rebound"],"picked":"Glacier","floor":5},{"not_picked":["Steam","Beam Cell"],"picked":"Sunder","floor":7},{"not_picked":["Aggregate","Stack"],"picked":"Beam Cell","floor":8},{"not_picked":["Turbo","Darkness","Force Field"],"picked":"Ball Lightning","floor":11},{"not_picked":["Gash","Turbo","Go for the Eyes"],"picked":"Genetic Algorithm","floor":12},{"not_picked":["Compile Driver","Cold Snap","Streamline"],"picked":"Steam","floor":14},{"not_picked":["Meteor Strike","All For One","Thunder Strike"],"picked":"Creative AI","floor":16},{"not_picked":["Stack","White Noise+1","Ball Lightning+1"],"picked":"Undo","floor":18},{"not_picked":["Beam Cell","Rebound","Force Field"],"picked":"Double Energy+1","floor":19},{"not_picked":["Go for the Eyes","Sweeping Beam","Streamline"],"picked":"Hologram","floor":22},{"not_picked":["Tempest","Barrage","Sweeping Beam"],"picked":"Seek","floor":24},{"not_picked":["Cold Snap","Barrage+1","Redo"],"picked":"Compile Driver","floor":27},{"not_picked":["Sunder","Aggregate","Hologram"],"picked":"Stack","floor":31},{"not_picked":["Thunder Strike","Echo Form","Biased Cognition"],"picked":"Electrodynamics","floor":33},{"not_picked":["Double Energy+1","Sweeping Beam"],"picked":"SKIP","floor":35},{"not_picked":["Auto Shields+1"],"picked":"Coolheaded","floor":36},{"not_picked":["PanicButton"],"picked":"Thinking Ahead","floor":38},{"not_picked":["Fusion+1"],"picked":"Ball Lightning+1","floor":39},{"not_picked":["Rebound+1","Compile Driver"],"picked":"SKIP","floor":41},{"not_picked":["Self Repair+1"],"picked":"Tempest","floor":44},{"not_picked":["Sweeping Beam","Recycle"],"picked":"SKIP","floor":47}],"player_experience":544633,"relics_obtained":[{"floor":0,"key":"Vajra"},{"floor":0,"key":"Letter Opener"},{"floor":0,"key":"Mango"},{"floor":7,"key":"Bronze Scales"},{"floor":9,"key":"Question Card"},{"floor":11,"key":"MawBank"},{"floor":14,"key":"StoneCalendar"},{"floor":26,"key":"Matryoshka"},{"floor":41,"key":"Blue Candle"},{"floor":43,"key":"Toy Ornithopter"},{"floor":43,"key":"Omamori"},{"floor":44,"key":"Blood Vial"}],"event_choices":[{"damage_healed":0,"gold_gain":0,"player_choice":"Donut","damage_taken":0,"max_hp_gain":5,"max_hp_loss":0,"event_name":"Big Fish","floor":3,"gold_loss":0},{"damage_healed":0,"gold_gain":0,"player_choice":"Ignored","damage_taken":0,"max_hp_gain":0,"max_hp_loss":0,"event_name":"Shining Light","floor":13,"gold_loss":0},{"cards_removed":["All For One"],"damage_healed":56,"gold_gain":0,"player_choice":"Offered Rare","damage_taken":0,"max_hp_gain":10,"max_hp_loss":0,"event_name":"Bonfire Elementals","floor":20,"gold_loss":0},{"damage_healed":0,"gold_gain":0,"player_choice":"Damaged","damage_taken":15,"max_hp_gain":0,"max_hp_loss":0,"event_name":"Wheel of Change","floor":29,"gold_loss":0},{"damage_healed":0,"gold_gain":0,"player_choice":"Memory 2","damage_taken":5,"max_hp_gain":0,"max_hp_loss":0,"event_name":"SensoryStone","floor":38,"gold_loss":0},{"damage_healed":0,"gold_gain":0,"player_choice":"Bought 1 Potion","damage_taken":0,"max_hp_gain":0,"max_hp_loss":0,"event_name":"The Woman in Blue","floor":46,"gold_loss":0}],"is_beta":false,"boss_relics":[{"not_picked":["Empty Cage","Coffee Dripper"],"picked":"Pandora\u0027s Box"},{"not_picked":["Fusion Hammer","Astrolabe"],"picked":"Busted Crown"}],"items_purged_floors":[],"is_endless":false,"potions_floor_spawned":[2,5,11,12,16,18,19,27,39,41,44,47],"ascension_level":17}}