{"host":"ypphcgdomtfqpc2w","time":1613388607,"event":{"mods":["BaseMod","DeckTracker","MarisaÅiñ∂âJÅ@ñÇóùçπÅj","Minty Spire (QoL Compilation)","Relic Stats","StSLib"],"gold_per_floor":[110,122,44,75,150,195,207,276,311,323,335,381,427,468,480,520,520],"floor_reached":16,"language":"ENG","playtime":716,"items_purged":[],"score":224,"play_id":"65b206e6-9c78-4f14-a146-0ec230982b7a","local_time":"20210215203007","is_ascension_mode":true,"campfire_choices":[{"floor":7.0,"key":"REST"},{"floor":10,"key":"REST"},{"floor":15,"key":"REST"}],"circlet_count":0,"master_deck":["AscendersBane","Strike_MRS","Strike_MRS","Strike_MRS","Strike_MRS","Defend_MRS","Defend_MRS","Defend_MRS","Defend_MRS","MasterSpark+1","UpSweep","ShootTheMoon","6A","Robbery","EarthLightRay","GravityBeat","Occultation","OrrerysSun","MeteoricShower","Orbital"],"relics":["MiniHakkero","MawBank","Happy Flower","Bronze Scales","Golden Idol"],"acts_visited":["Exordium"],"potions_floor_usage":[8],"damage_taken":[{"damage":1.0,"enemies":"Cultist","floor":1.0,"turns":3.0},{"damage":7.0,"enemies":"Jaw Worm","floor":2.0,"turns":3.0},{"damage":2.0,"enemies":"2 Louse","floor":4.0,"turns":3.0},{"damage":25.0,"enemies":"3 Sentries","floor":6.0,"turns":7.0},{"damage":38,"enemies":"Lagavulin","floor":8,"turns":8},{"damage":1,"enemies":"2 Fungi Beasts","floor":12,"turns":3},{"damage":16,"enemies":"Lots of Slimes","floor":13,"turns":6},{"damage":2,"enemies":"Blue Slaver","floor":14,"turns":4},{"damage":45,"enemies":"The Guardian","floor":16,"turns":6}],"seed_played":"1990012258399502331","potions_obtained":[{"floor":1.0,"key":"EssenceOfSteel"},{"floor":4.0,"key":"FearPotion"},{"floor":13,"key":"Energy Potion"}],"is_trial":false,"path_per_floor":["M","M","$","M","?","E","R","E","T","R","?","M","M","M","R","B"],"character_chosen":"MARISA","items_purchased":["Robbery"],"campfire_rested":3,"item_purchase_floors":[3],"current_hp_per_floor":[62,55,55,53,42,21,42,8,8,29,29,32,20,22,40,0,0],"gold":520,"neow_bonus":"UPGRADE_CARD","is_daily":false,"chose_seed":false,"campfire_upgraded":0,"win_rate":0.0,"timestamp":1613388607,"path_taken":["M","M","$","M","?","E","R","E","T","R","?","M","M","M","R","BOSS"],"items_purchased_type":["Card"],"build_version":"2020-12-22","purchased_purges":0,"victory":false,"max_hp_per_floor":[70,70,70,70,70,70,70,70,70,70,63,63,63,63,63,63,63],"relic_stats":{"Happy Flower":[6],"counters":[9,43],"Golden Idol":12,"Bronze Scales":[48],"MawBank":120,"obtain_stats":[{"Happy Flower":8,"Golden Idol":11,"Bronze Scales":9,"MiniHakkero":0,"MawBank":6},{"Happy Flower":5,"Golden Idol":5,"Bronze Scales":5,"MiniHakkero":0,"MawBank":4},{"Happy Flower":24,"Golden Idol":24,"Bronze Scales":24,"MiniHakkero":0,"MawBank":16}]},"card_choices":[{"not_picked":["LuminesStrike","AsteroidBelt"],"picked":"ShootTheMoon","floor":1.0},{"not_picked":["StarBarrage","WitchLeyline"],"picked":"6A","floor":2.0},{"not_picked":["OneTimeOff","IllusionStar"],"picked":"EarthLightRay","floor":4.0},{"not_picked":["ChargeUpSpray","EarthLightRay"],"picked":"GravityBeat","floor":6.0},{"not_picked":["DarkSpark","GravityBeat"],"picked":"Occultation","floor":8},{"not_picked":["NonDirectionalLaser","BlazeAway"],"picked":"OrrerysSun","floor":12},{"not_picked":["Singularity","GrandCross"],"picked":"MeteoricShower","floor":13},{"not_picked":["MagicChant","ManaConvection"],"picked":"Orbital","floor":14}],"player_experience":3298207,"relics_obtained":[{"floor":6.0,"key":"MawBank"},{"floor":8,"key":"Happy Flower"},{"floor":9,"key":"Bronze Scales"}],"event_choices":[{"damage_healed":0.0,"max_hp_gain":0.0,"max_hp_loss":0.0,"gold_gain":75.0,"event_name":"World of Goop","player_choice":"Gather Gold","floor":5.0,"gold_loss":0.0,"damage_taken":11.0},{"damage_healed":0,"gold_gain":0,"player_choice":"Lose Max HP","damage_taken":0,"relics_obtained":["Golden Idol"],"max_hp_gain":0,"max_hp_loss":7,"event_name":"Golden Idol","floor":11,"gold_loss":0}],"is_beta":false,"boss_relics":[],"items_purged_floors":[],"is_endless":false,"potions_floor_spawned":[1,4,13],"killed_by":"The Guardian","ascension_level":20}}