{"host":"yqw1zpryoutrnocq","time":1613420762,"event":{"mods":["2.2 Compatiblity","AchievementEnabler","BaseMod","Colored Map","Custom Start","DeckTracker","Minty Spire (QoL Compilation)","StSLib","SuperFastMode"],"gold_per_floor":[118,3,3,3,21,21,47,47,128,140,157,175,208,221,221,221,221],"floor_reached":16,"language":"KOR","playtime":444,"items_purged":["Strike_G"],"score":212,"play_id":"5a5eca26-2f24-427a-8434-e4ad71657866","local_time":"20210215142602","is_ascension_mode":true,"campfire_choices":[{"data":"Neutralize","floor":6,"key":"SMITH"},{"data":"Backflip","floor":8,"key":"SMITH"},{"data":"Dagger Spray","floor":15,"key":"SMITH"}],"circlet_count":0,"master_deck":["AscendersBane","Strike_G","Strike_G","Strike_G","Strike_G","Defend_G","Defend_G","Defend_G","Defend_G","Defend_G","Survivor","Neutralize+1","Infinite Blades+1","Tactician","Backflip+1","PiercingWail","Dagger Spray+1","Escape Plan","Acrobatics","Reflex"],"relics":["Ring of the Snake","NeowsBlessing","Toy Ornithopter","Strawberry","Bottled Lightning","HornCleat"],"acts_visited":["Exordium"],"potions_floor_usage":[13,16],"damage_taken":[{"damage":0,"enemies":"Small Slimes","floor":1,"turns":1},{"damage":0,"enemies":"2 Louse","floor":5,"turns":1},{"damage":0,"enemies":"Gremlin Nob","floor":7,"turns":1},{"damage":0,"enemies":"Cultist","floor":10,"turns":5},{"damage":0,"enemies":"2 Fungi Beasts","floor":11,"turns":3},{"damage":2,"enemies":"Exordium Thugs","floor":12,"turns":5},{"damage":22,"enemies":"3 Sentries","floor":13,"turns":9},{"damage":2,"enemies":"Blue Slaver","floor":14,"turns":4},{"damage":52,"enemies":"The Guardian","floor":16,"turns":14}],"seed_played":"-6857975682494613644","potions_obtained":[{"floor":1,"key":"AttackPotion"},{"floor":5,"key":"Dexterity Potion"}],"is_trial":false,"path_per_floor":["M","$","?","?","M","R","E","R","T","M","M","M","E","M","R","B"],"character_chosen":"THE_SILENT","items_purchased":["Tactician"],"campfire_rested":0,"item_purchase_floors":[2],"current_hp_per_floor":[63,63,63,60,60,60,67,67,67,67,67,65,48,46,46,0,0],"gold":221,"neow_bonus":"THREE_ENEMY_KILL","is_daily":false,"chose_seed":false,"campfire_upgraded":3,"win_rate":0.0,"timestamp":1613420762,"path_taken":["M","$","?","?","M","R","E","R","T","M","M","M","E","M","R","BOSS"],"items_purchased_type":["Card"],"build_version":"2020-12-22","purchased_purges":1,"victory":false,"max_hp_per_floor":[70,70,70,70,70,70,77,77,77,77,77,77,77,77,77,77,77],"card_choices":[{"not_picked":["Distraction","Flechettes"],"picked":"Infinite Blades","floor":1},{"not_picked":["PiercingWail","Quick Slash"],"picked":"Backflip","floor":5},{"not_picked":["Poisoned Stab","Outmaneuver"],"picked":"PiercingWail","floor":7},{"not_picked":["Acrobatics","A Thousand Cuts"],"picked":"Dagger Spray","floor":10},{"not_picked":["Caltrops","Heel Hook"],"picked":"Escape Plan","floor":11},{"not_picked":["Dodge and Roll","Crippling Poison"],"picked":"Acrobatics","floor":12},{"not_picked":["Dagger Spray","Quick Slash","Deadly Poison"],"picked":"SKIP","floor":13},{"not_picked":["Deflect","Dash"],"picked":"Reflex","floor":14}],"player_experience":338391,"relics_obtained":[{"floor":7,"key":"Strawberry"},{"floor":9,"key":"Bottled Lightning"},{"floor":13,"key":"HornCleat"}],"event_choices":[{"damage_healed":0,"gold_gain":0,"player_choice":"Grow","damage_taken":0,"max_hp_gain":0,"max_hp_loss":0,"event_name":"Living Wall","floor":3,"gold_loss":0,"cards_upgraded":["Infinite Blades"]},{"damage_healed":0,"gold_gain":0,"player_choice":"Success","damage_taken":3,"relics_obtained":["Toy Ornithopter"],"max_hp_gain":0,"max_hp_loss":0,"event_name":"Scrap Ooze","floor":4,"gold_loss":0}],"is_beta":false,"boss_relics":[],"items_purged_floors":[2],"is_endless":false,"potions_floor_spawned":[1,5,10],"killed_by":"The Guardian","ascension_level":11}}