{"host":"y76clbnovzmw9ubx","time":1613406977,"event":{"mods":["AchievementEnabler","BaseMod","Minty Spire (QoL Compilation)","Permanent Neow","Relic Stats"],"gold_per_floor":[115,115,80,96,96,96,96,96],"floor_reached":7,"language":"ENG","playtime":226,"items_purged":[],"score":78,"play_id":"5b30d48b-1a9d-4845-b1ee-0424b341b77d","local_time":"20210215113617","is_ascension_mode":true,"campfire_choices":[{"data":"Quick Slash","floor":6,"key":"SMITH"}],"circlet_count":0,"master_deck":["AscendersBane","Strike_G","Strike_G","Strike_G","Strike_G","Defend_G","Defend_G","Defend_G","Defend_G","Defend_G","Survivor","Neutralize","Quick Slash+1","Bane","Slice","Leg Sweep"],"relics":["Ring of the Snake","Golden Idol"],"acts_visited":["Exordium"],"potions_floor_usage":[],"damage_taken":[{"damage":0,"enemies":"2 Louse","floor":1,"turns":4},{"damage":0,"enemies":"Jaw Worm","floor":4,"turns":6},{"damage":61,"enemies":"Lagavulin","floor":7,"turns":11}],"seed_played":"-7252618011786353726","potions_obtained":[],"is_trial":false,"path_per_floor":["M","?","?","M","?","R","E"],"character_chosen":"THE_SILENT","items_purchased":[],"campfire_rested":0,"item_purchase_floors":[],"current_hp_per_floor":[59,36,52,52,52,52,0,0],"gold":96,"neow_bonus":"THREE_CARDS","is_daily":false,"chose_seed":false,"campfire_upgraded":1,"win_rate":0.0,"timestamp":1613406977,"path_taken":["M","?","?","M","?","R","E"],"items_purchased_type":[],"build_version":"2020-12-22","purchased_purges":0,"victory":false,"max_hp_per_floor":[66,66,66,66,66,66,66,66],"relic_stats":{"counters":[3,21],"Golden Idol":3,"obtain_stats":[{"Golden Idol":2,"Ring of the Snake":0},{"Golden Idol":1,"Ring of the Snake":0},{"Golden Idol":4,"Ring of the Snake":0}],"Ring of the Snake":[6]},"card_choices":[{"not_picked":["Cloak And Dagger","Deadly Poison"],"picked":"Quick Slash","floor":0},{"not_picked":["Backflip","Noxious Fumes"],"picked":"Bane","floor":1},{"not_picked":["Quick Slash","Cloak And Dagger"],"picked":"Slice","floor":4}],"player_experience":3246572,"relics_obtained":[],"event_choices":[{"damage_healed":0,"gold_gain":0,"player_choice":"Take Damage","damage_taken":23,"relics_obtained":["Golden Idol"],"max_hp_gain":0,"max_hp_loss":0,"event_name":"Golden Idol","floor":2,"gold_loss":0},{"damage_healed":16,"gold_gain":0,"player_choice":"Healed","damage_taken":0,"max_hp_gain":0,"max_hp_loss":0,"event_name":"The Cleric","floor":3,"gold_loss":35},{"damage_healed":0,"gold_gain":0,"cards_transformed":["Strike_G"],"player_choice":"Change","damage_taken":0,"max_hp_gain":0,"max_hp_loss":0,"event_name":"Living Wall","floor":5,"gold_loss":0,"cards_obtained":["Leg Sweep"]}],"is_beta":false,"boss_relics":[],"items_purged_floors":[],"is_endless":false,"potions_floor_spawned":[],"killed_by":"Lagavulin","ascension_level":20}}