{"host":"qeogwbudlaqzb6hy","time":1613357824,"event":{"mods":["BaseMod","Downfall","Minty Spire (QoL Compilation)","Reliquary","StSLib"],"gold_per_floor":[99,99,99,99,112,112,136,136,156,185,185,198,198,210,226,329,329,329,348,359,359,359,359,359],"floor_reached":22,"language":"ENG","playtime":788,"items_purged":[],"score":193,"play_id":"fca729de-4f5a-48ed-b3f9-3df12e42269d","local_time":"20210215125704","is_ascension_mode":true,"campfire_choices":[{"data":"hexamod:Sear","floor":1,"key":"SMITH"},{"floor":11,"key":"REST"},{"data":"hexamod:ParanormalForm","floor":13,"key":"SMITH"},{"data":"hexamod:EmpoweredFlame","floor":18,"key":"SMITH"}],"circlet_count":0,"master_deck":["hexamod:Strike+1","hexamod:Strike+1","hexamod:Defend","hexamod:Defend","hexamod:Defend","hexamod:Defend","hexamod:Sear+1","hexamod:Float","hexamod:SpectersWail","hexamod:FlamesFromBeyond","hexamod:SpectersWail","hexamod:EmpoweredFlame+1","hexamod:ShieldOfDarkness","hexamod:HauntingEcho","hexamod:ParanormalForm+1","hexamod:FastForward","hexamod:SpectersWail","hexamod:InspiringFlames","hexamod:ApocalypseNow","hexamod:NightmareGuise+1","hexamod:PhantomCloak+1"],"relics":["hexamod:SpiritBrand","downfall:HeartsMalice","Whetstone","Potion Belt","reliquary:WritOfMandamus"],"acts_visited":["Exordium","TheCity"],"potions_floor_usage":[15,16],"damage_taken":[{"damage":0,"enemies":"Small Slimes","floor":2,"turns":1},{"damage":0,"enemies":"Jaw Worm","floor":3,"turns":1},{"damage":0,"enemies":"Cultist","floor":4,"turns":1},{"damage":0,"enemies":"Exordium Thugs","floor":5,"turns":3},{"damage":0,"enemies":"Lots of Slimes","floor":9,"turns":1},{"damage":27,"enemies":"Gremlin Nob","floor":10,"turns":4},{"damage":7,"enemies":"3 Louse","floor":12,"turns":3},{"damage":4,"enemies":"Exordium Thugs","floor":14,"turns":3},{"damage":0,"enemies":"2 Fungi Beasts","floor":15,"turns":2},{"damage":16,"enemies":"WA_ARCHETYPE_RETAIN","floor":16,"turns":7},{"damage":22,"enemies":"Shell Parasite","floor":19,"turns":4},{"damage":33,"enemies":"downfall:LooterAlt2","floor":20,"turns":5},{"damage":21,"enemies":"Snake Plant","floor":22,"turns":1}],"seed_played":"-9197372877294685024","potions_obtained":[{"floor":5,"key":"hexamod:DoubleChargePotion"},{"floor":9,"key":"Slimebound:ThreeZeroPotion"},{"floor":15,"key":"hexamod:DoubleChargePotion"},{"floor":16,"key":"hexamod:SoulburnPotion"},{"floor":20,"key":"AttackPotion"}],"is_trial":false,"path_per_floor":["R","M","M","M","M","?","T","?","M","E","R","M","R","M","M","B",null,"R","M","M","?","M"],"character_chosen":"THE_SPIRIT","items_purchased":[],"campfire_rested":1,"item_purchase_floors":[],"current_hp_per_floor":[70,70,70,70,70,70,70,70,70,43,64,57,57,53,53,37,70,70,48,15,15,0,0,0],"gold":359,"neow_bonus":"THREE_ENEMY_KILL","is_daily":false,"chose_seed":false,"campfire_upgraded":3,"win_rate":0.0,"timestamp":1613357824,"path_taken":["R","M","M","M","M","?","T","?","M","E","R","M","R","M","M","BOSS","R","M","?","?","M"],"items_purchased_type":[],"build_version":"2020-12-22","purchased_purges":0,"victory":false,"max_hp_per_floor":[70,70,70,70,70,70,70,70,70,70,70,70,70,70,70,70,70,70,70,70,70,70,70,70],"card_choices":[{"not_picked":["hexamod:PhantomCloak","hexamod:FastForward"],"picked":"hexamod:SpectersWail","floor":2},{"not_picked":["hexamod:RetreatToShadows","hexamod:ShieldOfDarkness"],"picked":"hexamod:FlamesFromBeyond","floor":3},{"not_picked":["hexamod:BacktrackSmack","hexamod:Haunt"],"picked":"hexamod:SpectersWail","floor":4},{"not_picked":["hexamod:GhostflameBarrier","hexamod:PhantomFireball"],"picked":"hexamod:EmpoweredFlame","floor":5},{"not_picked":["hexamod:AdvancingGuard","hexamod:BacktrackSmack"],"picked":"hexamod:HauntingEcho","floor":9},{"not_picked":["hexamod:PowerFromBeyond","hexamod:SecondSeal"],"picked":"hexamod:ParanormalForm","floor":10},{"not_picked":["hexamod:ShieldOfDarkness","hexamod:SpectersWail"],"picked":"hexamod:FastForward","floor":12},{"not_picked":["hexamod:AdvancingGuard","hexamod:GhostOfSpireFuture"],"picked":"hexamod:SpectersWail","floor":14},{"not_picked":["hexamod:Firestarter","hexamod:AdvancingGuard"],"picked":"hexamod:InspiringFlames","floor":15},{"not_picked":["hexamod:SixthSeal","hexamod:FlameSwitch"],"picked":"hexamod:ApocalypseNow","floor":16},{"not_picked":["hexamod:ExtraCrispy","hexamod:GhostOfSpirePast"],"picked":"hexamod:NightmareGuise+1","floor":19},{"not_picked":["hexamod:Firestarter","hexamod:Again"],"picked":"hexamod:PhantomCloak+1","floor":20}],"player_experience":364986,"relics_obtained":[{"floor":7,"key":"Whetstone"},{"floor":10,"key":"Potion Belt"}],"event_choices":[{"cards_removed":["hexamod:Strike"],"damage_healed":0,"gold_gain":0,"player_choice":"Offered Basic","damage_taken":0,"max_hp_gain":0,"max_hp_loss":0,"event_name":"Bonfire Elementals","floor":21,"gold_loss":0}],"is_beta":false,"boss_relics":[{"not_picked":["Astrolabe","Black Star"],"picked":"reliquary:WritOfMandamus"}],"items_purged_floors":[],"is_endless":false,"potions_floor_spawned":[5,9,15,16,20],"killed_by":"Snake Plant","ascension_level":1}}