{"host":"uwh382mre4waz4ff","time":1613388264,"event":{"mods":["AchievementEnabler","BaseMod","Better Note","Better Third Choice","BetterRewards","Minty Spire (QoL Compilation)","Quick Restart","Shop Mod","StSLib","The Alterego"],"gold_per_floor":[119,119,143,68,68,96,116,116,116,127,24,24,49,67,67,67,67],"floor_reached":16,"language":"ENG","playtime":922,"items_purged":["alterego_mod:Defend","alterego_mod:Defend"],"score":183,"play_id":"c1c7d55d-6d75-4f27-a0e3-6114e9f8a7f7","local_time":"20210215192424","is_ascension_mode":false,"campfire_choices":[{"data":"alterego_mod:Impale","floor":12,"key":"SMITH"},{"data":"alterego_mod:RingBreak","floor":15,"key":"SMITH"}],"circlet_count":0,"master_deck":["alterego_mod:Strike","alterego_mod:Strike","alterego_mod:Strike","alterego_mod:Strike","alterego_mod:Defend","alterego_mod:Impale+1","alterego_mod:ClassAdvantage","alterego_mod:Undulate","alterego_mod:Birthday","alterego_mod:Mirror","alterego_mod:Undulate","alterego_mod:RingBreak+1","alterego_mod:Mirror"],"relics":["alterego_mod:MasochisticConstitution","Pen Nib","Strawberry","HornCleat","Turnip","Vajra","Matryoshka","Bag of Preparation","Potion Belt","Pocketwatch","FaceOfCleric","Smiling Mask","Omamori","Art of War"],"acts_visited":["Exordium"],"potions_floor_usage":[13,13,13],"damage_taken":[{"damage":1,"enemies":"2 Louse","floor":1,"turns":4},{"damage":21,"enemies":"Gremlin Nob","floor":6,"turns":4},{"damage":4,"enemies":"Jaw Worm","floor":7,"turns":4},{"damage":6,"enemies":"Small Slimes","floor":10,"turns":3},{"damage":2,"enemies":"3 Sentries","floor":13,"turns":4},{"damage":6,"enemies":"Exordium Wildlife","floor":14,"turns":4},{"damage":15,"enemies":"The Guardian","floor":16,"turns":4}],"seed_played":"-5796846627234856592","potions_obtained":[{"floor":1,"key":"ColorlessPotion"},{"floor":7,"key":"FearPotion"},{"floor":10,"key":"Strength Potion"}],"is_trial":false,"path_per_floor":["M","?","T","$","?","E","M","?","T","M","$","R","E","M","R","B"],"character_chosen":"The_Alterego","items_purchased":["Vajra","Matryoshka","alterego_mod:Undulate"],"campfire_rested":0,"item_purchase_floors":[0,0,11],"current_hp_per_floor":[36,29,29,29,34,14,13,13,13,11,11,11,13,11,11,0,0],"gold":67,"neow_bonus":"","is_daily":false,"chose_seed":false,"campfire_upgraded":2,"win_rate":0.0,"timestamp":1613388264,"path_taken":["M","?","?","$","?","E","?","?","T","M","?","R","E","M","R","BOSS"],"items_purchased_type":["Relic","Relic","Card"],"build_version":"2020-12-22","purchased_purges":2,"victory":false,"max_hp_per_floor":[73,73,73,73,78,79,80,80,80,82,82,82,84,86,86,86,86],"card_choices":[{"not_picked":["alterego_mod:BreastValley","alterego_mod:PresenceConcealment"],"picked":"alterego_mod:Undulate","floor":1},{"not_picked":["alterego_mod:GachaTicket","alterego_mod:BusterCard"],"picked":"alterego_mod:Birthday","floor":6},{"not_picked":["alterego_mod:Crossover","alterego_mod:TrashNCrash","alterego_mod:DeftHands"],"picked":"SKIP","floor":7},{"not_picked":["alterego_mod:Stockings","alterego_mod:Pet"],"picked":"alterego_mod:Mirror","floor":10},{"not_picked":["alterego_mod:GoddessCore","alterego_mod:MagicResistance"],"picked":"alterego_mod:RingBreak","floor":13},{"not_picked":["alterego_mod:1TonWallop","alterego_mod:Exercise"],"picked":"alterego_mod:Mirror","floor":14}],"player_experience":130142,"relics_obtained":[{"floor":3,"key":"Bag of Preparation"},{"floor":3,"key":"Potion Belt"},{"floor":6,"key":"Pocketwatch"},{"floor":9,"key":"Smiling Mask"},{"floor":9,"key":"Omamori"},{"floor":13,"key":"Art of War"}],"event_choices":[{"cards_removed":["alterego_mod:Defend"],"damage_healed":0,"gold_gain":0,"player_choice":"Card Removal","damage_taken":7,"max_hp_gain":0,"max_hp_loss":0,"event_name":"Golden Wing","floor":2,"gold_loss":0},{"damage_healed":0,"gold_gain":0,"player_choice":"Donut","damage_taken":0,"max_hp_gain":5,"max_hp_loss":0,"event_name":"Big Fish","floor":5,"gold_loss":0},{"damage_healed":0,"gold_gain":0,"player_choice":"Trade","damage_taken":0,"relics_obtained":["FaceOfCleric"],"max_hp_gain":0,"max_hp_loss":0,"event_name":"FaceTrader","floor":8,"gold_loss":0}],"is_beta":false,"boss_relics":[],"items_purged_floors":[4,11],"is_endless":false,"potions_floor_spawned":[1,7,10],"killed_by":"The Guardian","ascension_level":0}}