{"host":"blhqr6uo32maonpv","time":1613371238,"event":{"mods":["BaseMod","Downfall","Minty Spire (QoL Compilation)","StSLib","The Bug Knight","The Marked"],"gold_per_floor":[99,117,292,95,395,47,47,57,57,74,91,91,121,151,181,298,360,172,194,191,213,4,4,27,27,19,35,35,53,53,53,53],"floor_reached":30,"language":"ENG","playtime":1805,"items_purged":["Doubt","downfall:Icky","downfall:Icky"],"score":280,"play_id":"f61235ca-8420-4d8c-a226-fbab7c42a47f","local_time":"20210215024038","is_ascension_mode":false,"campfire_choices":[{"data":"hexamod:Sear","floor":1,"key":"SMITH"},{"floor":9,"key":"RECALL"},{"data":"hexamod:ChargedBarrage","floor":18,"key":"SMITH"},{"floor":23,"key":"REST"},{"data":"hexamod:TimeOfNeed","floor":25,"key":"SMITH"},{"data":"expansioncontent:QuickStudy","floor":28,"key":"SMITH"}],"circlet_count":0,"master_deck":["hexamod:Strike","hexamod:Strike","hexamod:Strike","hexamod:Strike","hexamod:Defend","hexamod:Defend","hexamod:Defend","hexamod:Defend","hexamod:Sear+1","hexamod:Float","hexamod:HeatMetal","hexamod:WildfireWeapon","expansioncontent:Chronoboost","hexamod:HeatMetal","hexamod:HauntingEcho","hexamod:PhantomFireball","hexamod:HeatMetal","hexamod:Incineration","hexamod:Hexaguard","hexamod:GhostShield+1","hexamod:AdvancingGuard","hexamod:WildfireWeapon","hexamod:ChargedBarrage+1","hexamod:EtherealExpedition+1","hexamod:TimeOfNeed+1","hexamod:ThermalTransfer+1","hexamod:ExtraCrispy+1","hexamod:Firestarter+1","expansioncontent:QuickStudy+1","hexamod:NightmareGuise","hexamod:HeatShield+1","hexamod:SoulSteal+1"],"relics":["hexamod:SpiritBrand","hexamod:MatchstickCase","Centennial Puzzle","MawBank","Tiny House","downfall:HeartBlessingRed","downfall:HeartBlessingBlue","Juzu Bracelet","Bag of Preparation"],"acts_visited":["Exordium","TheCity"],"potions_floor_usage":[13,16,16,16,20,22,26,29],"damage_taken":[{"damage":5,"enemies":"2 Louse","floor":2,"turns":3},{"damage":0,"enemies":"downfall:FleeingMerchant","floor":4,"turns":4},{"damage":0,"enemies":"downfall:FleeingMerchant","floor":6,"turns":4},{"damage":1,"enemies":"Jaw Worm","floor":8,"turns":3},{"damage":0,"enemies":"Cultist","floor":10,"turns":3},{"damage":0,"enemies":"3 Louse","floor":11,"turns":2},{"damage":10,"enemies":"3 Sentries","floor":13,"turns":4},{"damage":23,"enemies":"Gremlin Gang","floor":14,"turns":5},{"damage":3,"enemies":"Red Slaver","floor":15,"turns":3},{"damage":29,"enemies":"DF_ARCHETYPE_STREAMLINE","floor":16,"turns":6},{"damage":10,"enemies":"Shell Parasite","floor":19,"turns":5},{"damage":15,"enemies":"downfall:FleeingMerchant","floor":20,"turns":4},{"damage":13,"enemies":"Centurion and Healer","floor":21,"turns":5},{"damage":12,"enemies":"downfall:FleeingMerchant","floor":22,"turns":4},{"damage":8,"enemies":"downfall:FleeingMerchant","floor":26,"turns":4},{"damage":0,"enemies":"Snake Plant","floor":27,"turns":4},{"damage":51,"enemies":"Chosen and Byrds","floor":29,"turns":7}],"seed_played":"3673269912679643260","potions_obtained":[{"floor":8,"key":"bronze:BurnAndBuffPotion"},{"floor":11,"key":"Energy Potion"},{"floor":13,"key":"Fire Potion"},{"floor":14,"key":"sneckomod:MuddlingPotion"},{"floor":15,"key":"BlessingOfTheForge"},{"floor":17,"key":"CultistPotion"},{"floor":19,"key":"SpeedPotion"},{"floor":21,"key":"ColorlessPotion"},{"floor":29,"key":"Ancient Potion"}],"is_trial":false,"path_per_floor":["R","M","?","$","?","$","T","M","R","M","M","?","E","M","M","B",null,"R","M","$","M","$","R","T","R","$","M","R","M","?"],"character_chosen":"THE_SPIRIT","items_purchased":["expansioncontent:Chronoboost","hexamod:HeatMetal","hexamod:MatchstickCase","hexamod:PhantomFireball","Juzu Bracelet","SkillPotion","expansioncontent:QuickStudy","hexamod:NightmareGuise"],"campfire_rested":1,"item_purchase_floors":[4,4,6,6,22,22,26,26],"current_hp_per_floor":[77,72,72,72,72,72,72,71,71,71,71,71,61,38,35,6,82,92,82,67,54,42,69,69,69,61,61,61,10,0,0,0],"gold":53,"neow_bonus":"TEN_PERCENT_HP_BONUS","is_daily":false,"chose_seed":false,"campfire_upgraded":4,"win_rate":0.0,"timestamp":1613371238,"path_taken":["R","M","?","$","?","?","T","M","R","M","?","?","E","M","M","BOSS","R","M","$","M","$","R","T","R","$","M","R","M","?"],"items_purchased_type":["Card","Card","Relic","Card","Relic","Potion","Card","Card"],"build_version":"2020-12-22","purchased_purges":3,"victory":false,"max_hp_per_floor":[77,77,77,77,77,77,77,77,77,77,77,77,77,77,77,77,82,92,92,92,92,92,92,92,92,92,92,92,92,92,92,92],"card_choices":[{"not_picked":["hexamod:BurningTouch","hexamod:FastForward"],"picked":"hexamod:HeatMetal","floor":2},{"not_picked":["hexamod:BacktrackSmack","hexamod:ChargedBarrage"],"picked":"hexamod:WildfireWeapon","floor":4},{"not_picked":["hexamod:SpectersWail","hexamod:BacktrackSmack"],"picked":"hexamod:HauntingEcho","floor":6},{"not_picked":["hexamod:GhostOfSpireFuture","hexamod:SwordOfDarkness"],"picked":"hexamod:HeatMetal","floor":8},{"not_picked":["hexamod:HauntingEcho","hexamod:ShieldOfDarkness"],"picked":"hexamod:Incineration","floor":10},{"not_picked":["hexamod:Rewind","hexamod:FastForward"],"picked":"hexamod:Hexaguard","floor":11},{"not_picked":["hexamod:InspiringFlames","hexamod:Hexaguard"],"picked":"hexamod:GhostShield","floor":13},{"not_picked":["hexamod:GhostOfSpireFuture","hexamod:NightmareStrike","hexamod:HeatMetal"],"picked":"SKIP","floor":14},{"not_picked":["hexamod:NightmareStrike","hexamod:SpectersWail"],"picked":"hexamod:AdvancingGuard","floor":15},{"not_picked":["hexamod:UnleashSpirits","hexamod:GhostflameInferno"],"picked":"hexamod:WildfireWeapon","floor":16},{"not_picked":["hexamod:BurningTouch","hexamod:RecurringNightmare"],"picked":"hexamod:ChargedBarrage","floor":17},{"not_picked":["hexamod:InspiringFlames","hexamod:FastForward+1"],"picked":"hexamod:EtherealExpedition+1","floor":19},{"not_picked":["hexamod:CatchUp","hexamod:FifthSeal"],"picked":"hexamod:TimeOfNeed","floor":20},{"not_picked":["hexamod:FirstSeal","hexamod:ShieldOfDarkness"],"picked":"hexamod:ThermalTransfer+1","floor":21},{"not_picked":["hexamod:EmpoweredFlame+1","hexamod:RetreatToShadows"],"picked":"hexamod:ExtraCrispy+1","floor":22},{"not_picked":["hexamod:EtherealExpedition","hexamod:ShieldOfDarkness"],"picked":"hexamod:Firestarter+1","floor":26},{"not_picked":["hexamod:SpectersWail","hexamod:ChargedBarrage"],"picked":"hexamod:HeatShield+1","floor":27},{"not_picked":["hexamod:GhostShield","hexamod:NightmareStrike"],"picked":"hexamod:SoulSteal+1","floor":29}],"player_experience":11464,"relics_obtained":[{"floor":12,"key":"Centennial Puzzle"},{"floor":13,"key":"MawBank"},{"floor":24,"key":"Bag of Preparation"}],"event_choices":[{"damage_healed":0,"gold_gain":0,"player_choice":"Relic","damage_taken":0,"max_hp_gain":0,"max_hp_loss":0,"event_name":"Wheel of Change","floor":12,"gold_loss":0}],"is_beta":false,"boss_relics":[{"not_picked":["Fusion Hammer","Runic Pyramid"],"picked":"Tiny House"}],"items_purged_floors":[4,6,26],"is_endless":false,"potions_floor_spawned":[8,11,13,14,15,19,21,29],"ascension_level":0}}