{"host":"gbgc43u9lfev3bcz","time":1613356969,"event":{"mods":["BaseMod","Better Note","Challenge The Spire","Colored Map","Downfall","Minty Spire (QoL Compilation)","StSLib"],"gold_per_floor":[116,41,116,129,33,61,75,93,93,103,103,103],"floor_reached":11,"language":"ENG","playtime":300,"items_purged":[],"score":190,"play_id":"07534e65-3c1d-4086-9c2e-e84919a5026a","local_time":"20210214204249","is_ascension_mode":true,"campfire_choices":[],"circlet_count":0,"master_deck":["AscendersBane","Strike_G","Strike_G","Strike_G","Strike_G","Defend_G","Defend_G","Defend_G","Defend_G","Defend_G","Survivor","Neutralize","Expertise","Cloak And Dagger","Footwork","Quick Slash","Endless Agony","PiercingWail","Dash","Flechettes"],"relics":["Ring of the Snake","NeowsBlessing","Anchor","Meat on the Bone"],"acts_visited":["Exordium"],"potions_floor_usage":[],"damage_taken":[{"damage":0,"enemies":"Small Slimes","floor":1,"turns":1},{"damage":0,"enemies":"Jaw Worm","floor":4,"turns":1},{"damage":0,"enemies":"Lagavulin","floor":6,"turns":1},{"damage":0,"enemies":"Cultist","floor":7,"turns":5},{"damage":15,"enemies":"Exordium Wildlife","floor":8,"turns":7},{"damage":0,"enemies":"Blue Slaver","floor":10,"turns":4},{"damage":45,"enemies":"3 Sentries","floor":11,"turns":6}],"seed_played":"5429210275143600174","potions_obtained":[{"floor":1,"key":"sneckomod:MuddlingPotion"}],"is_trial":false,"path_per_floor":["M","?","?","M","$","E","M","M","T","M","E"],"character_chosen":"THE_SILENT","items_purchased":["Footwork","Quick Slash"],"campfire_rested":0,"item_purchase_floors":[5,5],"current_hp_per_floor":[59,59,48,48,48,48,48,33,33,45,0,0],"gold":103,"neow_bonus":"THREE_ENEMY_KILL","is_daily":false,"chose_seed":false,"campfire_upgraded":0,"win_rate":0.0,"timestamp":1613356969,"path_taken":["M","?","?","M","?","E","?","M","T","M","E"],"items_purchased_type":["Card","Card"],"build_version":"2020-12-22","purchased_purges":0,"victory":false,"max_hp_per_floor":[66,66,66,66,66,66,66,66,66,66,66,66],"card_choices":[{"not_picked":["Underhanded Strike","Eviscerate"],"picked":"Expertise","floor":1},{"not_picked":["Calculated Gamble","Dagger Throw"],"picked":"Cloak And Dagger","floor":4},{"not_picked":["Outmaneuver","Quick Slash"],"picked":"Endless Agony","floor":6},{"not_picked":["Outmaneuver","Flechettes"],"picked":"PiercingWail","floor":7},{"not_picked":["Outmaneuver","Underhanded Strike"],"picked":"Dash","floor":8},{"not_picked":["Deadly Poison","Outmaneuver"],"picked":"Flechettes","floor":10}],"player_experience":579302,"relics_obtained":[{"floor":6,"key":"Anchor"},{"floor":9,"key":"Meat on the Bone"}],"event_choices":[{"cards_removed":["Strike_G"],"damage_healed":0,"gold_gain":0,"player_choice":"Card Removal","damage_taken":0,"max_hp_gain":0,"max_hp_loss":0,"event_name":"The Cleric","floor":2,"gold_loss":75},{"damage_healed":0,"gold_gain":75,"player_choice":"Gather Gold","damage_taken":11,"max_hp_gain":0,"max_hp_loss":0,"event_name":"World of Goop","floor":3,"gold_loss":0}],"is_beta":false,"boss_relics":[],"items_purged_floors":[],"is_endless":false,"potions_floor_spawned":[1],"killed_by":"3 Sentries","ascension_level":18}}