{"host":"pj7egx7jkoz18hom","time":1613386893,"event":{"mods":["AchievementEnabler","BaseMod","Keyboard Shortcuts","Minty Spire (QoL Compilation)","SuperFastMode"],"gold_per_floor":[114,129,140,156,173,206,217,217,217,94,94,48,66,77,77,77,77],"floor_reached":16,"language":"KOR","playtime":883,"items_purged":["Strike_R"],"score":127,"play_id":"28566504-1a89-4ed3-882f-e752736b3bfa","local_time":"20210215200133","is_ascension_mode":true,"campfire_choices":[{"floor":8,"key":"REST"},{"floor":15,"key":"REST"}],"circlet_count":0,"master_deck":["Strike_R","Strike_R","Strike_R","Strike_R","Defend_R","Defend_R","Defend_R","Defend_R","Bash","Corruption","Pommel Strike","Feel No Pain","Cleave","Thunderclap","Anger","Shrug It Off","Anger","Armaments","Flex"],"relics":["Burning Blood","Lantern","Letter Opener","CultistMask"],"acts_visited":["Exordium"],"potions_floor_usage":[6,16,16,16],"damage_taken":[{"damage":1,"enemies":"Cultist","floor":1,"turns":3},{"damage":8,"enemies":"Jaw Worm","floor":2,"turns":4},{"damage":18,"enemies":"Small Slimes","floor":3,"turns":4},{"damage":26,"enemies":"Gremlin Gang","floor":4,"turns":3},{"damage":12,"enemies":"Looter","floor":5,"turns":3},{"damage":18,"enemies":"Gremlin Nob","floor":6,"turns":4},{"damage":5,"enemies":"2 Fungi Beasts","floor":7,"turns":4},{"damage":0,"enemies":"3 Louse","floor":13,"turns":2},{"damage":18,"enemies":"Exordium Thugs","floor":14,"turns":5},{"damage":54,"enemies":"Hexaghost","floor":16,"turns":9}],"seed_played":"1285050814181563359","potions_obtained":[{"floor":2,"key":"SpeedPotion"},{"floor":3,"key":"Dexterity Potion"},{"floor":4,"key":"Explosive Potion"},{"floor":13,"key":"EntropicBrew"}],"is_trial":false,"path_per_floor":["M","M","M","M","M","E","M","R","T","$","?","$","M","M","R","B"],"character_chosen":"IRONCLAD","items_purchased":["Anger","Armaments"],"campfire_rested":2,"item_purchase_floors":[10,12],"current_hp_per_floor":[61,59,47,27,21,9,10,34,34,34,34,34,40,28,52,0,0],"gold":77,"neow_bonus":"THREE_RARE_CARDS","is_daily":false,"chose_seed":false,"campfire_upgraded":0,"win_rate":0.0,"timestamp":1613386893,"path_taken":["M","M","?","M","M","E","M","R","T","$","?","?","M","M","R","BOSS"],"items_purchased_type":["Card","Card"],"build_version":"2020-12-22","purchased_purges":1,"victory":false,"max_hp_per_floor":[80,80,80,80,80,80,80,80,80,80,80,80,80,80,80,80,80],"card_choices":[{"not_picked":["Limit Break","Barricade"],"picked":"Corruption","floor":0},{"not_picked":["Disarm","Havoc"],"picked":"Pommel Strike","floor":1},{"not_picked":["Dual Wield","Pommel Strike"],"picked":"Feel No Pain","floor":2},{"not_picked":["Twin Strike","Perfected Strike"],"picked":"Cleave","floor":3},{"not_picked":["Corruption","Pommel Strike"],"picked":"Thunderclap","floor":4},{"not_picked":["Uppercut","Thunderclap"],"picked":"Anger","floor":5},{"not_picked":["Exhume","Metallicize"],"picked":"Shrug It Off","floor":6},{"not_picked":["Power Through","Burning Pact","True Grit"],"picked":"SKIP","floor":7},{"not_picked":["Havoc","Burning Pact"],"picked":"Flex","floor":13},{"not_picked":["Searing Blow","Havoc","Pommel Strike"],"picked":"SKIP","floor":14}],"player_experience":67933,"relics_obtained":[{"floor":6,"key":"Lantern"},{"floor":9,"key":"Letter Opener"}],"event_choices":[{"damage_healed":0,"gold_gain":0,"player_choice":"Trade","damage_taken":0,"relics_obtained":["CultistMask"],"max_hp_gain":0,"max_hp_loss":0,"event_name":"FaceTrader","floor":11,"gold_loss":0}],"is_beta":false,"boss_relics":[],"items_purged_floors":[10],"is_endless":false,"potions_floor_spawned":[2,3,4,13,14],"killed_by":"Hexaghost","ascension_level":4}}