{"host":"2lo6hma6kymb0g9i","time":1613379347,"event":{"mods":["BaseMod","Colored Map","DeckTracker","Minty Spire (QoL Compilation)"],"gold_per_floor":[366,386,386,402,418,418,447,467,517,552,552,376,406,426,426,426,426],"floor_reached":16,"language":"JPN","playtime":746,"items_purged":["Strike_R"],"score":244,"play_id":"cef7b89e-80c3-4377-87ff-c8e8f807e452","local_time":"20210215175547","is_ascension_mode":true,"campfire_choices":[{"data":"Whirlwind","floor":6.0,"key":"SMITH"},{"floor":11,"key":"REST"},{"data":"Berserk","floor":15,"key":"SMITH"}],"circlet_count":0,"master_deck":["AscendersBane","Strike_R","Strike_R","Strike_R","Defend_R","Defend_R","Defend_R","Defend_R+1","Bash","Pommel Strike","Dropkick","Whirlwind+1","Second Wind+1","Sentinel","Seeing Red","Flash of Steel","Berserk+1"],"relics":["Burning Blood","War Paint","PreservedInsect","Ornamental Fan","Bronze Scales"],"acts_visited":["Exordium"],"potions_floor_usage":[7,10,16],"damage_taken":[{"damage":5.0,"enemies":"Small Slimes","floor":1.0,"turns":3.0},{"damage":6.0,"enemies":"Cultist","floor":2.0,"turns":3.0},{"damage":8.0,"enemies":"2 Louse","floor":4.0,"turns":3.0},{"damage":17.0,"enemies":"Looter","floor":5.0,"turns":3.0},{"damage":28,"enemies":"3 Sentries","floor":7,"turns":5},{"damage":13,"enemies":"Blue Slaver","floor":8,"turns":2},{"damage":8,"enemies":"Lagavulin","floor":10,"turns":5},{"damage":10,"enemies":"3 Sentries","floor":13,"turns":3},{"damage":0,"enemies":"Gremlin Gang","floor":14,"turns":1},{"damage":41,"enemies":"The Guardian","floor":16,"turns":12}],"seed_played":"-6140722483037189353","potions_obtained":[{"floor":2.0,"key":"Fruit Juice"},{"floor":5.0,"key":"PowerPotion"},{"floor":8,"key":"Explosive Potion"},{"floor":10,"key":"FearPotion"}],"is_trial":false,"path_per_floor":["M","M","?","M","M","R","E","M","T","E","R","$","E","M","R","B"],"character_chosen":"IRONCLAD","items_purchased":["Flash of Steel"],"campfire_rested":1,"item_purchase_floors":[12],"current_hp_per_floor":[51,56,56,54,43,43,21,14,14,12,36,36,32,38,38,0,0],"gold":426,"neow_bonus":"TWO_FIFTY_GOLD","is_daily":false,"chose_seed":false,"campfire_upgraded":2,"win_rate":0.0,"timestamp":1613379347,"path_taken":["M","M","?","?","?","R","E","M","T","E","R","?","E","M","R","BOSS"],"items_purchased_type":["Card"],"build_version":"2020-12-22","purchased_purges":1,"victory":false,"max_hp_per_floor":[75,80,80,80,80,80,80,80,80,80,80,80,80,80,80,80,80],"card_choices":[{"not_picked":["Body Slam","Cleave"],"picked":"Pommel Strike","floor":1.0},{"not_picked":["Heavy Blade","Anger"],"picked":"Dropkick","floor":2.0},{"not_picked":["Perfected Strike","Armaments"],"picked":"Whirlwind","floor":4.0},{"not_picked":["Cleave","Hemokinesis","Sword Boomerang"],"picked":"SKIP","floor":5.0},{"not_picked":["Cleave","Inflame"],"picked":"Second Wind","floor":7},{"not_picked":["Shockwave","True Grit"],"picked":"Sentinel","floor":8},{"not_picked":["Armaments","Power Through"],"picked":"Seeing Red","floor":10},{"not_picked":["Whirlwind","Headbutt"],"picked":"Berserk","floor":13},{"not_picked":["Headbutt","Clash","Power Through"],"picked":"SKIP","floor":14}],"player_experience":1202107,"relics_obtained":[{"floor":7,"key":"War Paint"},{"floor":9,"key":"PreservedInsect"},{"floor":10,"key":"Ornamental Fan"},{"floor":13,"key":"Bronze Scales"}],"event_choices":[{"cards_removed":["Strike_R"],"damage_healed":0.0,"max_hp_gain":0.0,"max_hp_loss":0.0,"gold_gain":0.0,"event_name":"Bonfire Elementals","player_choice":"Offered Basic","floor":3.0,"gold_loss":0.0,"damage_taken":0.0}],"is_beta":false,"boss_relics":[],"items_purged_floors":[12],"is_endless":false,"potions_floor_spawned":[2,5,8,10],"killed_by":"The Guardian","ascension_level":20}}