{"host":"u2tvzagmhndpcfhq","time":1613349947,"event":{"mods":["BaseMod","BetterRewards","Card Forge","Colored Powertips","Friendly Minions","Halation","Highlight Path","Hubris","Minty Spire (QoL Compilation)","Permanent Neow","Quick Restart","Replay The Spire","StSLib","The Gatherer","The Hierophant","The Jungle","The Marked","The Necromancer","The Valiant","The Vixen"],"gold_per_floor":[115,115,115,127,137,137,162,87,111,111,81,100,17,53,53,173,173,186,186,236,59,59,100,140,140,140,178,197,197,40,59,59,187,187,207,228,148,166,166,166,166,166,166,166,189,189,189,202,202,202],"floor_reached":51,"language":"ENG","playtime":4775,"items_purged":["ReplayTheSpireMod:Corrosion Curse","Clash+1"],"score":734,"play_id":"52c447f7-b6cd-404b-8c7e-210b86932656","local_time":"20210214174547","daily_mods":["SealedDeck","Heirloom","Time Dilation","Flight"],"is_ascension_mode":false,"campfire_choices":[{"data":"Rupture","floor":6,"key":"SMITH"},{"data":"Flex","floor":15,"key":"SMITH"},{"data":"Bandage Up","floor":29,"key":"SMITH"},{"floor":32,"key":"DIG"},{"data":"Blood for Blood","floor":40,"key":"SMITH"},{"data":"Feed","floor":41,"key":"SMITH"},{"floor":44,"key":"REST"},{"floor":46,"key":"REST"},{"floor":49,"key":"REST"}],"circlet_count":0,"master_deck":["Thunderclap+1","Carnage+1","Replay:Undeath\u0027s Touch+1","Metallicize+1","Rupture+1","Flex+1","ReplayTheSpireMod:Muscle Training+1","Offering+1","Blood for Blood+1","Combust+1","Rupture+1","Hemokinesis+1","Demon Form+1","Bandage Up+1","Feed+1","Blood for Blood+1","Bandage Up+1","halation:LetterOfAdmiration+1","Panacea+1"],"relics":["Burning Blood","Hammer of Thor","Seething Fire","Anvil of the Gods","Pocketwatch","Ancient Tea Set","ReplayTheSpireMod:Lightbulb","Golden Idol","Ice Cream","Replay:Bronze Core","hubris:FunFungus","Champion Belt","hubris:64BitClover","Pen Nib","Sling","Mango","Painkiller Herb","halation:PinkSoulGem","Incense Burner","Winged Necklace","halation:PapillonHeart"],"acts_visited":["Exordium","Exordium","TheBeyond"],"potions_floor_usage":[7,35,38,50,50,50],"damage_taken":[{"damage":12,"enemies":"Jaw Worm","floor":1,"turns":2},{"damage":1,"enemies":"Small Slimes","floor":4,"turns":2},{"damage":2,"enemies":"Cultist","floor":5,"turns":2},{"damage":22,"enemies":"3 Sentries","floor":7,"turns":5},{"damage":1,"enemies":"Blue Slaver","floor":12,"turns":1},{"damage":1,"enemies":"Gremlin Nob","floor":14,"turns":2},{"damage":23,"enemies":"Hexaghost","floor":16,"turns":3},{"damage":9,"enemies":"theJungle:GiantWrat","floor":18,"turns":1},{"damage":14,"enemies":"theJungle:MamaSnecko","floor":23,"turns":3},{"damage":15,"enemies":"theJungle:2_Phrogs","floor":24,"turns":3},{"damage":14,"enemies":"theJungle:MamaSnecko","floor":27,"turns":3},{"damage":18,"enemies":"theJungle:5_Spyders","floor":28,"turns":3},{"damage":12,"enemies":"theJungle:Lyon","floor":31,"turns":2},{"damage":21,"enemies":"theJungle:QueenSpyder","floor":33,"turns":3},{"damage":14,"enemies":"3 Shapes","floor":35,"turns":2},{"damage":20,"enemies":"Orb Walker","floor":36,"turns":2},{"damage":29,"enemies":"Transient","floor":38,"turns":4},{"damage":34,"enemies":"Sphere and 2 Shapes","floor":45,"turns":3},{"damage":27,"enemies":"Maw","floor":48,"turns":3},{"damage":37,"enemies":"Awakened One","floor":50,"turns":3}],"seed_played":"624820164031082977","potions_obtained":[{"floor":1,"key":"Doom Potion"},{"floor":5,"key":"Elixir"},{"floor":11,"key":"Venom Potion"},{"floor":11,"key":"SmokeBomb"},{"floor":16,"key":"BloodPotion"},{"floor":24,"key":"FearPotion"},{"floor":36,"key":"Explosive Potion"},{"floor":38,"key":"LiquidBronze"},{"floor":48,"key":"CultistPotion"}],"is_trial":true,"path_per_floor":["M","?","?","M","M","R","E","$","T","?","?","M","$","E","R","B",null,"M","?","?","$","?","E","E","?","T","E","M","R","$","M","R","B",null,"?","?","T","?","?","T","T","?","T","T","?","T","?","?","T","B",null],"character_chosen":"IRONCLAD","items_purchased":["Impatience","Demon Form","Sling","Blood for Blood"],"campfire_rested":3,"item_purchase_floors":[13,21,30,37],"current_hp_per_floor":[74,58,58,63,67,67,51,51,51,31,31,36,36,41,41,24,80,77,77,66,66,66,58,53,53,53,49,41,41,41,44,58,51,94,95,90,90,75,75,75,75,75,75,100,91,100,95,85,95,90],"gold":202,"neow_bonus":"","is_daily":false,"chose_seed":false,"campfire_upgraded":5,"win_rate":0.0,"timestamp":1613349947,"path_taken":["M","?","?","?","M","R","E","$","T","?","?","?","?","E","R","BOSS","M","?","?","$","?","E","E","?","T","E","?","R","$","M","R","BOSS","?","?","T","?","?","T","T","?","T","T","?","T","?","?","T","BOSS"],"items_purchased_type":["Card","Card","Relic","Card"],"build_version":"2020-12-22","purchased_purges":2,"victory":true,"max_hp_per_floor":[80,80,80,80,80,80,80,80,80,80,80,80,80,80,80,80,80,80,80,80,80,80,80,80,80,80,80,80,80,80,80,94,94,94,97,100,100,100,100,100,100,100,100,100,100,100,95,95,95,99],"card_choices":[{"not_picked":["Flex","Armaments","Headbutt"],"picked":"SKIP","floor":1},{"not_picked":["Wild Strike","Warcry","ReplayTheSpireMod:Strike From Hell"],"picked":"SKIP","floor":4},{"not_picked":["Twin Strike","Anger","Flex"],"picked":"SKIP","floor":5},{"not_picked":["Cleave","Dropkick","Second Wind"],"picked":"SKIP","floor":7},{"not_picked":["Reckless Charge","hubris:CleavingFinish","Body Slam"],"picked":"SKIP","floor":12},{"not_picked":["Havoc","Flex","Warcry"],"picked":"SKIP","floor":14},{"not_picked":["Corruption","Reaper"],"picked":"Offering","floor":16},{"not_picked":["Flex+1","Iron Wave","Cleave"],"picked":"SKIP","floor":18},{"not_picked":["Iron Wave","Sword Boomerang","Metallicize"],"picked":"SKIP","floor":23},{"not_picked":["Thunderclap","Clash","Cleave+1"],"picked":"SKIP","floor":24},{"not_picked":["Iron Wave","Life Link","Twin Strike"],"picked":"SKIP","floor":27},{"not_picked":["Iron Wave","Life Link","Twin Strike"],"picked":"SKIP","floor":27},{"not_picked":["True Grit+1","Massacre+1","Pommel Strike"],"picked":"SKIP","floor":28},{"not_picked":["Dark Embrace+1","Headbutt","Pommel Strike"],"picked":"SKIP","floor":31},{"not_picked":["Fiend Fire","Berserk"],"picked":"Feed","floor":33},{"not_picked":["Entrench+1","Cleave+1","Twin Strike"],"picked":"SKIP","floor":35},{"not_picked":["Warcry+1","Sever Soul+1","Replay:Undeath\u0027s Touch"],"picked":"SKIP","floor":36},{"not_picked":["ReplayReversal+1","Iron Wave","Headbutt+1"],"picked":"SKIP","floor":38},{"not_picked":["hubris:CleavingFinish","True Grit","Pommel Strike"],"picked":"SKIP","floor":45},{"not_picked":["Perfected Strike","Havoc","ReplayTheSpireMod:Corrosion Curse+1"],"picked":"SKIP","floor":48}],"player_experience":662585,"relics_obtained":[{"floor":7,"key":"Ancient Tea Set"},{"floor":9,"key":"ReplayTheSpireMod:Lightbulb"},{"floor":14,"key":"Ice Cream"},{"floor":23,"key":"hubris:FunFungus"},{"floor":24,"key":"Champion Belt"},{"floor":26,"key":"hubris:64BitClover"},{"floor":27,"key":"Pen Nib"},{"floor":32,"key":"Mango"},{"floor":43,"key":"Incense Burner"},{"floor":45,"key":"Winged Necklace"}],"event_choices":[{"damage_healed":0,"gold_gain":0,"player_choice":"Entered Light","damage_taken":16,"max_hp_gain":0,"max_hp_loss":0,"event_name":"Shining Light","floor":2,"gold_loss":0,"cards_upgraded":["ReplayTheSpireMod:Muscle Training","Clash"]},{"cards_removed":["Run Through"],"damage_healed":0,"gold_gain":0,"player_choice":"Purged","damage_taken":0,"max_hp_gain":0,"max_hp_loss":0,"event_name":"Purifier","floor":3,"gold_loss":0},{"damage_healed":0,"gold_gain":0,"player_choice":"Take Damage","damage_taken":20,"relics_obtained":["Golden Idol"],"max_hp_gain":0,"max_hp_loss":0,"event_name":"Golden Idol","floor":10,"gold_loss":0},{"damage_healed":0,"gold_gain":0,"player_choice":"Bought 2 Potions","damage_taken":0,"max_hp_gain":0,"max_hp_loss":0,"event_name":"The Woman in Blue","floor":11,"gold_loss":0},{"damage_healed":0,"gold_gain":0,"player_choice":"Forge","damage_taken":0,"max_hp_gain":0,"max_hp_loss":0,"event_name":"Accursed Blacksmith","floor":25,"gold_loss":0,"cards_upgraded":["Demon Form"]},{"cards_removed":["Impatience"],"damage_healed":0,"gold_gain":0,"player_choice":"Removed Skill","damage_taken":0,"max_hp_gain":0,"max_hp_loss":0,"event_name":"Falling","floor":39,"gold_loss":0}],"is_beta":false,"boss_relics":[{"not_picked":["Tiny House","halation:SmartPhone"],"picked":"Replay:Bronze Core"},{"not_picked":["Replay:Grab Bag","hubris:ScarierMask"],"picked":"Painkiller Herb"}],"items_purged_floors":[8,21],"is_endless":false,"potions_floor_spawned":[1,5,16,24,27,31,36,38,48],"ascension_level":0}}