{"host":"7sni158j623xchr2","time":1613430782,"event":{"mods":["BaseMod","Colored Map","Highlight Path","Minty Spire (QoL Compilation)","Permanent Neow","Potion Indicator Mod","Rare Cards Sparkle","Relic Sorter","Relic Stats","StSLib","everything is the same but u backflip on backflip"],"gold_per_floor":[215,215,239,239,20,51,51,89,115,115,131,31,72,87,87,208,208,223,3,17,17,33,66,66,102,128,171,184,215,215,235,235,370,379,403,280,295,223,244,244,282,39,39,61,61,61,95,131,131,131,131],"floor_reached":50,"language":"ENG","playtime":1613,"items_purged":["Defend_R","Strike_R","Strike_R"],"score":704,"play_id":"5227996a-9ff5-421c-a243-4738d6b836d7","local_time":"20210215171302","is_ascension_mode":true,"campfire_choices":[{"data":"Cleave","floor":7,"key":"SMITH"},{"data":"Uppercut","floor":10,"key":"SMITH"},{"data":"Iron Wave","floor":15,"key":"SMITH"},{"data":"Immolate","floor":24,"key":"SMITH"},{"data":"True Grit","floor":32,"key":"SMITH"},{"floor":40,"key":"RECALL"},{"floor":49,"key":"REST"}],"circlet_count":0,"master_deck":["Strike_R","Strike_R","Strike_R+1","Defend_R","Defend_R","Defend_R","Cleave+1","Iron Wave+1","Ghostly Armor","Uppercut+1","Pommel Strike","Impervious","Immolate+1","True Grit+1","Corruption","CurseOfTheBell","Shrug It Off","Dual Wield","Ghostly Armor+1","Limit Break","Infernal Blade+1"],"relics":["Burning Blood","Golden Idol","Potion Belt","Lantern","Bag of Marbles","Bag of Preparation","Whetstone","Busted Crown","GremlinMask","Strawberry","Bird Faced Urn","CeramicFish","Darkstone Periapt","Nunchaku","Calling Bell","Bronze Scales","Pear","Prayer Wheel","Red Skull","Shovel","Orrery","Dream Catcher"],"acts_visited":["Exordium","TheCity","TheBeyond"],"potions_floor_usage":[6,6,27,33,33,41,47,50,50,50,50,50,50,50,50,50],"damage_taken":[{"damage":14,"enemies":"Jaw Worm","floor":1,"turns":4},{"damage":1,"enemies":"Cultist","floor":3,"turns":4},{"damage":24,"enemies":"Lagavulin","floor":6,"turns":5},{"damage":20,"enemies":"Gremlin Nob","floor":8,"turns":4},{"damage":0,"enemies":"2 Louse","floor":11,"turns":1},{"damage":8,"enemies":"3 Sentries","floor":13,"turns":6},{"damage":0,"enemies":"Red Slaver","floor":14,"turns":2},{"damage":49,"enemies":"The Guardian","floor":16,"turns":10},{"damage":3,"enemies":"Spheric Guardian","floor":18,"turns":3},{"damage":0,"enemies":"Chosen","floor":20,"turns":3},{"damage":8,"enemies":"Snake Plant","floor":22,"turns":4},{"damage":15,"enemies":"Slavers","floor":23,"turns":5},{"damage":2,"enemies":"Gremlin Leader","floor":25,"turns":6},{"damage":0,"enemies":"Slavers","floor":27,"turns":2},{"damage":3,"enemies":"Centurion and Healer","floor":28,"turns":5},{"damage":8,"enemies":"Book of Stabbing","floor":29,"turns":5},{"damage":0,"enemies":"Chosen and Byrds","floor":31,"turns":4},{"damage":77,"enemies":"Automaton","floor":33,"turns":11},{"damage":9,"enemies":"3 Darklings","floor":35,"turns":5},{"damage":4,"enemies":"Orb Walker","floor":37,"turns":3},{"damage":11,"enemies":"4 Shapes","floor":39,"turns":4},{"damage":63,"enemies":"Giant Head","floor":41,"turns":10},{"damage":11,"enemies":"Spire Growth","floor":44,"turns":5},{"damage":15,"enemies":"3 Darklings","floor":47,"turns":4},{"damage":26,"enemies":"Nemesis","floor":48,"turns":5},{"damage":57,"enemies":"Donu and Deca","floor":50,"turns":5}],"seed_played":"-5966485694351283388","potions_obtained":[{"floor":3,"key":"DuplicationPotion"},{"floor":4,"key":"DistilledChaos"},{"floor":4,"key":"EssenceOfSteel"},{"floor":13,"key":"SteroidPotion"},{"floor":18,"key":"BlessingOfTheForge"},{"floor":28,"key":"AttackPotion"},{"floor":31,"key":"Ancient Potion"},{"floor":33,"key":"Dexterity Potion"},{"floor":37,"key":"LiquidMemories"},{"floor":44,"key":"Regen Potion"},{"floor":47,"key":"Explosive Potion"},{"floor":48,"key":"Fire Potion"}],"is_trial":false,"path_per_floor":["M","?","M","?","$","E","R","E","T","R","M","$","E","M","R","B",null,"M","$","M","?","M","E","R","E","T","E","M","E","?","M","R","B",null,"M","?","M","$","M","R","E","$","T","M","?","?","M","E","R","B"],"character_chosen":"IRONCLAD","items_purchased":["Potion Belt","True Grit","PowerPotion","Shrug It Off","Dual Wield","EntropicBrew","Orrery"],"campfire_rested":1,"item_purchase_floors":[5,19,19,38,38,42,42],"current_hp_per_floor":[72,72,74,74,74,56,56,42,42,42,48,48,46,52,52,9,74,74,74,74,74,72,70,70,74,74,80,81,79,79,81,81,10,97,94,94,97,97,92,92,39,39,39,36,36,36,34,16,45,0,0],"gold":131,"neow_bonus":"HUNDRED_GOLD","is_daily":false,"chose_seed":false,"campfire_upgraded":5,"win_rate":0.0,"timestamp":1613430782,"path_taken":["M","?","M","?","$","E","R","E","T","R","M","$","E","M","R","BOSS","M","$","?","?","?","E","R","E","T","E","M","E","?","M","R","BOSS","M","?","M","$","?","R","E","?","T","?","?","?","?","E","R","BOSS"],"items_purchased_type":["Relic","Card","Potion","Card","Card","Potion","Relic"],"build_version":"2020-12-22","purchased_purges":3,"victory":false,"max_hp_per_floor":[80,74,74,74,74,74,74,74,74,74,74,74,74,74,74,74,74,74,74,74,74,74,81,81,81,81,81,81,81,81,81,81,81,97,97,97,97,97,97,97,97,97,97,97,97,97,97,97,97,97,97],"relic_stats":{"Darkstone Periapt":6,"counters":[26,125],"Golden Idol":162,"CeramicFish":63,"Bag of Preparation":[44],"Whetstone":["Strike_R","Bash"],"Burning Blood":131,"Nunchaku":[13],"Dream Catcher":1,"Busted Crown":58,"Shovel":0,"Bird Faced Urn":[14],"Bronze Scales":[118],"Prayer Wheel":5,"obtain_stats":[{"Potion Belt":5,"Darkstone Periapt":27,"Lantern":6,"Pear":34,"Golden Idol":2,"CeramicFish":26,"GremlinMask":21,"Bag of Preparation":9,"Whetstone":13,"Burning Blood":0,"Calling Bell":34,"Nunchaku":29,"Dream Catcher":48,"Busted Crown":17,"Shovel":41,"Strawberry":23,"Bird Faced Urn":25,"Bronze Scales":34,"Orrery":42,"Prayer Wheel":34,"Bag of Marbles":8,"Red Skull":36},{"Potion Belt":2,"Darkstone Periapt":14,"Lantern":3,"Pear":18,"Golden Idol":1,"CeramicFish":13,"GremlinMask":10,"Bag of Preparation":4,"Whetstone":6,"Burning Blood":0,"Calling Bell":18,"Nunchaku":16,"Dream Catcher":25,"Busted Crown":8,"Shovel":22,"Strawberry":12,"Bird Faced Urn":13,"Bronze Scales":18,"Orrery":22,"Prayer Wheel":18,"Bag of Marbles":4,"Red Skull":19},{"Potion Belt":8,"Darkstone Periapt":59,"Lantern":13,"Pear":84,"Golden Idol":4,"CeramicFish":57,"GremlinMask":42,"Bag of Preparation":17,"Whetstone":24,"Burning Blood":0,"Calling Bell":84,"Nunchaku":69,"Dream Catcher":120,"Busted Crown":36,"Shovel":106,"Strawberry":51,"Bird Faced Urn":57,"Bronze Scales":84,"Orrery":106,"Prayer Wheel":84,"Bag of Marbles":17,"Red Skull":89}]},"card_choices":[{"not_picked":["Sword Boomerang","Twin Strike"],"picked":"Cleave","floor":1},{"not_picked":["Warcry","Perfected Strike"],"picked":"Iron Wave","floor":3},{"not_picked":["Sentinel","Clothesline"],"picked":"Ghostly Armor","floor":6},{"not_picked":["Warcry","Wild Strike"],"picked":"Uppercut","floor":8},{"not_picked":["Fire Breathing","Clash"],"picked":"Pommel Strike","floor":11},{"not_picked":["Feel No Pain","Shrug It Off"],"picked":"Impervious","floor":13},{"not_picked":["Headbutt","Anger","Iron Wave"],"picked":"SKIP","floor":14},{"not_picked":["Double Tap","Exhume"],"picked":"Immolate","floor":16},{"not_picked":["Anger"],"picked":"SKIP","floor":18},{"not_picked":["Twin Strike"],"picked":"SKIP","floor":20},{"not_picked":["Clash"],"picked":"SKIP","floor":22},{"not_picked":["Pommel Strike"],"picked":"SKIP","floor":23},{"not_picked":["Searing Blow"],"picked":"SKIP","floor":25},{"not_picked":["Entrench"],"picked":"SKIP","floor":27},{"not_picked":["Body Slam"],"picked":"SKIP","floor":28},{"not_picked":["Combust"],"picked":"SKIP","floor":29},{"not_picked":["Reckless Charge+1"],"picked":"SKIP","floor":31},{"not_picked":[],"picked":"Corruption","floor":33},{"not_picked":["Heavy Blade"],"picked":"SKIP","floor":35},{"not_picked":["Headbutt+1"],"picked":"SKIP","floor":35},{"not_picked":["Searing Blow+1"],"picked":"SKIP","floor":37},{"not_picked":["Thunderclap+1"],"picked":"SKIP","floor":37},{"not_picked":["Uppercut"],"picked":"SKIP","floor":39},{"not_picked":["Carnage+1"],"picked":"SKIP","floor":39},{"not_picked":["Sword Boomerang"],"picked":"SKIP","floor":41},{"not_picked":[],"picked":"Ghostly Armor+1","floor":42},{"not_picked":[],"picked":"Limit Break","floor":44},{"not_picked":["Body Slam+1"],"picked":"SKIP","floor":44},{"not_picked":[],"picked":"Infernal Blade+1","floor":47},{"not_picked":["Sword Boomerang"],"picked":"SKIP","floor":47},{"not_picked":["Uppercut+1"],"picked":"SKIP","floor":48}],"player_experience":1806502,"relics_obtained":[{"floor":6,"key":"Lantern"},{"floor":8,"key":"Bag of Marbles"},{"floor":9,"key":"Bag of Preparation"},{"floor":13,"key":"Whetstone"},{"floor":23,"key":"Strawberry"},{"floor":25,"key":"Bird Faced Urn"},{"floor":26,"key":"CeramicFish"},{"floor":27,"key":"Darkstone Periapt"},{"floor":29,"key":"Nunchaku"},{"floor":34,"key":"Bronze Scales"},{"floor":34,"key":"Pear"},{"floor":34,"key":"Prayer Wheel"},{"floor":41,"key":"Shovel"},{"floor":48,"key":"Dream Catcher"}],"event_choices":[{"damage_healed":0,"gold_gain":0,"player_choice":"Lose Max HP","damage_taken":0,"relics_obtained":["Golden Idol"],"max_hp_gain":0,"max_hp_loss":6,"event_name":"Golden Idol","floor":2,"gold_loss":0},{"damage_healed":0,"gold_gain":0,"player_choice":"Got Potions","damage_taken":0,"max_hp_gain":0,"max_hp_loss":0,"event_name":"Lab","floor":4,"gold_loss":0},{"damage_healed":0,"gold_gain":0,"player_choice":"Trade","damage_taken":0,"relics_obtained":["GremlinMask"],"max_hp_gain":0,"max_hp_loss":0,"event_name":"FaceTrader","floor":21,"gold_loss":0},{"damage_healed":0,"gold_gain":0,"player_choice":"Ignored","damage_taken":0,"max_hp_gain":0,"max_hp_loss":0,"event_name":"Ghosts","floor":30,"gold_loss":0},{"damage_healed":0,"gold_gain":0,"player_choice":"Paid Gold","damage_taken":0,"relics_obtained":["Red Skull"],"max_hp_gain":0,"max_hp_loss":0,"event_name":"WeMeetAgain","floor":36,"gold_loss":123},{"cards_removed":["Bash"],"damage_healed":0,"gold_gain":0,"player_choice":"Removed Attack","damage_taken":0,"max_hp_gain":0,"max_hp_loss":0,"event_name":"Falling","floor":45,"gold_loss":0},{"damage_healed":0,"gold_gain":0,"player_choice":"Bought 0 Potions","damage_taken":0,"max_hp_gain":0,"max_hp_loss":0,"event_name":"The Woman in Blue","floor":46,"gold_loss":0}],"is_beta":false,"boss_relics":[{"not_picked":["Astrolabe","Runic Dome"],"picked":"Busted Crown"},{"not_picked":["Philosopher\u0027s Stone","Mark of Pain"],"picked":"Calling Bell"}],"items_purged_floors":[5,12,19],"is_endless":false,"potions_floor_spawned":[3,13,18,28,31,33,37,44,47,48],"killed_by":"Donu and Deca","ascension_level":1}}