{"host":"b7dyfc527bmrkvbm","time":1613367423,"event":{"mods":["2.2 Compatiblity","Act Like it!","BaseMod","BetterRewards","Conspire","Downfall","Duelist Mod","Hubris","Infinite Spire","Mimic Mod","Minty Spire (QoL Compilation)","Prisma Mod","Replay The Spire","Shop Mod","StSLib","The Accelerator","The Animator","The Blackbeard","The Construct","The Cursed","The Disciple","The Jungle","The Runesmith","The Vixen"],"gold_per_floor":[111,72,247,247,267,293,293,304,335,68,108,122,137,152,152,249,249,265,282,282,282,282,315,315,363,363,363,363,423,423,436,436,537,537,593,593,648,648,648,675,36,51,83,83,83,83,110,124,124,227,227,262,262],"floor_reached":52,"language":"ENG","playtime":5692,"items_purged":["Doubt","Shame","PrismaMod:MiyuDefenseExplosion"],"score":748,"play_id":"2a32d367-c78c-4a74-acb4-81b6c344dd9b","local_time":"20210215003703","is_ascension_mode":false,"campfire_choices":[{"data":"PrismaMod:MiyuCheapChannelRandom","floor":7,"key":"SMITH"},{"floor":15,"key":"RECALL"},{"data":"PrismaMod:MiyuCommonAttack","floor":32,"key":"PURGE"}],"circlet_count":0,"master_deck":["PrismaMod:MiyuCommonDefend","PrismaMod:MiyuCommonDefend","PrismaMod:MiyuCommonAttack","PrismaMod:MiyuCommonAttack","PrismaMod:MiyuCommonAttack","PrismaMod:MiyuCheapChannelAttack","PrismaMod:MiyuCheapChannelDefend","PrismaMod:MiyuCheapChannelAttack","PrismaMod:MiyuBride","PrismaMod:MiyuAttackChannelVul","PrismaMod:MiyuUberAttack","PrismaMod:MiyuEvokeAll","PrismaMod:MiyuUncommonStrBuff","PrismaMod:MiyuUncommonStrBuff","PrismaMod:MiyuCheapDefend2","PrismaMod:MiyuUncommonDexBuff","PrismaMod:MiyuUncommonDexBuff","PrismaMod:MiyuDefendChannelDefend+1","PrismaMod:MiyuUncommonStrBuff","PrismaMod:MiyuCheapStrBuff+1","PrismaMod:MiyuUncommonPlate+1","infinitespire:DeathsTouch","PrismaMod:MiyuCheapDefend1","infinitespire:Execution","hubris:NaturalOne","PrismaMod:MiyuAttackChannelAttack","PrismaMod:MiyuCheapDefend2","PrismaMod:MiyuAttackChannelAttack+1","PrismaMod:MiyuEvokeCheapAttack+1","PrismaMod:MiyuUncommonPlate","PrismaMod:MiyuDevil","PrismaMod:MiyuUncommonDexBuff+1","PrismaMod:MiyuUncommonPlate+1","PrismaMod:MiyuEvokeAllAttack"],"relics":["PrismaMod:PrismaSapphire","NeowsBlessing","conspire:BottledYoYo","Replay:Wax Seal","Fusion Hammer","theJungle:SneckoAutograph","Ring of Peace","ReplayTheSpireMod:Ring of Challenge","hubris:PeanutButter","Question Card","HornCleat","Coffee Dripper","Sling","hubris:Icosahedron","theJungle:WildPear","Kintsugi","hubris:ToyBattleship","Bag of Marbles","Guide Book","hubris:64BitClover","StoneCalendar","Counterbalance","Garlic","Runesmith:UraniumAnvil"],"acts_visited":["Exordium","theJungle:Jungle","TheBeyond","Exordium"],"potions_floor_usage":[16,16,23,33,33,50,50,50,50],"damage_taken":[{"damage":0,"enemies":"Jaw Worm","floor":1,"turns":1},{"damage":0,"enemies":"Small Slimes","floor":5,"turns":1},{"damage":0,"enemies":"Gremlin Nob","floor":6,"turns":1},{"damage":9,"enemies":"Cultist","floor":8,"turns":5},{"damage":13,"enemies":"Looter","floor":9,"turns":7},{"damage":16,"enemies":"conspire:MimicChest","floor":11,"turns":8},{"damage":0,"enemies":"Looter","floor":12,"turns":4},{"damage":4,"enemies":"Large Slime","floor":13,"turns":5},{"damage":5,"enemies":"conspire:2 RoseBushes","floor":14,"turns":5},{"damage":3,"enemies":"Hexaghost","floor":16,"turns":8},{"damage":2,"enemies":"theJungle:GiantWrat","floor":18,"turns":6},{"damage":0,"enemies":"theJungle:5_Spyders","floor":19,"turns":9},{"damage":0,"enemies":"theJungle:Cassacara","floor":23,"turns":6},{"damage":0,"enemies":"Nightmare","floor":25,"turns":10},{"damage":0,"enemies":"theJungle:SlimyTreeVines","floor":29,"turns":6},{"damage":0,"enemies":"theJungle:2_Snecko_Cultists","floor":31,"turns":4},{"damage":3,"enemies":"theJungle:FunGuy","floor":33,"turns":9},{"damage":12,"enemies":"3 Shapes","floor":35,"turns":4},{"damage":0,"enemies":"Orb Walker","floor":37,"turns":4},{"damage":0,"enemies":"Giant Head","floor":40,"turns":7},{"damage":0,"enemies":"Jaw Worm Horde","floor":42,"turns":3},{"damage":0,"enemies":"Spire Growth","floor":43,"turns":6},{"damage":0,"enemies":"Reptomancer","floor":47,"turns":5},{"damage":0,"enemies":"Spire Growth","floor":48,"turns":5},{"damage":2,"enemies":"Replay:Hell Engine","floor":50,"turns":8},{"damage":114,"enemies":"Cultist","floor":52,"turns":8}],"seed_played":"823482364110707691","potions_obtained":[{"floor":1,"key":"CultistPotion"},{"floor":5,"key":"Elixir"},{"floor":11,"key":"Weak Potion"},{"floor":12,"key":"PowerPotion"},{"floor":16,"key":"construct:ShiftPotion"},{"floor":18,"key":"Strength Potion"},{"floor":29,"key":"Cursed Concoction"},{"floor":31,"key":"Adrenaline Potion"},{"floor":35,"key":"SteroidPotion"},{"floor":37,"key":"Guardian:BlockOnCardUsePotion"},{"floor":39,"key":"LiquidMemories"},{"floor":39,"key":"Block Potion"},{"floor":42,"key":"FearPotion"},{"floor":47,"key":"Strength Potion"}],"is_trial":false,"path_per_floor":["M","$","?","?","M","E","R","M","MIM","$","?","M","M","M","R","B",null,"M","M","?","?","?","E","?","NM","T","AVR","?","M","?","M","R","B",null,"M","?","M","?","?","E","$","M","MIM","?","?","R","E","M","R","B",null,"M"],"character_chosen":"MIYU","items_purchased":["PrismaMod:MiyuCheapChannelRandom","PrismaMod:MiyuUncommonStrBuff","PrismaMod:MiyuCheapDefend2","Guide Book","PrismaMod:MiyuDevil","StoneCalendar"],"campfire_rested":0,"item_purchase_floors":[2,10,10,41,41,41],"current_hp_per_floor":[75,75,75,75,75,75,75,66,57,57,45,45,45,44,44,45,75,73,75,75,75,58,62,72,75,75,75,75,75,85,85,85,82,85,73,73,73,73,73,77,77,77,81,81,91,91,91,91,91,91,91,0,0],"gold":262,"neow_bonus":"THREE_ENEMY_KILL","is_daily":false,"chose_seed":false,"campfire_upgraded":1,"win_rate":0.0,"timestamp":1613367423,"path_taken":["M","$","?","?","M","E","R","M","MIM","?","?","M","?","M","R","BOSS","M","M","?","?","?","E","?","NM","T","AVR","?","M","?","?","R","BOSS","M","?","?","?","?","E","$","M","MIM","?","?","R","E","M","R","BOSS","M"],"items_purchased_type":["Card","Card","Card","Relic","Card","Relic"],"build_version":"2020-12-22","purchased_purges":3,"victory":false,"max_hp_per_floor":[75,75,75,75,75,75,75,75,75,75,75,75,75,75,75,75,75,75,75,75,75,75,75,75,75,75,75,75,75,85,85,85,85,85,85,85,85,85,85,85,85,85,85,81,91,91,91,91,91,91,91,91,91],"card_choices":[{"not_picked":["PrismaMod:MiyuCheapEvoke","PrismaMod:MiyuEvokeBuffDex"],"picked":"PrismaMod:MiyuCheapChannelAttack","floor":1},{"not_picked":["PrismaMod:MiyuEvokeBuffStr","PrismaMod:MiyuCheapPlate"],"picked":"PrismaMod:MiyuAttackChannelVul","floor":5},{"not_picked":["PrismaMod:MiyuEvokeCheapAttack","PrismaMod:MiyuCheapChannelWeak"],"picked":"PrismaMod:MiyuUberAttack","floor":6},{"not_picked":["PrismaMod:MiyuUncommonAOEAttack","PrismaMod:MiyuDevil"],"picked":"PrismaMod:MiyuCheapChannelDefend","floor":8},{"not_picked":["PrismaMod:MiyuUberAOEAttack","PrismaMod:MiyuCheapChannelRandom"],"picked":"PrismaMod:MiyuEvokeAll","floor":9},{"not_picked":["PrismaMod:MiyuUncommonAOEAttack","PrismaMod:MiyuEvokeBuffDex"],"picked":"PrismaMod:MiyuUncommonDexBuff","floor":11},{"not_picked":["PrismaMod:MiyuEvokeCheapAttack","PrismaMod:MiyuCheapChannelVul"],"picked":"PrismaMod:MiyuUncommonDexBuff","floor":12},{"not_picked":["PrismaMod:MiyuCarnivalAttack","PrismaMod:MiyuUncommonAttack"],"picked":"PrismaMod:MiyuDefendChannelDefend","floor":13},{"not_picked":["PrismaMod:MiyuCheapChannelRandom","PrismaMod:MiyuCarnivalAttack"],"picked":"PrismaMod:MiyuUncommonStrBuff","floor":14},{"not_picked":["PrismaMod:MiyuCarnivalDefend","PrismaMod:MiyuBride"],"picked":"PrismaMod:MiyuChannelAttackEvoke","floor":16},{"not_picked":["PrismaMod:MiyuCheapEvoke","PrismaMod:MiyuCheapChannelVul"],"picked":"PrismaMod:MiyuCheapStrBuff+1","floor":18},{"not_picked":["PrismaMod:MiyuAttackChannelWeak","PrismaMod:MiyuEvokeBuffDex"],"picked":"PrismaMod:MiyuUncommonPlate+1","floor":19},{"not_picked":["infinitespire:SevenWalls","infinitespire:Starlight"],"picked":"infinitespire:DeathsTouch","floor":22},{"not_picked":["PrismaMod:MiyuCheapChannelHeal","PrismaMod:MiyuUncommonDexBuff","PrismaMod:MiyuUncommonAttack"],"picked":"SKIP","floor":23},{"not_picked":["PrismaMod:MiyuCheapStrBuff+1","PrismaMod:MiyuCheapChannelVul"],"picked":"PrismaMod:MiyuCheapDefend1","floor":25},{"not_picked":["PrismaMod:MiyuEvokeCheapAttack","PrismaMod:MiyuCheapAttack2","PrismaMod:MiyuCheapChannelHeal"],"picked":"PrismaMod:MiyuDefenseExplosion","floor":29},{"not_picked":["PrismaMod:MiyuEvokeCheapDefend","PrismaMod:MiyuUncommonStrBuff","PrismaMod:MiyuCheapEvoke"],"picked":"PrismaMod:MiyuAttackChannelAttack","floor":31},{"not_picked":["PrismaMod:MiyuUberDefend","PrismaMod:MiyuDefenseAbsorbMinor","PrismaMod:MiyuCarnivalDefend"],"picked":"PrismaMod:MiyuCheapDefend2","floor":33},{"not_picked":["PrismaMod:MiyuEvokeBuffStr+1","PrismaMod:MiyuCheapChannelWeak","PrismaMod:MiyuCheapAttack1"],"picked":"PrismaMod:MiyuAttackChannelAttack+1","floor":35},{"not_picked":["PrismaMod:MiyuEvokeBuffDex","PrismaMod:MiyuCheapChannelHeal+1","PrismaMod:MiyuCheapAttack2"],"picked":"PrismaMod:MiyuEvokeCheapAttack+1","floor":37},{"not_picked":["PrismaMod:MiyuChannelAttackEvoke","PrismaMod:MiyuEvokeCheapAttack+1","PrismaMod:MiyuCommonAOEAttack"],"picked":"PrismaMod:MiyuUncommonPlate","floor":40},{"not_picked":["PrismaMod:MiyuCheapAttack2+1","PrismaMod:MiyuCheapStrBuff","PrismaMod:MiyuEvokeCheapAttack"],"picked":"PrismaMod:MiyuUncommonDexBuff+1","floor":42},{"not_picked":["PrismaMod:MiyuEvokeCheapAttack","PrismaMod:MiyuUberAttack+1","PrismaMod:MiyuEvokeCheapDefend","PrismaMod:MiyuUncommonAttack"],"picked":"SKIP","floor":47},{"not_picked":["PrismaMod:MiyuUncommonStrBuff+1","PrismaMod:MiyuCheapChannelVul","PrismaMod:MiyuCheapPlate"],"picked":"PrismaMod:MiyuUncommonPlate+1","floor":48},{"not_picked":["PrismaMod:MiyuEvokeAllDefend","PrismaMod:MiyuDefendChannelDefend","PrismaMod:MiyuUberDefend"],"picked":"PrismaMod:MiyuEvokeAllAttack","floor":50}],"player_experience":609080,"relics_obtained":[{"floor":6,"key":"conspire:BottledYoYo"},{"floor":11,"key":"Replay:Wax Seal"},{"floor":21,"key":"Ring of Peace"},{"floor":21,"key":"ReplayTheSpireMod:Ring of Challenge"},{"floor":23,"key":"hubris:PeanutButter"},{"floor":25,"key":"Question Card"},{"floor":26,"key":"HornCleat"},{"floor":37,"key":"hubris:ToyBattleship"},{"floor":40,"key":"Bag of Marbles"},{"floor":43,"key":"Counterbalance"},{"floor":47,"key":"Garlic"}],"event_choices":[{"damage_healed":0,"gold_gain":175,"player_choice":"AGREE","damage_taken":0,"max_hp_gain":0,"max_hp_loss":0,"event_name":"Liars Game","floor":3,"gold_loss":0,"cards_obtained":["Doubt"]},{"damage_healed":0,"gold_gain":0,"cards_transformed":["PrismaMod:MiyuCommonDefend"],"player_choice":"Change","damage_taken":0,"max_hp_gain":0,"max_hp_loss":0,"event_name":"Living Wall","floor":4,"gold_loss":0,"cards_obtained":["PrismaMod:MiyuBride"]},{"cards_removed":["Clumsy","animator:Curse_Nutcracker","hubris:NaturalOne"],"damage_healed":0,"gold_gain":0,"player_choice":"Removed Curses","damage_taken":0,"max_hp_gain":0,"max_hp_loss":0,"event_name":"Fountain of Cleansing","floor":36,"gold_loss":0},{"damage_healed":0,"gold_gain":0,"player_choice":"Ignored","damage_taken":0,"max_hp_gain":0,"max_hp_loss":0,"event_name":"Tomb of Lord Red Mask","floor":38,"gold_loss":0},{"damage_healed":0,"gold_gain":0,"player_choice":"Got Potions","damage_taken":0,"max_hp_gain":0,"max_hp_loss":0,"event_name":"Lab","floor":39,"gold_loss":0},{"damage_healed":0,"gold_gain":0,"player_choice":"Max HP","damage_taken":0,"max_hp_gain":0,"max_hp_loss":4,"event_name":"Winding Halls","floor":44,"gold_loss":0},{"cards_removed":["PrismaMod:MiyuChannelAttackEvoke"],"damage_healed":0,"gold_gain":0,"player_choice":"Offered Rare","damage_taken":0,"max_hp_gain":10,"max_hp_loss":0,"event_name":"Bonfire Elementals","floor":45,"gold_loss":0}],"is_beta":false,"boss_relics":[{"not_picked":["Busted Crown","bronze:MakeshiftBattery"],"picked":"Fusion Hammer"},{"not_picked":["Replay:Drink Me","Cursed Key"],"picked":"Kintsugi"},{"not_picked":["hubris:GrandSneckoEye","conspire:RunicOctahedron"],"picked":"Runesmith:UraniumAnvil"}],"items_purged_floors":[10,27,41],"is_endless":true,"potions_floor_spawned":[1,5,11,12,14,16,18,29,31,35,37,42,47],"killed_by":"Cultist","ascension_level":0}}