{"host":"3mt4w4o4jnuk8q1t","time":1613392320,"event":{"mods":["Act Like it!","BaseMod","Colored Map","Colored Powertips","Decade(王小明)","Gensokyo","GungeonMod","Hermit","Jedi Mod","Marisa（F雨　魔理沙）","Minty Spire (QoL Compilation)","Red Circlet Mod","Reimu（博丽灵梦）","Remilia（蕾米莉亚）","Replay The Spire","RumiaBox-露米娅的神秘盒子","Shop Mod","Spicy Shops","StSLib","TestMod","The Jungle","Waifu the Spire","Yakumo Yukari mod","Youmu（魂魄妖梦）","[IsaacMod]以撒尖塔","【功能Mod】混沌之环修复补丁","【功能Mod】聪明的最终Boss"],"gold_per_floor":[112,112,124,124,143,143,143],"floor_reached":6,"language":"ZHS","playtime":660,"items_purged":[],"score":38,"play_id":"8ff81862-81a8-460f-959e-aa5b77fd141f","local_time":"20210215203200","is_ascension_mode":true,"campfire_choices":[],"circlet_count":0,"master_deck":["Decade_Attack","Decade_Attack","Decade_Attack","Decade_Attack","KamenRide","Decade_SpecialSkill","Decade_Defend","Decade_Defend","Decade_Defend","Decade_Defend","KamenRideKiva","Kiva_Frozen","UnarmedAttack1","FormRideBasshaa","Gensokyo:CrescentMoonSlash","DragShield"],"relics":["Decadriver","TOEIDeficitBill","HushsDoor","testmod-TestBox","SteamSale","testmod-CardMagician","Gensokyo:YoukaiFlower","Baka2"],"acts_visited":["Exordium"],"potions_floor_usage":[],"damage_taken":[{"damage":9,"enemies":"Gensokyo:Gryphon","floor":1,"turns":3},{"damage":9,"enemies":"Gensokyo:2_Kodama","floor":3,"turns":3},{"damage":0,"enemies":"Gensokyo:Python","floor":5,"turns":1},{"damage":1,"enemies":"Gensokyo:Mamizou","floor":6,"turns":5}],"seed_played":"-101417120429777438","potions_obtained":[{"floor":5,"key":"Energy Potion"}],"is_trial":false,"path_per_floor":["M","?","M","?","M","E"],"character_chosen":"Decade","items_purchased":[],"campfire_rested":0,"item_purchase_floors":[],"current_hp_per_floor":[61,61,55,45,45,39,39],"gold":143,"neow_bonus":"THREE_CARDS","is_daily":false,"chose_seed":false,"campfire_upgraded":0,"win_rate":0.0,"timestamp":1613392320,"path_taken":["M","?","?","?","?","E"],"items_purchased_type":[],"build_version":"2020-12-22","purchased_purges":0,"victory":false,"max_hp_per_floor":[70,70,70,70,70,78,78],"card_choices":[{"not_picked":[],"picked":"BettingIsNotGood","floor":0},{"not_picked":["UnarmedAttack6","FormRideTitan"],"picked":"KamenRideKiva","floor":0},{"not_picked":["AttackRide","UnarmedAttack3"],"picked":"Kiva_Frozen","floor":1},{"not_picked":["Blade_Slash","Decade_Dash1","Decade_Defend2"],"picked":"SKIP","floor":1},{"not_picked":["KamenRideKuuga","Decade_Dash1"],"picked":"UnarmedAttack1","floor":3},{"not_picked":["UnarmedAttack5","Blade_Slash"],"picked":"FormRideBasshaa","floor":3},{"not_picked":["FormRidePegasus","Decade_Invisible"],"picked":"DragShield","floor":5}],"player_experience":200973,"relics_obtained":[{"floor":1,"key":"Baka"},{"floor":3,"key":"Baka2"}],"event_choices":[],"is_beta":false,"boss_relics":[],"items_purged_floors":[],"is_endless":false,"potions_floor_spawned":[5],"killed_by":"Gensokyo:Mamizou","ascension_level":1}}