{"host":"344lv32hnei0mdhu","time":1613413546,"event":{"mods":["Act Like it!","BaseMod","Better Match","Better Sensory Stone","Better Skull","Better Third Choice","Better Vampires","Colored Powertips","Highlight Path","Minty Spire (QoL Compilation)","Quick Restart","Random Character Button","Rare Cards Sparkle","StSLib"],"gold_per_floor":[109,109,119,84,84,84,84,116,116,135,135,164,22,22,22,119,119,135,135,97,109,109,109,109,109,136,136,164,89,99,128,128,231,231,244,261,261,261,18,18,18,18,93,93,12,12,12,12,12,12,12,12,12,44,44,44],"floor_reached":55,"language":"ENG","playtime":6156,"items_purged":["Eruption","Writhe"],"score":1187,"play_id":"ceb17a15-2201-47d4-aea5-c6b242e64e0d","local_time":"20210215122546","is_ascension_mode":true,"campfire_choices":[{"data":"TalkToTheHand","floor":6.0,"key":"SMITH"},{"data":"Pray","floor":11.0,"key":"SMITH"},{"data":"Brilliance","floor":15.0,"key":"SMITH"},{"data":"LikeWater","floor":23.0,"key":"SMITH"},{"data":"Alpha","floor":25.0,"key":"SMITH"},{"data":"LikeWater","floor":27.0,"key":"SMITH"},{"floor":32.0,"key":"REST"},{"floor":40.0,"key":"RECALL"},{"data":"DevaForm","floor":42.0,"key":"SMITH"},{"data":"Omniscience","floor":44.0,"key":"SMITH"},{"data":"TalkToTheHand","floor":49.0,"key":"SMITH"},{"floor":52.0,"key":"REST"}],"circlet_count":0,"master_deck":["AscendersBane","Vigilance+1","FollowUp","TalkToTheHand+1","Pray","Pray+1","Protect","Brilliance+1","SignatureMove","Alpha+1","LikeWater+1","LikeWater+1","Perseverance","DevaForm+1","Omniscience+1","Indignation+1","Protect","TalkToTheHand+1","Master of Strategy","Fasting2+1"],"relics":["PureWater","NeowsBlessing","Strawberry","Ancient Tea Set","Art of War","Sundial","Sozu","Enchiridion","Prayer Wheel","PreservedInsect","Black Star","Lee\u0027s Waffle","Ornamental Fan","Oddly Smooth Stone","Centennial Puzzle"],"acts_visited":["Exordium","TheCity","TheBeyond","TheEnding"],"potions_floor_usage":[],"damage_taken":[{"damage":0.0,"enemies":"Cultist","floor":1.0,"turns":1.0},{"damage":0.0,"enemies":"Jaw Worm","floor":3.0,"turns":1.0},{"damage":0.0,"enemies":"Lagavulin","floor":8.0,"turns":1.0},{"damage":4.0,"enemies":"2 Louse","floor":10.0,"turns":3.0},{"damage":0.0,"enemies":"3 Sentries","floor":12.0,"turns":5.0},{"damage":36.0,"enemies":"Slime Boss","floor":16.0,"turns":11.0},{"damage":2.0,"enemies":"Chosen","floor":18.0,"turns":5.0},{"damage":24.0,"enemies":"Shell Parasite","floor":21.0,"turns":2.0},{"damage":19.0,"enemies":"Gremlin Leader","floor":28.0,"turns":5.0},{"damage":12.0,"enemies":"Cultist and Chosen","floor":30.0,"turns":4.0},{"damage":16.0,"enemies":"Book of Stabbing","floor":31.0,"turns":5.0},{"damage":6.0,"enemies":"Automaton","floor":33.0,"turns":6.0},{"damage":11.0,"enemies":"3 Shapes","floor":35.0,"turns":5.0},{"damage":15.0,"enemies":"3 Darklings","floor":36.0,"turns":5.0},{"damage":56.0,"enemies":"Donu and Deca","floor":50.0,"turns":5.0},{"damage":47.0,"enemies":"Shield and Spear","floor":54.0,"turns":6.0},{"damage":76,"enemies":"The Heart","floor":55,"turns":3}],"seed_played":"4953297755876334141","potions_obtained":[{"floor":8.0,"key":"Fire Potion"},{"floor":10.0,"key":"LiquidMemories"},{"floor":12.0,"key":"Energy Potion"},{"floor":16.0,"key":"SpeedPotion"}],"is_trial":false,"path_per_floor":["M","?","M","?","T","R","?","E","T","M","R","E","$","?","R","B",null,"M","?","$","M","?","R","?","R","T","R","E","$","M","E","R","B",null,"M","M","?","?","$","R","?","R","T","R","$","$","?","?","R","B",null,"R","$","E","B"],"character_chosen":"WATCHER","items_purchased":["Brilliance","SignatureMove","LikeWater","Lee\u0027s Waffle","TalkToTheHand"],"campfire_rested":2,"item_purchase_floors":[13,13,20,39,45],"current_hp_per_floor":[65,51,51,69,76,76,79,79,79,75,75,75,75,75,75,39,69,67,67,67,43,69,69,53,53,53,53,34,34,22,6,29,23,65,54,39,39,59,86,86,86,86,86,86,86,86,86,86,86,30,72,86,86,39,0,0],"gold":44,"neow_bonus":"THREE_ENEMY_KILL","is_daily":false,"chose_seed":false,"campfire_upgraded":9,"win_rate":0.0,"timestamp":1613413546,"path_taken":["M","?","M","?","?","R","?","E","T","?","R","E","$","?","R","BOSS","M","?","$","M","?","R","?","R","T","R","E","?","?","E","R","BOSS","M","M","?","?","$","R","?","R","T","R","?","$","?","?","R","BOSS","R","$","E","BOSS"],"items_purchased_type":["Card","Card","Card","Relic","Card"],"build_version":"2020-12-22","purchased_purges":2,"victory":false,"max_hp_per_floor":[72,72,72,72,79,79,79,79,79,79,79,79,79,79,79,79,79,79,79,79,79,79,79,79,79,79,79,79,79,79,79,79,79,79,79,79,79,79,86,86,86,86,86,86,86,86,86,86,86,86,86,86,86,86,86,86],"card_choices":[{"not_picked":["SashWhip","ThirdEye"],"picked":"FollowUp","floor":1.0},{"not_picked":["Pray","WaveOfTheHand"],"picked":"TalkToTheHand","floor":3.0},{"not_picked":["PathToVictory","FearNoEvil"],"picked":"Pray","floor":8.0},{"not_picked":["CutThroughFate","CrushJoints"],"picked":"Pray","floor":10.0},{"not_picked":["JustLucky","Weave"],"picked":"Protect","floor":12.0},{"not_picked":["SpiritShield","LessonLearned"],"picked":"Alpha","floor":16.0},{"not_picked":["BowlingBash","FollowUp","WreathOfFlame+1"],"picked":"SKIP","floor":18.0},{"not_picked":["JustLucky+1","Collect"],"picked":"LikeWater","floor":21.0},{"not_picked":["FlyingSleeves","Worship"],"picked":"Perseverance","floor":28.0},{"not_picked":["Study","JustLucky"],"picked":"DevaForm","floor":30.0},{"not_picked":["Establishment","SashWhip","CutThroughFate"],"picked":"SKIP","floor":30.0},{"not_picked":["BattleHymn","SandsOfTime","Tantrum"],"picked":"SKIP","floor":31.0},{"not_picked":["LessonLearned","Brilliance"],"picked":"Omniscience","floor":33.0},{"not_picked":["Consecrate","FlyingSleeves"],"picked":"Indignation+1","floor":35.0},{"not_picked":["SashWhip","ThirdEye","BattleHymn"],"picked":"SKIP","floor":35.0},{"not_picked":["Weave","Meditate"],"picked":"Vault","floor":36.0},{"not_picked":["EmptyMind+1","CrushJoints"],"picked":"Protect","floor":36.0},{"not_picked":["Magnetism","Forethought"],"picked":"Master of Strategy","floor":47.0},{"not_picked":["InnerPeace","SpiritShield"],"picked":"Fasting2+1","floor":54.0}],"player_experience":376657,"relics_obtained":[{"floor":5.0,"key":"Strawberry"},{"floor":8.0,"key":"Ancient Tea Set"},{"floor":9.0,"key":"Art of War"},{"floor":12.0,"key":"Sundial"},{"floor":24.0,"key":"Enchiridion"},{"floor":28.0,"key":"Prayer Wheel"},{"floor":31.0,"key":"PreservedInsect"},{"floor":43.0,"key":"Ornamental Fan"},{"floor":54.0,"key":"Oddly Smooth Stone"},{"floor":54.0,"key":"Centennial Puzzle"}],"event_choices":[{"damage_healed":65.0,"max_hp_gain":0.0,"max_hp_loss":72.0,"gold_gain":0.0,"event_name":"betterThird:BetterShining","player_choice":"Upgrade","floor":2.0,"gold_loss":0.0,"damage_taken":14.0,"cards_upgraded":["Strike_P","Vigilance"]},{"damage_healed":18.0,"max_hp_gain":0.0,"max_hp_loss":0.0,"gold_gain":0.0,"event_name":"The Cleric","player_choice":"Healed","floor":4.0,"gold_loss":35.0,"damage_taken":0.0},{"damage_healed":3.0,"max_hp_gain":0.0,"max_hp_loss":0.0,"gold_gain":0.0,"event_name":"Wheel of Change","player_choice":"Full Heal","floor":7.0,"gold_loss":0.0,"damage_taken":0.0},{"cards_removed":["Defend_P"],"damage_healed":0.0,"max_hp_gain":0.0,"max_hp_loss":0.0,"gold_gain":0.0,"event_name":"Bonfire Elementals","player_choice":"Offered Basic","floor":14.0,"gold_loss":0.0,"damage_taken":0.0},{"damage_healed":0.0,"max_hp_gain":0.0,"max_hp_loss":7.0,"gold_gain":0.0,"event_name":"betterThird:BetterWriting","player_choice":"Materialism","floor":19.0,"gold_loss":0.0,"damage_taken":0.0},{"damage_healed":26.0,"max_hp_gain":0.0,"max_hp_loss":0.0,"gold_gain":0.0,"event_name":"The Library","player_choice":"Heal","floor":22.0,"gold_loss":0.0,"damage_taken":0.0},{"damage_healed":0.0,"max_hp_gain":0.0,"max_hp_loss":0.0,"gold_gain":0.0,"event_name":"Cursed Tome","player_choice":"Obtained Book","floor":24.0,"gold_loss":0.0,"damage_taken":16.0},{"damage_healed":0.0,"max_hp_gain":0.0,"max_hp_loss":0.0,"gold_gain":0.0,"event_name":"The Moai Head","player_choice":"Ignored","floor":37.0,"gold_loss":0.0,"damage_taken":0.0},{"damage_healed":20.0,"max_hp_gain":0.0,"max_hp_loss":0.0,"gold_gain":0.0,"event_name":"Winding Halls","player_choice":"Writhe","floor":38.0,"gold_loss":0.0,"damage_taken":0.0,"cards_obtained":["Writhe"]},{"damage_healed":0.0,"max_hp_gain":0.0,"max_hp_loss":0.0,"gold_gain":0.0,"event_name":"Mysterious Sphere","player_choice":"Ignored","floor":41.0,"gold_loss":0.0,"damage_taken":0.0},{"damage_healed":0.0,"max_hp_gain":0.0,"max_hp_loss":0.0,"gold_gain":3.0,"event_name":"betterStone:BetterStone","player_choice":"1","floor":47.0,"gold_loss":0.0,"damage_taken":0.0},{"cards_removed":["Vault"],"damage_healed":0.0,"max_hp_gain":0.0,"max_hp_loss":0.0,"gold_gain":0.0,"event_name":"Falling","player_choice":"Removed Skill","floor":48.0,"gold_loss":0.0,"damage_taken":0.0}],"is_beta":false,"boss_relics":[{"not_picked":["Snecko Eye","SacredBark"],"picked":"Sozu"},{"not_picked":["Empty Cage","Coffee Dripper"],"picked":"Black Star"}],"items_purged_floors":[29,39],"is_endless":false,"potions_floor_spawned":[8,10,12,16,30,31,33,35,36],"killed_by":"The Heart","ascension_level":12}}