{"host":"d5i1qeb9dejicw1z","time":1613353494,"event":{"mods":["AchievementEnabler","BaseMod","Better Note","BetterRewards","Evolution","Gold Saver","Minty Spire (QoL Compilation)","Permanent Neow","Relic Filter Mod","Reliquary","StSLib"],"gold_per_floor":[270,270,270,284,298,298,323,323,323,336,386,405,405,418,418,497,547,563,563,563,576,576,576,609,609,633,40,40,52,72,90,90,164,164,182,182,182,22,32,32,32,32],"floor_reached":41,"language":"ENG","playtime":1305,"items_purged":["Poisoned Stab"],"score":826,"play_id":"a4df3845-c297-42ed-8a97-3d457be95994","local_time":"20210214174454","is_ascension_mode":true,"campfire_choices":[{"data":"Poisoned Stab","floor":6,"key":"SMITH"},{"data":"Poisoned Stab","floor":8,"key":"SMITH"},{"data":"Bane","floor":13,"key":"SMITH"},{"floor":15,"key":"REST"},{"data":"Envenom","floor":23,"key":"SMITH"},{"data":"Terror","floor":25,"key":"SMITH"},{"data":"Catalyst","floor":28,"key":"SMITH"},{"floor":32,"key":"REST"},{"floor":40,"key":"REST"}],"circlet_count":0,"master_deck":["AscendersBane","Poisoned Stab+1","Poisoned Stab+1","Poisoned Stab+1","Poisoned Stab+1","Defend_G","Defend_G","Defend_G","Defend_G","Defend_G","Neutralize","Deflect","Bane+1","Bane","Envenom+1","Terror+1","Poisoned Stab+1","Catalyst+1","Escape Plan","PiercingWail","Noxious Fumes","After Image"],"relics":["Ring of the Snake","EVO:Axolotl","Matryoshka","White Beast Statue","StrikeDummy","Nloth\u0027s Gift","reliquary:Aerogel","Potion Belt","Pear","MealTicket","TwistedFunnel","SacredBark","Oddly Smooth Stone"],"acts_visited":["Exordium","TheCity","TheBeyond"],"potions_floor_usage":[10,14,16,16,18,24,24,24,24,24,24,29,29,30,30,31,31,33,35,39,41],"damage_taken":[{"damage":0,"enemies":"2 Louse","floor":1,"turns":2},{"damage":3,"enemies":"Jaw Worm","floor":4,"turns":4},{"damage":0,"enemies":"Cultist","floor":5,"turns":2},{"damage":8,"enemies":"Gremlin Nob","floor":7,"turns":3},{"damage":22,"enemies":"3 Louse","floor":10,"turns":3},{"damage":1,"enemies":"Red Slaver","floor":12,"turns":2},{"damage":0,"enemies":"Large Slime","floor":14,"turns":3},{"damage":20,"enemies":"Slime Boss","floor":16,"turns":5},{"damage":0,"enemies":"Chosen","floor":18,"turns":3},{"damage":6,"enemies":"Spheric Guardian","floor":21,"turns":3},{"damage":26,"enemies":"Gremlin Leader","floor":24,"turns":4},{"damage":1,"enemies":"Snecko","floor":29,"turns":3},{"damage":0,"enemies":"Centurion and Healer","floor":30,"turns":5},{"damage":3,"enemies":"Snake Plant","floor":31,"turns":4},{"damage":24,"enemies":"Collector","floor":33,"turns":5},{"damage":4,"enemies":"Orb Walker","floor":35,"turns":3},{"damage":53,"enemies":"3 Darklings","floor":39,"turns":5},{"damage":81,"enemies":"Reptomancer","floor":41,"turns":5}],"seed_played":"946652402997966408","potions_obtained":[{"floor":1,"key":"ColorlessPotion"},{"floor":10,"key":"DistilledChaos"},{"floor":12,"key":"Fire Potion"},{"floor":14,"key":"Explosive Potion"},{"floor":16,"key":"Poison Potion"},{"floor":17,"key":"Energy Potion"},{"floor":18,"key":"EntropicBrew"},{"floor":24,"key":"Block Potion"},{"floor":29,"key":"Weak Potion"},{"floor":30,"key":"BlessingOfTheForge"},{"floor":31,"key":"DistilledChaos"},{"floor":33,"key":"GamblersBrew"},{"floor":35,"key":"Block Potion"},{"floor":39,"key":"SpeedPotion"}],"is_trial":false,"path_per_floor":["M","?","?","M","M","R","E","R","T","M","?","M","R","M","R","B",null,"M","?","?","M","T","R","E","R","T","$","R","M","M","M","R","B",null,"M","?","?","$","M","R","E"],"character_chosen":"THE_SILENT","items_purchased":["TwistedFunnel","Escape Plan","DistilledChaos","DuplicationPotion","GhostInAJar","Oddly Smooth Stone"],"campfire_rested":3,"item_purchase_floors":[27,27,27,27,27,38],"current_hp_per_floor":[65,65,65,62,62,62,54,54,54,32,32,31,31,31,52,32,67,67,67,67,61,61,61,59,59,59,74,74,73,73,70,87,63,81,77,77,77,83,30,54,0,0],"gold":32,"neow_bonus":"TEN_PERCENT_HP_BONUS","is_daily":false,"chose_seed":false,"campfire_upgraded":6,"win_rate":0.0,"timestamp":1613353494,"path_taken":["M","?","?","?","M","R","E","R","T","M","?","M","R","?","R","BOSS","M","?","?","M","?","R","E","R","T","$","R","M","M","?","R","BOSS","M","?","?","?","?","R","E"],"items_purchased_type":["Relic","Card","Potion","Potion","Potion","Relic"],"build_version":"2020-12-22","purchased_purges":1,"victory":false,"max_hp_per_floor":[72,72,72,72,72,72,72,72,72,72,72,72,72,72,72,72,77,77,77,77,77,77,77,87,87,87,87,87,87,87,87,87,87,87,87,83,83,83,83,83,83,83],"card_choices":[{"not_picked":["Skewer","Outmaneuver"],"picked":"Deflect","floor":1},{"not_picked":["Underhanded Strike","Slice","Infinite Blades"],"picked":"SKIP","floor":4},{"not_picked":["Dodge and Roll","Dagger Spray","PiercingWail"],"picked":"SKIP","floor":5},{"not_picked":["Flying Knee","Poisoned Stab"],"picked":"Bane","floor":7},{"not_picked":["Heel Hook","Poisoned Stab"],"picked":"Bane","floor":10},{"not_picked":["Sucker Punch","Flying Knee","Tools of the Trade"],"picked":"SKIP","floor":12},{"not_picked":["Dagger Spray","Dash","Endless Agony"],"picked":"SKIP","floor":14},{"not_picked":["Venomology","Phantasmal Killer"],"picked":"Envenom","floor":16},{"not_picked":["Escape Plan","Slice"],"picked":"Terror","floor":18},{"not_picked":["Venomology","Outmaneuver"],"picked":"Catalyst","floor":21},{"not_picked":["Dagger Throw","Eviscerate","Choke"],"picked":"SKIP","floor":24},{"not_picked":["Dodge and Roll","Poisoned Stab"],"picked":"PiercingWail","floor":29},{"not_picked":["Cloak And Dagger+1","Dagger Spray+1"],"picked":"Noxious Fumes","floor":30},{"not_picked":["Phantasmal Killer","Eviscerate","Reflex"],"picked":"SKIP","floor":31},{"not_picked":["Burst","Doppelganger"],"picked":"After Image","floor":33},{"not_picked":["Bane","Blade Dance+1","Deflect"],"picked":"SKIP","floor":35},{"not_picked":["PiercingWail","Poisoned Stab+1","Acrobatics+1"],"picked":"SKIP","floor":39}],"player_experience":1263428,"relics_obtained":[{"floor":7,"key":"Matryoshka"},{"floor":9,"key":"White Beast Statue"},{"floor":9,"key":"StrikeDummy"},{"floor":22,"key":"reliquary:Aerogel"},{"floor":22,"key":"Potion Belt"},{"floor":24,"key":"Pear"},{"floor":26,"key":"MealTicket"}],"event_choices":[{"damage_healed":0,"gold_gain":0,"player_choice":"Grow","damage_taken":0,"max_hp_gain":0,"max_hp_loss":0,"event_name":"Living Wall","floor":2,"gold_loss":0,"cards_upgraded":["Poisoned Stab"]},{"cards_removed":["Survivor"],"damage_healed":0,"gold_gain":0,"player_choice":"Offered Basic","damage_taken":0,"max_hp_gain":0,"max_hp_loss":0,"event_name":"Bonfire Elementals","floor":3,"gold_loss":0},{"damage_healed":0,"gold_gain":50,"player_choice":"Pray","damage_taken":0,"max_hp_gain":0,"max_hp_loss":0,"event_name":"Golden Shrine","floor":11,"gold_loss":0},{"damage_healed":0,"gold_gain":0,"player_choice":"Traded Relic","damage_taken":0,"relics_obtained":["Nloth\u0027s Gift"],"max_hp_gain":0,"max_hp_loss":0,"event_name":"N\u0027loth","floor":19,"relics_lost":["Tiny House"],"gold_loss":0},{"damage_healed":0,"gold_gain":0,"player_choice":"Copied","damage_taken":0,"max_hp_gain":0,"max_hp_loss":0,"event_name":"Duplicator","floor":20,"gold_loss":0,"cards_obtained":["Poisoned Stab"]},{"damage_healed":0,"gold_gain":0,"player_choice":"Max HP","damage_taken":0,"max_hp_gain":0,"max_hp_loss":4,"event_name":"Winding Halls","floor":36,"gold_loss":0},{"damage_healed":0,"gold_gain":0,"player_choice":"Memory 1","damage_taken":0,"max_hp_gain":0,"max_hp_loss":0,"event_name":"SensoryStone","floor":37,"gold_loss":0}],"is_beta":false,"boss_relics":[{"not_picked":["WristBlade","Busted Crown"],"picked":"Tiny House"},{"not_picked":["reliquary:WritOfMandamus","reliquary:Craggleroot"],"picked":"SacredBark"}],"items_purged_floors":[27],"is_endless":false,"potions_floor_spawned":[1,10,12,14,16,18,21,24,29,30,31,33,35,39],"killed_by":"Reptomancer","ascension_level":19}}