{"host":"n0tx3esfb93mqoc3","time":1613362093,"event":{"mods":["BaseMod","Colored Powertips","Downfall","Hermit","Minty Spire (QoL Compilation)","Quick Restart","Replay The Spire","StSLib","The Cursed","The Servant 0.9.4"],"gold_per_floor":[112,112,112,112,112,130,130,144,162,21,46,46,65,65,13,32,32,136,136,146,146,164,164,174,174,187,197,197,211,81,81,11,25,25,124,174,189,30,30,30,43,43,74,74,101,101,101,114,114,94,94,94,94],"floor_reached":52,"language":"ENG","playtime":8595,"items_purged":[],"score":647,"play_id":"6c296117-6f7d-43fd-b2c5-525aefdc56e5","local_time":"20210214230813","is_ascension_mode":false,"campfire_choices":[{"floor":12,"key":"REST"},{"data":"Footwork","floor":14,"key":"SMITH"},{"floor":17,"key":"DIG"},{"floor":25,"key":"REST"},{"data":"Replay:Bootleg Shield Generator","floor":31,"key":"SMITH"},{"floor":42,"key":"REST"},{"data":"Eviscerate","floor":44,"key":"SMITH"},{"data":"Footwork","floor":46,"key":"SMITH"},{"floor":51,"key":"DIG"}],"circlet_count":0,"master_deck":["Strike_G","Strike_G","Strike_G","Strike_G","Defend_G","Defend_G","Defend_G","Defend_G","Defend_G","Survivor","Neutralize+1","Fluid Movement","Neutralize","Flying Knee","Blade Dance","Flying Knee","Dagger Spray","Footwork+1","Dodge and Roll+1","Slice","Finisher+1","Acrobatics","After Image","Underhanded Strike","Dagger Throw+1","Backflip","Dagger Throw","ReplayTheSpireMod:The Works+1","Slice+1","Slice+1","Replay:Bootleg Shield Generator+1","Sucker Punch+1","Infinite Blades","Quick Slash+1","Wraith Form v2","Footwork+1","Deflect+1","Eviscerate+1","Panacea","Blade Dance+1","Quick Slash+1","Toxin Wave+1"],"relics":["Ring of the Snake","Vajra","Pen Nib","Boot","Snecko Scales","MutagenicStrength","StoneCalendar","Tiny House","Sundial","Blue Doll"],"acts_visited":["Exordium","TheCity","TheBeyond"],"potions_floor_usage":[],"damage_taken":[{"damage":2,"enemies":"Jaw Worm","floor":1,"turns":4},{"damage":0,"enemies":"Small Slimes","floor":6,"turns":4},{"damage":0,"enemies":"Cultist","floor":8,"turns":2},{"damage":15,"enemies":"Exordium Wildlife","floor":9,"turns":6},{"damage":3,"enemies":"2 Fungi Beasts","floor":13,"turns":4},{"damage":11,"enemies":"Red Slaver","floor":16,"turns":3},{"damage":14,"enemies":"Hexaghost","floor":18,"turns":9},{"damage":5,"enemies":"Shell Parasite","floor":20,"turns":5},{"damage":0,"enemies":"Spheric Guardian","floor":22,"turns":3},{"damage":9,"enemies":"Shelled Parasite and Fungi","floor":24,"turns":4},{"damage":0,"enemies":"Centurion and Healer","floor":26,"turns":1},{"damage":3,"enemies":"Snecko","floor":27,"turns":3},{"damage":0,"enemies":"Shelled Parasite and Fungi","floor":29,"turns":5},{"damage":0,"enemies":"Snake Plant","floor":33,"turns":3},{"damage":31,"enemies":"Pondfish","floor":35,"turns":9},{"damage":30,"enemies":"3 Shapes","floor":37,"turns":3},{"damage":5,"enemies":"Orb Walker","floor":41,"turns":3},{"damage":1,"enemies":"Giant Head","floor":43,"turns":8},{"damage":1,"enemies":"Maw","floor":48,"turns":7},{"damage":63,"enemies":"Awakened One","floor":52,"turns":4}],"seed_played":"2201460017667046505","potions_obtained":[{"floor":6,"key":"Explosive Potion"},{"floor":13,"key":"Block Potion"},{"floor":22,"key":"sneckomod:MuddlingPotion"},{"floor":26,"key":"Fire Potion"},{"floor":36,"key":"Block Potion"}],"is_trial":false,"path_per_floor":["M","?","PTL","PTL","?","M","T","M","M","$","T","R","M","R","$","M","R","B",null,"M","?","M","?","M","R","M","M","T","M","$","R","$","M","R","B",null,"M","$","?","?","M","R","E","R","T","R","?","M","?","?","R","B"],"character_chosen":"THE_SILENT","items_purchased":["Footwork","Bane","Dodge and Roll","Finisher+1","Replay:Bootleg Shield Generator","Sucker Punch+1","Infinite Blades","Eviscerate","Panacea"],"campfire_rested":3,"item_purchase_floors":[10,10,10,15,30,30,32,38,38],"current_hp_per_floor":[68,68,68,68,68,68,68,68,53,53,53,70,67,67,67,56,56,42,70,65,65,65,65,56,70,70,67,67,67,67,67,67,67,70,39,75,45,45,45,45,40,62,61,61,61,61,61,60,60,60,60,0,0],"gold":94,"neow_bonus":"RANDOM_EVENT","is_daily":false,"chose_seed":false,"campfire_upgraded":4,"win_rate":0.0,"timestamp":1613362093,"path_taken":["M","?","PTL","PTL","?","?","?","M","M","$","T","R","M","R","$","M","R","BOSS","M","?","M","?","M","R","M","M","T","M","$","R","$","M","R","BOSS","M","$","?","?","M","R","E","R","T","R","?","M","?","?","R","BOSS"],"items_purchased_type":["Card","Card","Card","Card","Card","Card","Card","Card","Card"],"build_version":"2020-12-22","purchased_purges":0,"victory":false,"max_hp_per_floor":[70,70,70,70,70,70,70,70,70,70,70,70,70,70,70,70,70,70,70,70,70,70,70,70,70,70,70,70,70,70,70,70,70,70,70,75,75,75,75,75,75,75,75,75,75,75,75,75,75,75,75,75,75],"card_choices":[{"not_picked":["Dodge and Roll","Acrobatics"],"picked":"Fluid Movement","floor":1},{"not_picked":["Underhanded Strike","Dodge and Roll"],"picked":"Blade Dance","floor":6},{"not_picked":["Expertise","Poisoned Stab"],"picked":"Flying Knee","floor":8},{"not_picked":["ReplayTheSpireMod:Necrosis","Deadly Poison"],"picked":"Dagger Spray","floor":9},{"not_picked":["Backflip","Crippling Poison"],"picked":"Slice","floor":13},{"not_picked":["Bane","Outmaneuver"],"picked":"Acrobatics","floor":16},{"not_picked":["Night Terror","Atom Bomb"],"picked":"After Image","floor":18},{"not_picked":["Bane","ReplayTheSpireMod:Speed Training"],"picked":"Underhanded Strike","floor":20},{"not_picked":["Fluid Movement","Sucker Punch"],"picked":"Dagger Throw+1","floor":22},{"not_picked":["Acrobatics","Prepared+1"],"picked":"Dagger Throw","floor":24},{"not_picked":["Flying Knee+1","Skewer"],"picked":"ReplayTheSpireMod:The Works","floor":26},{"not_picked":["Deflect","Choke"],"picked":"Slice+1","floor":27},{"not_picked":["Bane+1","Malaise"],"picked":"Slice+1","floor":29},{"not_picked":["Hidden Blade","ReplayTheSpireMod:Exploit Weakness"],"picked":"Quick Slash+1","floor":33},{"not_picked":["ReplayTheSpireMod:Necrosis","Malaise"],"picked":"Wraith Form v2","floor":35},{"not_picked":["PiercingWail","Quick Slash+1"],"picked":"Footwork","floor":36},{"not_picked":["Outmaneuver+1","Finisher+1"],"picked":"Deflect+1","floor":37},{"not_picked":["Deflect","Dagger Throw+1"],"picked":"Blade Dance+1","floor":41},{"not_picked":["ReplayTheSpireMod:The Works+1","Deadly Poison"],"picked":"Quick Slash+1","floor":43},{"not_picked":["Quick Slash+1","Deadly Poison"],"picked":"Toxin Wave+1","floor":48}],"player_experience":9773,"relics_obtained":[{"floor":7,"key":"Vajra"},{"floor":11,"key":"Pen Nib"},{"floor":17,"key":"Boot"},{"floor":28,"key":"StoneCalendar"},{"floor":43,"key":"Sundial"},{"floor":45,"key":"Blue Doll"}],"event_choices":[{"damage_healed":0,"gold_gain":0,"player_choice":"Grow","damage_taken":0,"max_hp_gain":0,"max_hp_loss":0,"event_name":"Living Wall","floor":0,"gold_loss":0,"cards_upgraded":["Neutralize"]},{"damage_healed":0,"gold_gain":0,"player_choice":"Ignored","damage_taken":0,"max_hp_gain":0,"max_hp_loss":0,"event_name":"Golden Wing","floor":2,"gold_loss":0},{"damage_healed":0,"gold_gain":0,"player_choice":"2 cards matched","damage_taken":0,"max_hp_gain":0,"max_hp_loss":0,"event_name":"Match and Keep!","floor":5,"gold_loss":0,"cards_obtained":["Neutralize","Flying Knee"]},{"damage_healed":0,"gold_gain":0,"player_choice":"Inject Mutagens","damage_taken":0,"relics_obtained":["MutagenicStrength"],"max_hp_gain":0,"max_hp_loss":0,"event_name":"Drug Dealer","floor":21,"gold_loss":0},{"damage_healed":0,"gold_gain":0,"cards_transformed":["Bane"],"player_choice":"Transformed","damage_taken":0,"max_hp_gain":0,"max_hp_loss":0,"event_name":"Transmorgrifier","floor":23,"gold_loss":0,"cards_obtained":["Backflip"]},{"cards_removed":["Strike_G"],"damage_healed":0,"gold_gain":0,"player_choice":"Removed Attack","damage_taken":0,"max_hp_gain":0,"max_hp_loss":0,"event_name":"Falling","floor":39,"gold_loss":0},{"damage_healed":0,"gold_gain":0,"player_choice":"Ignored","damage_taken":0,"max_hp_gain":0,"max_hp_loss":0,"event_name":"Mysterious Sphere","floor":40,"gold_loss":0},{"damage_healed":0,"gold_gain":0,"player_choice":"Bought 1 Potion","damage_taken":0,"max_hp_gain":0,"max_hp_loss":0,"event_name":"The Woman in Blue","floor":50,"gold_loss":0}],"is_beta":false,"boss_relics":[{"not_picked":["Painkiller Herb","ReplayTheSpireMod:DimensionalGlitch"],"picked":"Snecko Scales"},{"not_picked":["SlaversCollar","SacredBark"],"picked":"Tiny House"}],"items_purged_floors":[],"is_endless":false,"potions_floor_spawned":[6,13,22,26,43],"killed_by":"Awakened One","ascension_level":0}}