{"host":"dm3der2z84gf27js","time":1613431521,"event":{"mods":["AchievementEnabler","BaseMod","Bestiary","Better Note","Better Third Choice","Colored Map","Colored Powertips","Marisa????????","Minty Spire (QoL Compilation)","Onozuka Komachi Mod","StSLib","The Marked","The Servant 0.9.4"],"gold_per_floor":[116,65,81,81,104,104,145,180,203,221,221,34,34,69,69,195,195,220,244,43,68,87,418,439,291,317,317,317,368,381,401,401,401,401],"floor_reached":33,"language":"ENG","playtime":3177,"items_purged":["Injury"],"score":365,"play_id":"21265a08-bfd0-45c3-8150-a90cfc2e6d93","local_time":"20210215182521","is_ascension_mode":true,"campfire_choices":[{"floor":6.0,"key":"RECALL"},{"floor":13,"key":"REST"},{"floor":15,"key":"REST"},{"floor":28,"key":"REST"},{"floor":32,"key":"REST"}],"circlet_count":0,"master_deck":["MasterSpark","UpSweep","WitchOfGreed","IllusionStar","OortCloud","MysteriousBeam","PowerUp","WitchLeyline","PowerUp","StarDustReverie","CasketOfStar","GasGiant","ManaRampage","SatelliteIllusion","OpenUniverse","CollectingQuirk","BlazingStar","AsteroidBelt","BigCrunch","TreasureHunter","LuminesStrike","DarkSpark","DoubleSpark+1","EventHorizon+1","IllusionStar","NonDirectionalLaser","AsteroidBelt","CasketOfStar","OpenUniverse","MilkyWay","AsteroidBelt","Defend_MRS","SatelliteIllusion","Occultation","ShootingEcho"],"relics":["MiniHakkero","NeowsBlessing","Golden Idol","Vajra","Happy Flower","Pandora\u0027s Box","Nunchaku","BreadOfAWashokuLover","Old Coin","Strawberry","Oddly Smooth Stone"],"acts_visited":["Exordium","TheCity"],"potions_floor_usage":[14,16,16,21,22,33,33,33],"damage_taken":[{"damage":0.0,"enemies":"Cultist","floor":1.0,"turns":1.0},{"damage":0.0,"enemies":"2 Louse","floor":3.0,"turns":1.0},{"damage":0.0,"enemies":"Jaw Worm","floor":5.0,"turns":1.0},{"damage":25.0,"enemies":"3 Sentries","floor":7.0,"turns":8.0},{"damage":16.0,"enemies":"Lots of Slimes","floor":8.0,"turns":4.0},{"damage":0.0,"enemies":"Red Slaver","floor":10.0,"turns":1.0},{"damage":21,"enemies":"Gremlin Nob","floor":14,"turns":4},{"damage":2,"enemies":"Hexaghost","floor":16,"turns":5},{"damage":0,"enemies":"Chosen","floor":18,"turns":3},{"damage":0,"enemies":"Spheric Guardian","floor":19,"turns":2},{"damage":30,"enemies":"Snake Plant","floor":21,"turns":3},{"damage":0,"enemies":"Snecko","floor":22,"turns":2},{"damage":46,"enemies":"Slavers","floor":23,"turns":3},{"damage":14,"enemies":"Centurion and Healer","floor":24,"turns":4},{"damage":23,"enemies":"Gremlin Leader","floor":29,"turns":4},{"damage":3,"enemies":"Snake Plant","floor":30,"turns":4},{"damage":0,"enemies":"Snecko","floor":31,"turns":2},{"damage":72,"enemies":"Champ","floor":33,"turns":6}],"seed_played":"8754852836484330621","potions_obtained":[{"floor":3.0,"key":"FairyPotion"},{"floor":8.0,"key":"PowerPotion"},{"floor":8.0,"key":"DistilledChaos"},{"floor":14,"key":"Weak Potion"},{"floor":18,"key":"ColorlessPotion"},{"floor":19,"key":"BlessingOfTheForge"},{"floor":24,"key":"SpeedPotion"},{"floor":30,"key":"Regen Potion"},{"floor":31,"key":"SkillPotion"}],"is_trial":false,"path_per_floor":["M","$","M","?","M","R","E","M","T","M","?","$","R","E","R","B",null,"M","M","$","M","M","E","M","$","T","?","R","E","M","M","R","B"],"character_chosen":"MARISA","items_purchased":["IllusionStar","CasketOfStar","GasGiant","IllusionStar","Nunchaku","MilkyWay","AsteroidBelt"],"campfire_rested":4,"item_purchase_floors":[2,12,12,20,20,25,25],"current_hp_per_floor":[75,75,75,75,75,75,50,34,34,34,34,34,56,35,57,55,75,75,75,75,45,45,22,8,8,15,15,39,16,13,13,37,0,0],"gold":401,"neow_bonus":"THREE_ENEMY_KILL","is_daily":false,"chose_seed":false,"campfire_upgraded":0,"win_rate":0.0,"timestamp":1613431521,"path_taken":["M","$","?","?","M","R","E","M","T","M","?","$","R","E","R","BOSS","M","?","$","M","M","E","M","?","T","?","R","E","M","M","R","BOSS"],"items_purchased_type":["Card","Card","Card","Card","Relic","Card","Card"],"build_version":"2020-12-22","purchased_purges":1,"victory":false,"max_hp_per_floor":[75,75,75,75,75,75,75,75,75,75,75,75,75,75,75,75,75,75,75,75,75,75,75,75,75,82,82,82,82,82,82,82,82,82],"card_choices":[{"not_picked":["WitchLeyline","LuminesStrike"],"picked":"WitchOfGreed","floor":1.0},{"not_picked":["UnstableBomb","GalacticHalo"],"picked":"OortCloud","floor":3.0},{"not_picked":["ManaConvection","GalacticHalo"],"picked":"MysteriousBeam","floor":5.0},{"not_picked":["AbsoluteMagnitude","ChargingUp"],"picked":"PowerUp","floor":7.0},{"not_picked":["WitchOfGreed","Orbital"],"picked":"WitchLeyline","floor":8.0},{"not_picked":["SporeBomb","BlazeAway"],"picked":"PowerUp","floor":10.0},{"not_picked":["WitchLeyline","WitchOfGreed"],"picked":"ManaRampage","floor":14},{"not_picked":["AbsoluteMagnitude","ManaRampage"],"picked":"SatelliteIllusion","floor":16},{"not_picked":["Acceleration","OortCloud"],"picked":"DoubleSpark+1","floor":18},{"not_picked":["Occultation","DC+1"],"picked":"EventHorizon+1","floor":19},{"not_picked":["WitchOfGreed","DarkSpark+1"],"picked":"NonDirectionalLaser","floor":21},{"not_picked":["WitchOfGreed","Robbery"],"picked":"AsteroidBelt","floor":22},{"not_picked":["GrandCross","Occultation+1"],"picked":"CasketOfStar","floor":23},{"not_picked":["EnergyFlow","WitchOfGreed"],"picked":"OpenUniverse","floor":24},{"not_picked":["NonDirectionalLaser","OortCloud+1"],"picked":"SatelliteIllusion","floor":29},{"not_picked":["ChargingUp","AlicesGift"],"picked":"Occultation","floor":30},{"not_picked":["EventHorizon","GravityBeat"],"picked":"ShootingEcho","floor":31}],"player_experience":222929,"relics_obtained":[{"floor":7.0,"key":"Vajra"},{"floor":14,"key":"Happy Flower"},{"floor":23,"key":"BreadOfAWashokuLover"},{"floor":23,"key":"Old Coin"},{"floor":26,"key":"Strawberry"},{"floor":29,"key":"Oddly Smooth Stone"}],"event_choices":[{"damage_healed":0.0,"max_hp_gain":0.0,"max_hp_loss":0.0,"gold_gain":0.0,"event_name":"Golden Idol","player_choice":"Take Wound","floor":4.0,"gold_loss":0.0,"damage_taken":0.0,"relics_obtained":["Golden Idol"],"cards_obtained":["Injury"]},{"damage_healed":0.0,"max_hp_gain":0.0,"max_hp_loss":0.0,"gold_gain":0.0,"event_name":"Match and Keep!","player_choice":"1 cards matched","floor":11.0,"gold_loss":0.0,"damage_taken":0.0,"cards_obtained":["StarDustReverie"]},{"cards_removed":["CollectingQuirk"],"damage_healed":0,"gold_gain":0,"player_choice":"Take \u0026 Give","damage_taken":0,"max_hp_gain":0,"max_hp_loss":0,"event_name":"betterNote:BetterNote","floor":27,"gold_loss":0,"cards_obtained":["Defend_MRS"]}],"is_beta":false,"boss_relics":[{"not_picked":["Busted Crown","Astrolabe"],"picked":"Pandora\u0027s Box"}],"items_purged_floors":[25],"is_endless":false,"potions_floor_spawned":[3,8,14,18,19,24,30,31],"killed_by":"Champ","ascension_level":1}}