{"host":"knk89g45d3vzr5fm","time":1613408242,"event":{"mods":["2.2 Compatiblity","BaseMod","Downfall","Minty Spire (QoL Compilation)","Relic Stats","Reliquary","Replay The Spire","StSLib","The Marked"],"gold_per_floor":[549,565,5,15,31,62,62,62,91,91,120,136,36,52,63,158,158,58,75,91,2,102,117,164,164,164,164,164],"floor_reached":26,"language":"FRA","playtime":1624,"items_purged":["downfall:Icky"],"score":542,"play_id":"e4c96e6b-a3b7-4b07-9c9f-b03ea2e760ed","local_time":"20210215175722","is_ascension_mode":true,"campfire_choices":[{"floor":13,"key":"RECALL"}],"circlet_count":0,"master_deck":["AscendersBane","sneckomod:Strike","sneckomod:Strike","sneckomod:Strike","sneckomod:Defend","sneckomod:Defend","sneckomod:Defend","sneckomod:TailWhip","sneckomod:SnekBite","sneckomod:Unknown","sneckomod:Unknown","downfall:Icky","downfall:Icky","sneckomod:SlitherStrike","sneckomod:Unknown2Cost","expansioncontent:HyperBeam","sneckomod:UnknownUncommonAttack","sneckomod:Unknown1Cost","sneckomod:SoulRoll+1","sneckomod:SerpentIdol+1","Normality","sneckomod:ImprovisedGuard","Burst","sneckomod:SnakeSap","sneckomod:Nope","sneckomod:DangerNoodle","Night Terror","sneckomod:UnknownClassBLUE","sneckomod:UnknownClassBLUE","sneckomod:UnknownClassBLUE","sneckomod:UnknownClassBLUE","sneckomod:UnknownClassBLUE","hexamod:PhantomCloak","Undo","sneckomod:UnendingSupply","Conserve Battery","sneckomod:QuickMove+1","Melter","sneckomod:UnknownUncommonPower","ReplayTheSpireMod:GoodbyeWorld","sneckomod:UnknownUncommonSkill","Doubt"],"relics":["sneckomod:SneckoSoul","Replay:Rubber Ducky","reliquary:CitrusReamer","Pear","reliquary:SharkskinSheath","Happy Flower","m_SnakeBloodCore","War Paint","downfall:HeartBlessingBlue","sneckomod:SneckoBoss","downfall:HeartBlessingGreen","bronze:BronzeIdol","ReplayTheSpireMod:Ring of Addiction","ReplayTheSpireMod:Ring of Collecting","Potion Belt","SacredBark"],"acts_visited":["Exordium","TheCity"],"potions_floor_usage":[11,11,19,26,26,26],"damage_taken":[{"damage":20,"enemies":"Small Slimes","floor":2,"turns":4},{"damage":5,"enemies":"downfall:FleeingMerchant","floor":3,"turns":4},{"damage":1,"enemies":"Cultist","floor":4,"turns":3},{"damage":0,"enemies":"2 Louse","floor":5,"turns":2},{"damage":4,"enemies":"3 Sentries","floor":6,"turns":3},{"damage":16,"enemies":"Gremlin Nob","floor":9,"turns":3},{"damage":11,"enemies":"3 Sentries","floor":11,"turns":4},{"damage":0,"enemies":"Exordium Wildlife","floor":12,"turns":4},{"damage":0,"enemies":"Blue Slaver","floor":14,"turns":2},{"damage":0,"enemies":"Lots of Slimes","floor":15,"turns":2},{"damage":21,"enemies":"SI_SHIV_ARCHETYPE","floor":16,"turns":27},{"damage":41,"enemies":"Shell Parasite","floor":19,"turns":8},{"damage":29,"enemies":"Chosen","floor":20,"turns":8},{"damage":9,"enemies":"downfall:FleeingMerchant","floor":21,"turns":4},{"damage":20,"enemies":"3 Cultists","floor":23,"turns":6},{"damage":35,"enemies":"Gremlin Leader","floor":26,"turns":4}],"seed_played":"-8238837779698871670","potions_obtained":[{"floor":2,"key":"Ancient Potion"},{"floor":4,"key":"Fire Potion"},{"floor":6,"key":"Explosive Potion"},{"floor":11,"key":"Languid Potion"},{"floor":12,"key":"BlessingOfTheForge"},{"floor":19,"key":"Fruit Juice"},{"floor":25,"key":"DistilledChaos"},{"floor":25,"key":"CultistPotion"},{"floor":25,"key":"Adrenaline Potion"}],"is_trial":false,"path_per_floor":["R","M","$","M","M","E","T","?","E","?","E","M","R","M","M","B",null,"R","M","M","$","?","M","T","?","E"],"character_chosen":"THE_SNECKO","items_purchased":["Replay:Rubber Ducky","reliquary:CitrusReamer","expansioncontent:HyperBeam","sneckomod:UnknownUncommonPower","sneckomod:UnknownUncommonPower"],"campfire_rested":0,"item_purchase_floors":[3,3,3,3,21],"current_hp_per_floor":[90,70,65,64,64,70,70,58,42,42,41,44,54,57,60,42,100,100,79,53,47,47,30,30,30,0,0,0],"gold":164,"neow_bonus":"TEN_PERCENT_HP_BONUS","is_daily":false,"chose_seed":false,"campfire_upgraded":0,"win_rate":0.0,"timestamp":1613408242,"path_taken":["R","M","$","M","M","E","T","?","E","?","E","M","R","M","M","BOSS","R","M","M","$","?","?","T","?","E"],"items_purchased_type":["Relic","Relic","Card","Card","Card"],"build_version":"2020-12-22","purchased_purges":1,"victory":false,"max_hp_per_floor":[99,99,99,99,99,109,109,109,109,109,109,109,119,119,119,119,119,119,124,124,124,124,124,124,124,124,124,124],"relic_stats":{"Happy Flower":[23],"counters":[16,88],"War Paint":["sneckomod:SoulRoll","sneckomod:SerpentIdol"],"obtain_stats":[{"Potion Belt":25,"Pear":6,"Happy Flower":9,"ReplayTheSpireMod:Ring of Addiction":25,"SacredBark":25,"downfall:HeartBlessingGreen":18,"War Paint":11,"sneckomod:SneckoSoul":0,"Replay:Rubber Ducky":3,"bronze:BronzeIdol":24,"reliquary:CitrusReamer":3,"m_SnakeBloodCore":10,"downfall:HeartBlessingBlue":13,"ReplayTheSpireMod:Ring of Collecting":25,"reliquary:SharkskinSheath":8,"sneckomod:SneckoBoss":17},{"Potion Belt":15,"Pear":5,"Happy Flower":6,"ReplayTheSpireMod:Ring of Addiction":15,"SacredBark":15,"downfall:HeartBlessingGreen":11,"War Paint":7,"sneckomod:SneckoSoul":0,"Replay:Rubber Ducky":2,"bronze:BronzeIdol":15,"reliquary:CitrusReamer":2,"m_SnakeBloodCore":6,"downfall:HeartBlessingBlue":8,"ReplayTheSpireMod:Ring of Collecting":15,"reliquary:SharkskinSheath":5,"sneckomod:SneckoBoss":11},{"Potion Belt":84,"Pear":16,"Happy Flower":19,"ReplayTheSpireMod:Ring of Addiction":84,"SacredBark":84,"downfall:HeartBlessingGreen":58,"War Paint":23,"sneckomod:SneckoSoul":0,"Replay:Rubber Ducky":8,"bronze:BronzeIdol":84,"reliquary:CitrusReamer":8,"m_SnakeBloodCore":19,"downfall:HeartBlessingBlue":27,"ReplayTheSpireMod:Ring of Collecting":84,"reliquary:SharkskinSheath":16,"sneckomod:SneckoBoss":58}]},"card_choices":[{"not_picked":["sneckomod:UnknownClassBLUE","sneckomod:CheapStock"],"picked":"sneckomod:SlitherStrike","floor":2},{"not_picked":["sneckomod:UnknownClassGUARDIAN","sneckomod:SnakeSap"],"picked":"sneckomod:Unknown2Cost","floor":3},{"not_picked":["sneckomod:Unknown2Cost","sneckomod:UnknownWeak"],"picked":"sneckomod:UnknownUncommonAttack","floor":4},{"not_picked":["sneckomod:DiceBlock","sneckomod:UnknownClassMARKED_PURPLE_COLOR"],"picked":"sneckomod:Unknown1Cost","floor":5},{"not_picked":["sneckomod:Unknown2Cost","sneckomod:UnknownClassPURPLE"],"picked":"sneckomod:SoulRoll","floor":6},{"not_picked":["sneckomod:UnknownClassSLIMEBOUND","sneckomod:DiceCrush"],"picked":"sneckomod:SerpentIdol","floor":9},{"not_picked":["sneckomod:UnknownClassHEXA_GHOST_PURPLE","sneckomod:SnakeSap"],"picked":"sneckomod:ImprovisedGuard","floor":11},{"not_picked":["sneckomod:UnknownClassMARKED_PURPLE_COLOR","sneckomod:SoulCleanse"],"picked":"Burst","floor":12},{"not_picked":["sneckomod:UnknownClassRED","sneckomod:UnknownCommonAttack"],"picked":"sneckomod:SnakeSap","floor":12},{"not_picked":["sneckomod:WideSting","sneckomod:QuickMove"],"picked":"sneckomod:Nope","floor":14},{"not_picked":["sneckomod:DiceBlock","Perfected Strike"],"picked":"sneckomod:DangerNoodle","floor":15},{"not_picked":["Bullet Time","sneckomod:SoulExchange"],"picked":"Night Terror","floor":16},{"not_picked":["Rebound","Scrape"],"picked":"Undo","floor":19},{"not_picked":["sneckomod:UnknownStrike","sneckomod:UnknownClassSLIMEBOUND+1"],"picked":"sneckomod:UnendingSupply","floor":19},{"not_picked":["Rip and Tear","ReplayGash"],"picked":"Conserve Battery","floor":20},{"not_picked":["sneckomod:UnknownStrength+1","sneckomod:UnknownCommonSkill+1"],"picked":"sneckomod:QuickMove+1","floor":20},{"not_picked":["Gash","Tempest"],"picked":"Melter","floor":21},{"not_picked":["sneckomod:SnekBeam","sneckomod:UnknownClassTHE_CHAMP_GRAY","sneckomod:UnknownStrike"],"picked":"SKIP","floor":21},{"not_picked":["Recycle","Skim"],"picked":"ReplayTheSpireMod:GoodbyeWorld","floor":23},{"not_picked":["sneckomod:UnknownClassPURPLE","sneckomod:UnknownColorless"],"picked":"sneckomod:UnknownUncommonSkill","floor":23}],"player_experience":2165324,"relics_obtained":[{"floor":6,"key":"Pear"},{"floor":9,"key":"Happy Flower"},{"floor":11,"key":"War Paint"},{"floor":24,"key":"bronze:BronzeIdol"},{"floor":25,"key":"ReplayTheSpireMod:Ring of Addiction"},{"floor":25,"key":"ReplayTheSpireMod:Ring of Collecting"},{"floor":25,"key":"Potion Belt"},{"floor":25,"key":"SacredBark"}],"event_choices":[{"damage_healed":0,"gold_gain":0,"player_choice":"Success","damage_taken":12,"relics_obtained":["reliquary:SharkskinSheath"],"max_hp_gain":0,"max_hp_loss":0,"event_name":"Scrap Ooze","floor":8,"gold_loss":0}],"is_beta":false,"boss_relics":[{"not_picked":["Tiny House","SacredBark"],"picked":"sneckomod:SneckoBoss"}],"items_purged_floors":[3],"is_endless":false,"potions_floor_spawned":[2,4,6,11,12,14,16,19],"killed_by":"Gremlin Leader","ascension_level":10}}