{"host":"lg1lbglystyxcosi","time":1613381575,"event":{"mods":["AchievementEnabler","BaseMod","BetterRewards","Colored Powertips","Minty Spire (QoL Compilation)","Quick Restart","Shop Mod","StSLib","¡¾ÒÅÎï¿¨ÅÆ¡¿REMEMod"],"gold_per_floor":[113,132,157,157,157,185,185,200,226,226,226,100,119,119,119,220,220,233,85,184,196,246,246,257,257,257],"floor_reached":25,"language":"ZHS","playtime":1030,"items_purged":["Defend_R","Strike_R"],"score":350,"play_id":"f2dbbdbe-25e2-4a37-af77-0ea51588b505","local_time":"20210215173255","is_ascension_mode":true,"campfire_choices":[{"data":"Barricade","floor":7.0,"key":"SMITH"},{"data":"Forethought","floor":10.0,"key":"SMITH"},{"data":"Entrench","floor":15.0,"key":"SMITH"},{"floor":23,"key":"REST"}],"circlet_count":0,"master_deck":["AscendersBane","Strike_R","Strike_R","Strike_R","Strike_R","Defend_R","Defend_R","Defend_R","Bash","Barricade+1","Shrug It Off","Forethought+1","Shrug It Off","Body Slam+1","Entrench+1","Body Slam+1"],"relics":["Burning Blood","REME_ComplimentaryCards","Molten Egg 2","Art of War","Letter Opener","Dream Catcher","Philosopher\u0027s Stone"],"acts_visited":["Exordium","TheCity"],"potions_floor_usage":[24],"damage_taken":[{"damage":12.0,"enemies":"Cultist","floor":1.0,"turns":5.0},{"damage":6.0,"enemies":"2 Louse","floor":2.0,"turns":3.0},{"damage":14.0,"enemies":"Lagavulin","floor":6.0,"turns":11.0},{"damage":0.0,"enemies":"Small Slimes","floor":8.0,"turns":4.0},{"damage":14.0,"enemies":"Looter","floor":13.0,"turns":4.0},{"damage":0.0,"enemies":"Large Slime","floor":14.0,"turns":2.0},{"damage":33.0,"enemies":"Slime Boss","floor":16.0,"turns":10.0},{"damage":16.0,"enemies":"Shell Parasite","floor":18.0,"turns":5.0},{"damage":29.0,"enemies":"3 Byrds","floor":21.0,"turns":5.0},{"damage":9,"enemies":"Cultist and Chosen","floor":24,"turns":6},{"damage":65,"enemies":"Gremlin Leader","floor":25,"turns":7}],"seed_played":"-224227602922310713","potions_obtained":[{"floor":1.0,"key":"REME_GoldPotion"},{"floor":6.0,"key":"DistilledChaos"},{"floor":8.0,"key":"SmokeBomb"},{"floor":21.0,"key":"Fire Potion"}],"is_trial":false,"path_per_floor":["M","M","T","$","?","E","R","M","T","R","?","$","M","M","R","B",null,"M","$","?","M","?","R","M","E"],"character_chosen":"IRONCLAD","items_purchased":["Shrug It Off","Forethought","Molten Egg 2","Body Slam+1","Entrench","Body Slam+1"],"campfire_rested":1,"item_purchase_floors":[0,0,0,12,12,19],"current_hp_per_floor":[42,42,42,42,68,60,60,66,66,66,66,66,58,64,64,37,69,59,59,59,36,36,60,57,0,0],"gold":257,"neow_bonus":"","is_daily":false,"chose_seed":false,"campfire_upgraded":3,"win_rate":0.0,"timestamp":1613381575,"path_taken":["M","M","?","?","?","E","R","M","T","R","?","?","M","?","R","BOSS","M","$","?","M","?","R","?","E"],"items_purchased_type":["Card","Card","Relic","Card","Card","Card"],"build_version":"2020-12-22","purchased_purges":2,"victory":false,"max_hp_per_floor":[80,80,80,80,80,80,80,80,80,80,80,80,80,80,80,80,80,80,80,80,80,80,80,80,80,80],"card_choices":[{"not_picked":["Perfected Strike+1","Inflame"],"picked":"Shrug It Off","floor":1.0},{"not_picked":["REME_Scribble","Perfected Strike+1","Armaments"],"picked":"SKIP","floor":2.0},{"not_picked":["Clash+1","Twin Strike+1","Wild Strike+1"],"picked":"SKIP","floor":6.0},{"not_picked":["Disarm","Whirlwind+1","Warcry"],"picked":"SKIP","floor":8.0},{"not_picked":["True Grit","REME_Scribble","Shockwave"],"picked":"SKIP","floor":13.0},{"not_picked":["Dark Embrace","Flex","Sword Boomerang+1"],"picked":"SKIP","floor":18.0},{"not_picked":["Fire Breathing+1","Armaments+1","Twin Strike+1"],"picked":"SKIP","floor":21.0},{"not_picked":["Clash+1","Combust","Dropkick+1"],"picked":"SKIP","floor":24}],"player_experience":241887,"relics_obtained":[{"floor":3.0,"key":"Art of War"},{"floor":6.0,"key":"Letter Opener"},{"floor":9.0,"key":"Dream Catcher"}],"event_choices":[{"damage_healed":26.0,"max_hp_gain":0.0,"max_hp_loss":0.0,"gold_gain":0.0,"event_name":"Big Fish","player_choice":"Banana","floor":5.0,"gold_loss":0.0,"damage_taken":0.0},{"damage_healed":0.0,"max_hp_gain":0.0,"max_hp_loss":0.0,"gold_gain":0.0,"event_name":"Liars Game","player_choice":"Ignored","floor":11.0,"gold_loss":0.0,"damage_taken":0.0},{"damage_healed":0.0,"max_hp_gain":0.0,"max_hp_loss":0.0,"gold_gain":99.0,"event_name":"Nest","player_choice":"Stole From Cult","floor":20.0,"gold_loss":0.0,"damage_taken":0.0},{"damage_healed":0,"gold_gain":100,"player_choice":"Bet on Murderer","damage_taken":0,"max_hp_gain":0,"max_hp_loss":0,"event_name":"The Joust","floor":22,"gold_loss":50}],"is_beta":false,"boss_relics":[{"not_picked":["SacredBark","Ectoplasm"],"picked":"Philosopher\u0027s Stone"}],"items_purged_floors":[0,19],"is_endless":false,"potions_floor_spawned":[1,6,8,21],"killed_by":"Gremlin Leader","ascension_level":11}}