{"host":"ipcfr4ajj2jkxvg7","time":1613410829,"event":{"mods":["BaseMod","Colored Powertips","GifTheSpireLib","Marisa（F雨　魔理沙）","Minty Spire (QoL Compilation)","Quick Restart","Remilia（蕾米莉亚）","Replay The Spire","RumiaBox-露米娅的神秘盒子","StSLib"],"gold_per_floor":[115,126,126,142,142,177,177,194,246,274,274,116,178,178,178],"floor_reached":14,"language":"ZHS","playtime":322,"items_purged":["Defend_RM"],"score":196,"play_id":"54e3945b-9e3f-4aa6-a7ff-07ab099e9103","local_time":"20210216014029","is_ascension_mode":true,"campfire_choices":[{"data":"EquivalentExchange","floor":7,"key":"SMITH"},{"data":"RedMoon","floor":11,"key":"SMITH"}],"circlet_count":0,"master_deck":["AscendersBane","Strike_RM+1","Strike_RM","Strike_RM","Strike_RM","Defend_RM","Defend_RM","Defend_RM","RedMoon+1","ScarletShoot+1","ScarletDevilSign+1","EquivalentExchange+1","LeisurelyOfLord","FitfulNightmare"],"relics":["ScarletHat","NeowsBlessing","AddBug","SecretRecord"],"acts_visited":["Exordium"],"potions_floor_usage":[6,10,10],"damage_taken":[{"damage":0,"enemies":"2 Louse","floor":1,"turns":1},{"damage":0,"enemies":"Small Slimes","floor":2,"turns":1},{"damage":0,"enemies":"Jaw Worm","floor":4,"turns":1},{"damage":32,"enemies":"Lagavulin","floor":6,"turns":9},{"damage":6,"enemies":"Looter","floor":8,"turns":3},{"damage":19,"enemies":"3 Sentries","floor":10,"turns":12},{"damage":1,"enemies":"Gremlin Nob","floor":14,"turns":3}],"seed_played":"-1553783586009178211","potions_obtained":[{"floor":2,"key":"Adrenaline Potion"},{"floor":4,"key":"Explosive Potion"},{"floor":6,"key":"LifebloodPotion"}],"is_trial":false,"path_per_floor":["M","M","?","M","?","E","R","M","T","E","R","$","?","E"],"character_chosen":"REMILIA","items_purchased":["FitfulNightmare"],"campfire_rested":0,"item_purchase_floors":[12],"current_hp_per_floor":[63,63,42,42,42,18,18,17,17,4,4,4,4,3,3],"gold":178,"neow_bonus":"THREE_ENEMY_KILL","is_daily":false,"chose_seed":false,"campfire_upgraded":2,"win_rate":0.0,"timestamp":1613410829,"path_taken":["M","M","?","M","?","E","R","M","T","E","R","$","?","E"],"items_purchased_type":["Card"],"build_version":"2020-12-22","purchased_purges":1,"victory":false,"max_hp_per_floor":[70,70,70,70,70,70,70,70,70,70,70,70,70,70,70],"card_choices":[{"not_picked":["RedRainbow","BlasphemousPunishment"],"picked":"ScarletDevilSign","floor":1},{"not_picked":["BadLadyScramble","AfternoonTea","StarOfDavid"],"picked":"SKIP","floor":2},{"not_picked":["RedRainbow","BloodyTrap","BadLadyScramble"],"picked":"SKIP","floor":4},{"not_picked":["Stigmanizer","VampireKiss"],"picked":"EquivalentExchange","floor":6},{"not_picked":["RedRainbow","Maim","FavorOfDestiny"],"picked":"SKIP","floor":8},{"not_picked":["ScarletDevil","Stigmanizer"],"picked":"LeisurelyOfLord","floor":10}],"player_experience":468840,"relics_obtained":[{"floor":1,"key":"AddBug"},{"floor":6,"key":"Meat on the Bone"},{"floor":9,"key":"Orichalcum"},{"floor":10,"key":"Lantern"}],"event_choices":[{"damage_healed":0,"gold_gain":0,"player_choice":"Entered Light","damage_taken":21,"max_hp_gain":0,"max_hp_loss":0,"event_name":"Shining Light","floor":3,"gold_loss":0,"cards_upgraded":["Strike_RM","ScarletShoot"]},{"damage_healed":0,"gold_gain":62,"player_choice":"Gained Gold","damage_taken":0,"max_hp_gain":0,"max_hp_loss":0,"event_name":"Golden Wing","floor":13,"gold_loss":0}],"is_beta":false,"boss_relics":[],"items_purged_floors":[12],"is_endless":false,"potions_floor_spawned":[2,4,6],"killed_by":"Gremlin Nob","ascension_level":20}}