{"host":"2pffx5rqbod9ds0c","time":1613366362,"event":{"mods":["BaseMod","Better Altar","Better Match","Better Note","Better Sensory Stone","Better Skull","Better Third Choice","Bossed Relics","Custom Start","Hubris","MarisaÅiñ∂âJÅ@ñÇóùçπÅj","Minty Spire (QoL Compilation)","Quick Restart","Relic Stats","Spicy Shops","StSLib"],"gold_per_floor":[15,15,15,40,111111,111111,111111,111111,111111,111134,111172,111206,110420,110436,110436,110436,110436],"floor_reached":16,"language":"ENG","playtime":610,"items_purged":["Strike_R"],"score":200,"play_id":"6a38ac71-78d0-4691-ae90-fc75ecd00dc1","local_time":"20210214211922","is_ascension_mode":true,"campfire_choices":[{"data":"Apotheosis","floor":6,"key":"SMITH"},{"data":"TalkToTheHand","floor":8,"key":"SMITH"},{"data":"Limit Break","floor":15,"key":"SMITH"}],"circlet_count":0,"master_deck":["AscendersBane","CollectingQuirk+1","Strike_R","Strike_R","Strike_R","Strike_R","Defend_R","Defend_R","Defend_R","Defend_R","Bash","Apotheosis+1","True Grit","Cleave","TalkToTheHand+1","Whirlwind","Limit Break+1","Impervious+1","Flex+1","Shrug It Off+1"],"relics":["Burning Blood","hubris:Towel","Golden Idol","Boot","hubris:TinFlute","Odd Mushroom","Toxic Egg 2","Prayer Wheel","Singing Bowl","Juzu Bracelet","Orrery"],"acts_visited":["Exordium"],"potions_floor_usage":[16],"damage_taken":[{"damage":17,"enemies":"2 Louse","floor":1,"turns":4},{"damage":17,"enemies":"Small Slimes","floor":4,"turns":6},{"damage":12,"enemies":"Jaw Worm","floor":5,"turns":4},{"damage":14,"enemies":"3 Louse","floor":10,"turns":2},{"damage":16,"enemies":"The Mushroom Lair","floor":11,"turns":5},{"damage":31,"enemies":"3 Sentries","floor":12,"turns":5},{"damage":4,"enemies":"Large Slime","floor":14,"turns":5},{"damage":31,"enemies":"Hexaghost","floor":16,"turns":11}],"seed_played":"-3203314947054854174","potions_obtained":[{"floor":4,"key":"DistilledChaos"},{"floor":5,"key":"CultistPotion"}],"is_trial":false,"path_per_floor":["M","?","?","M","M","R","?","R","T","M","?","E","$","M","R","B"],"character_chosen":"IRONCLAD","items_purchased":["Prayer Wheel","Singing Bowl","Juzu Bracelet","Orrery","Flex+1"],"campfire_rested":0,"item_purchase_floors":[13,13,13,13,13],"current_hp_per_floor":[57,57,31,20,14,14,62,62,62,54,44,19,27,31,31,0,0],"gold":110436,"neow_bonus":"RANDOM_COLORLESS_2","is_daily":false,"chose_seed":false,"campfire_upgraded":3,"win_rate":0.0,"timestamp":1613366362,"path_taken":["M","?","?","M","M","R","?","R","T","M","?","E","$","M","R","BOSS"],"items_purchased_type":["Relic","Relic","Relic","Relic","Card"],"build_version":"2020-12-22","purchased_purges":1,"victory":false,"max_hp_per_floor":[75,75,75,75,75,75,75,75,75,75,75,75,83,85,85,85,85],"relic_stats":{"Singing Bowl":10,"counters":[8,42],"Golden Idol":32,"Prayer Wheel":2,"Juzu Bracelet":0,"Boot":[0],"obtain_stats":[{"Singing Bowl":13,"Golden Idol":3,"Orrery":13,"Prayer Wheel":13,"Juzu Bracelet":13,"hubris:Towel":2,"Odd Mushroom":11,"Toxic Egg 2":12,"Boot":7,"Burning Blood":0,"hubris:TinFlute":9},{"Singing Bowl":6,"Golden Idol":1,"Orrery":6,"Prayer Wheel":6,"Juzu Bracelet":6,"hubris:Towel":1,"Odd Mushroom":5,"Toxic Egg 2":6,"Boot":3,"Burning Blood":0,"hubris:TinFlute":3},{"Singing Bowl":26,"Golden Idol":4,"Orrery":26,"Prayer Wheel":26,"Juzu Bracelet":26,"hubris:Towel":4,"Odd Mushroom":21,"Toxic Egg 2":26,"Boot":14,"Burning Blood":0,"hubris:TinFlute":14}],"Burning Blood":42},"card_choices":[{"not_picked":["Secret Technique","Violence"],"picked":"Apotheosis","floor":0},{"not_picked":["Body Slam","Thunderclap"],"picked":"True Grit","floor":1},{"not_picked":["Clash","Bloodletting"],"picked":"Cleave","floor":4},{"not_picked":["hubris:ReadiedAction","Heavy Blade","Dual Wield"],"picked":"SKIP","floor":5},{"not_picked":["Thunderclap","Body Slam"],"picked":"Whirlwind","floor":10},{"not_picked":["Armaments","Spot Weakness"],"picked":"Limit Break","floor":11},{"not_picked":["Battle Trance+1","Seeing Red+1","hubris:ReadiedAction+1"],"picked":"SKIP","floor":12},{"not_picked":["Perfected Strike","Warcry+1","Pommel Strike"],"picked":"Singing Bowl","floor":13},{"not_picked":["Twin Strike","Reckless Charge","Hemokinesis"],"picked":"Singing Bowl","floor":13},{"not_picked":["Combust","Reckless Charge"],"picked":"Impervious+1","floor":13},{"not_picked":["Pommel Strike","Cleave","Sword Boomerang"],"picked":"Singing Bowl","floor":13},{"not_picked":["Bludgeon","Thunderclap","Headbutt"],"picked":"Singing Bowl","floor":13},{"not_picked":["Dropkick","Rage+1"],"picked":"Shrug It Off+1","floor":14},{"not_picked":["Dark Embrace","Pommel Strike","Seeing Red+1"],"picked":"Singing Bowl","floor":14}],"player_experience":872000,"relics_obtained":[{"floor":9,"key":"hubris:TinFlute"},{"floor":11,"key":"Odd Mushroom"},{"floor":12,"key":"Toxic Egg 2"}],"event_choices":[{"damage_healed":0,"gold_gain":0,"player_choice":"Take Damage","damage_taken":26,"relics_obtained":["Golden Idol"],"max_hp_gain":0,"max_hp_loss":0,"event_name":"Golden Idol","floor":3,"gold_loss":0},{"damage_healed":0,"gold_gain":0,"player_choice":"Fought Mushrooms","damage_taken":0,"max_hp_gain":0,"max_hp_loss":0,"event_name":"Mushrooms","floor":11,"gold_loss":0}],"is_beta":false,"boss_relics":[],"items_purged_floors":[13],"is_endless":false,"potions_floor_spawned":[4,5,10,14],"killed_by":"Hexaghost","ascension_level":20}}