{"host":"7yuv8uj1t8ip67ez","time":1613432224,"event":{"mods":["BaseMod","Best Route Mod","Bestiary","Block Reminder","Colored Map","Colored Powertips","Curses Come First","DeckTracker","Highlight Path","Keyboard Shortcuts","Minty Spire (QoL Compilation)","Potion Indicator Mod","Quick Restart","Random Character Button","Relic Sorter","StSLib"],"gold_per_floor":[412,429,443,443,456,485,532,544,544,544,544,544,544],"floor_reached":12,"language":"ENG","playtime":706,"items_purged":[],"score":104,"play_id":"b1ba6a09-0558-4ad0-9181-bdce118dc911","local_time":"20210215153704","is_ascension_mode":true,"campfire_choices":[{"floor":11,"key":"REST"}],"circlet_count":0,"master_deck":["Strike_G","Strike_G","Strike_G","Strike_G","Strike_G","Defend_G","Defend_G","Defend_G","Defend_G+1","Defend_G+1","Survivor","Neutralize","Flying Knee","Backstab","Caltrops+1","Distraction","Outmaneuver"],"relics":["Ring of the Snake","Old Coin","Molten Egg 2","War Paint","Bottled Flame"],"acts_visited":["Exordium"],"potions_floor_usage":[8,8],"damage_taken":[{"damage":10,"enemies":"Jaw Worm","floor":1,"turns":7},{"damage":0,"enemies":"Cultist","floor":2,"turns":4},{"damage":0,"enemies":"Small Slimes","floor":3,"turns":3},{"damage":6,"enemies":"Exordium Wildlife","floor":5,"turns":4},{"damage":37,"enemies":"3 Sentries","floor":6,"turns":10},{"damage":8,"enemies":"Large Slime","floor":8,"turns":5},{"damage":24,"enemies":"Gremlin Nob","floor":12,"turns":3}],"seed_played":"4962255166563710031","potions_obtained":[{"floor":1,"key":"ColorlessPotion"},{"floor":6,"key":"ColorlessPotion"}],"is_trial":false,"path_per_floor":["M","M","M","?","M","E","T","M","T","?","R","E"],"character_chosen":"THE_SILENT","items_purchased":[],"campfire_rested":1,"item_purchase_floors":[],"current_hp_per_floor":[53,53,53,53,47,10,10,2,2,2,20,0,0],"gold":544,"neow_bonus":"ONE_RARE_RELIC","is_daily":false,"chose_seed":false,"campfire_upgraded":0,"win_rate":0.0,"timestamp":1613432224,"path_taken":["M","M","M","?","M","E","?","?","T","?","R","E"],"items_purchased_type":[],"build_version":"2020-12-22","purchased_purges":0,"victory":false,"max_hp_per_floor":[63,63,63,63,63,63,63,63,63,63,63,63,63],"card_choices":[{"not_picked":["Blur","Underhanded Strike"],"picked":"Flying Knee","floor":1},{"not_picked":["Concentrate","Dodge and Roll"],"picked":"Backstab","floor":2},{"not_picked":["Distraction","Prepared"],"picked":"Caltrops","floor":3},{"not_picked":["Tactician","Escape Plan","Flechettes"],"picked":"SKIP","floor":5},{"not_picked":["Bane+1","Night Terror"],"picked":"Distraction","floor":6},{"not_picked":["Skewer+1","Flying Knee+1"],"picked":"Outmaneuver","floor":8}],"player_experience":487954,"relics_obtained":[{"floor":6,"key":"Molten Egg 2"},{"floor":7,"key":"War Paint"},{"floor":9,"key":"Bottled Flame"}],"event_choices":[{"damage_healed":0,"gold_gain":0,"player_choice":"Grow","damage_taken":0,"max_hp_gain":0,"max_hp_loss":0,"event_name":"Living Wall","floor":4,"gold_loss":0,"cards_upgraded":["Caltrops"]},{"damage_healed":0,"gold_gain":0,"player_choice":"Fled","damage_taken":0,"max_hp_gain":0,"max_hp_loss":0,"event_name":"Scrap Ooze","floor":10,"gold_loss":0}],"is_beta":false,"boss_relics":[],"items_purged_floors":[],"is_endless":false,"potions_floor_spawned":[1,6],"killed_by":"Gremlin Nob","ascension_level":6}}