{"host":"wmojtwekh6s3tor5","time":1613407365,"event":{"mods":["BaseMod","Colored Map","Colored Powertips","DeckTracker","Highlight Path","Minty Spire (QoL Compilation)","StSLib"],"gold_per_floor":[110,80,80,92,4,4,4,22,47,66,77,77,87,106,106,209,209,228,241,276,276,294,294,294,294,294],"floor_reached":25,"language":"ZHS","playtime":1385,"items_purged":[],"score":254,"play_id":"a1cf70bf-3738-4a00-a33a-b02c9af59e04","local_time":"20210216004245","is_ascension_mode":true,"campfire_choices":[{"data":"Finesse","floor":6.0,"key":"SMITH"},{"data":"Pommel Strike","floor":12,"key":"SMITH"},{"data":"Reaper","floor":15,"key":"SMITH"},{"floor":23,"key":"REST"}],"circlet_count":0,"master_deck":["Strike_R+1","Strike_R+1","Strike_R+1","Strike_R+1","Strike_R+1","Defend_R+1","Defend_R+1","Defend_R+1","Defend_R+1","Pommel Strike+1","Pommel Strike+1","Finesse+1","Thunderclap","Reaper+1","Dropkick","Perfected Strike","Decay"],"relics":["Burning Blood","NeowsBlessing","Happy Flower","Runic Cube","Red Mask"],"acts_visited":["Exordium","TheCity"],"potions_floor_usage":[11,16,19,20,25],"damage_taken":[{"damage":0.0,"enemies":"Cultist","floor":1.0,"turns":1.0},{"damage":0.0,"enemies":"2 Louse","floor":4.0,"turns":1.0},{"damage":0.0,"enemies":"Jaw Worm","floor":8.0,"turns":1.0},{"damage":7.0,"enemies":"Red Slaver","floor":10.0,"turns":4.0},{"damage":1,"enemies":"Exordium Wildlife","floor":11,"turns":4},{"damage":0,"enemies":"Blue Slaver","floor":13,"turns":3},{"damage":12,"enemies":"3 Louse","floor":14,"turns":3},{"damage":15,"enemies":"Slime Boss","floor":16,"turns":9},{"damage":28,"enemies":"Chosen","floor":18,"turns":6},{"damage":14,"enemies":"3 Byrds","floor":19,"turns":4},{"damage":22,"enemies":"Masked Bandits","floor":20,"turns":4},{"damage":22,"enemies":"Centurion and Healer","floor":22,"turns":7},{"damage":68,"enemies":"Book of Stabbing","floor":25,"turns":7}],"seed_played":"3675327504689693728","potions_obtained":[{"floor":4.0,"key":"Block Potion"},{"floor":8.0,"key":"LiquidBronze"},{"floor":13,"key":"ElixirPotion"},{"floor":16,"key":"Fire Potion"},{"floor":18,"key":"Swift Potion"},{"floor":19,"key":"SteroidPotion"}],"is_trial":false,"path_per_floor":["M","?","?","M","$","R","?","M","T","M","M","R","M","M","R","B",null,"M","M","?","?","M","R","?","E"],"character_chosen":"IRONCLAD","items_purchased":["Finesse"],"campfire_rested":1,"item_purchase_floors":[5],"current_hp_per_floor":[78,78,71,77,77,77,77,80,80,79,80,80,80,75,75,76,79,57,55,39,39,33,57,57,0,0],"gold":294,"neow_bonus":"THREE_ENEMY_KILL","is_daily":false,"chose_seed":false,"campfire_upgraded":3,"win_rate":0.0,"timestamp":1613407365,"path_taken":["M","?","?","M","$","R","?","M","T","?","M","R","M","M","R","BOSS","M","M","?","?","M","R","?","E"],"items_purchased_type":["Card"],"build_version":"2020-12-22","purchased_purges":0,"victory":false,"max_hp_per_floor":[80,80,80,80,80,80,80,80,80,80,80,80,80,80,80,80,80,80,80,80,80,80,80,80,80,80],"card_choices":[{"not_picked":["Twin Strike","Blood for Blood"],"picked":"Pommel Strike","floor":1.0},{"not_picked":["Armaments","Body Slam"],"picked":"Pommel Strike","floor":4.0},{"not_picked":["Feel No Pain","Sever Soul","Battle Trance"],"picked":"SKIP","floor":8.0},{"not_picked":["Rupture","Cleave"],"picked":"Thunderclap","floor":10.0},{"not_picked":["Evolve","Clash"],"picked":"Reaper","floor":11},{"not_picked":["Burning Pact","Havoc"],"picked":"Dropkick","floor":13},{"not_picked":["Twin Strike","True Grit","Blood for Blood"],"picked":"SKIP","floor":14},{"not_picked":["Wild Strike","Anger","Sentinel"],"picked":"SKIP","floor":18},{"not_picked":["Clothesline+1","Blood for Blood"],"picked":"Perfected Strike","floor":19},{"not_picked":["Body Slam+1","Combust","Clothesline+1"],"picked":"SKIP","floor":22}],"player_experience":624697,"relics_obtained":[{"floor":9.0,"key":"Happy Flower"},{"floor":20,"key":"Red Mask"}],"event_choices":[{"damage_healed":0.0,"max_hp_gain":0.0,"max_hp_loss":0.0,"gold_gain":0.0,"event_name":"World of Goop","player_choice":"Left Gold","floor":2.0,"gold_loss":30.0,"damage_taken":0.0},{"cards_removed":["Bash"],"damage_healed":0.0,"max_hp_gain":0.0,"max_hp_loss":0.0,"gold_gain":0.0,"event_name":"Golden Wing","player_choice":"Card Removal","floor":3.0,"gold_loss":0.0,"damage_taken":7.0},{"damage_healed":0.0,"max_hp_gain":0.0,"max_hp_loss":0.0,"gold_gain":0.0,"event_name":"Upgrade Shrine","player_choice":"Upgraded","floor":7.0,"gold_loss":0.0,"damage_taken":0.0,"cards_upgraded":["Pommel Strike"]},{"damage_healed":0,"gold_gain":0,"player_choice":"Fought Bandits","damage_taken":0,"max_hp_gain":0,"max_hp_loss":0,"event_name":"Masked Bandits","floor":20,"gold_loss":0},{"damage_healed":0,"gold_gain":0,"player_choice":"Simplicity","damage_taken":0,"max_hp_gain":0,"max_hp_loss":0,"event_name":"Back to Basics","floor":21,"gold_loss":0,"cards_upgraded":["Strike_R","Strike_R","Strike_R","Strike_R","Strike_R","Defend_R","Defend_R","Defend_R","Defend_R"]},{"damage_healed":0,"gold_gain":0,"player_choice":"Smashed Altar","damage_taken":0,"max_hp_gain":0,"max_hp_loss":0,"event_name":"Forgotten Altar","floor":24,"gold_loss":0,"cards_obtained":["Decay"]}],"is_beta":false,"boss_relics":[{"not_picked":["SlaversCollar","Snecko Eye"],"picked":"Runic Cube"}],"items_purged_floors":[],"is_endless":false,"potions_floor_spawned":[4,8,13,16,18,19],"killed_by":"Book of Stabbing","ascension_level":6}}