{"host":"pv3sjfzbkjl0g4yo","time":1613425162,"event":{"mods":["BaseMod","Hubris","Marisa????????","Minty Spire (QoL Compilation)","Replay The Spire","StSLib","The Necromancer","TheBandit"],"gold_per_floor":[114,137,155,155,155,155,165,194,38,57,81,81,6,37,37,37,37,136,136,153,173,173,192,192,192,192,192,192],"floor_reached":26,"language":"ENG","playtime":1910,"items_purged":["Regret"],"score":314,"play_id":"f710ad0b-3f6d-4aeb-b1f1-2e42bea63387","local_time":"20210215163922","is_ascension_mode":false,"campfire_choices":[{"floor":15.0,"key":"DIG"},{"floor":17.0,"key":"DIG"},{"floor":25.0,"key":"DIG"}],"circlet_count":0,"master_deck":["wariomod:Strike","wariomod:Strike","wariomod:Strike","wariomod:Strike","wariomod:Defend","wariomod:Defend","wariomod:Defend","wariomod:Defend","wariomod:Step","wariomod:Leap","wariomod:BumRush","wariomod:Hopshield","wariomod:BoomForm","wariomod:BoomForm","wariomod:WhirlwindBurst","Sucker Punch","wariomod:RacingSpeed"],"relics":["wariomod:SuperHat","hubris:OldNail","Regal Pillow","Happy Flower","Blue Doll","Strawberry","Centennial Puzzle","Shovel","Replay:Rubber Ducky","hubris:DisguiseKit","Bag of Preparation"],"acts_visited":[],"potions_floor_usage":[],"damage_taken":[{"damage":0.0,"enemies":"Cultist","floor":1.0,"turns":2.0},{"damage":15.0,"enemies":"Jaw Worm","floor":3.0,"turns":4.0},{"damage":20.0,"enemies":"2 Louse","floor":7.0,"turns":4.0},{"damage":16.0,"enemies":"3 Sentries","floor":8.0,"turns":7.0},{"damage":5.0,"enemies":"Large Slime","floor":10.0,"turns":5.0},{"damage":0.0,"enemies":"Replay:BlueRogue","floor":14.0,"turns":4.0},{"damage":0.0,"enemies":"Fading Forest","floor":18.0,"turns":11.0},{"damage":18.0,"enemies":"2 Thieves","floor":20.0,"turns":3.0},{"damage":2.0,"enemies":"Chosen","floor":21.0,"turns":5.0},{"damage":30.0,"enemies":"Snake Plant","floor":23.0,"turns":8.0},{"damage":0,"enemies":"Book of Stabbing","floor":26,"turns":1}],"seed_played":"4281900039051290713","potions_obtained":[{"floor":1.0,"key":"PowerPotion"},{"floor":3.0,"key":"Strength Potion"},{"floor":10.0,"key":"Reflective Coating"},{"floor":14.0,"key":"FearPotion"},{"floor":18.0,"key":"SmokeBomb"},{"floor":20.0,"key":"FearPotion"}],"is_trial":false,"path_per_floor":["M","T","M","?","PTL","PTL","M","E","$","M","T","T","$","E","R","$","R","B",null,"M","M","?","M","?","R","E"],"character_chosen":"THE_BANDIT","items_purchased":["Blue Doll"],"campfire_rested":0,"item_purchase_floors":[9],"current_hp_per_floor":[88,88,73,73,73,73,53,37,37,32,39,39,39,39,39,39,39,39,95,77,75,75,45,45,45,45,45,45],"gold":192,"neow_bonus":"TEN_PERCENT_HP_BONUS","is_daily":false,"chose_seed":false,"campfire_upgraded":0,"win_rate":0.0,"timestamp":1613425162,"path_taken":["M","?","M","?","PTL","PTL","M","E","?","?","T","?","?","E","R","$","R","BOSS","M","M","?","M","?","R","E"],"items_purchased_type":["Relic"],"build_version":"2020-12-22","purchased_purges":1,"victory":false,"max_hp_per_floor":[88,88,88,88,88,88,88,88,88,88,95,95,95,95,95,95,95,95,95,95,95,95,95,95,95,95,95,95],"card_choices":[{"not_picked":["wariomod:BodyBlock","wariomod:EndlessBlast"],"picked":"wariomod:BumRush","floor":1.0},{"not_picked":["wariomod:NullJump","wariomod:DonateDraw"],"picked":"wariomod:Hopshield","floor":3.0},{"not_picked":["wariomod:BodyBlock","wariomod:f","wariomod:Smackflip"],"picked":"SKIP","floor":7.0},{"not_picked":["wariomod:Purify","wariomod:CursedSpaces"],"picked":"wariomod:BoomForm","floor":8.0},{"not_picked":["wariomod:BoomBoom","wariomod:Boomsmack","wariomod:CursedSpaces"],"picked":"SKIP","floor":10.0},{"not_picked":["wariomod:SmallSprint","wariomod:Game","wariomod:BoomBoom"],"picked":"SKIP","floor":14.0},{"not_picked":["wariomod:Jumpy","wariomod:SpacialMastery","Night Terror"],"picked":"wariomod:BoomForm","floor":18.0},{"not_picked":["wariomod:DoubleDash","wariomod:Leapslam","wariomod:Bomblaster","Flying Knee"],"picked":"SKIP","floor":20.0},{"not_picked":["wariomod:DisarmingMoves","wariomod:EmptyMind+1","Backflip"],"picked":"wariomod:WhirlwindBurst","floor":21.0},{"not_picked":["wariomod:BoomBoom","wariomod:WhirlwindBurst+1","Slice"],"picked":"wariomod:RacingSpeed","floor":23.0}],"player_experience":559764,"relics_obtained":[{"floor":2.0,"key":"hubris:OldNail"},{"floor":8.0,"key":"Happy Flower"},{"floor":11.0,"key":"Strawberry"},{"floor":12.0,"key":"Centennial Puzzle"},{"floor":14.0,"key":"Shovel"},{"floor":15.0,"key":"Replay:Rubber Ducky"},{"floor":17.0,"key":"hubris:DisguiseKit"},{"floor":25.0,"key":"Bag of Preparation"}],"event_choices":[{"damage_healed":0.0,"max_hp_gain":0.0,"max_hp_loss":0.0,"gold_gain":0.0,"event_name":"Big Fish","player_choice":"Box","floor":4.0,"gold_loss":0.0,"damage_taken":0.0,"relics_obtained":["Regal Pillow"],"cards_obtained":["Regret"]},{"damage_healed":0.0,"max_hp_gain":0.0,"max_hp_loss":0.0,"gold_gain":0.0,"event_name":"The Library","player_choice":"Read","floor":22.0,"gold_loss":0.0,"damage_taken":0.0,"cards_obtained":["Sucker Punch"]},{"damage_healed":0.0,"max_hp_gain":0.0,"max_hp_loss":0.0,"gold_gain":0.0,"event_name":"Match and Keep!","player_choice":"0 cards matched","floor":24.0,"gold_loss":0.0,"damage_taken":0.0,"cards_obtained":[]}],"is_beta":false,"boss_relics":[{"not_picked":["White Beast Statue","Ectoplasm"],"picked":"wariomod:SuperHat"}],"items_purged_floors":[13],"is_endless":false,"potions_floor_spawned":[1,3,10,14,18,20,21],"killed_by":"Book of Stabbing","ascension_level":0}}