{"host":"5wwct7e0z3l0f094","time":1613361135,"event":{"mods":["AchievementEnabler","BaseMod","Downfall","Highlight Path","Minty Spire (QoL Compilation)","StSLib","SuperFastMode"],"gold_per_floor":[99,109,120,105,161,161,161,161,161,177,14,33,60,60,79,79,79,79],"floor_reached":16,"language":"ENG","playtime":942,"items_purged":[],"score":100,"play_id":"53f629a3-80cf-4170-8eec-87dfd38a4d6f","local_time":"20210214225215","is_ascension_mode":false,"campfire_choices":[{"data":"Guardian:TwinSlam","floor":1,"key":"SMITH"},{"data":"Guardian:Suspension","floor":6,"key":"SMITH"},{"floor":8,"key":"RECALL"}],"circlet_count":0,"master_deck":["Guardian:Strike_Guardian","Guardian:Strike_Guardian","Guardian:Strike_Guardian","Guardian:Defend_Guardian","Guardian:Defend_Guardian","Guardian:Defend_Guardian","Guardian:Defend_Guardian","Guardian:CurlUp","Guardian:TwinSlam+1","Guardian:GuardianWhirl","Guardian:Suspension+1","Guardian:EvasiveProtocol","Guardian:ShieldCharger","Guardian:ChargeCore","Guardian:RollAttack","Guardian:CrystalBeam"],"relics":["Guardian:ModeShifter","Mercury Hourglass","Frozen Egg 2","downfall:BrokenWingStatue","Juzu Bracelet","Bottled Lightning"],"acts_visited":["Exordium"],"potions_floor_usage":[13,13,16],"damage_taken":[{"damage":3,"enemies":"Jaw Worm","floor":2,"turns":6},{"damage":0,"enemies":"Cultist","floor":3,"turns":4},{"damage":0,"enemies":"downfall:FleeingMerchant","floor":4,"turns":4},{"damage":22,"enemies":"3 Sentries","floor":5,"turns":8},{"damage":0,"enemies":"Small Slimes","floor":10,"turns":2},{"damage":15,"enemies":"downfall:FleeingMerchant","floor":11,"turns":4},{"damage":14,"enemies":"3 Louse","floor":12,"turns":3},{"damage":21,"enemies":"Gremlin Nob","floor":13,"turns":5},{"damage":11,"enemies":"Large Slime","floor":15,"turns":2},{"damage":5,"enemies":"IC_STATUS_ARCHETYPE","floor":16,"turns":2}],"seed_played":"1833417449918436781","potions_obtained":[{"floor":2,"key":"Guardian:AcceleratePotion"},{"floor":10,"key":"Swift Potion"},{"floor":12,"key":"PowerPotion"}],"is_trial":false,"path_per_floor":["R","M","M","$","?","R","T","R","?","M","$","M","E","?","M","B"],"character_chosen":"GUARDIAN","items_purchased":["Juzu Bracelet"],"campfire_rested":0,"item_purchase_floors":[11],"current_hp_per_floor":[88,85,85,85,63,63,63,63,63,63,48,34,13,13,2,0,0,0],"gold":79,"neow_bonus":"TEN_PERCENT_HP_BONUS","is_daily":false,"chose_seed":false,"campfire_upgraded":2,"win_rate":0.0,"timestamp":1613361135,"path_taken":["R","M","M","$","?","R","T","R","?","?","$","M","E","?","M","BOSS"],"items_purchased_type":["Relic"],"build_version":"2020-12-22","purchased_purges":0,"victory":false,"max_hp_per_floor":[88,88,88,88,88,88,88,88,88,88,88,88,88,88,88,88,88,88],"card_choices":[{"not_picked":["Guardian:TemporalShield","Guardian:Preprogram"],"picked":"Guardian:GuardianWhirl","floor":2},{"not_picked":["Guardian:TemporalShield","Guardian:Gem_Lightblue"],"picked":"Guardian:Suspension","floor":3},{"not_picked":["Guardian:Suspension","Guardian:SentryBeam"],"picked":"Guardian:EvasiveProtocol","floor":4},{"not_picked":["Guardian:PiercingHide","Guardian:RollAttack"],"picked":"Guardian:ShieldCharger","floor":5},{"not_picked":["Guardian:Emergency","Guardian:PrimingBeam"],"picked":"Guardian:Gem_Orange","floor":10},{"not_picked":["Guardian:Gem_Cyan","Guardian:Incinerate"],"picked":"Guardian:ChargeCore","floor":11},{"not_picked":["Guardian:Preprogram","Guardian:WalkerClaw"],"picked":"Guardian:RollAttack","floor":12},{"not_picked":["Guardian:TemporalStrike","Guardian:HyperBeam_Guardian"],"picked":"Guardian:Gem_Fragmented","floor":13},{"not_picked":["Guardian:DecasProtection","Guardian:Suspension"],"picked":"Guardian:CrystalBeam","floor":15}],"player_experience":314751,"relics_obtained":[{"floor":7,"key":"Frozen Egg 2"},{"floor":13,"key":"Bottled Lightning"}],"event_choices":[],"is_beta":false,"boss_relics":[],"items_purged_floors":[],"is_endless":false,"potions_floor_spawned":[2,10,12],"killed_by":"IC_STATUS_ARCHETYPE","ascension_level":0}}