{"host":"April","time":1613375160,"event":{"mods":["BaseMod","Minty Spire (QoL Compilation)"],"gold_per_floor":[114,114,6,81,81,111,126,141,166,208,220,262,274,286,298,310,310],"floor_reached":16,"language":"ENG","playtime":811,"items_purged":[],"score":116,"play_id":"7282bde3-4d16-476f-95dc-ee01ef670eb3","local_time":"20210214234600","daily_mods":["Heirloom","Flight","Night Terrors"],"is_ascension_mode":false,"campfire_choices":[{"data":"Barricade","floor":13,"key":"SMITH"},{"data":"Uppercut","floor":15,"key":"SMITH"}],"circlet_count":0,"master_deck":["Strike_R","Strike_R","Strike_R+1","Strike_R","Strike_R","Defend_R+1","Defend_R","Defend_R","Defend_R","Bash","Dark Embrace","Uppercut+1","Pummel","Sword Boomerang","Wild Strike","Pommel Strike","True Grit","Barricade+1"],"relics":["Burning Blood","Torii","Anchor","Orichalcum","MawBank","Lantern","Letter Opener","Smiling Mask"],"acts_visited":["Exordium"],"potions_floor_usage":[12],"damage_taken":[{"damage":7.0,"enemies":"2 Louse","floor":1.0,"turns":3.0},{"damage":37.0,"enemies":"Lagavulin","floor":6.0,"turns":7.0},{"damage":0.0,"enemies":"Jaw Worm","floor":7.0,"turns":2.0},{"damage":0.0,"enemies":"Cultist","floor":8.0,"turns":2.0},{"damage":4.0,"enemies":"3 Sentries","floor":10.0,"turns":8.0},{"damage":13,"enemies":"Lagavulin","floor":12,"turns":6},{"damage":23,"enemies":"Hexaghost","floor":16,"turns":13}],"seed_played":"5535013652570512859","potions_obtained":[{"floor":1.0,"key":"SpeedPotion"},{"floor":7.0,"key":"Regen Potion"},{"floor":10.0,"key":"HeartOfIron"}],"is_trial":false,"path_per_floor":["M","?","$","?","T","E","M","M","T","E","?","E","R","?","R","B"],"character_chosen":"IRONCLAD","items_purchased":["Uppercut","Pummel"],"campfire_rested":0,"item_purchase_floors":[3,3],"current_hp_per_floor":[79,63,63,52,52,21,27,33,33,50,55,48,48,23,23,0,0],"gold":310,"neow_bonus":"","is_daily":true,"chose_seed":false,"campfire_upgraded":2,"win_rate":0.0,"timestamp":1613375160,"path_taken":["M","?","?","?","?","E","?","?","T","E","?","E","R","?","R","BOSS"],"items_purchased_type":["Card","Card"],"build_version":"2020-12-18","purchased_purges":0,"victory":false,"max_hp_per_floor":[80,80,80,80,80,80,80,80,80,80,85,85,85,85,85,85,85],"card_choices":[{"not_picked":["Combust","Body Slam"],"picked":"Dark Embrace","floor":1.0},{"not_picked":["Shrug It Off","Heavy Blade"],"picked":"Sword Boomerang","floor":6.0},{"not_picked":["Anger","Flex"],"picked":"Wild Strike","floor":7.0},{"not_picked":["Clash","Sentinel"],"picked":"Pommel Strike","floor":8.0},{"not_picked":["Armaments","Dark Embrace"],"picked":"True Grit","floor":10.0},{"not_picked":["Iron Wave","Thunderclap"],"picked":"Barricade","floor":12}],"player_experience":2674251,"relics_obtained":[{"floor":5.0,"key":"Anchor"},{"floor":6.0,"key":"Orichalcum"},{"floor":9.0,"key":"MawBank"},{"floor":10.0,"key":"Lantern"},{"floor":12,"key":"Letter Opener"}],"event_choices":[{"damage_healed":0.0,"max_hp_gain":0.0,"max_hp_loss":0.0,"gold_gain":0.0,"event_name":"Shining Light","player_choice":"Entered Light","floor":2.0,"gold_loss":0.0,"damage_taken":16.0,"cards_upgraded":["Strike_R","Defend_R"]},{"damage_healed":0.0,"max_hp_gain":0.0,"max_hp_loss":0.0,"gold_gain":75.0,"event_name":"World of Goop","player_choice":"Gather Gold","floor":4.0,"gold_loss":0.0,"damage_taken":11.0},{"damage_healed":0.0,"max_hp_gain":5.0,"max_hp_loss":0.0,"gold_gain":0.0,"event_name":"Big Fish","player_choice":"Donut","floor":11.0,"gold_loss":0.0,"damage_taken":0.0},{"damage_healed":0,"gold_gain":0,"player_choice":"Success","damage_taken":25,"relics_obtained":["Smiling Mask"],"max_hp_gain":0,"max_hp_loss":0,"event_name":"Scrap Ooze","floor":14,"gold_loss":0}],"is_beta":true,"boss_relics":[],"items_purged_floors":[],"is_endless":false,"potions_floor_spawned":[1,7,10],"killed_by":"Hexaghost","ascension_level":0}}