{"host":"a3gu5zu37ht99mpa","time":1613411329,"event":{"mods":["100% Spire Juice","Act Like it!","Arknights","BaseMod","Better Silent Start","BetterRewards","Conspire","Downfall","Energized Spire","GifTheSpireLib","Gold Saver","Halation","Minty Spire (QoL Compilation)","Prisma Mod","Robot Space Explorer","Shop Mod","StSLib","Stuff the Spire","The Animator","The Servant 0.9.4","Virulent Crown","Wandering Minibosses","yUi"],"gold_per_floor":[99,111,123,123,123,223,223,223,223,253,253,253,215,233,252,347,347,147,147,259,274,296,296,296],"floor_reached":23,"language":"ENG","playtime":1227,"items_purged":[],"score":209,"play_id":"d37d3c2d-d8c5-4437-98a3-da12000340ac","local_time":"20210215124849","is_ascension_mode":true,"campfire_choices":[{"floor":1,"key":"RECALL"},{"data":"animator:GoblinSlayer","floor":11,"key":"SMITH"},{"data":"animator:IzunaHatsuse","floor":18,"key":"SMITH"}],"circlet_count":0,"master_deck":["animator:Strike_GoblinSlayer","animator:Defend_GoblinSlayer+1","animator:Strike","animator:Strike","animator:Strike","animator:Defend","animator:Defend","animator:Defend+1","animator:LizardPriest+1","animator:DwarfShaman+1","animator:IzunaHatsuse+1","animator:Archer","downfall:Malfunctioning","animator:ShinjiMatou","animator:GoblinSlayer+1","animator:Aqua","animator:Benimaru","animator:Cocytus","animator:Priestess","animator:Shiro","Writhe","animator:Strike","animator:Vanir","animator:Arpeggio","animator:Saitama","animator:Shimakaze","Regret","animator:Witch","animator:Priestess","animator:Jibril"],"relics":["animator:LivingPicture","animator:TheMissingPiece","animator:PurgingStone","downfall:HeartsMalice","halation:EternalFortune","StuffTheSpire:SapphireSignet","bronze:MakeshiftBattery","downfall:HeartBlessingRed","downfall:HeartBlessingBlue","Sundial","downfall:GremlinSack"],"acts_visited":["Exordium","TheCity"],"potions_floor_usage":[16,20],"damage_taken":[{"damage":0,"enemies":"Jaw Worm","floor":2,"turns":1},{"damage":0,"enemies":"Small Slimes","floor":3,"turns":1},{"damage":0,"enemies":"2 Louse","floor":8,"turns":1},{"damage":0,"enemies":"downfall:LooterAlt","floor":10,"turns":5},{"damage":0,"enemies":"downfall:FleeingMerchant","floor":13,"turns":4},{"damage":10,"enemies":"Exordium Thugs","floor":14,"turns":5},{"damage":0,"enemies":"Exordium Wildlife","floor":15,"turns":3},{"damage":16,"enemies":"WA_ARCHETYPE_RETAIN","floor":16,"turns":7},{"damage":19,"enemies":"WA_ARCHETYPE_RETAIN","floor":20,"turns":4},{"damage":38,"enemies":"Chosen","floor":21,"turns":7},{"damage":0,"enemies":"3 Byrds","floor":22,"turns":5},{"damage":35,"enemies":"Snake Plant","floor":23,"turns":3}],"seed_played":"5661109976107006315","potions_obtained":[{"floor":10,"key":"PowerPotion"},{"floor":14,"key":"BlessingOfTheForge"},{"floor":16,"key":"Ancient Potion"}],"is_trial":false,"path_per_floor":["R","M","M","?","?","?","T","M","T","M","R","?","$","M","M","B",null,"R","?","?","M","M","M"],"character_chosen":"THE_ANIMATOR","items_purchased":["animator:Benimaru"],"campfire_rested":0,"item_purchase_floors":[13],"current_hp_per_floor":[66,66,66,69,69,69,69,70,70,70,70,70,70,60,61,48,72,82,82,63,27,29,0,0],"gold":296,"neow_bonus":"THREE_ENEMY_KILL","is_daily":false,"chose_seed":false,"campfire_upgraded":2,"win_rate":0.0,"timestamp":1613411329,"path_taken":["R","M","M","?","?","?","T","M","?","?","R","?","$","M","M","BOSS","R","?","?","?","M","M"],"items_purchased_type":["Card"],"build_version":"2020-12-22","purchased_purges":0,"victory":false,"max_hp_per_floor":[66,66,66,69,69,69,69,70,70,70,70,70,70,70,71,72,72,82,82,82,82,82,82,82],"card_choices":[{"not_picked":["animator:Illya","animator:MaesHughes"],"picked":"animator:IzunaHatsuse","floor":2},{"not_picked":["animator:MaesHughes","animator:Hakurou"],"picked":"animator:Archer","floor":3},{"not_picked":["animator:Lancer","animator:Demiurge"],"picked":"animator:ShinjiMatou","floor":8},{"not_picked":["animator:Witch","animator:DwarfShaman"],"picked":"animator:GoblinSlayer","floor":10},{"not_picked":["animator:Vanir","animator:Tyuule"],"picked":"animator:Aqua","floor":13},{"not_picked":["animator:Tyuule","animator:DwarfShaman"],"picked":"animator:Cocytus","floor":14},{"not_picked":["animator:Verdia","animator:Jibril"],"picked":"animator:Priestess","floor":15},{"not_picked":["animator:Saitama","animator:Sora"],"picked":"animator:Shiro","floor":16},{"not_picked":["animator:LizardPriest","animator:Spearman"],"picked":"animator:Witch","floor":20},{"not_picked":["animator:LizardPriest","animator:MaesHughes"],"picked":"animator:Priestess","floor":21},{"not_picked":["animator:YaoHaDucy","animator:TukaLunaMarceau"],"picked":"animator:Jibril","floor":22}],"player_experience":94927,"relics_obtained":[{"floor":9,"key":"StuffTheSpire:SapphireSignet"},{"floor":20,"key":"downfall:GremlinSack"}],"event_choices":[{"damage_healed":0,"gold_gain":0,"player_choice":"Grow","damage_taken":0,"max_hp_gain":0,"max_hp_loss":0,"event_name":"Living Wall","floor":12,"gold_loss":0,"cards_upgraded":["animator:DwarfShaman"]}],"is_beta":false,"boss_relics":[{"not_picked":["Busted Crown","energizedSpire:OgreHead"],"picked":"bronze:MakeshiftBattery"}],"items_purged_floors":[],"is_endless":false,"potions_floor_spawned":[10,14,16],"killed_by":"Snake Plant","ascension_level":1}}