{"host":"6hzrz31j95f2y1pa","time":1613360959,"event":{"mods":["BaseMod","Colored Map","Downfall","Minty Spire (QoL Compilation)","StSLib"],"gold_per_floor":[99,111,131,131,148,165,165,165,193,193,207,236,236,269,285,387,387,387,403,414,430,440,472,472,485,485,520,520,430,446,446,459,561,561,461,479,491,517,531,229,229,29,29,40,40,75,78,104,115,115,115,148,2,2,2,2],"floor_reached":57,"language":"ENG","playtime":3955,"items_purged":["downfall:Icky","Normality","downfall:Icky"],"score":1851,"play_id":"dfb74cb2-5351-40db-bcd3-64834ea9b511","local_time":"20210214224919","is_ascension_mode":true,"campfire_choices":[{"data":"Guardian:Suspension","floor":1,"key":"SMITH"},{"data":"Guardian:SphericShield","floor":18,"key":"SMITH"},{"floor":26,"key":"REST"},{"floor":35,"key":"RECALL"},{"data":"Guardian:StasisEngine","floor":42,"key":"SMITH"},{"data":"Guardian:TemporalShield","floor":45,"key":"SMITH"},{"data":"Guardian:BodySlam","floor":54,"key":"SMITH"}],"circlet_count":0,"master_deck":["Guardian:Strike_Guardian+1","Guardian:Strike_Guardian+1","Guardian:Strike_Guardian","Guardian:Defend_Guardian+1","Guardian:Defend_Guardian","Guardian:Defend_Guardian","Guardian:CurlUp+1","Guardian:TwinSlam","Guardian:Suspension+1","Guardian:StasisEngine","Guardian:Incinerate","Guardian:Planning+1","Guardian:SentryBeam+1","Guardian:StasisEngine+1","Guardian:FloatingOrbs","Guardian:TemporalShield+1","Guardian:SphericShield+1","Guardian:DecasProtection","Guardian:Incinerate","Guardian:TimeCapacitor+1","Guardian:TimeCapacitor","Guardian:Repulse+1","Guardian:BodySlam+1","Guardian:EvasiveProtocol+1","Guardian:FloatingOrbs","Guardian:FastForward"],"relics":["Guardian:ModeShifter","War Paint","Blue Candle","InkBottle","Bag of Preparation","Kunai","Cursed Key","Guardian:GemstoneGun","Gremlin Horn","Dream Catcher","SacredBark","downfall:HeartBlessingGreen","Guardian:BottledAnomaly","Juzu Bracelet","downfall:HeartBlessingRed","downfall:HeartBlessingBlue","Potion Belt","Guardian:StasisUpgradeRelic","Guardian:PocketSentry","Ornamental Fan"],"acts_visited":["Exordium","TheCity","TheBeyond","TheEnding"],"potions_floor_usage":[12,14,27,27,33,40,52,56,56],"damage_taken":[{"damage":4,"enemies":"Small Slimes","floor":2,"turns":5},{"damage":0,"enemies":"2 Louse","floor":3,"turns":3},{"damage":1,"enemies":"Cultist","floor":5,"turns":3},{"damage":6,"enemies":"downfall:LooterAlt","floor":6,"turns":4},{"damage":15,"enemies":"3 Sentries","floor":9,"turns":10},{"damage":5,"enemies":"Red Slaver","floor":11,"turns":4},{"damage":17,"enemies":"Gremlin Nob","floor":12,"turns":5},{"damage":5,"enemies":"3 Sentries","floor":14,"turns":7},{"damage":1,"enemies":"2 Fungi Beasts","floor":15,"turns":5},{"damage":1,"enemies":"WA_ARCHETYPE_RETAIN","floor":16,"turns":9},{"damage":2,"enemies":"Chosen","floor":19,"turns":4},{"damage":1,"enemies":"3 Byrds","floor":20,"turns":5},{"damage":1,"enemies":"Centurion and Healer","floor":21,"turns":6},{"damage":1,"enemies":"3 Cultists","floor":22,"turns":6},{"damage":18,"enemies":"Book of Stabbing","floor":23,"turns":7},{"damage":3,"enemies":"Cultist and Chosen","floor":25,"turns":6},{"damage":3,"enemies":"Slavers","floor":27,"turns":6},{"damage":1,"enemies":"downfall:FleeingMerchant","floor":29,"turns":4},{"damage":0,"enemies":"Chosen and Byrds","floor":30,"turns":4},{"damage":0,"enemies":"Centurion and Healer","floor":32,"turns":6},{"damage":25,"enemies":"IC_MUSHROOM_ARCHETYPE","floor":33,"turns":7},{"damage":5,"enemies":"3 Shapes","floor":36,"turns":4},{"damage":0,"enemies":"3 Darklings","floor":37,"turns":5},{"damage":1,"enemies":"Jaw Worm Horde","floor":39,"turns":5},{"damage":11,"enemies":"downfall:FleeingMerchant","floor":40,"turns":4},{"damage":0,"enemies":"Sphere and 2 Shapes","floor":44,"turns":6},{"damage":5,"enemies":"Reptomancer","floor":46,"turns":5},{"damage":0,"enemies":"downfall:FleeingMerchant","floor":47,"turns":4},{"damage":12,"enemies":"Nemesis","floor":48,"turns":5},{"damage":0,"enemies":"Transient","floor":49,"turns":5},{"damage":4,"enemies":"SI_POISON_ARCHETYPE","floor":50,"turns":6},{"damage":0,"enemies":"downfall:CharBossMerchant","floor":52,"turns":7},{"damage":1,"enemies":"downfall:NeowBoss","floor":55,"turns":10},{"damage":28,"enemies":"downfall:NeowBossFinal","floor":56,"turns":7}],"seed_played":"-6235944216335969188","potions_obtained":[{"floor":2,"key":"Slimebound:ThreeZeroPotion"},{"floor":5,"key":"LiquidMemories"},{"floor":11,"key":"Guardian:AcceleratePotion"},{"floor":12,"key":"Energy Potion"},{"floor":14,"key":"EntropicBrew"},{"floor":27,"key":"EssenceOfSteel"},{"floor":32,"key":"DuplicationPotion"},{"floor":33,"key":"Weak Potion"},{"floor":37,"key":"Regen Potion"},{"floor":46,"key":"Swift Potion"},{"floor":48,"key":"Explosive Potion"},{"floor":49,"key":"PowerPotion"}],"is_trial":false,"path_per_floor":["R","M","M","?","M","M","T","?","E","?","M","E","?","E","M","B",null,"R","M","M","M","M","E","T","M","R","E","?","$","M","?","M","B",null,"R","M","M","T","M","$","T","R","?","M","R","E","$","E","M","B",null,"E","$","R","B","B",null],"character_chosen":"GUARDIAN","items_purchased":["Guardian:BottledAnomaly","Guardian:BodySlam","Guardian:StasisUpgradeRelic","Dexterity Potion","Guardian:FastForward"],"campfire_rested":1,"item_purchase_floors":[40,40,47,47,53],"current_hp_per_floor":[72,68,68,68,67,61,61,56,41,41,36,19,19,14,13,12,57,57,55,54,53,52,34,34,31,52,49,49,48,48,48,48,23,60,60,55,55,55,54,43,43,53,53,53,53,48,48,36,36,32,70,70,70,70,69,78],"gold":2,"neow_bonus":"TRANSFORM_TWO_CARDS","is_daily":false,"chose_seed":false,"campfire_upgraded":5,"win_rate":0.0,"timestamp":1613360959,"path_taken":["R","M","M","?","M","M","T","?","E","?","M","E","?","E","M","BOSS","R","M","M","M","M","E","T","M","R","E","?","$","M","?","M","BOSS","R","M","M","?","M","$","T","R","?","M","R","E","$","E","M","BOSS","E","$","R","BOSS","BOSS"],"items_purchased_type":["Relic","Card","Relic","Potion","Card"],"build_version":"2020-12-22","purchased_purges":3,"victory":true,"max_hp_per_floor":[72,72,72,72,72,72,72,72,72,72,72,72,72,72,72,72,72,72,72,72,72,72,72,72,72,72,72,72,72,72,72,72,72,72,72,72,72,72,72,72,72,82,82,82,82,82,82,82,82,82,82,82,82,82,82,82],"card_choices":[{"not_picked":["Guardian:PrismaticBarrier","Guardian:Reroute"],"picked":"Guardian:Incinerate","floor":2},{"not_picked":["Guardian:Gem_Blue","Guardian:Incinerate"],"picked":"Guardian:Gem_Fragmented","floor":3},{"not_picked":["Guardian:Emergency","Guardian:PiercingHide"],"picked":"Guardian:Planning","floor":5},{"not_picked":["Guardian:Planning","Guardian:Reroute"],"picked":"Guardian:Gem_Green","floor":6},{"not_picked":["Guardian:Gem_Green","Guardian:StasisStrike"],"picked":"Guardian:SentryBeam","floor":9},{"not_picked":["Guardian:PolyBeam","Guardian:Incinerate"],"picked":"Guardian:Gem_Cyan","floor":11},{"not_picked":["Guardian:ShieldCharger","Guardian:PiercingHide"],"picked":"Guardian:Gem_Green","floor":12},{"not_picked":["Guardian:Gem_Green","Guardian:ShieldSpikes"],"picked":"Guardian:FloatingOrbs","floor":14},{"not_picked":["Guardian:Gem_Red","Guardian:Gem_Fragmented"],"picked":"Guardian:TemporalShield","floor":15},{"not_picked":["Guardian:HyperBeam_Guardian","Guardian:CompilePackage"],"picked":"Guardian:SphericShield","floor":16},{"not_picked":["Guardian:Harden","Guardian:SentryBeam"],"picked":"Guardian:DecasProtection","floor":19},{"not_picked":["Guardian:Suspension","Guardian:Reroute","Guardian:PrismaticBeam+1"],"picked":"SKIP","floor":20},{"not_picked":["Guardian:SpikerProtocol","Guardian:Suspension"],"picked":"Guardian:Incinerate","floor":21},{"not_picked":["Guardian:TimeBomb","Guardian:Recover","Guardian:Orbwalk+1"],"picked":"SKIP","floor":22},{"not_picked":["Guardian:Gem_Lightblue","Guardian:Reroute","Guardian:Gem_Green"],"picked":"SKIP","floor":23},{"not_picked":["Guardian:Gem_Fragmented","Guardian:Gem_Green"],"picked":"Guardian:TimeCapacitor+1","floor":25},{"not_picked":["Guardian:Gem_Fragmented","Guardian:BronzeOrb+1"],"picked":"Guardian:Gem_Orange","floor":27},{"not_picked":["Guardian:Gem_Crimson","Guardian:ChargeCore","Guardian:Reroute+1"],"picked":"SKIP","floor":29},{"not_picked":["Guardian:PrismaticBeam","Guardian:Gem_Crimson"],"picked":"Guardian:TimeCapacitor","floor":30},{"not_picked":["Guardian:BronzeOrb","Guardian:Gem_Cyan","Guardian:Gem_Red"],"picked":"SKIP","floor":32},{"not_picked":["Guardian:Gem_Lightblue","Guardian:TemporalStrike"],"picked":"Guardian:Repulse+1","floor":36},{"not_picked":["Guardian:Planning","Guardian:PrimingBeam","Guardian:VentSteam"],"picked":"SKIP","floor":37},{"not_picked":["Guardian:Suspension+1","Guardian:VentSteam+1","Guardian:Gem_Blue"],"picked":"SKIP","floor":39},{"not_picked":["Guardian:ChargeCore","Guardian:PolyBeam","Guardian:RefractedBeam+1"],"picked":"SKIP","floor":40},{"not_picked":["Guardian:Gem_Red","Guardian:Preprogram+1"],"picked":"Guardian:Gem_White","floor":44},{"not_picked":["Guardian:ChargeCore","Guardian:TemporalStrike"],"picked":"Guardian:EvasiveProtocol+1","floor":46},{"not_picked":["Guardian:HyperBeam_Guardian","Guardian:TemporalShield+1","Guardian:ArmoredProtocol"],"picked":"SKIP","floor":47},{"not_picked":["Guardian:ShieldCharger","Guardian:Incinerate+1","Guardian:EvasiveProtocol"],"picked":"SKIP","floor":48},{"not_picked":["Guardian:VentSteam","Guardian:FloatingOrbs","Guardian:Gem_Lightblue"],"picked":"SKIP","floor":49},{"not_picked":["Guardian:PolyBeam","Guardian:TimeBomb"],"picked":"Guardian:FloatingOrbs","floor":52}],"player_experience":1438263,"relics_obtained":[{"floor":7,"key":"War Paint"},{"floor":9,"key":"InkBottle"},{"floor":12,"key":"Bag of Preparation"},{"floor":14,"key":"Kunai"},{"floor":23,"key":"Guardian:GemstoneGun"},{"floor":24,"key":"Gremlin Horn"},{"floor":27,"key":"Dream Catcher"},{"floor":41,"key":"Juzu Bracelet"},{"floor":46,"key":"Potion Belt"},{"floor":48,"key":"Guardian:PocketSentry"},{"floor":52,"key":"Ornamental Fan"}],"event_choices":[{"damage_healed":0,"gold_gain":0,"player_choice":"Grow","damage_taken":0,"max_hp_gain":0,"max_hp_loss":0,"event_name":"Living Wall","floor":10,"gold_loss":0,"cards_upgraded":["Guardian:SentryBeam"]},{"damage_healed":0,"gold_gain":0,"player_choice":"Leave","damage_taken":0,"max_hp_gain":0,"max_hp_loss":0,"event_name":"FaceTrader","floor":31,"gold_loss":0}],"is_beta":false,"boss_relics":[{"not_picked":["Runic Dome","Astrolabe"],"picked":"Cursed Key"},{"not_picked":["bronze:MakeshiftBattery","Black Star"],"picked":"SacredBark"}],"items_purged_floors":[29,40,47],"is_endless":false,"potions_floor_spawned":[2,5,11,12,14,19,21,27,32,33,37,46,48,49],"ascension_level":8}}