{"host":"0rn20prxkpuv2e47","time":1613357723,"event":{"mods":["100% Spire Juice","ATMod(阿瑾Mod)","Act Like it!","Arknights","Aspiration","BaseMod","Challenge The Spire","Downfall","Friendly Minions","Gensokyo","GungeonMod","Hallownest","Hermit","Koishi","KomeijiMod","Luminous","Marisa（F雨　魔理沙）","Minty Spire (QoL Compilation)","MostiFishMod","Prisma Mod","Quick Restart","Reimu（博丽灵梦）","Remilia（蕾米莉亚）","Robot Space Explorer","SIMod","Shop Mod","StSLib","The Administrix","The Alterego","The Animator","The Blackbeard","The Bug Knight","The Construct","The Cursed","The Jungle","The Mystic","The Runesmith","The Senshi","The Servant 0.9.4","WarShipGirlsR/战舰少女R mod","Warlord Emblem","Wide Potions","Youmu（魂魄妖梦）","Yuyuko","[GremlinLeader]The Maniac","[IsaacMod]以撒尖塔","[功能]功能增强和修复MOD","noobMod","【功能Mod】聪明的最终Boss","【遗物卡牌】REMEMod"],"gold_per_floor":[118,118,3,20,39,39,39,89,89,99,133,93,93,88,88,187,187,187],"floor_reached":17,"language":"ZHS","playtime":1096,"items_purged":["Strike_YM","Strike_YM","Defend_YM","Defend_YM","Defend_YM","Defend_YM","Strike_YM","Strike_YM","HeavenlyHaloSlash+1"],"score":228,"play_id":"d52d121c-0248-4575-b251-9c39b43f5742","local_time":"20210215105523","is_ascension_mode":false,"campfire_choices":[{"data":"HeavenlyHaloSlash","floor":6,"key":"SMITH"},{"data":"MostiFishMod:FlyOverUtopia","floor":13,"key":"SMITH"},{"data":"AT_DarkMatter","floor":15,"key":"SMITH"}],"circlet_count":0,"master_deck":["SlashOfPresentWorld","WheelOfPainOfLivingAndDead","MostiFishMod:FlyOverUtopia+1","AT_DarkMatter+1","SwordExtraction","TwoHundredYojanaInOneSlash","SuddenPhantomFormationSlashOfKarmicWind","SpiritCuttingSword","SanzenSekai","DispleasureOfTheSevenHakus","RapidSlash","TurningAngelCut","SpiritCuttingSword","SlashOfDepartureFromHesitation","SuddenPhantomFormationSlashOfKarmicWind","AT_DarkMatter","HeavenlyHaloSlash+1","REME_Flogging","HeavenSword","MostiFishMod:EE1D","MostiFishMod:EE1D","MostiFishMod:EE1D"],"relics":["HalfPhantom","ice","AT_ATBox","REME_ComplimentaryCards","HushsDoor","DaveBox","BloodWine","PunchingBag","SynthV:TestCard","Gensokyo:CelestialsFlawlessClothing","DemoMod:GnawedKey","Boot","OrangePellets","Darkstone Periapt","Gensokyo:PortableGap","Ornamental Fan","Bronze Scales","DoctorsRemote","construct:RocketBooster","SatanicBible","AT_ArchangelStaff","SynthV","DollysMirror","FencingExperience","Molten Egg 2","EE1DDrone"],"acts_visited":["Gensokyo:Gensokyo","theJungle:Jungle"],"potions_floor_usage":[],"damage_taken":[{"damage":5,"enemies":"Gensokyo:Gryphon","floor":1,"turns":2},{"damage":9,"enemies":"Gensokyo:2_Kodama","floor":4,"turns":2},{"damage":4,"enemies":"Gensokyo:3_Fairies","floor":5,"turns":2},{"damage":33,"enemies":"Hiden Room Battle","floor":8,"turns":3},{"damage":6,"enemies":"Gensokyo:Gryphon_and_Rabbit","floor":10,"turns":2},{"damage":4,"enemies":"Gensokyo:Aya","floor":11,"turns":3},{"damage":12,"enemies":"Gensokyo:Yukari","floor":16,"turns":4}],"seed_played":"2166156802402984444","potions_obtained":[{"floor":1,"key":"Weak Potion"},{"floor":1,"key":"REME_GoldPotion"}],"is_trial":false,"path_per_floor":["M","?","$","M","M","R","?","?","T","M","E","$","R","$","R","B",null],"character_chosen":"YOUMU","items_purchased":["DemoMod:GnawedKey","Boot","OrangePellets","Darkstone Periapt","SuddenPhantomFormationSlashOfKarmicWind","SpiritCuttingSword","SanzenSekai","DispleasureOfTheSevenHakus","SatanicBible","AT_ArchangelStaff","SynthV","SuddenPhantomFormationSlashOfKarmicWind","DollysMirror","FencingExperience","Molten Egg 2","HeavenlyHaloSlash+1","REME_Flogging"],"campfire_rested":0,"item_purchase_floors":[3,3,3,3,3,3,3,3,12,12,12,12,14,14,14,14,14],"current_hp_per_floor":[70,52,52,43,39,39,39,55,55,49,45,45,45,45,45,43,77,77],"gold":187,"neow_bonus":"THREE_CARDS","is_daily":false,"chose_seed":false,"campfire_upgraded":3,"win_rate":0.0,"timestamp":1613357723,"path_taken":["M","?","$","M","?","R","?","?","T","M","E","$","R","?","R","BOSS"],"items_purchased_type":["Relic","Relic","Relic","Relic","Card","Card","Card","Card","Relic","Relic","Relic","Card","Relic","Relic","Relic","Card","Card"],"build_version":"2020-12-22","purchased_purges":9,"victory":false,"max_hp_per_floor":[75,75,75,75,75,75,68,70,70,73,76,76,76,76,76,77,77,77],"card_choices":[{"not_picked":[],"picked":"Bomb","floor":0},{"not_picked":["ObsessionWithThePresentWorld","DispleasureOfTheSevenHakus"],"picked":"SwordExtraction","floor":0},{"not_picked":["SlashOfTheEternalFuture","PreachingAvici"],"picked":"TwoHundredYojanaInOneSlash","floor":1},{"not_picked":["ThoughtCuttingSword","HumanKnowledgeSword","ThreeKonsSevenHakus","FlashingScatteredFlowers"],"picked":"HeavenlyHaloSlash","floor":4},{"not_picked":["FantasyOfEnteringEnlightenment","CherryBlossomFlashing","SwordOfBindingDesires","HumanGodSword"],"picked":"RapidSlash","floor":5},{"not_picked":["BloodOfAsura","FantasyOfEnteringEnlightenment","SanzenSekai","SlashOfTheEternalFuture"],"picked":"TurningAngelCut","floor":8},{"not_picked":["CrescentMoonSlash","PhosphoricSlash","FantasyOfEnteringEnlightenment","SlashOfAscensionToBuddhahood"],"picked":"SpiritCuttingSword","floor":10},{"not_picked":["SlashOfDelusionalInnerEye","LifeCuttingSword","FourBirthsSword","GreatEnlightenmentAppearingAndDisappearing"],"picked":"SlashOfDepartureFromHesitation","floor":11},{"not_picked":["CherryBlossomSword","ReincarnationSword","SlashOfTheEternalFuture+1","FastingOfTheYoungPreta"],"picked":"HeavenSword","floor":16}],"player_experience":188362,"relics_obtained":[{"floor":1,"key":"SynthV:TestCard"},{"floor":8,"key":"Ornamental Fan"},{"floor":8,"key":"Bronze Scales"},{"floor":9,"key":"DoctorsRemote"},{"floor":11,"key":"construct:RocketBooster"}],"event_choices":[{"damage_healed":0,"gold_gain":0,"player_choice":"Fight","damage_taken":0,"max_hp_gain":0,"max_hp_loss":0,"event_name":"HidenRoomEvent","floor":8,"gold_loss":0}],"is_beta":false,"boss_relics":[{"not_picked":["Velvet Choker","Astrolabe"],"picked":"EE1DDrone"},{"not_picked":[]}],"items_purged_floors":[12,12,12,12,12,12,12,12,14],"is_endless":false,"potions_floor_spawned":[1,1,4,8,10,11,11,16,16],"ascension_level":0}}