{"host":"szp1d6dso4pv7ddl","time":1613360915,"event":{"mods":["AchievementEnabler","Alarm Clock","BaseMod","Bestiary","Block Reminder","Colored Map","Colored Powertips","Curses Come First","Dark Map","Displayed Cursed Tome","Highlight Path","Minty Spire (QoL Compilation)","Permanent Neow","Quick Restart","Relic Sorter","Relic Stats","StSLib","Synergy Search"],"gold_per_floor":[111,122,92,107,117,117,143,158,158,168,181,181,146,172,172,172,172],"floor_reached":16,"language":"ENG","playtime":674,"items_purged":[],"score":228,"play_id":"b2f0af42-fccb-441a-80fb-d82526ca8afd","local_time":"20210214194835","is_ascension_mode":true,"campfire_choices":[{"floor":6.0,"key":"REST"},{"floor":12.0,"key":"REST"},{"floor":15,"key":"REST"}],"circlet_count":0,"master_deck":["AscendersBane","Strike_G","Strike_G","Strike_G","Strike_G","Strike_G","Defend_G","Defend_G","Defend_G","Defend_G","Defend_G","Survivor","Neutralize","Leg Sweep","Caltrops","Flying Knee","Dagger Throw","Catalyst","Backflip","Venomology","Dodge and Roll","Acrobatics"],"relics":["SacredBark","Turnip","Bag of Marbles","Anchor"],"acts_visited":["Exordium"],"potions_floor_usage":[14,14,16],"damage_taken":[{"damage":10.0,"enemies":"2 Louse","floor":1.0,"turns":3.0},{"damage":4.0,"enemies":"Cultist","floor":2.0,"turns":5.0},{"damage":16.0,"enemies":"Jaw Worm","floor":4.0,"turns":6.0},{"damage":1.0,"enemies":"Looter","floor":5.0,"turns":4.0},{"damage":32.0,"enemies":"Lagavulin","floor":7.0,"turns":6.0},{"damage":6.0,"enemies":"Exordium Wildlife","floor":8.0,"turns":3.0},{"damage":4.0,"enemies":"Blue Slaver","floor":10.0,"turns":3.0},{"damage":0.0,"enemies":"Looter","floor":11.0,"turns":4.0},{"damage":21,"enemies":"Gremlin Nob","floor":14,"turns":4},{"damage":40,"enemies":"Hexaghost","floor":16,"turns":12}],"seed_played":"3645270569647139673","potions_obtained":[{"floor":1.0,"key":"Energy Potion"},{"floor":3.0,"key":"AttackPotion"},{"floor":3.0,"key":"CultistPotion"},{"floor":4.0,"key":"Poison Potion"},{"floor":8.0,"key":"AttackPotion"}],"is_trial":false,"path_per_floor":["M","M","?","M","M","R","E","M","T","M","M","R","?","E","R","B"],"character_chosen":"THE_SILENT","items_purchased":[],"campfire_rested":3,"item_purchase_floors":[],"current_hp_per_floor":[49,45,45,29,28,47,15,9,9,5,5,24,40,19,38,0,0],"gold":172,"neow_bonus":"BOSS_RELIC","is_daily":false,"chose_seed":false,"campfire_upgraded":0,"win_rate":0.0,"timestamp":1613360915,"path_taken":["M","M","?","M","M","R","E","M","T","M","?","R","?","E","R","BOSS"],"items_purchased_type":[],"build_version":"2020-12-22","purchased_purges":0,"victory":false,"max_hp_per_floor":[66,66,66,66,66,66,66,66,66,66,66,66,66,66,66,66,66],"relic_stats":{"counters":[10,50],"Turnip":[0],"obtain_stats":[{"Anchor":14,"SacredBark":0,"Turnip":7,"Bag of Marbles":9,"Ring of the Snake":0},{"Anchor":9,"SacredBark":0,"Turnip":5,"Bag of Marbles":6,"Ring of the Snake":0},{"Anchor":38,"SacredBark":0,"Turnip":24,"Bag of Marbles":27,"Ring of the Snake":0}]},"card_choices":[{"not_picked":["Prepared","PiercingWail"],"picked":"Leg Sweep","floor":1.0},{"not_picked":["Outmaneuver","Infinite Blades"],"picked":"Caltrops","floor":2.0},{"not_picked":["Deflect","Skewer"],"picked":"Flying Knee","floor":4.0},{"not_picked":["Cloak And Dagger","Dodge and Roll"],"picked":"Dagger Throw","floor":5.0},{"not_picked":["Deflect","Expertise"],"picked":"Catalyst","floor":7.0},{"not_picked":["Well Laid Plans","Acrobatics"],"picked":"Backflip","floor":8.0},{"not_picked":["Caltrops","Deflect"],"picked":"Venomology","floor":10.0},{"not_picked":["Poisoned Stab","Infinite Blades"],"picked":"Dodge and Roll","floor":11.0},{"not_picked":["Sucker Punch","Catalyst"],"picked":"Acrobatics","floor":14}],"player_experience":1580706,"relics_obtained":[{"floor":7.0,"key":"Turnip"},{"floor":9.0,"key":"Bag of Marbles"},{"floor":14,"key":"Anchor"}],"event_choices":[{"damage_healed":0.0,"max_hp_gain":0.0,"max_hp_loss":0.0,"gold_gain":0.0,"event_name":"The Woman in Blue","player_choice":"Bought 2 Potions","floor":3.0,"gold_loss":0.0,"damage_taken":0.0},{"damage_healed":16.0,"max_hp_gain":0.0,"max_hp_loss":0.0,"gold_gain":0.0,"event_name":"The Cleric","player_choice":"Healed","floor":13.0,"gold_loss":35.0,"damage_taken":0.0}],"is_beta":false,"boss_relics":[],"items_purged_floors":[],"is_endless":false,"potions_floor_spawned":[1,4,8],"killed_by":"Hexaghost","ascension_level":20}}