{"host":"fa9lu700uj5rxl8c","time":1613378610,"event":{"mods":["2.2 Compatiblity","A Penny For Your Troubles","AchievementEnabler","AlwaysNeverKeys","Aspiration","Bard","BaseMod","Beaked The Cultist","Better Altar","Better Match","Better Note","Better Sensory Stone","Better Silent Start","Better Skull","Better Third Choice","BetterRewards","Bossed Relics","ChefMod","Colored Map","Colored Powertips","Conspire","Curses Come First","Displayed Cursed Tome","Downfall","Energized Spire","Friendly Minions","FruityMod","GifTheSpireLib","Hermit","Infinite Spire","Ironclad Rager","Jorbs\u0027s Wanderer Trilogy","Luminous","Mad Scientist","Minty Spire (QoL Compilation)","Permanent Neow","Quarter Circle Forward PUNCH!","Random Character Button","Reliquary","Reorder Act Four","Replay The Spire","Robot Space Explorer","Shop Mod","Spicy Shops","Spikes Relics","Spire Arcade","StSLib","Stuff the Spire","SuperFastMode","The Blackbeard","The Blue Laboratory","The Bug Knight","The Construct","The Cursed","The Disciple","The Exalted","The Forsaken","The Hierophant","The IronCluck","The Judge","The Juggernuat","The Marked","The Mystic","The Necromancer","The Runesmith","The Sage","The Saiyan","TheBandit","TheFirefly","Transform Curses","Wandering Minibosses"],"gold_per_floor":[116,127,127,127,127,161,178,207,207,236,236,236,23,53,53,152,152,162,174,185,198,210,210,54,79,79,79,89,119,44,64,146,249,249,275,275,50,85,154,212,271,271,351,351,433,515,579,646,646,727,727,456,456,485,485],"floor_reached":56,"language":"ENG","playtime":4458,"items_purged":["Doubt"],"score":1804,"play_id":"6d160576-8919-4189-bda7-af136886e6d8","local_time":"20210215094330","is_ascension_mode":false,"campfire_choices":[{"data":"RobotSpaceExplorer:MiniLasers","floor":11,"key":"SMITH"},{"floor":15,"key":"DIG"},{"floor":23,"key":"REST"},{"data":"RobotSpaceExplorer:Ammunition","floor":42,"key":"SMITH"},{"data":"RobotSpaceExplorer:LaserBurst","floor":49,"key":"SMITH"},{"data":"Impervious","floor":53,"key":"SMITH"}],"circlet_count":0,"master_deck":["RobotSpaceExplorer:Strike","RobotSpaceExplorer:Strike","RobotSpaceExplorer:Defend","RobotSpaceExplorer:Defend","RobotSpaceExplorer:Defend","RobotSpaceExplorer:Defend","RobotSpaceExplorer:Scan","RobotSpaceExplorer:MiniLasers+1","beaked:Ceremony","RobotSpaceExplorer:GearShield","RobotSpaceExplorer:SurgingStrike","RobotSpaceExplorer:SwiftStep","RobotSpaceExplorer:SurgingStrike","RobotSpaceExplorer:ScrapToss","RobotSpaceExplorer:Arsenal","RobotSpaceExplorer:LuckyStrike","RobotSpaceExplorer:ScrapToss","RobotSpaceExplorer:ChargingLaser+1","RobotSpaceExplorer:ShovelStrike+1","RobotSpaceExplorer:ImprovisedAttack","RobotSpaceExplorer:ShovelStrike","RobotSpaceExplorer:LaserBurst","RobotSpaceExplorer:FranticSearch+1","RobotSpaceExplorer:BlastShield+1","RobotSpaceExplorer:Strike","RobotSpaceExplorer:Strike","RobotSpaceExplorer:Defend","RobotSpaceExplorer:Defend","RobotSpaceExplorer:Defend","RobotSpaceExplorer:Defend","RobotSpaceExplorer:Scan","RobotSpaceExplorer:MiniLasers+1","beaked:Ceremony","RobotSpaceExplorer:GearShield","RobotSpaceExplorer:SurgingStrike","RobotSpaceExplorer:SwiftStep","RobotSpaceExplorer:SurgingStrike","RobotSpaceExplorer:ScrapToss","RobotSpaceExplorer:Arsenal+1","RobotSpaceExplorer:LuckyStrike","RobotSpaceExplorer:ScrapToss","RobotSpaceExplorer:ChargingLaser+1","RobotSpaceExplorer:ShovelStrike+1","RobotSpaceExplorer:ImprovisedAttack","RobotSpaceExplorer:ShovelStrike","RobotSpaceExplorer:LaserBurst+1","RobotSpaceExplorer:FranticSearch+1","RobotSpaceExplorer:BlastShield+1","RobotSpaceExplorer:ScrapShield","RobotSpaceExplorer:Ammunition+1","RobotSpaceExplorer:DroneSwarm+1","RobotSpaceExplorer:Reload","RobotSpaceExplorer:DroneSwarm+1","Parasite","RobotSpaceExplorer:FranticSearch","Defy Death+1","RobotSpaceExplorer:Blitz+1","Abandon+1","Metallicize+1","RobotSpaceExplorer:Counterblock+1","Impervious+1","ReplayTheSpireMod:Corrosion Curse+1"],"relics":["Replay:Antivirus Software","TheCursedMod:OminousMark","bronze:Mallet","Vampire_Amulet","CosmicIsotope","Pantograph","SaiyanSoul","Lee\u0027s Waffle","LugNut","Strange Spoon","theMarked:NailFile","aspiration:EnhancedActuators","mysticmod:SpellBook","infinitespire:MutagenicDexterity","Ring of Shattering","aspiration:FutureDiary","theForsaken:PaleLantern","bronze:ElectromagneticCoil","Replay:Purple Gloves","Replay:Bottled Steam","Orrery","Guardian:BottledStasis","Brittle Rock","Guardian:BottledAnomaly","infinitespire:Chaos","Bronze Scales","reliquary:HotPoker"],"acts_visited":["Exordium","TheCity","TheBeyond","TheEnding"],"potions_floor_usage":[6,55,55],"damage_taken":[{"damage":15,"enemies":"infinitespire:Voidling","floor":1,"turns":5},{"damage":0,"enemies":"Small Slimes","floor":2,"turns":4},{"damage":19,"enemies":"Lagavulin","floor":6,"turns":7},{"damage":0,"enemies":"2 Louse","floor":7,"turns":4},{"damage":8,"enemies":"3 Sentries","floor":8,"turns":11},{"damage":1,"enemies":"Gremlin Nob","floor":10,"turns":4},{"damage":0,"enemies":"Lagavulin","floor":14,"turns":5},{"damage":35,"enemies":"Fading Forest","floor":16,"turns":11},{"damage":0,"enemies":"Spheric Guardian","floor":18,"turns":2},{"damage":69,"enemies":"conspire:FuzzyDice","floor":19,"turns":8},{"damage":1,"enemies":"conspire:HollyBat","floor":20,"turns":5},{"damage":1,"enemies":"Shelled Parasite and Fungi","floor":21,"turns":4},{"damage":0,"enemies":"Cultist and Chosen","floor":22,"turns":4},{"damage":3,"enemies":"conspire:SneckoGhost","floor":25,"turns":4},{"damage":0,"enemies":"Snake Plant","floor":28,"turns":3},{"damage":0,"enemies":"Gremlin Leader","floor":29,"turns":4},{"damage":5,"enemies":"conspire:HollyBat","floor":31,"turns":9},{"damage":8,"enemies":"Pondfish","floor":33,"turns":6},{"damage":0,"enemies":"3 Darklings","floor":35,"turns":3},{"damage":0,"enemies":"Orb Walker","floor":38,"turns":3},{"damage":0,"enemies":"Writhing Mass","floor":39,"turns":5},{"damage":10,"enemies":"Nightmare","floor":40,"turns":8},{"damage":0,"enemies":"Spire Growth","floor":41,"turns":3},{"damage":0,"enemies":"Reptomancer","floor":45,"turns":4},{"damage":0,"enemies":"Maw","floor":46,"turns":5},{"damage":0,"enemies":"Sphere and 2 Shapes","floor":47,"turns":2},{"damage":0,"enemies":"3 Darklings","floor":48,"turns":2},{"damage":0,"enemies":"Donu and Deca","floor":50,"turns":5},{"damage":26,"enemies":"Shield and Spear","floor":54,"turns":8},{"damage":29,"enemies":"The Heart","floor":55,"turns":8}],"seed_played":"2297907261755795856","potions_obtained":[{"floor":1,"key":"Reflective Coating"},{"floor":7,"key":"PowerPotion"},{"floor":14,"key":"FairyPotion"},{"floor":16,"key":"blueLaboratory:BottleOfVodka"}],"is_trial":false,"path_per_floor":["M","M","?","?","?","E","M","E","T","E","R","?","$","E","R_BF","B",null,"M","M","M","M","M","R","$","E","T","?","M","E","?","M","R_BF","B",null,"M","?","$","M","M","NM","M","R","T","?","E","M","M","M","R","B",null,"$","R","E","B",null],"character_chosen":"RobotSpaceExplorer","items_purchased":["MerchantsRug","RobotSpaceExplorer:LuckyStrike","RobotSpaceExplorer:FranticSearch","sagemod:The_Guidebook_Guide","Guardian:PocketSentry","Replay:Bandana","DollysMirror","infinitespire:Chaos","Bronze Scales"],"campfire_rested":1,"item_purchase_floors":[13,13,24,24,24,37,37,52,52],"current_hp_per_floor":[69,69,69,69,69,50,50,42,42,41,41,41,41,41,41,26,75,75,6,5,4,4,26,26,23,23,23,23,23,23,18,18,10,75,75,75,75,75,75,69,73,73,73,73,75,75,75,75,75,75,75,82,82,60,55],"gold":485,"neow_bonus":"ONE_RARE_RELIC","is_daily":false,"chose_seed":false,"campfire_upgraded":4,"win_rate":0.0,"timestamp":1613378610,"path_taken":["M","?","?","?","?","E","M","E","T","E","R","?","$","E","R_BF","BOSS","M","M","?","M","M","R","?","E","T","?","M","E","?","?","R_BF","BOSS","M","?","?","M","M","NM","M","R","T","?","E","M","M","M","R","BOSS","$","R","E","BOSS"],"items_purchased_type":["Relic","Card","Card","Relic","Relic","Relic","Relic","Relic","Relic"],"build_version":"2020-12-22","purchased_purges":1,"victory":true,"max_hp_per_floor":[75,75,75,75,75,75,75,75,75,75,75,75,75,75,75,75,75,75,75,75,75,75,75,75,75,75,75,75,75,75,75,75,75,75,75,75,75,75,75,75,75,75,75,75,75,75,75,75,75,75,75,82,82,82,82],"card_choices":[{"not_picked":["RobotSpaceExplorer:ShockKick","RobotSpaceExplorer:Probe"],"picked":"RobotSpaceExplorer:GearShield","floor":1},{"not_picked":["RobotSpaceExplorer:ImprovisedAttack","RobotSpaceExplorer:FranticSearch"],"picked":"RobotSpaceExplorer:SurgingStrike","floor":2},{"not_picked":["RobotSpaceExplorer:FreezeRay","RobotSpaceExplorer:SlimeMissile"],"picked":"RobotSpaceExplorer:SwiftStep","floor":6},{"not_picked":["RobotSpaceExplorer:ScrapMissile","RobotSpaceExplorer:PlasmaMissile"],"picked":"RobotSpaceExplorer:SurgingStrike","floor":7},{"not_picked":["RobotSpaceExplorer:Probe","RobotSpaceExplorer:MetalStrike"],"picked":"RobotSpaceExplorer:ScrapToss","floor":8},{"not_picked":["RobotSpaceExplorer:FranticSearch","RobotSpaceExplorer:StunGrenade"],"picked":"RobotSpaceExplorer:Arsenal","floor":10},{"not_picked":["RobotSpaceExplorer:Electroshield","RobotSpaceExplorer:PowerCollector"],"picked":"RobotSpaceExplorer:ScrapToss","floor":14},{"not_picked":["RobotSpaceExplorer:Explosion","RobotSpaceExplorer:Asteroid"],"picked":"RobotSpaceExplorer:ChargingLaser","floor":16},{"not_picked":["RobotSpaceExplorer:MiniDrones","RobotSpaceExplorer:ShockKick","RobotSpaceExplorer:SurgingShield"],"picked":"SKIP","floor":18},{"not_picked":["RobotSpaceExplorer:MiniDrones","RobotSpaceExplorer:SlimeMissile"],"picked":"RobotSpaceExplorer:ShovelStrike+1","floor":19},{"not_picked":["RobotSpaceExplorer:FreezingShield+1","RobotSpaceExplorer:StunGrenade"],"picked":"RobotSpaceExplorer:ImprovisedAttack","floor":20},{"not_picked":["RobotSpaceExplorer:SwiftStep","RobotSpaceExplorer:SurgingStrike"],"picked":"RobotSpaceExplorer:ShovelStrike","floor":21},{"not_picked":["RobotSpaceExplorer:FranticSearch","RobotSpaceExplorer:MiniDrones"],"picked":"RobotSpaceExplorer:LaserBurst","floor":22},{"not_picked":["RobotSpaceExplorer:MetalStrike","RobotSpaceExplorer:StarLightning"],"picked":"RobotSpaceExplorer:BlastShield","floor":25},{"not_picked":["RobotSpaceExplorer:StunGrenade","RobotSpaceExplorer:ShockKick","RobotSpaceExplorer:Pulsar+1"],"picked":"SKIP","floor":28},{"not_picked":["RobotSpaceExplorer:FrostMissile","RobotSpaceExplorer:PowerGlove"],"picked":"RobotSpaceExplorer:ScrapShield","floor":29},{"not_picked":["RobotSpaceExplorer:Pulsar","RobotSpaceExplorer:SwiftStep"],"picked":"RobotSpaceExplorer:Ammunition","floor":31},{"not_picked":["RobotSpaceExplorer:ChargingLaser","RobotSpaceExplorer:Comet"],"picked":"RobotSpaceExplorer:DroneSwarm","floor":33},{"not_picked":["Headbutt","Perfected Strike","RobotSpaceExplorer:ShockKick+1"],"picked":"RobotSpaceExplorer:Reload","floor":35},{"not_picked":["conspire:Charge","StuffTheSpire:RockThrow+1","Fire Breathing+1","Perfected Strike"],"picked":"SKIP","floor":38},{"not_picked":["RobotSpaceExplorer:LuckyStrike","Life Link","RobotSpaceExplorer:SwiftStep","Havoc"],"picked":"SKIP","floor":39},{"not_picked":["RobotSpaceExplorer:SurgingStrike","conspire:HitWhereItHurts","Sentinel"],"picked":"RobotSpaceExplorer:FranticSearch","floor":40},{"not_picked":["RobotSpaceExplorer:ShockKick+1","Reckless Charge+1","RobotSpaceExplorer:SwiftStep+1"],"picked":"Defy Death+1","floor":41},{"not_picked":["Cleave","RobotSpaceExplorer:Pulsar","ReplayTheSpireMod:LeadingStrike+1"],"picked":"RobotSpaceExplorer:Blitz+1","floor":45},{"not_picked":["RobotSpaceExplorer:SelfCleaning","Flame Barrier+1","Heavy Blade","Ghostly Armor"],"picked":"SKIP","floor":46},{"not_picked":["Searing Blow","StuffTheSpire:Incineration","Perfected Strike","Clothesline+1"],"picked":"SKIP","floor":47},{"not_picked":["Headbutt","Perfected Strike","Sword Boomerang+1"],"picked":"Abandon+1","floor":48},{"not_picked":["RobotSpaceExplorer:IronShell","RobotSpaceExplorer:Probe"],"picked":"Metallicize+1","floor":52},{"not_picked":["Feel No Pain+1","Heavy Blade+1"],"picked":"RobotSpaceExplorer:Counterblock+1","floor":52},{"not_picked":["Headbutt+1","StuffTheSpire:BloodClot+1"],"picked":"Impervious","floor":52},{"not_picked":["conspire:ExplosiveBarrier","StuffTheSpire:RockThrow"],"picked":"ReplayTheSpireMod:Corrosion Curse+1","floor":54}],"player_experience":483008,"relics_obtained":[{"floor":6,"key":"qcfpunch:Wrestler\u0027s_Cloak"},{"floor":8,"key":"Blue Candle"},{"floor":9,"key":"conspire:Flyswatter"},{"floor":10,"key":"infinitespire:Satchel"},{"floor":14,"key":"Golden Egg"},{"floor":15,"key":"reliquary:Stiletto"},{"floor":21,"key":"wanderingMiniBosses:CarrionFlame"},{"floor":25,"key":"Replay:Kaleidoscope"},{"floor":26,"key":"Calipers"},{"floor":29,"key":"Smiling Mask"},{"floor":40,"key":"StuffTheSpire:PointBlank"},{"floor":43,"key":"Divine Protection"},{"floor":44,"key":"Ring of Misfortune"},{"floor":44,"key":"Ring of Hypnosis"},{"floor":45,"key":"Akabeko"},{"floor":54,"key":"reliquary:HotPoker"}],"event_choices":[{"cards_removed":["RobotSpaceExplorer:Strike"],"damage_healed":0,"gold_gain":0,"player_choice":"Forget","damage_taken":0,"max_hp_gain":0,"max_hp_loss":0,"event_name":"Living Wall","floor":5,"gold_loss":0},{"cards_removed":["WallConcept"],"damage_healed":0,"gold_gain":0,"player_choice":"Offered Basic","damage_taken":0,"max_hp_gain":0,"max_hp_loss":0,"event_name":"Bonfire Elementals","floor":12,"gold_loss":0},{"damage_healed":0,"gold_gain":0,"player_choice":"2","damage_taken":0,"max_hp_gain":0,"max_hp_loss":0,"event_name":"betterMatch:BetterMatch","floor":30,"gold_loss":0,"cards_obtained":[]},{"cards_removed":["Doubt"],"damage_healed":0,"gold_gain":0,"player_choice":"Purged","damage_taken":0,"max_hp_gain":0,"max_hp_loss":0,"event_name":"Purifier","floor":36,"gold_loss":0}],"is_beta":false,"boss_relics":[{"not_picked":["construct:ClawGrip","Snecko Heart"],"picked":"Sozu"},{"not_picked":["ReplayTheSpireMod:DimensionalGlitch","energizedSpire:StickyHand"],"picked":"aspiration:IroncladSkillbook"}],"items_purged_floors":[52],"is_endless":false,"potions_floor_spawned":[1,7,14,16,18,21,22,28,39,40,41,45],"ascension_level":0}}