{"host":"knk89g45d3vzr5fm","time":1613417362,"event":{"mods":["2.2 Compatiblity","BaseMod","Downfall","Minty Spire (QoL Compilation)","Relic Stats","Reliquary","Replay The Spire","StSLib","The Marked"],"gold_per_floor":[99,111,123,123,123,123,123,141,153,179,198,226,226,285,321,441,441,341,377,397,21,21,52,52,76,76,76],"floor_reached":25,"language":"FRA","playtime":1400,"items_purged":["sneckomod:Unknown"],"score":363,"play_id":"e3104746-5216-478b-b44a-786ea5d41e6e","local_time":"20210215202921","is_ascension_mode":true,"campfire_choices":[{"floor":1,"key":"DIG"},{"floor":18,"key":"DIG"}],"circlet_count":0,"master_deck":["AscendersBane","sneckomod:TailWhip","sneckomod:SnekBite+1","sneckomod:Unknown+1","sneckomod:DiceBlock","sneckomod:UnknownUncommonSkill","sneckomod:PureSnecko","sneckomod:MorePower","sneckomod:UnknownRarePower+1","sneckomod:PureSnecko","sneckomod:UnknownRareAttack+1","sneckomod:GlitteringGambit","sneckomod:QuickBite","sneckomod:UnknownRareAttack+1","sneckomod:UnknownBoss","sneckomod:UnknownStrength+1","sneckomod:Restock","sneckomod:SerpentMind","sneckomod:UnknownVulnerable","sneckomod:SoulRoll","sneckomod:UnknownWeak","sneckomod:UnknownUncommonSkill","sneckomod:UnlimitedRolls","sneckomod:UnknownBoss+1","sneckomod:Nope","sneckomod:UnknownUncommonSkill+1","sneckomod:SoulCleanse+1","sneckomod:UnknownBlock+1","sneckomod:UnknownClassGREEN+1","sneckomod:Transmogrify","sneckomod:UnknownRareSkill+1","sneckomod:GlitteringGambit"],"relics":["sneckomod:SneckoSoul","Lantern","Thread and Needle","Replay:WaspNest","Simple Rune","Mango","Pandora\u0027s Box","downfall:HeartBlessingGreen","Question Card","Membership Card","Frozen Egg 2","Garlic","Mercury Hourglass","reliquary:GummyVitamins"],"acts_visited":["Exordium","TheCity"],"potions_floor_usage":[11,12,14,19,25,25],"damage_taken":[{"damage":0,"enemies":"Small Slimes","floor":2,"turns":4},{"damage":0,"enemies":"2 Louse","floor":3,"turns":2},{"damage":0,"enemies":"Cultist","floor":8,"turns":3},{"damage":3,"enemies":"Blue Slaver","floor":9,"turns":3},{"damage":12,"enemies":"3 Sentries","floor":10,"turns":9},{"damage":0,"enemies":"Exordium Thugs","floor":11,"turns":8},{"damage":29,"enemies":"Lagavulin","floor":12,"turns":8},{"damage":4,"enemies":"3 Louse","floor":13,"turns":3},{"damage":44,"enemies":"Gremlin Nob","floor":14,"turns":5},{"damage":0,"enemies":"Large Slime","floor":15,"turns":3},{"damage":26,"enemies":"SI_SHIV_ARCHETYPE","floor":16,"turns":6},{"damage":7,"enemies":"Spheric Guardian","floor":19,"turns":4},{"damage":9,"enemies":"3 Byrds","floor":20,"turns":3},{"damage":0,"enemies":"downfall:FleeingMerchant","floor":21,"turns":4},{"damage":52,"enemies":"Cultist and Chosen","floor":23,"turns":7},{"damage":21,"enemies":"Gremlin Leader","floor":25,"turns":5}],"seed_played":"8257201361790789117","potions_obtained":[{"floor":2,"key":"Venom Potion"},{"floor":10,"key":"Regen Potion"},{"floor":11,"key":"Regen Potion"},{"floor":13,"key":"Fire Potion"},{"floor":14,"key":"Dexterity Potion"},{"floor":16,"key":"ColorlessPotion"},{"floor":20,"key":"Toxic Potion"},{"floor":23,"key":"CultistPotion"}],"is_trial":false,"path_per_floor":["R","M","M","?","?","?","T","M","M","E","M","E","M","E","M","B",null,"R","M","M","$","?","M","T","E"],"character_chosen":"THE_SNECKO","items_purchased":["Membership Card","sneckomod:Transmogrify","Frozen Egg 2"],"campfire_rested":0,"item_purchase_floors":[21,21,21],"current_hp_per_floor":[90,90,90,90,83,83,83,83,80,68,83,69,65,35,35,18,89,89,82,73,73,73,21,21,0,0,0],"gold":76,"neow_bonus":"TEN_PERCENT_HP_BONUS","is_daily":false,"chose_seed":false,"campfire_upgraded":0,"win_rate":0.0,"timestamp":1613417361,"path_taken":["R","M","M","?","?","?","T","M","M","E","M","E","M","E","M","BOSS","R","M","M","?","?","M","T","E"],"items_purchased_type":["Relic","Card","Relic"],"build_version":"2020-12-22","purchased_purges":1,"victory":false,"max_hp_per_floor":[99,99,99,99,99,99,99,99,99,99,99,99,99,113,113,113,113,113,113,113,113,113,113,113,113,113,113],"relic_stats":{"counters":[16,77],"Pandora\u0027s Box":["sneckomod:SerpentMind","sneckomod:UnknownVulnerable","sneckomod:SoulRoll","sneckomod:UnknownWeak","sneckomod:UnknownUncommonSkill","sneckomod:UnlimitedRolls"],"Question Card":9,"obtain_stats":[{"Lantern":1,"bronze:DecasWashers":7,"Thread and Needle":5,"Mango":14,"downfall:HeartBlessingGreen":18,"Replay:WaspNest":10,"Frozen Egg 2":21,"sneckomod:SneckoSoul":0,"Question Card":18,"Mercury Hourglass":23,"Simple Rune":12,"Pandora\u0027s Box":17,"reliquary:GummyVitamins":24,"Garlic":22,"Membership Card":21},{"Lantern":0,"bronze:DecasWashers":2,"Thread and Needle":2,"Mango":9,"downfall:HeartBlessingGreen":11,"Replay:WaspNest":5,"Frozen Egg 2":14,"sneckomod:SneckoSoul":0,"Question Card":11,"Mercury Hourglass":15,"Simple Rune":7,"Pandora\u0027s Box":11,"reliquary:GummyVitamins":15,"Garlic":14,"Membership Card":14},{"Lantern":0,"bronze:DecasWashers":6,"Thread and Needle":6,"Mango":45,"downfall:HeartBlessingGreen":54,"Replay:WaspNest":21,"Frozen Egg 2":65,"sneckomod:SneckoSoul":0,"Question Card":54,"Mercury Hourglass":72,"Simple Rune":37,"Pandora\u0027s Box":54,"reliquary:GummyVitamins":72,"Garlic":65,"Membership Card":65}],"Mercury Hourglass":[33]},"card_choices":[{"not_picked":["sneckomod:UnknownClassBLUE","sneckomod:UnknownClassTHE_CHAMP_GRAY"],"picked":"sneckomod:DiceBlock","floor":2},{"not_picked":["sneckomod:UnknownClassMARKED_PURPLE_COLOR","sneckomod:QuickBite"],"picked":"sneckomod:UnknownUncommonSkill","floor":3},{"not_picked":["sneckomod:MasterEye","sneckomod:DiceBoulder"],"picked":"sneckomod:PureSnecko","floor":8},{"not_picked":["sneckomod:SnekBeam","sneckomod:UnknownBlock","sneckomod:UnknownStrike"],"picked":"SKIP","floor":9},{"not_picked":["sneckomod:UnknownBlock","sneckomod:IronFang"],"picked":"sneckomod:MorePower","floor":10},{"not_picked":["sneckomod:UnknownCommonAttack+1","sneckomod:Unknown3Cost+1"],"picked":"sneckomod:UnknownRarePower+1","floor":11},{"not_picked":["sneckomod:UnknownClassBLUE","sneckomod:SlitherStrike"],"picked":"sneckomod:PureSnecko","floor":11},{"not_picked":["sneckomod:Unknown3Cost+1","sneckomod:UnknownStrength+1"],"picked":"sneckomod:UnknownRareAttack+1","floor":12},{"not_picked":["sneckomod:Nope","sneckomod:QuickBite"],"picked":"sneckomod:GlitteringGambit","floor":12},{"not_picked":["sneckomod:SoulDraw","sneckomod:UnknownClassBLUE"],"picked":"sneckomod:QuickBite","floor":13},{"not_picked":["sneckomod:UnknownClassGUARDIAN+1","sneckomod:UnknownClassSLIMEBOUND+1"],"picked":"sneckomod:UnknownRareAttack+1","floor":14},{"not_picked":["sneckomod:DefensiveFlair","sneckomod:UnknownClassPURPLE"],"picked":"sneckomod:UnknownBoss","floor":14},{"not_picked":["sneckomod:UnknownVulnerable","sneckomod:RainOfDice","sneckomod:WideSting"],"picked":"SKIP","floor":15},{"not_picked":["sneckomod:UnknownStrike+1","sneckomod:Unknown0Cost+1"],"picked":"sneckomod:UnknownStrength+1","floor":16},{"not_picked":["sneckomod:UnknownRareSkill","sneckomod:UnknownRarePower"],"picked":"sneckomod:Restock","floor":16},{"not_picked":["sneckomod:UnknownClassBLUE+1","sneckomod:UnknownColorless+1"],"picked":"sneckomod:UnknownBoss+1","floor":19},{"not_picked":["sneckomod:UnknownCommonAttack","sneckomod:UnknownClassHEXA_GHOST_PURPLE","sneckomod:DiceCrush+1"],"picked":"sneckomod:Nope","floor":19},{"not_picked":["sneckomod:Unknown2Cost+1","sneckomod:UnknownWeak+1"],"picked":"sneckomod:UnknownUncommonSkill+1","floor":20},{"not_picked":["sneckomod:SoulExchange","sneckomod:UnknownWeak+1","sneckomod:DiceCrush"],"picked":"sneckomod:SoulCleanse+1","floor":20},{"not_picked":["sneckomod:UnknownCommonSkill+1","sneckomod:UnknownStrength+1"],"picked":"sneckomod:UnknownBlock+1","floor":21},{"not_picked":["sneckomod:UnknownClassPURPLE+1","sneckomod:DiceCrush","sneckomod:UnknownClassHEXA_GHOST_PURPLE"],"picked":"sneckomod:UnknownClassGREEN+1","floor":21},{"not_picked":["sneckomod:UnknownClassMARKED_PURPLE_COLOR+1","sneckomod:UnknownClassGUARDIAN+1"],"picked":"sneckomod:UnknownRareSkill+1","floor":23},{"not_picked":["sneckomod:ImprovisedAttack+1","sneckomod:UnknownVulnerable+1","sneckomod:UnknownClassTHE_BRONZE_AUTOMATON"],"picked":"sneckomod:GlitteringGambit","floor":23}],"player_experience":2173709,"relics_obtained":[{"floor":1,"key":"Lantern"},{"floor":7,"key":"bronze:DecasWashers"},{"floor":10,"key":"Replay:WaspNest"},{"floor":12,"key":"Simple Rune"},{"floor":14,"key":"Mango"},{"floor":18,"key":"Question Card"},{"floor":22,"key":"Garlic"},{"floor":23,"key":"Mercury Hourglass"},{"floor":24,"key":"reliquary:GummyVitamins"}],"event_choices":[{"damage_healed":0,"gold_gain":0,"player_choice":"Success","damage_taken":7,"relics_obtained":["Thread and Needle"],"max_hp_gain":0,"max_hp_loss":0,"event_name":"Scrap Ooze","floor":5,"gold_loss":0},{"cards_removed":["downfall:Malfunctioning"],"damage_healed":0,"gold_gain":0,"player_choice":"Card Removal","damage_taken":0,"max_hp_gain":0,"max_hp_loss":0,"event_name":"Wheel of Change","floor":6,"gold_loss":0},{"damage_healed":0,"gold_gain":0,"player_choice":"Relic","damage_taken":0,"max_hp_gain":0,"max_hp_loss":0,"event_name":"Wheel of Change","floor":22,"gold_loss":0}],"is_beta":false,"boss_relics":[{"not_picked":["Empty Cage","reliquary:RedCape"],"picked":"Pandora\u0027s Box"}],"items_purged_floors":[21],"is_endless":false,"potions_floor_spawned":[2,10,11,13,14,16,20,23],"killed_by":"Gremlin Leader","ascension_level":10}}