{"host":"x4954lblgztusody","time":1613374285,"event":{"mods":["BaseMod","Clockwork Mod","Colored Map","Curses Come First","Koishi","Minty Spire (QoL Compilation)","Rare Cards Sparkle","Shop Mod","StSLib","The Administrix","The Animator","The Disciple","The Servant 0.9.4","WarShipGirlsR/战舰少女R mod","Yuyuko"],"gold_per_floor":[113,131,131,131,150,150,150,165,188,212,59,59,59,98,98,226,226,240,255,165,183,98,137,149,182,217,242,254,31,44,0,0,125,125,145,478,448,462,512,512,525,525,549,563,588,588,61,74,74,74,74,74,23,51,51,51],"floor_reached":56,"language":"ENG","playtime":10409,"items_purged":["Strike_Br","Defend_Br"],"score":1272,"play_id":"d2232b02-b5b2-4fc9-94a8-ca30ecab667e","local_time":"20210214233125","is_ascension_mode":false,"campfire_choices":[{"data":"HandsUpC","floor":6.0,"key":"SMITH"},{"floor":13.0,"key":"REST"},{"data":"LockedThread","floor":15.0,"key":"SMITH"},{"data":"Goo","floor":28.0,"key":"SMITH"},{"data":"BlueShift","floor":32.0,"key":"SMITH"},{"data":"Analog","floor":42.0,"key":"SMITH"},{"data":"Stagnate","floor":46.0,"key":"SMITH"},{"floor":49.0,"key":"RECALL"},{"data":"Analog","floor":52.0,"key":"SMITH"}],"circlet_count":0,"master_deck":["Defend_Br+1","SecondHand+1","PatternShift","HandsUpC+1","HandsUpC","BlueShift","LockedThread+1","LockedLightning","Pendulum+1","BlueShift+1","ExoVibe+16","Goo+14","HandsUpC+1","LockedBlood","LockedAnchor","Accelerando+1","Cuckoo","CurseOfTheBell","Analog+1","TickedOff","LockedMedicine+1","Stagnate+1","ExoVibe+12","Analog+1","PrimeTime","Goo+11","LockedUrn+1"],"relics":["Chronometer","Anchor","Centennial Puzzle","Oddly Smooth Stone","MerchantsRug","Bag of Preparation","Blood Vial","FossilizedHelix","Pocketwatch","Lizard Tail","PreservedInsect","DollysMirror","Mango","HornCleat"],"acts_visited":["Exordium","TheCity","TheBeyond","TheEnding"],"potions_floor_usage":[55,55,55],"damage_taken":[{"damage":0.0,"enemies":"Small Slimes","floor":1.0,"turns":5.0},{"damage":6.0,"enemies":"2 Louse","floor":2.0,"turns":3.0},{"damage":2.0,"enemies":"Jaw Worm","floor":5.0,"turns":4.0},{"damage":12.0,"enemies":"3 Louse","floor":8.0,"turns":3.0},{"damage":0.0,"enemies":"Large Slime","floor":10.0,"turns":7.0},{"damage":1.0,"enemies":"3 Sentries","floor":14.0,"turns":11.0},{"damage":0.0,"enemies":"The Guardian","floor":16.0,"turns":11.0},{"damage":17.0,"enemies":"3 Byrds","floor":18.0,"turns":7.0},{"damage":0.0,"enemies":"Chosen","floor":19.0,"turns":7.0},{"damage":20.0,"enemies":"3 Cultists","floor":21.0,"turns":9.0},{"damage":1.0,"enemies":"Gremlin Leader","floor":23.0,"turns":5.0},{"damage":0.0,"enemies":"Centurion and Healer","floor":25.0,"turns":8.0},{"damage":16.0,"enemies":"Cultist and Chosen","floor":27.0,"turns":13.0},{"damage":0.0,"enemies":"Snake Plant","floor":30.0,"turns":5.0},{"damage":5.0,"enemies":"Champ","floor":33.0,"turns":23.0},{"damage":0.0,"enemies":"Orb Walker","floor":35.0,"turns":6.0},{"damage":0.0,"enemies":"3 Shapes","floor":38.0,"turns":9.0},{"damage":0.0,"enemies":"Mind Bloom Boss Battle","floor":39.0,"turns":11.0},{"damage":7.0,"enemies":"3 Darklings","floor":41.0,"turns":10.0},{"damage":0.0,"enemies":"4 Shapes","floor":44.0,"turns":6.0},{"damage":15.0,"enemies":"Reptomancer","floor":45.0,"turns":11.0},{"damage":0.0,"enemies":"Writhing Mass","floor":48.0,"turns":9.0},{"damage":15.0,"enemies":"Awakened One","floor":50.0,"turns":18.0},{"damage":23,"enemies":"Shield and Spear","floor":54,"turns":12},{"damage":35,"enemies":"The Heart","floor":55,"turns":20}],"seed_played":"-1833805891147817251","potions_obtained":[{"floor":1.0,"key":"EssenceOfSteel"},{"floor":8.0,"key":"Dexterity Potion"},{"floor":10.0,"key":"Fire Potion"},{"floor":19.0,"key":"Strength Potion"},{"floor":25.0,"key":"Block Potion"},{"floor":35.0,"key":"LiquidMemories"},{"floor":38.0,"key":"SpeedPotion"},{"floor":41.0,"key":"SmokeBomb"},{"floor":44.0,"key":"SkillPotion"},{"floor":45.0,"key":"Block Potion"}],"is_trial":false,"path_per_floor":["M","M","?","?","M","R","?","M","T","M","$","?","R","E","R","B",null,"M","M","?","M","?","E","?","M","T","M","R","$","M","?","R","B",null,"M","?","?","M","?","?","M","R","T","M","E","R","$","M","R","B",null,"R","$","E","B",null],"character_chosen":"CHRONO_CLASS","items_purchased":["LockedLightning","MerchantsRug","Bag of Preparation","DollysMirror","Mango","Analog","PrimeTime","WardPotion"],"campfire_rested":1,"item_purchase_floors":[11,29,29,47,47,47,47,53],"current_hp_per_floor":[71,65,65,48,46,46,32,20,20,20,20,25,47,46,46,46,76,59,59,59,39,39,38,38,44,44,34,34,49,55,55,55,56,76,76,76,76,76,76,76,75,75,75,76,67,67,90,90,90,75,90,90,90,67,49,49],"gold":51,"neow_bonus":"TEN_PERCENT_HP_BONUS","is_daily":false,"chose_seed":false,"campfire_upgraded":7,"win_rate":0.0,"timestamp":1613374285,"path_taken":["M","M","?","?","M","R","?","?","T","M","$","?","R","E","R","BOSS","M","M","?","?","?","E","?","M","T","M","R","?","M","?","R","BOSS","M","?","?","?","?","?","M","R","T","M","E","R","$","M","R","BOSS","R","$","E","BOSS"],"items_purchased_type":["Card","Relic","Relic","Relic","Relic","Card","Card","Potion"],"build_version":"2020-12-22","purchased_purges":2,"victory":true,"max_hp_per_floor":[71,71,71,71,71,71,71,71,71,71,71,76,76,76,76,76,76,76,76,76,76,76,76,76,76,76,76,76,76,76,76,76,76,76,76,76,76,76,76,76,76,76,76,76,76,76,90,90,90,90,90,90,90,90,90,90],"card_choices":[{"not_picked":["WatchCommand","Echoward"],"picked":"HandsUpC","floor":1.0},{"not_picked":["DaylightSavings","Echoward"],"picked":"HandsUpC","floor":2.0},{"not_picked":["LockedWarPaint","ReapSow","MasterKey"],"picked":"SKIP","floor":5.0},{"not_picked":["LockedPlans","SlimeSpray"],"picked":"BlueShift","floor":8.0},{"not_picked":["HandsUpC","HandsUpB"],"picked":"LockedThread","floor":10.0},{"not_picked":["Engulf","Echoward","LockedAnchor"],"picked":"SKIP","floor":14.0},{"not_picked":["OverTime","MasterKey"],"picked":"Pendulum","floor":16.0},{"not_picked":["Echoward+1","Tempo"],"picked":"BlueShift","floor":18.0},{"not_picked":["LockedBlood","Recurrance+1"],"picked":"ExoVibe+1","floor":19.0},{"not_picked":["Tempo+1","BlueShift+1"],"picked":"Goo","floor":21.0},{"not_picked":["WakeUpCall+1","LockedOrichalcum"],"picked":"HandsUpC+1","floor":23.0},{"not_picked":["BiteCommand","LockedAnchor+1"],"picked":"Tempo+1","floor":25.0},{"not_picked":["LockedTornado","Parity","Echoward"],"picked":"SKIP","floor":27.0},{"not_picked":["LockedMercury","PrimeTime"],"picked":"Cuckoo","floor":30.0},{"not_picked":["Engulf+1","WindUp+1"],"picked":"Analog","floor":35.0},{"not_picked":[],"picked":"TickedOff","floor":37.0},{"not_picked":["WakeUpCall+1","LockedTurtyl","LockedLightning"],"picked":"SKIP","floor":38.0},{"not_picked":["WakeUpCall","ReapSow","LockedPlans"],"picked":"SKIP","floor":41.0},{"not_picked":["ShortSighted","LockedMawBank+1"],"picked":"LockedMedicine+1","floor":44.0},{"not_picked":["HandsUpB","HandsUpC+1"],"picked":"Stagnate","floor":45.0},{"not_picked":["LockedPlans","HandsUpB"],"picked":"Goo+1","floor":48.0},{"not_picked":["BiteCommand+1","ReapSow"],"picked":"LockedUrn+1","floor":54}],"player_experience":38531,"relics_obtained":[{"floor":9.0,"key":"Anchor"},{"floor":14.0,"key":"MealTicket"},{"floor":23.0,"key":"MawBank"},{"floor":26.0,"key":"Oddly Smooth Stone"},{"floor":34.0,"key":"Blood Vial"},{"floor":34.0,"key":"White Beast Statue"},{"floor":34.0,"key":"FossilizedHelix"},{"floor":39.0,"key":"Pocketwatch"},{"floor":45.0,"key":"PreservedInsect"},{"floor":54,"key":"HornCleat"}],"event_choices":[{"damage_healed":0.0,"max_hp_gain":0.0,"max_hp_loss":0.0,"gold_gain":0.0,"event_name":"Living Wall","player_choice":"Grow","floor":3.0,"gold_loss":0.0,"damage_taken":0.0,"cards_upgraded":["SecondHand"]},{"damage_healed":0.0,"max_hp_gain":0.0,"max_hp_loss":0.0,"gold_gain":0.0,"event_name":"Golden Idol","player_choice":"Take Damage","floor":4.0,"gold_loss":0.0,"damage_taken":17.0,"relics_obtained":["Golden Idol"]},{"damage_healed":0.0,"max_hp_gain":0.0,"max_hp_loss":0.0,"gold_gain":0.0,"event_name":"Shining Light","player_choice":"Entered Light","floor":7.0,"gold_loss":0.0,"damage_taken":14.0,"cards_upgraded":["Strike_Br","Defend_Br"]},{"damage_healed":0.0,"max_hp_gain":5.0,"max_hp_loss":0.0,"gold_gain":0.0,"event_name":"Big Fish","player_choice":"Donut","floor":12.0,"gold_loss":0.0,"damage_taken":0.0},{"cards_removed":["Strike_Br"],"damage_healed":0.0,"max_hp_gain":0.0,"max_hp_loss":0.0,"gold_gain":0.0,"event_name":"Designer","player_choice":"Upgrade and Remove","floor":20.0,"gold_loss":90.0,"damage_taken":0.0,"cards_upgraded":["Pendulum"]},{"damage_healed":0.0,"max_hp_gain":0.0,"max_hp_loss":0.0,"gold_gain":0.0,"event_name":"Addict","player_choice":"Obtained Relic","floor":22.0,"gold_loss":85.0,"damage_taken":0.0,"relics_obtained":["Centennial Puzzle"]},{"damage_healed":0.0,"max_hp_gain":0.0,"max_hp_loss":0.0,"gold_gain":0.0,"event_name":"Masked Bandits","player_choice":"Paid Fearfully","floor":31.0,"gold_loss":44.0,"damage_taken":0.0},{"damage_healed":0.0,"max_hp_gain":0.0,"max_hp_loss":0.0,"gold_gain":333.0,"event_name":"The Moai Head","player_choice":"Gave Idol","floor":36.0,"relics_lost":["Golden Idol"],"gold_loss":0.0,"damage_taken":0.0},{"damage_healed":0.0,"max_hp_gain":0.0,"max_hp_loss":0.0,"gold_gain":0.0,"event_name":"MindBloom","player_choice":"Fight","floor":39.0,"gold_loss":0.0,"damage_taken":0.0},{"damage_healed":0.0,"max_hp_gain":0.0,"max_hp_loss":0.0,"gold_gain":0.0,"event_name":"WeMeetAgain","player_choice":"Gave Potion","floor":40.0,"gold_loss":0.0,"damage_taken":0.0,"relics_obtained":["Lizard Tail"]}],"is_beta":false,"boss_relics":[{"not_picked":["HangingClock","Chronograph"],"picked":"Empty Cage"},{"not_picked":["Busted Crown","Runic Dome"],"picked":"Calling Bell"}],"items_purged_floors":[11,47],"is_endless":false,"potions_floor_spawned":[1,8,10,19,25,35,38,39,41,44,45,54],"ascension_level":0}}