{"host":"oehe2dxjvdgux73m","time":1613399845,"event":{"mods":["AchievementEnabler","BaseMod","Colored Map","Colored Powertips","DeckTracker","Keyboard Shortcuts","Minty Spire (QoL Compilation)","Permanent Neow","Quick Restart","StSLib","SuperFastMode"],"gold_per_floor":[119,60,60,72,72,72,85,85,133,165,177,211,230,230,230,305,305,325,342,342,342,283,283,310,310,335,362,362,374,374,374,374],"floor_reached":31,"language":"KOR","playtime":693,"items_purged":[],"score":562,"play_id":"a2b7e79e-33d2-43b3-a480-b167cd7fddf7","local_time":"20210215233725","is_ascension_mode":true,"campfire_choices":[{"data":"A Thousand Cuts","floor":6.0,"key":"SMITH"},{"floor":8.0,"key":"REST"},{"data":"Blade Dance","floor":15.0,"key":"SMITH"},{"floor":23.0,"key":"REST"},{"floor":25.0,"key":"REST"},{"floor":28.0,"key":"REST"},{"floor":30.0,"key":"REST"}],"circlet_count":0,"master_deck":["AscendersBane","Strike_G+1","Strike_G+1","Strike_G+1","Strike_G+1","Strike_G+1","Defend_G+1","Defend_G+1","Defend_G+1","Defend_G+1","Defend_G+1","Survivor","Neutralize","A Thousand Cuts+1","Dagger Spray","Blade Dance+1","Masterful Stab","Well Laid Plans","Cloak And Dagger","PiercingWail","Concentrate","Corpse Explosion","PiercingWail","Footwork+1","Footwork","Footwork","Escape Plan"],"relics":["Ring of the Snake","Mummified Hand","Thread and Needle","Art of War","Tiny Chest","WingedGreaves","Philosopher\u0027s Stone","Dream Catcher","Oddly Smooth Stone","Unceasing Top"],"acts_visited":["Exordium","TheCity"],"potions_floor_usage":[],"damage_taken":[{"damage":1.0,"enemies":"2 Louse","floor":1.0,"turns":3.0},{"damage":0.0,"enemies":"Jaw Worm","floor":4.0,"turns":4.0},{"damage":0.0,"enemies":"Small Slimes","floor":7.0,"turns":3.0},{"damage":1.0,"enemies":"3 Sentries","floor":10.0,"turns":4.0},{"damage":4.0,"enemies":"3 Louse","floor":11.0,"turns":3.0},{"damage":18.0,"enemies":"Gremlin Nob","floor":12.0,"turns":4.0},{"damage":0.0,"enemies":"Blue Slaver","floor":13.0,"turns":4.0},{"damage":14.0,"enemies":"Hexaghost","floor":16.0,"turns":11.0},{"damage":16.0,"enemies":"Shell Parasite","floor":18.0,"turns":5.0},{"damage":14.0,"enemies":"2 Thieves","floor":19.0,"turns":3.0},{"damage":5.0,"enemies":"Slavers","floor":24.0,"turns":5.0},{"damage":31.0,"enemies":"Book of Stabbing","floor":27.0,"turns":8.0},{"damage":31.0,"enemies":"Snecko","floor":29.0,"turns":5.0},{"damage":22,"enemies":"Chosen and Byrds","floor":31,"turns":3}],"seed_played":"5849570395806507067","potions_obtained":[{"floor":1.0,"key":"SmokeBomb"},{"floor":10.0,"key":"SkillPotion"},{"floor":13.0,"key":"Ancient Potion"},{"floor":16.0,"key":"Regen Potion"},{"floor":18.0,"key":"Strength Potion"}],"is_trial":false,"path_per_floor":["M","$","?","M","T","R","M","R","T","E","M","E","M","?","R","B",null,"M","M","?","?","$","R","E","R","T","E","R","M","R","M"],"character_chosen":"THE_SILENT","items_purchased":["Blade Dance","PiercingWail"],"campfire_rested":5,"item_purchase_floors":[2,22],"current_hp_per_floor":[58,58,23,23,23,23,23,41,41,40,36,18,18,18,18,4,46,42,28,12,12,12,31,26,45,45,14,33,2,21,0,0],"gold":374,"neow_bonus":"THREE_RARE_CARDS","is_daily":false,"chose_seed":false,"campfire_upgraded":2,"win_rate":0.0,"timestamp":1613399845,"path_taken":["M","$","?","M","?","R","M","R","T","E","M","E","M","?","R","BOSS","M","M","?","?","$","R","E","R","T","E","R","M","R","M"],"items_purchased_type":["Card","Card"],"build_version":"2020-12-22","purchased_purges":0,"victory":false,"max_hp_per_floor":[60,60,60,60,60,60,60,60,60,60,60,60,60,60,60,60,60,60,60,65,65,65,65,65,65,65,65,65,65,65,65,65],"card_choices":[{"not_picked":["Unload","Tools of the Trade"],"picked":"A Thousand Cuts","floor":0.0},{"not_picked":["Catalyst","Cloak And Dagger"],"picked":"Dagger Spray","floor":1.0},{"not_picked":["Escape Plan","Deadly Poison"],"picked":"Masterful Stab","floor":4.0},{"not_picked":["Leg Sweep","Underhanded Strike"],"picked":"Well Laid Plans","floor":7.0},{"not_picked":["Deadly Poison","Skewer"],"picked":"Cloak And Dagger","floor":10.0},{"not_picked":["Expertise","Slice"],"picked":"PiercingWail","floor":11.0},{"not_picked":["Masterful Stab","Glass Knife","Envenom"],"picked":"SKIP","floor":12.0},{"not_picked":["Reflex","Backflip"],"picked":"Concentrate","floor":13.0},{"not_picked":["Envenom","Glass Knife"],"picked":"Corpse Explosion","floor":16.0},{"not_picked":["Sucker Punch","Quick Slash","Underhanded Strike+1"],"picked":"SKIP","floor":18.0},{"not_picked":["Eviscerate","Concentrate","Deflect"],"picked":"SKIP","floor":19.0},{"not_picked":["Blade Dance","Poisoned Stab"],"picked":"Footwork+1","floor":24.0},{"not_picked":["Slice","Quick Slash"],"picked":"Footwork","floor":25.0},{"not_picked":["Backstab","Riddle With Holes+1","Prepared"],"picked":"SKIP","floor":27.0},{"not_picked":["Calculated Gamble","Prepared"],"picked":"Footwork","floor":28.0},{"not_picked":["Blade Dance","Flying Knee"],"picked":"Escape Plan","floor":29.0}],"player_experience":467276,"relics_obtained":[{"floor":5.0,"key":"Thread and Needle"},{"floor":9.0,"key":"Art of War"},{"floor":10.0,"key":"Tiny Chest"},{"floor":12.0,"key":"WingedGreaves"},{"floor":24.0,"key":"Dream Catcher"},{"floor":26.0,"key":"Oddly Smooth Stone"},{"floor":27.0,"key":"Unceasing Top"}],"event_choices":[{"damage_healed":0.0,"max_hp_gain":0.0,"max_hp_loss":0.0,"gold_gain":0.0,"event_name":"Scrap Ooze","player_choice":"Success","floor":3.0,"gold_loss":0.0,"damage_taken":35.0,"relics_obtained":["Mummified Hand"]},{"damage_healed":0.0,"max_hp_gain":0.0,"max_hp_loss":0.0,"gold_gain":0.0,"event_name":"Dead Adventurer","player_choice":"Searched \u00270\u0027 times","floor":14.0,"gold_loss":0.0,"damage_taken":0.0},{"damage_healed":0.0,"max_hp_gain":5.0,"max_hp_loss":0.0,"gold_gain":0.0,"event_name":"Forgotten Altar","player_choice":"Shed Blood","floor":20.0,"gold_loss":0.0,"damage_taken":21.0},{"damage_healed":0.0,"max_hp_gain":0.0,"max_hp_loss":0.0,"gold_gain":0.0,"event_name":"Back to Basics","player_choice":"Simplicity","floor":21.0,"gold_loss":0.0,"damage_taken":0.0,"cards_upgraded":["Strike_G","Strike_G","Strike_G","Strike_G","Strike_G","Defend_G","Defend_G","Defend_G","Defend_G","Defend_G"]}],"is_beta":false,"boss_relics":[{"not_picked":["SacredBark","Tiny House"],"picked":"Philosopher\u0027s Stone"}],"items_purged_floors":[],"is_endless":false,"potions_floor_spawned":[1,10,13,16,18],"killed_by":"Chosen and Byrds","ascension_level":20}}