{"host":"og21o26alpnbwmz8","time":1613421490,"event":{"mods":["Act Like it!","Aspiration","BaseMod","Conspire","Downfall","Gensokyo","Halation","Hubris","Jedi Mod","Mimic Mod","Minty Spire (QoL Compilation)","Pale of the Ancients","Reliquary","Replay The Spire","Shop Mod","Spikes Relics","StSLib","The Alterego","The Blue Laboratory","The Poker Player","The Problem Sleuth","Waifu the Spire","Yuri Mod"],"gold_per_floor":[219,62,62,82,82,82,4,4,31,31,31,31,51,64,64,163,163,182,432,532,532,545,545,545,178,178,178,188,188,138,57,57,162,162,378,378,396,35,35,35,72,92,174,174,174,189,218,234,234,234,234,234,88,116,116],"floor_reached":56,"language":"ENG","playtime":2317,"items_purged":["theSleuth:Strike"],"score":1159,"play_id":"3a0c3c8c-6565-484a-8dad-7315e3209f24","local_time":"20210215153810","is_ascension_mode":false,"campfire_choices":[{"data":"theSleuth:Parry","floor":6,"key":"SMITH"},{"data":"theSleuth:Diplomacy","floor":8,"key":"SMITH"},{"data":"theSleuth:Defend","floor":11,"key":"SMITH"},{"data":"theSleuth:TruffleTrouble","floor":15,"key":"SMITH"},{"data":"theSleuth:Diabeatdown","floor":23,"key":"SMITH"},{"data":"theSleuth:Deprogram","floor":27,"key":"SMITH"},{"floor":29,"key":"REST"},{"data":"theSleuth:Parry","floor":32,"key":"SMITH"},{"data":"theSleuth:Defend","floor":40,"key":"SMITH"},{"data":"theSleuth:Diabeatdown","floor":44,"key":"SMITH"},{"floor":49,"key":"RECALL"},{"data":"hubris:PowerSurge","floor":52,"key":"SMITH"}],"circlet_count":0,"master_deck":["theSleuth:Defend","theSleuth:Defend+1","theSleuth:Defend+1","theSleuth:TakeInventory","theSleuth:Diplomacy+1","theSleuth:Distill","theSleuth:Parry+1","theSleuth:Ogle","theSleuth:BenStillerBust+1","theSleuth:Deprogram+1","theSleuth:TruffleTrouble+1","theSleuth:GummyWormZombie+1","theSleuth:CandyCornVampire+1","theSleuth:CharismaBlast+1","theSleuth:BrassTacks+1","theSleuth:Diabeatdown+1","theSleuth:FairShake+1","theSleuth:Parry+1","theSleuth:Diabeatdown+1","theSleuth:Supermassive","hubris:PowerSurge+1","conspire:SharedLibrary"],"relics":["theSleuth:Typewriter","halation:EternalFortune","Happy Flower","Astrolabe","aspiration:HatOfInfinitePower","hubris:CuriousFeather","Dream Catcher","ExplosiveVial","MealTicket","jedi:shrinkray","aspiration:DefectSkillbook","Blood Vial","halation:LettersToHer","halation:AfternoonTea","hubris:Icosahedron","Replay:Wax Seal","reliquary:Sideboard","ReplayTheSpireMod:TigerMarble","hubris:TenFootPole","ZombieTooth"],"acts_visited":["Exordium","Gensokyo:Gensokyo","Gensokyo:Gensokyoer","TheEnding"],"potions_floor_usage":[16,20,22,28,33,35,42,54,55,55,55],"damage_taken":[{"damage":1,"enemies":"Gensokyo:2_Kodama","floor":1,"turns":5},{"damage":0,"enemies":"Gensokyo:Python","floor":4,"turns":5},{"damage":0,"enemies":"Gensokyo:Gryphon","floor":13,"turns":5},{"damage":9,"enemies":"Gensokyo:VengefulSpirit","floor":14,"turns":5},{"damage":35,"enemies":"Gensokyo:Kokoro","floor":16,"turns":12},{"damage":0,"enemies":"Gensokyo:2_Gloops","floor":18,"turns":4},{"damage":4,"enemies":"Gensokyo:2_Gloops","floor":20,"turns":7},{"damage":11,"enemies":"Gensokyo:AngelMirror","floor":22,"turns":3},{"damage":28,"enemies":"Gensokyo:Slime_Group","floor":28,"turns":5},{"damage":13,"enemies":"Gensokyo:Kaguya","floor":33,"turns":10},{"damage":7,"enemies":"Gensokyo:AncientGuardian","floor":35,"turns":4},{"damage":10,"enemies":"Gensokyo:3_Boulders","floor":37,"turns":3},{"damage":0,"enemies":"conspire:MimicChest","floor":41,"turns":4},{"damage":15,"enemies":"Gensokyo:4_Bats","floor":42,"turns":3},{"damage":0,"enemies":"Gensokyo:AtlasGolem","floor":46,"turns":3},{"damage":42,"enemies":"Gensokyo:Marisa","floor":47,"turns":3},{"damage":0,"enemies":"Gensokyo:Sharpion","floor":48,"turns":3},{"damage":22,"enemies":"Gensokyo:Yuyuko","floor":50,"turns":5},{"damage":36,"enemies":"Shield and Spear","floor":54,"turns":3},{"damage":32,"enemies":"The Heart","floor":55,"turns":7}],"seed_played":"2474412442621376891","potions_obtained":[{"floor":1,"key":"blueLaboratory:PhilterOfMotion"},{"floor":4,"key":"BlessingOfTheForge"},{"floor":14,"key":"LiquidMemories"},{"floor":46,"key":"EssenceOfSteel"},{"floor":54,"key":"sneckomod:MuddlingPotion"}],"is_trial":false,"path_per_floor":["M","$","?","M","?","R","COS","R","T","?","R","?","M","M","R","B",null,"M","?","?","?","M","R","?","COS","T","R","M","R","?","$","R","B",null,"M","?","M","$","?","R","?","M","T","R","?","M","E","M","R","B",null,"R","$","E","B",null],"character_chosen":"THE_sleuth","items_purchased":["theSleuth:Parry","theSleuth:Parry","halation:LettersToHer","hubris:PowerSurge","halation:AfternoonTea","hubris:TenFootPole"],"campfire_rested":1,"item_purchase_floors":[2,31,38,38,38,53],"current_hp_per_floor":[72,72,75,75,75,75,75,75,75,75,75,75,75,66,66,31,76,76,76,72,72,61,61,61,61,61,61,33,54,61,76,76,63,77,70,70,62,77,77,77,77,62,62,62,62,64,27,29,29,29,80,80,80,47,17],"gold":116,"neow_bonus":"HUNDRED_GOLD","is_daily":false,"chose_seed":false,"campfire_upgraded":10,"win_rate":0.0,"timestamp":1613421490,"path_taken":["M","$","?","M","?","R","COS","R","T","?","R","?","M","M","R","BOSS","M","?","?","?","M","R","?","COS","T","R","M","R","?","$","R","BOSS","M","?","M","$","?","R","?","M","T","R","?","M","E","M","R","BOSS","R","$","E","BOSS"],"items_purchased_type":["Card","Card","Relic","Card","Relic","Relic"],"build_version":"2020-12-22","purchased_purges":1,"victory":true,"max_hp_per_floor":[73,73,76,76,76,76,76,76,76,76,76,76,76,76,76,76,76,76,76,76,76,76,76,70,70,70,70,70,70,77,77,77,77,77,77,77,77,77,77,77,77,77,77,77,77,77,80,80,80,80,80,80,80,83,83],"card_choices":[{"not_picked":["theSleuth:Appropriate","theSleuth:CharismaBlast"],"picked":"theSleuth:Distill","floor":1},{"not_picked":["theSleuth:WizardSudoku","theSleuth:CandyCorn"],"picked":"theSleuth:Ogle","floor":4},{"not_picked":["theSleuth:FlaskOfWhiskey+1","theSleuth:Taze+1"],"picked":"theSleuth:BenStillerBust+1","floor":13},{"not_picked":["theSleuth:CandyLeather","theSleuth:WilsonBust"],"picked":"theSleuth:Deprogram","floor":13},{"not_picked":["theSleuth:BrassTacks","theSleuth:CharismaBlast"],"picked":"theSleuth:TruffleTrouble","floor":14},{"not_picked":["theSleuth:HeroBust","theSleuth:HairpinMachinegun"],"picked":"theSleuth:GummyWormZombie","floor":16},{"not_picked":["theSleuth:ThrowHat","theSleuth:WilsonBust","theSleuth:FlaskOfWhiskey"],"picked":"SKIP","floor":18},{"not_picked":["theSleuth:CharismaBlast","theSleuth:Tootshotgun"],"picked":"theSleuth:Diabeatdown","floor":22},{"not_picked":["theSleuth:Pepperminthryl+1","theSleuth:Frijolaegis+1"],"picked":"theSleuth:FairShake+1","floor":28},{"not_picked":["theSleuth:Joust+1","theSleuth:TruffleShuffle","theSleuth:BenStillerBust"],"picked":"SKIP","floor":28},{"not_picked":["theSleuth:HeroBust","theSleuth:Conjure"],"picked":"theSleuth:Diabeatdown","floor":33},{"not_picked":["theSleuth:LeverageHeight","theSleuth:Diabeatdown"],"picked":"theSleuth:Supermassive","floor":33},{"not_picked":["theSleuth:Fortify","Steam","Leap","Crystallizer+1"],"picked":"SKIP","floor":35},{"not_picked":["theSleuth:Fortify","ReplayGash","Blizzard","Rebound"],"picked":"SKIP","floor":37},{"not_picked":["theSleuth:Taze","Steam","theSleuth:BellyOTheWhale","theSleuth:WilsonBust"],"picked":"SKIP","floor":42},{"not_picked":["theSleuth:CandyCane","jedi:blockon+1","Steam"],"picked":"conspire:SharedLibrary","floor":46},{"not_picked":["BasicCrystalCard","Compile Driver","jedi:BurstLightning","theSleuth:Pepperminthryl"],"picked":"SKIP","floor":47},{"not_picked":["theSleuth:Deprogram","Ball Lightning+1","Coolheaded","Hello World"],"picked":"SKIP","floor":48},{"not_picked":["theSleuth:TruffleShuffle","theSleuth:Taze","Rebound+1"],"picked":"jedi:reiji+1","floor":54}],"player_experience":270960,"relics_obtained":[{"floor":20,"key":"aspiration:HatOfInfinitePower"},{"floor":20,"key":"hubris:CuriousFeather"},{"floor":26,"key":"MealTicket"},{"floor":41,"key":"Replay:Wax Seal"},{"floor":43,"key":"halation:LettersToHer"},{"floor":43,"key":"reliquary:Sideboard"},{"floor":47,"key":"halation:EternalFortune"},{"floor":47,"key":"ReplayTheSpireMod:TigerMarble"},{"floor":54,"key":"halation:EternalFortune"},{"floor":54,"key":"ZombieTooth"}],"event_choices":[],"is_beta":false,"boss_relics":[{"not_picked":["ChewingGum","Snecko Eye"],"picked":"Astrolabe"},{"not_picked":["halation:MonkeysPaw","conspire:SpecialSausage"],"picked":"aspiration:DefectSkillbook"}],"items_purged_floors":[2],"is_endless":false,"potions_floor_spawned":[1,4,14,20,22,41,46,47,54],"ascension_level":0}}