{"host":"Cenci","time":1613393639,"event":{"mods":["BaseMod","Downfall","Highlight Path","Minty Spire (QoL Compilation)","StSLib"],"gold_per_floor":[99,99,99,99,399,433,433,448,242,254,289,389,289,315,325,325,325,325],"floor_reached":16,"language":"ENG","playtime":447,"items_purged":["downfall:Icky"],"score":176,"play_id":"3b70a55c-d340-4f1c-9525-281a87302b63","local_time":"20210215135359","is_ascension_mode":true,"campfire_choices":[{"floor":1.0,"key":"RECALL"},{"data":"hexamod:VolcanoVisage","floor":13.0,"key":"SMITH"}],"circlet_count":0,"master_deck":["hexamod:Strike","hexamod:Strike","hexamod:Strike","hexamod:Defend","hexamod:Defend","hexamod:Defend","hexamod:Defend","hexamod:Sear","hexamod:Float","hexamod:Firestarter","hexamod:RainOfEmbers","downfall:Icky","hexamod:Firestarter","hexamod:PhantomFireball","hexamod:HeatMetal","hexamod:PowerFromBeyond","hexamod:DynamicBlow","hexamod:Hexaguard","hexamod:VolcanoVisage+1","hexamod:Hexaguard"],"relics":["hexamod:SpiritBrand","downfall:HeartsMalice","Lizard Tail","TungstenRod","InkBottle","downfall:HeartBlessingRed","Toy Ornithopter"],"acts_visited":["Exordium"],"potions_floor_usage":[],"damage_taken":[{"damage":0.0,"enemies":"Small Slimes","floor":2.0,"turns":1.0},{"damage":0.0,"enemies":"2 Louse","floor":3.0,"turns":1.0},{"damage":0.0,"enemies":"Gremlin Nob","floor":6.0,"turns":1.0},{"damage":0.0,"enemies":"Cultist","floor":8.0,"turns":3.0},{"damage":0.0,"enemies":"downfall:FleeingMerchant","floor":9.0,"turns":4.0},{"damage":13.0,"enemies":"Exordium Thugs","floor":10.0,"turns":3.0},{"damage":20.0,"enemies":"3 Sentries","floor":11.0,"turns":7.0},{"damage":14.0,"enemies":"Gremlin Nob","floor":14.0,"turns":4.0},{"damage":14.0,"enemies":"Blue Slaver","floor":15.0,"turns":3.0},{"damage":0,"enemies":"IC_STATUS_ARCHETYPE","floor":16,"turns":1}],"seed_played":"5867642415614563202","potions_obtained":[{"floor":8.0,"key":"PowerPotion"},{"floor":11.0,"key":"hexamod:InfernoChargePotion"},{"floor":15.0,"key":"SteroidPotion"}],"is_trial":false,"path_per_floor":["R","M","M","?","?","E","T","M","$","M","E","?","R","E","M","B"],"character_chosen":"THE_SPIRIT","items_purchased":["hexamod:PowerFromBeyond","hexamod:DynamicBlow"],"campfire_rested":0,"item_purchase_floors":[9,9],"current_hp_per_floor":[70,70,70,70,70,70,70,70,70,57,37,37,37,23,9,9,9,9],"gold":325,"neow_bonus":"THREE_ENEMY_KILL","is_daily":false,"chose_seed":false,"campfire_upgraded":1,"win_rate":0.0,"timestamp":1613393639,"path_taken":["R","M","M","?","?","E","T","M","$","M","E","?","R","E","M","BOSS"],"items_purchased_type":["Card","Card"],"build_version":"2020-11-17","purchased_purges":1,"victory":false,"max_hp_per_floor":[70,70,70,70,70,70,70,70,70,70,70,70,70,70,70,70,70,70],"card_choices":[{"not_picked":["hexamod:NightmareStrike","hexamod:Hexaguard"],"picked":"hexamod:Firestarter","floor":2.0},{"not_picked":["hexamod:HeatShield","hexamod:SwordOfDarkness"],"picked":"hexamod:RainOfEmbers","floor":3.0},{"not_picked":["hexamod:NecessarySacrifice","hexamod:InspiringFlames"],"picked":"hexamod:Firestarter","floor":6.0},{"not_picked":["hexamod:SuperheatedStrike","hexamod:ShieldOfDarkness"],"picked":"hexamod:PhantomFireball","floor":8.0},{"not_picked":["hexamod:GhostOfSpirePresent","hexamod:NightmareGuise"],"picked":"hexamod:HeatMetal","floor":9.0},{"not_picked":["hexamod:GhostShield","hexamod:SecondSeal"],"picked":"hexamod:Hexaguard","floor":10.0},{"not_picked":["hexamod:StepThrough","hexamod:Firestarter"],"picked":"hexamod:VolcanoVisage","floor":11.0},{"not_picked":["hexamod:SuperheatedStrike","hexamod:FastForward"],"picked":"hexamod:Hexaguard","floor":14.0},{"not_picked":["hexamod:Haunt","hexamod:NecessarySacrifice","hexamod:FourthSeal"],"picked":"SKIP","floor":15.0}],"player_experience":322580,"relics_obtained":[{"floor":6.0,"key":"Lizard Tail"},{"floor":7.0,"key":"TungstenRod"},{"floor":11.0,"key":"InkBottle"},{"floor":14.0,"key":"Toy Ornithopter"}],"event_choices":[],"is_beta":true,"boss_relics":[],"items_purged_floors":[9],"is_endless":false,"potions_floor_spawned":[8,11,15],"killed_by":"IC_STATUS_ARCHETYPE","ascension_level":5}}