{"host":"7ttbe3gzet1mthv0","time":1613419208,"event":{"mods":["AchievementEnabler","BaseMod","Bestiary","Better Match","Better Note","Better Sensory Stone","Better Third Choice","BetterRewards","CapriCore","Colored Map","Colored Powertips","Custom Start","Downfall","Fox Events","Hermit","Highlight Path","Infinite Spire","Jorbs\u0027s Wanderer Trilogy","Luminous","Marisa????????","Minty Spire (QoL Compilation)","Rare Cards Sparkle","Relic Stats","Spicy Shops","StSLib","The Alterego","The Bug Knight","The Cursed","The Hierophant","The Marked","Wandering Minibosses"],"gold_per_floor":[112,127,142,160,160,160,160],"floor_reached":6,"language":"SPA","playtime":291,"items_purged":[],"score":42,"play_id":"94ebe2b2-fcff-4cf7-86d7-9aa3eb2933bb","local_time":"20210215210008","is_ascension_mode":true,"campfire_choices":[],"circlet_count":0,"master_deck":["Survivor","Neutralize","Dagger Spray","Poisoned Stab","Corpse Explosion","Sucker Punch","Riddle With Holes","Crippling Poison","Caltrops","Caltrops","Dash","Deflect","Cloak And Dagger","Choke","infinitespire:Execution"],"relics":["Pandora\u0027s Box"],"acts_visited":["Exordium"],"potions_floor_usage":[6],"damage_taken":[{"damage":0,"enemies":"2 Louse","floor":1,"turns":2},{"damage":9,"enemies":"Jaw Worm","floor":2,"turns":2},{"damage":3,"enemies":"Small Slimes","floor":3,"turns":3},{"damage":15,"enemies":"3 Louse","floor":4,"turns":3},{"damage":15,"enemies":"3 Sentries","floor":6,"turns":6}],"seed_played":"6749074542739355503","potions_obtained":[{"floor":4,"key":"Fire Potion"}],"is_trial":false,"path_per_floor":["M","M","M","M","?","E"],"character_chosen":"THE_SILENT","items_purchased":[],"campfire_rested":0,"item_purchase_floors":[],"current_hp_per_floor":[70,61,58,43,26,11,11],"gold":160,"neow_bonus":"BOSS_RELIC","is_daily":false,"chose_seed":false,"campfire_upgraded":0,"win_rate":0.0,"timestamp":1613419208,"path_taken":["M","M","M","M","?","E"],"items_purchased_type":[],"build_version":"2020-12-22","purchased_purges":0,"victory":false,"max_hp_per_floor":[70,70,70,70,70,70,70],"relic_stats":{"counters":[5,16],"Pandora\u0027s Box":["Dagger Spray","Poisoned Stab","Corpse Explosion","Sucker Punch","Riddle With Holes","Crippling Poison","Caltrops","Caltrops","Dash","Deflect"],"obtain_stats":[{"Pandora\u0027s Box":0,"Ring of the Snake":0},{"Pandora\u0027s Box":0,"Ring of the Snake":0},{"Pandora\u0027s Box":0,"Ring of the Snake":0}]},"card_choices":[{"not_picked":["Dagger Spray","PiercingWail","Flying Knee"],"picked":"SKIP","floor":1},{"not_picked":["Acrobatics","Quick Slash"],"picked":"Cloak And Dagger","floor":2},{"not_picked":["Backstab","Blade Dance"],"picked":"Choke","floor":3},{"not_picked":["Deflect","Sucker Punch","PiercingWail"],"picked":"SKIP","floor":4},{"not_picked":["infinitespire:SealOfDarkness+","infinitespire:UltimateForm"],"picked":"infinitespire:Execution","floor":5}],"player_experience":62300,"relics_obtained":[],"event_choices":[],"is_beta":false,"boss_relics":[],"items_purged_floors":[],"is_endless":false,"potions_floor_spawned":[4],"killed_by":"3 Sentries","ascension_level":2}}