{"host":"w3q5ijqu8eoknil3","time":1613430445,"event":{"mods":["AchievementEnabler","BaseMod","Block Reminder","Colored Map","Colored Powertips","Curses Come First","Dark Map","Minty Spire (QoL Compilation)","Quick Restart","Relic Stats","StSLib","ojb\u0027s Better Paths Mod","ojb\u0027s Info Mod","slay the spire mod where everything is the same but ironclad has a cowboy hat"],"gold_per_floor":[114,114,114,129,129,129,457,457,457,492,509,44,61,72,72,143,143,154,154,154,173,192,218,230,70,70,96,96,112,125,150,150,224,224,243,133,147,6,23,23,23],"floor_reached":40,"language":"ENG","playtime":1643,"items_purged":[],"score":1039,"play_id":"3f2e1c10-1dbe-48f4-9484-49d20774617d","local_time":"20210215230725","is_ascension_mode":true,"campfire_choices":[{"data":"Blade Dance","floor":6,"key":"SMITH"},{"data":"Crippling Poison","floor":8,"key":"SMITH"},{"floor":15,"key":"REST"},{"floor":28,"key":"REST"},{"data":"The Bomb","floor":32,"key":"SMITH"}],"circlet_count":0,"master_deck":["AscendersBane","Defend_G+1","Defend_G+1","Defend_G+1","Defend_G+1","Defend_G+1","Survivor+1","Neutralize","Blade Dance+1","Tactician","Blade Dance","Crippling Poison+1","Malaise","Deadly Poison","Footwork","The Bomb+1","Dagger Spray+1","Malaise","Die Die Die","Dagger Spray","Caltrops+1","Calculated Gamble","Leg Sweep","Cloak And Dagger+1","Backflip+1","Blade Dance+1","Masterful Stab","Tools of the Trade+1","Noxious Fumes+1","Noxious Fumes+1","Well Laid Plans+1","Footwork+1","Outmaneuver","PiercingWail"],"relics":["Ring of the Snake","NeowsBlessing","CaptainsWheel","Old Coin","Ornamental Fan","White Beast Statue","Lantern","Cursed Key","Pantograph","Frozen Eye","Frozen Egg 2","HornCleat","Omamori","Astrolabe"],"acts_visited":["Exordium","TheCity","TheBeyond"],"potions_floor_usage":[10,13,16,22,23,24,29,30,31,31,33,39,40],"damage_taken":[{"damage":0,"enemies":"Small Slimes","floor":1,"turns":1},{"damage":0,"enemies":"Jaw Worm","floor":4,"turns":1},{"damage":0,"enemies":"3 Sentries","floor":7,"turns":1},{"damage":11,"enemies":"Lagavulin","floor":10,"turns":6},{"damage":0,"enemies":"Cultist","floor":11,"turns":3},{"damage":5,"enemies":"Exordium Wildlife","floor":13,"turns":3},{"damage":2,"enemies":"Lots of Slimes","floor":14,"turns":4},{"damage":0,"enemies":"Hexaghost","floor":16,"turns":10},{"damage":8,"enemies":"Spheric Guardian","floor":18,"turns":4},{"damage":8,"enemies":"2 Thieves","floor":21,"turns":4},{"damage":0,"enemies":"Snecko","floor":22,"turns":7},{"damage":23,"enemies":"Slavers","floor":23,"turns":3},{"damage":14,"enemies":"Centurion and Healer","floor":24,"turns":6},{"damage":12,"enemies":"Book of Stabbing","floor":27,"turns":5},{"damage":0,"enemies":"Snake Plant","floor":29,"turns":5},{"damage":9,"enemies":"Shelled Parasite and Fungi","floor":30,"turns":6},{"damage":8,"enemies":"Gremlin Leader","floor":31,"turns":5},{"damage":36,"enemies":"Collector","floor":33,"turns":9},{"damage":4,"enemies":"3 Darklings","floor":35,"turns":4},{"damage":0,"enemies":"Orb Walker","floor":37,"turns":3},{"damage":7,"enemies":"Maw","floor":39,"turns":9},{"damage":45,"enemies":"Giant Head","floor":40,"turns":6}],"seed_played":"-791455895215903840","potions_obtained":[{"floor":1,"key":"Fire Potion"},{"floor":10,"key":"CunningPotion"},{"floor":11,"key":"EssenceOfSteel"},{"floor":13,"key":"EssenceOfSteel"},{"floor":16,"key":"FairyPotion"},{"floor":22,"key":"PowerPotion"},{"floor":23,"key":"PowerPotion"},{"floor":24,"key":"BlessingOfTheForge"},{"floor":27,"key":"LiquidBronze"},{"floor":29,"key":"Ancient Potion"},{"floor":30,"key":"CultistPotion"},{"floor":31,"key":"Weak Potion"},{"floor":33,"key":"Ancient Potion"},{"floor":35,"key":"CunningPotion"},{"floor":39,"key":"Strength Potion"}],"is_trial":false,"path_per_floor":["M","?","?","M","?","R","E","R","T","E","M","$","M","M","R","B",null,"M","?","?","M","M","E","M","$","T","E","R","M","M","E","R","B",null,"M","?","M","$","M","E"],"character_chosen":"THE_SILENT","items_purchased":["Lantern","Footwork","The Bomb","Frozen Eye","Footwork+1","Outmaneuver"],"campfire_rested":2,"item_purchase_floors":[12,12,12,25,38,38],"current_hp_per_floor":[59,54,54,54,34,34,34,34,34,23,23,23,18,16,35,35,58,50,50,50,42,42,19,5,5,5,12,31,31,22,14,14,3,50,46,46,46,46,39,0,0],"gold":23,"neow_bonus":"THREE_ENEMY_KILL","is_daily":false,"chose_seed":false,"campfire_upgraded":3,"win_rate":0.0,"timestamp":1613430445,"path_taken":["M","?","?","M","?","R","E","R","T","E","M","?","M","?","R","BOSS","M","?","?","M","M","E","M","$","T","E","R","?","M","E","R","BOSS","M","?","?","$","M","E"],"items_purchased_type":["Relic","Card","Card","Relic","Card","Card"],"build_version":"2020-12-22","purchased_purges":0,"victory":false,"max_hp_per_floor":[66,66,66,66,66,66,66,66,66,66,66,66,66,66,66,66,66,66,66,66,66,66,66,66,66,66,66,66,66,66,66,66,66,66,66,66,66,66,66,66,66],"relic_stats":{"counters":[22,105],"Ornamental Fan":[228],"Pantograph":25,"Astrolabe":["Noxious Fumes","Parasite","Noxious Fumes"],"Cursed Key":1,"obtain_stats":[{"Lantern":12,"NeowsBlessing":0,"Astrolabe":34,"Omamori":31,"Frozen Egg 2":26,"Cursed Key":17,"White Beast Statue":10,"Old Coin":7,"Frozen Eye":25,"CaptainsWheel":2,"HornCleat":27,"Ornamental Fan":9,"Pantograph":23,"Ring of the Snake":0},{"Lantern":5,"NeowsBlessing":0,"Astrolabe":18,"Omamori":17,"Frozen Egg 2":13,"Cursed Key":8,"White Beast Statue":4,"Old Coin":3,"Frozen Eye":13,"CaptainsWheel":1,"HornCleat":14,"Ornamental Fan":3,"Pantograph":12,"Ring of the Snake":0},{"Lantern":12,"NeowsBlessing":0,"Astrolabe":83,"Omamori":74,"Frozen Egg 2":53,"Cursed Key":29,"White Beast Statue":9,"Old Coin":3,"Frozen Eye":53,"CaptainsWheel":1,"HornCleat":58,"Ornamental Fan":3,"Pantograph":47,"Ring of the Snake":0}],"Ring of the Snake":[44]},"card_choices":[{"not_picked":["Terror","Quick Slash"],"picked":"Blade Dance","floor":1},{"not_picked":["Deflect","Outmaneuver"],"picked":"Blade Dance","floor":4},{"not_picked":["Well Laid Plans","Expertise"],"picked":"Crippling Poison","floor":7},{"not_picked":["Backstab","Underhanded Strike"],"picked":"Malaise","floor":10},{"not_picked":["Noxious Fumes","Bane"],"picked":"Deadly Poison","floor":11},{"not_picked":["Prepared","Infinite Blades"],"picked":"Dagger Spray","floor":13},{"not_picked":["Caltrops","Cloak And Dagger"],"picked":"Malaise","floor":14},{"not_picked":["Grand Finale","Doppelganger"],"picked":"Die Die Die","floor":16},{"not_picked":["Backflip","Caltrops"],"picked":"Dagger Spray","floor":18},{"not_picked":["Sucker Punch","PiercingWail"],"picked":"Caltrops+1","floor":21},{"not_picked":["Flying Knee","Blade Dance"],"picked":"Calculated Gamble","floor":22},{"not_picked":["Acrobatics","Poisoned Stab"],"picked":"Leg Sweep","floor":23},{"not_picked":["Quick Slash","Noxious Fumes","Setup"],"picked":"SKIP","floor":24},{"not_picked":["Quick Slash","Dagger Spray"],"picked":"Cloak And Dagger+1","floor":27},{"not_picked":["Bane","Sucker Punch"],"picked":"Backflip+1","floor":29},{"not_picked":["Sucker Punch","Cloak And Dagger+1"],"picked":"Blade Dance+1","floor":30},{"not_picked":["Grand Finale","Acrobatics"],"picked":"Masterful Stab","floor":31},{"not_picked":["Die Die Die","Malaise"],"picked":"Tools of the Trade+1","floor":33},{"not_picked":["Underhanded Strike+1","Deflect","Flechettes"],"picked":"SKIP","floor":35},{"not_picked":["Endless Agony","Escape Plan"],"picked":"Well Laid Plans+1","floor":37},{"not_picked":["Deadly Poison","Tactician"],"picked":"PiercingWail","floor":39}],"player_experience":1050855,"relics_obtained":[{"floor":7,"key":"Old Coin"},{"floor":9,"key":"Ornamental Fan"},{"floor":10,"key":"White Beast Statue"},{"floor":23,"key":"Pantograph"},{"floor":26,"key":"Frozen Egg 2"},{"floor":27,"key":"HornCleat"},{"floor":31,"key":"Omamori"}],"event_choices":[{"damage_healed":0,"gold_gain":0,"player_choice":"Success","damage_taken":5,"relics_obtained":["CaptainsWheel"],"max_hp_gain":0,"max_hp_loss":0,"event_name":"Scrap Ooze","floor":2,"gold_loss":0},{"damage_healed":0,"gold_gain":0,"cards_transformed":["Strike_G"],"player_choice":"Change","damage_taken":0,"max_hp_gain":0,"max_hp_loss":0,"event_name":"Living Wall","floor":3,"gold_loss":0,"cards_obtained":["Tactician"]},{"damage_healed":0,"gold_gain":0,"player_choice":"Entered Light","damage_taken":20,"max_hp_gain":0,"max_hp_loss":0,"event_name":"Shining Light","floor":5,"gold_loss":0,"cards_upgraded":["Strike_G","Survivor"]},{"damage_healed":0,"gold_gain":0,"player_choice":"Simplicity","damage_taken":0,"max_hp_gain":0,"max_hp_loss":0,"event_name":"Back to Basics","floor":19,"gold_loss":0,"cards_upgraded":["Strike_G","Strike_G","Strike_G","Defend_G","Defend_G","Defend_G","Defend_G","Defend_G"]},{"cards_removed":["Strike_G"],"damage_healed":0,"gold_gain":0,"player_choice":"Card Removal","damage_taken":0,"max_hp_gain":0,"max_hp_loss":0,"event_name":"Wheel of Change","floor":20,"gold_loss":0},{"cards_removed":["Strike_G"],"damage_healed":0,"gold_gain":0,"player_choice":"Upgrade and Remove","damage_taken":0,"max_hp_gain":0,"max_hp_loss":0,"event_name":"Designer","floor":36,"gold_loss":110,"cards_upgraded":["Dagger Spray"]}],"is_beta":false,"boss_relics":[{"not_picked":["Ring of the Serpent","Runic Dome"],"picked":"Cursed Key"},{"not_picked":["Philosopher\u0027s Stone","Empty Cage"],"picked":"Astrolabe"}],"items_purged_floors":[],"is_endless":false,"potions_floor_spawned":[1,10,11,13,14,16,18,21,22,23,24,27,29,30,31,33,35,37,39],"killed_by":"Giant Head","ascension_level":19}}