{"host":"3498uni0c31c9bdm","time":1613407881,"event":{"mods":["BaseMod","Better Match","Better Note","Better Sensory Stone","Better Skull","Better Third Choice","Colored Map","Minty Spire (QoL Compilation)","Quick Restart","RNG Fix","Random Character Button","Replay The Spire","Shop Mod","Smile Girya","StSLib","Unceasing Turn Reminder"],"gold_per_floor":[118,135,150,150,150,150,162,188,188,201,201,219,254,13,13,85,85,101,101,183,198,53,53,53,3,3,3,3,23,23,23],"floor_reached":30,"language":"ENG","playtime":1181,"items_purged":["Pain","Regret"],"score":417,"play_id":"22acd777-306b-4ea6-b9cb-5df909020b1b","local_time":"20210216035121","is_ascension_mode":true,"campfire_choices":[{"floor":6,"key":"REST"},{"floor":11,"key":"REST"},{"floor":15,"key":"REST"},{"floor":23,"key":"REST"},{"floor":27,"key":"RECALL"}],"circlet_count":0,"master_deck":["AscendersBane","Strike_P","Strike_P","Strike_P","Strike_P","Defend_P","Defend_P+1","Defend_P+1","Defend_P","Eruption","Vigilance","FlyingSleeves","BattleHymn","SashWhip","TalkToTheHand","Ragnarok","EmptyFist+1","WreathOfFlame","Evaluate","Alpha","CurseOfTheBell","Crescendo","Prostrate","Bandage Up","LikeWater+1"],"relics":["PureWater","Orichalcum","StrikeDummy","Replay:Bottled Snecko","Gremlin Food","Bag of Marbles","Ornamental Fan","Calling Bell","Smiling Mask","Replay:WaspNest","Gambling Chip","WarpedTongs","Shuriken","MutagenicStrength","Gremlin Horn"],"acts_visited":["Exordium","TheCity"],"potions_floor_usage":[8,8,13,21,30],"damage_taken":[{"damage":25,"enemies":"Jaw Worm","floor":1,"turns":6},{"damage":0,"enemies":"Small Slimes","floor":2,"turns":2},{"damage":0,"enemies":"2 Louse","floor":3,"turns":2},{"damage":0,"enemies":"2 Fungi Beasts","floor":7,"turns":2},{"damage":17,"enemies":"Gremlin Nob","floor":8,"turns":4},{"damage":2,"enemies":"Looter","floor":10,"turns":2},{"damage":8,"enemies":"Red Slaver","floor":12,"turns":2},{"damage":13,"enemies":"3 Sentries","floor":13,"turns":5},{"damage":38,"enemies":"Hexaghost","floor":16,"turns":11},{"damage":22,"enemies":"Shell Parasite","floor":18,"turns":4},{"damage":10,"enemies":"3 Byrds","floor":21,"turns":3},{"damage":6,"enemies":"Cultist and Chosen","floor":29,"turns":4},{"damage":47,"enemies":"Gremlin Leader","floor":30,"turns":4}],"seed_played":"6614583000336632240","potions_obtained":[{"floor":1,"key":"Explosive Potion"},{"floor":7,"key":"BottledMiracle"},{"floor":10,"key":"Explosive Potion"},{"floor":16,"key":"SkillPotion"},{"floor":18,"key":"Ancient Potion"},{"floor":21,"key":"SkillPotion"}],"is_trial":false,"path_per_floor":["M","M","M","?","?","R","M","E","T","M","R","M","E","$","R","B",null,"M","?","T","M","$","R","?","$","T","R","?","M","E"],"character_chosen":"WATCHER","items_purchased":["Ornamental Fan","Bandage Up"],"campfire_rested":4,"item_purchase_floors":[14,22],"current_hp_per_floor":[36,36,36,38,38,58,58,41,41,39,59,51,38,38,58,20,56,34,34,34,24,24,44,44,44,44,44,44,42,0,0],"gold":23,"neow_bonus":"RANDOM_COMMON_RELIC","is_daily":false,"chose_seed":false,"campfire_upgraded":0,"win_rate":0.0,"timestamp":1613407881,"path_taken":["M","M","M","?","?","R","?","E","T","M","R","M","E","$","R","BOSS","M","?","?","?","?","R","?","$","T","R","?","M","E"],"items_purchased_type":["Relic","Card"],"build_version":"2020-12-22","purchased_purges":2,"victory":false,"max_hp_per_floor":[68,68,68,68,68,68,68,68,68,68,68,68,68,68,68,68,68,68,68,68,68,68,68,68,68,68,68,68,68,68,68],"card_choices":[{"not_picked":["Replay:Anticipation","Halt"],"picked":"FlyingSleeves","floor":1},{"not_picked":["Replay:Vibes","SashWhip"],"picked":"BattleHymn","floor":2},{"not_picked":["ClearTheMind","PathToVictory"],"picked":"SashWhip","floor":3},{"not_picked":["Pray","ReachHeaven"],"picked":"TalkToTheHand","floor":7},{"not_picked":["CrushJoints","ThirdEye"],"picked":"Ragnarok","floor":8},{"not_picked":["Replay:BluntJabs","InnerPeace"],"picked":"EmptyFist","floor":10},{"not_picked":["Replay:Anticipation","Replay:BluntJabs"],"picked":"WreathOfFlame","floor":12},{"not_picked":["Weave","Replay:AtTheReady"],"picked":"Evaluate","floor":13},{"not_picked":["Vault","Omniscience"],"picked":"Alpha","floor":16},{"not_picked":["WheelKick","Replay:AtTheReady"],"picked":"Crescendo","floor":18},{"not_picked":["CrushJoints","Replay:ManipulateFuture"],"picked":"Prostrate","floor":21},{"not_picked":["JustLucky","PathToVictory"],"picked":"LikeWater+1","floor":29}],"player_experience":912701,"relics_obtained":[{"floor":8,"key":"Replay:Bottled Snecko"},{"floor":9,"key":"Gremlin Food"},{"floor":13,"key":"Bag of Marbles"},{"floor":17,"key":"Smiling Mask"},{"floor":17,"key":"Replay:WaspNest"},{"floor":17,"key":"Gambling Chip"},{"floor":20,"key":"Shuriken"},{"floor":26,"key":"Gremlin Horn"}],"event_choices":[{"damage_healed":2,"gold_gain":0,"player_choice":"LEAVE ","damage_taken":0,"relics_obtained":[],"max_hp_gain":0,"max_hp_loss":0,"event_name":"betterSkull:BetterSkull","floor":4,"gold_loss":0,"cards_upgraded":[]},{"damage_healed":0,"gold_gain":0,"player_choice":"Box","damage_taken":0,"relics_obtained":["StrikeDummy"],"max_hp_gain":0,"max_hp_loss":0,"event_name":"Big Fish","floor":5,"gold_loss":0,"cards_obtained":["Regret"]},{"damage_healed":0,"gold_gain":0,"player_choice":"Rummage","damage_taken":0,"relics_obtained":["WarpedTongs"],"max_hp_gain":0,"max_hp_loss":0,"event_name":"Accursed Blacksmith","floor":19,"gold_loss":0,"cards_obtained":["Pain"]},{"damage_healed":0,"gold_gain":0,"player_choice":"Inject Mutagens","damage_taken":0,"relics_obtained":["MutagenicStrength"],"max_hp_gain":0,"max_hp_loss":0,"event_name":"Drug Dealer","floor":24,"gold_loss":0},{"damage_healed":0,"gold_gain":0,"player_choice":"Ignored","damage_taken":0,"max_hp_gain":0,"max_hp_loss":0,"event_name":"Vampires","floor":28,"gold_loss":0}],"is_beta":false,"boss_relics":[{"not_picked":["Snecko Eye","Philosopher\u0027s Stone"],"picked":"Calling Bell"}],"items_purged_floors":[22,25],"is_endless":false,"potions_floor_spawned":[1,7,10,16,18,21],"killed_by":"Gremlin Leader","ascension_level":15}}