{"host":"nh1tx9wty0m9wedw","time":1613410053,"event":{"mods":["BaseMod","Colored Map","Colored Powertips","Minty Spire (QoL Compilation)"],"gold_per_floor":[114,133,58,76,95,95,112,134,183,194,208,243,318,351,351,351,351],"floor_reached":16,"language":"ENG","playtime":924,"items_purged":["Strike_R"],"score":143,"play_id":"41d4a885-431d-45ee-811c-3267a4aae0c9","local_time":"20210215182733","is_ascension_mode":true,"campfire_choices":[{"data":"Evolve","floor":6,"key":"SMITH"},{"floor":15,"key":"REST"}],"circlet_count":0,"master_deck":["Strike_R","Strike_R","Strike_R","Strike_R","Defend_R","Defend_R","Defend_R","Defend_R","Bash","Anger","Evolve+1","Cleave","Wild Strike","Flame Barrier","Dual Wield","Thunderclap","Iron Wave","Twin Strike","Pommel Strike"],"relics":["Burning Blood","NeowsBlessing","Odd Mushroom","Potion Belt","Eternal Feather","Oddly Smooth Stone"],"acts_visited":["Exordium"],"potions_floor_usage":[8,11,14],"damage_taken":[{"damage":0,"enemies":"Jaw Worm","floor":1,"turns":1},{"damage":0,"enemies":"Small Slimes","floor":2,"turns":1},{"damage":0,"enemies":"2 Louse","floor":4,"turns":1},{"damage":9,"enemies":"Large Slime","floor":5,"turns":6},{"damage":24,"enemies":"Gremlin Gang","floor":7,"turns":4},{"damage":23,"enemies":"The Mushroom Lair","floor":8,"turns":5},{"damage":0,"enemies":"2 Fungi Beasts","floor":10,"turns":4},{"damage":1,"enemies":"Looter","floor":11,"turns":2},{"damage":19,"enemies":"Gremlin Nob","floor":12,"turns":4},{"damage":20,"enemies":"3 Sentries","floor":14,"turns":4},{"damage":51,"enemies":"The Guardian","floor":16,"turns":13}],"seed_played":"6436561545736419165","potions_obtained":[{"floor":5,"key":"FearPotion"},{"floor":7,"key":"Swift Potion"},{"floor":12,"key":"SteroidPotion"}],"is_trial":false,"path_per_floor":["M","M","$","M","M","R","M","?","T","M","M","E","?","E","R","B"],"character_chosen":"IRONCLAD","items_purchased":[],"campfire_rested":1,"item_purchase_floors":[],"current_hp_per_floor":[80,80,80,80,77,77,59,42,42,48,53,40,29,15,48,0,0],"gold":351,"neow_bonus":"THREE_ENEMY_KILL","is_daily":false,"chose_seed":false,"campfire_upgraded":1,"win_rate":0.0,"timestamp":1613410053,"path_taken":["M","M","$","M","M","R","M","?","T","M","M","E","?","E","R","BOSS"],"items_purchased_type":[],"build_version":"2020-12-22","purchased_purges":1,"victory":false,"max_hp_per_floor":[80,80,80,80,80,80,80,80,80,80,80,80,80,80,80,80,80],"card_choices":[{"not_picked":["Body Slam","Flex"],"picked":"Anger","floor":1},{"not_picked":["Searing Blow","Headbutt"],"picked":"Evolve","floor":2},{"not_picked":["Entrench","Heavy Blade"],"picked":"Cleave","floor":4},{"not_picked":["Searing Blow","Cleave"],"picked":"Wild Strike","floor":5},{"not_picked":["Havoc","Perfected Strike"],"picked":"Flame Barrier","floor":7},{"not_picked":["Anger","Hemokinesis"],"picked":"Dual Wield","floor":8},{"not_picked":["Evolve","Dropkick"],"picked":"Thunderclap","floor":10},{"not_picked":["Offering","Twin Strike"],"picked":"Iron Wave","floor":11},{"not_picked":["Anger","Combust"],"picked":"Twin Strike","floor":12},{"not_picked":["Perfected Strike","Sever Soul"],"picked":"Pommel Strike","floor":14}],"player_experience":602550,"relics_obtained":[{"floor":8,"key":"Odd Mushroom"},{"floor":9,"key":"Potion Belt"},{"floor":12,"key":"Eternal Feather"},{"floor":14,"key":"Oddly Smooth Stone"}],"event_choices":[{"damage_healed":0,"gold_gain":0,"player_choice":"Fought Mushrooms","damage_taken":0,"max_hp_gain":0,"max_hp_loss":0,"event_name":"Mushrooms","floor":8,"gold_loss":0},{"damage_healed":0,"gold_gain":75,"player_choice":"Gather Gold","damage_taken":11,"max_hp_gain":0,"max_hp_loss":0,"event_name":"World of Goop","floor":13,"gold_loss":0}],"is_beta":false,"boss_relics":[],"items_purged_floors":[3],"is_endless":false,"potions_floor_spawned":[5,7,12],"killed_by":"The Guardian","ascension_level":5}}