{"host":"rolltorest","time":1613374234,"event":{"mods":["BaseMod","Minty Spire (QoL Compilation)","Relic Stats","Slay the Relics Exporter","StSLib"],"gold_per_floor":[116,134,99,115,1,26,26,65,77,89,131,161,173,202,214,303,315,342,129,144,33,48,48,83,83,83,83,113,125,125,28,28,105,105,116,6,17,17,37,67,78,78,105,116,135,135,135],"floor_reached":46,"language":"ENG","playtime":1495,"items_purged":["Strike_P","Strike_P"],"score":1070,"play_id":"2e84cced-64a6-461e-bee0-e28008545af0","local_time":"20210214233034","is_ascension_mode":true,"campfire_choices":[{"floor":10,"key":"REST"},{"data":"Vigilance","floor":13,"key":"SMITH"},{"data":"Conclude","floor":15,"key":"SMITH"},{"data":"WheelKick","floor":23,"key":"SMITH"},{"floor":25,"key":"REST"},{"floor":30,"key":"REST"},{"data":"Omniscience","floor":32,"key":"SMITH"},{"data":"Eruption","floor":42,"key":"SMITH"}],"circlet_count":0,"master_deck":["AscendersBane","Strike_P","Defend_P","Defend_P","Defend_P","Defend_P","Eruption+1","Vigilance+1","Crescendo+1","FlyingSleeves","CutThroughFate","Conclude+1","WheelKick+1","InnerPeace","WheelKick","FlurryOfBlows","BowlingBash","Omniscience+1","FlurryOfBlows","Wireheading","Indignation","WaveOfTheHand","EmptyFist","Prostrate","Adaptation","Tantrum","Worship","Wireheading","ThirdEye","Scrawl","Halt","Prostrate+1","Halt","Parasite"],"relics":["Black Star","Darkstone Periapt","Torii","MawBank","Happy Flower","Sundial","InkBottle","Yang","Smiling Mask","Runic Dome","Damaru","Strawberry","Eternal Feather","Shuriken","Regal Pillow","Sozu","Bottled Flame","Pen Nib"],"acts_visited":["Exordium","TheCity","TheBeyond"],"potions_floor_usage":[6,16,18,24,24,28,29,33],"damage_taken":[{"damage":2,"enemies":"Jaw Worm","floor":1,"turns":4},{"damage":9,"enemies":"Cultist","floor":2,"turns":5},{"damage":3,"enemies":"2 Louse","floor":4,"turns":3},{"damage":37,"enemies":"3 Sentries","floor":6,"turns":7},{"damage":26,"enemies":"Gremlin Nob","floor":8,"turns":3},{"damage":7,"enemies":"3 Sentries","floor":11,"turns":3},{"damage":1,"enemies":"Lots of Slimes","floor":12,"turns":3},{"damage":0,"enemies":"Large Slime","floor":14,"turns":2},{"damage":8,"enemies":"Hexaghost","floor":16,"turns":7},{"damage":0,"enemies":"Chosen","floor":18,"turns":2},{"damage":3,"enemies":"3 Byrds","floor":20,"turns":3},{"damage":12,"enemies":"Sentry and Sphere","floor":22,"turns":4},{"damage":16,"enemies":"Slavers","floor":24,"turns":3},{"damage":47,"enemies":"Book of Stabbing","floor":28,"turns":6},{"damage":1,"enemies":"Chosen and Byrds","floor":29,"turns":4},{"damage":37,"enemies":"Collector","floor":33,"turns":6},{"damage":0,"enemies":"3 Shapes","floor":35,"turns":3},{"damage":0,"enemies":"Orb Walker","floor":37,"turns":2},{"damage":0,"enemies":"3 Darklings","floor":39,"turns":2},{"damage":8,"enemies":"Nemesis","floor":40,"turns":3},{"damage":0,"enemies":"Maw","floor":41,"turns":3},{"damage":1,"enemies":"Writhing Mass","floor":44,"turns":4},{"damage":0,"enemies":"Sphere and 2 Shapes","floor":45,"turns":3},{"damage":80,"enemies":"Reptomancer","floor":46,"turns":3}],"seed_played":"-1651322283928421654","potions_obtained":[{"floor":1,"key":"EssenceOfSteel"},{"floor":12,"key":"SteroidPotion"},{"floor":14,"key":"ColorlessPotion"},{"floor":16,"key":"AttackPotion"},{"floor":24,"key":"AttackPotion"},{"floor":28,"key":"DistilledChaos"},{"floor":29,"key":"Weak Potion"}],"is_trial":false,"path_per_floor":["M","M","?","M","$","E","T","E","T","R","E","M","R","M","R","B",null,"M","$","M","$","M","R","E","R","T","?","E","M","R","$","R","B",null,"M","?","M","$","M","E","M","R","T","M","M","E"],"character_chosen":"WATCHER","items_purchased":["Conclude","Wireheading","LiquidMemories","WaveOfTheHand","EmptyFist","Wireheading","ThirdEye"],"campfire_rested":3,"item_purchase_floors":[5,19,19,21,21,31,31],"current_hp_per_floor":[59,50,67,64,64,27,27,1,1,21,14,13,13,13,13,5,52,52,52,49,49,37,37,28,50,50,50,3,2,54,54,72,35,65,65,65,65,65,65,57,57,75,75,80,80,0,0],"gold":135,"neow_bonus":"BOSS_RELIC","is_daily":false,"chose_seed":false,"campfire_upgraded":5,"win_rate":0.0,"timestamp":1613374234,"path_taken":["M","M","?","M","$","E","?","E","T","R","E","?","R","M","R","BOSS","M","$","M","?","M","R","E","R","T","?","E","M","R","$","R","BOSS","M","?","M","$","M","E","M","R","T","M","?","E"],"items_purchased_type":["Card","Card","Potion","Card","Card","Card","Card"],"build_version":"2020-12-18","purchased_purges":2,"victory":false,"max_hp_per_floor":[68,68,68,68,68,68,68,68,68,68,68,68,68,68,68,68,68,68,68,68,68,68,68,75,75,75,75,75,75,75,75,75,75,75,75,75,75,75,75,75,75,75,75,81,81,81,81],"relic_stats":{"Darkstone Periapt":6,"Regal Pillow":15,"Torii":36,"Happy Flower":[22],"counters":[24,88],"Yang":[218],"Eternal Feather":51,"Pen Nib":[5],"MawBank":144,"Smiling Mask":50,"Sozu":2,"Sundial":[6],"Shuriken":[30],"Black Star":6,"obtain_stats":[{"Darkstone Periapt":6,"Regal Pillow":28,"Torii":6,"Happy Flower":8,"Damaru":24,"Yang":11,"Eternal Feather":26,"Pen Nib":40,"MawBank":7,"Smiling Mask":11,"Sozu":34,"Runic Dome":17,"Bottled Flame":40,"Sundial":8,"Shuriken":28,"Strawberry":24,"Black Star":0,"PureWater":0,"InkBottle":9},{"Darkstone Periapt":4,"Regal Pillow":14,"Torii":4,"Happy Flower":5,"Damaru":13,"Yang":6,"Eternal Feather":13,"Pen Nib":20,"MawBank":4,"Smiling Mask":6,"Sozu":16,"Runic Dome":9,"Bottled Flame":20,"Sundial":5,"Shuriken":14,"Strawberry":13,"Black Star":0,"PureWater":0,"InkBottle":5},{"Darkstone Periapt":19,"Regal Pillow":55,"Torii":19,"Happy Flower":22,"Damaru":49,"Yang":25,"Eternal Feather":49,"Pen Nib":75,"MawBank":19,"Smiling Mask":25,"Sozu":65,"Runic Dome":37,"Bottled Flame":75,"Sundial":22,"Shuriken":55,"Strawberry":49,"Black Star":0,"PureWater":0,"InkBottle":22}],"InkBottle":[35]},"card_choices":[{"not_picked":["Vengeance","WaveOfTheHand"],"picked":"Crescendo","floor":1},{"not_picked":["Protect","JustLucky"],"picked":"FlyingSleeves","floor":2},{"not_picked":["FlyingSleeves","Omniscience"],"picked":"CutThroughFate","floor":4},{"not_picked":["Evaluate","WindmillStrike"],"picked":"WheelKick","floor":6},{"not_picked":["Protect","WreathOfFlame"],"picked":"InnerPeace","floor":8},{"not_picked":["Perseverance","EmptyMind"],"picked":"WheelKick","floor":11},{"not_picked":["CrushJoints","ThirdEye"],"picked":"FlurryOfBlows","floor":12},{"not_picked":["ClearTheMind","Swivel"],"picked":"BowlingBash","floor":14},{"not_picked":["Judgement","Brilliance"],"picked":"Omniscience","floor":16},{"not_picked":["Prostrate","SashWhip"],"picked":"FlurryOfBlows","floor":18},{"not_picked":["WindmillStrike","FlyingSleeves"],"picked":"Indignation","floor":20},{"not_picked":["CrushJoints","SashWhip","WreathOfFlame"],"picked":"SKIP","floor":22},{"not_picked":["DeceiveReality","Crescendo"],"picked":"Prostrate","floor":24},{"not_picked":["Evaluate+1","SignatureMove"],"picked":"Tantrum","floor":28},{"not_picked":["BowlingBash","Alpha"],"picked":"Worship","floor":29},{"not_picked":["MasterReality","Brilliance"],"picked":"Scrawl","floor":33},{"not_picked":["Vengeance","Protect"],"picked":"Halt","floor":35},{"not_picked":["FlurryOfBlows","DeceiveReality","ClearTheMind"],"picked":"SKIP","floor":37},{"not_picked":["ConjureBlade","BattleHymn","WindmillStrike"],"picked":"SKIP","floor":39},{"not_picked":["FlurryOfBlows","EmptyBody"],"picked":"Prostrate+1","floor":40},{"not_picked":["FlyingSleeves","EmptyMind"],"picked":"Halt","floor":41},{"not_picked":["FlurryOfBlows","Study","FlyingSleeves"],"picked":"SKIP","floor":44},{"not_picked":["EmptyFist","Blasphemy","BowlingBash"],"picked":"SKIP","floor":45}],"player_experience":1989812,"relics_obtained":[{"floor":6,"key":"Darkstone Periapt"},{"floor":6,"key":"Torii"},{"floor":7,"key":"MawBank"},{"floor":8,"key":"Happy Flower"},{"floor":8,"key":"Sundial"},{"floor":9,"key":"InkBottle"},{"floor":11,"key":"Yang"},{"floor":11,"key":"Smiling Mask"},{"floor":24,"key":"Damaru"},{"floor":24,"key":"Strawberry"},{"floor":26,"key":"Eternal Feather"},{"floor":28,"key":"Shuriken"},{"floor":28,"key":"Regal Pillow"},{"floor":40,"key":"Bottled Flame"},{"floor":40,"key":"Pen Nib"}],"event_choices":[{"damage_healed":17,"gold_gain":0,"player_choice":"Healed","damage_taken":0,"max_hp_gain":0,"max_hp_loss":0,"event_name":"The Cleric","floor":3,"gold_loss":35},{"damage_healed":0,"gold_gain":0,"player_choice":"Read","damage_taken":0,"max_hp_gain":0,"max_hp_loss":0,"event_name":"The Library","floor":27,"gold_loss":0,"cards_obtained":["Adaptation"]},{"cards_removed":["Strike_P"],"damage_healed":0,"gold_gain":0,"player_choice":"Upgrade and Remove","damage_taken":0,"max_hp_gain":0,"max_hp_loss":0,"event_name":"Designer","floor":36,"gold_loss":110,"cards_upgraded":["Crescendo"]}],"is_beta":true,"boss_relics":[{"not_picked":["Calling Bell","SacredBark"],"picked":"Runic Dome"},{"not_picked":["Astrolabe","Busted Crown"],"picked":"Sozu"}],"items_purged_floors":[5,19],"is_endless":false,"potions_floor_spawned":[1,12,14,16,22,24,28,29,44,45],"killed_by":"Reptomancer","ascension_level":20}}