{"host":"h0xw20cia6ppa69g","time":1613382533,"event":{"mods":["AchievementEnabler","BaseMod","Colored Map","Filter the Spire","Googly Eyes","Minty Spire (QoL Compilation)","Relic Stats","StSLib","The Awakened One except there are too many feathers","everything is the same but u backflip on backflip"],"gold_per_floor":[118,137,137,137,59,99,99,138,138,171,17,42,73,91,91,210,210,241,253,265,292,319,331,378,409,476,28,68,104,145,170,170,300,300,325,658,638,657,669,697,726,754,754,754,783,803,833,833,833,833,833,833,36,61,61],"floor_reached":56,"language":"ENG","playtime":3706,"items_purged":[],"score":1641,"play_id":"eb97f8f9-4a93-4c99-a16e-dcf85251b97d","local_time":"20210215034853","is_ascension_mode":true,"campfire_choices":[{"floor":7.0,"key":"REST"},{"data":"Consume","floor":15.0,"key":"SMITH"},{"data":"Defragment","floor":23.0,"key":"SMITH"},{"data":"Amplify","floor":32.0,"key":"SMITH"},{"floor":44,"key":"RECALL"},{"data":"Hologram","floor":49,"key":"SMITH"},{"data":"Buffer","floor":52,"key":"SMITH"}],"circlet_count":0,"master_deck":["Dualcast","Ball Lightning","Barrage","Compile Driver","Reboot","Rainbow","White Noise","Capacitor","Consume+1","Capacitor","Conserve Battery","Rainbow","Capacitor","Leap","Defragment+1","Cold Snap","Electrodynamics","CurseOfTheBell","Conserve Battery","Electrodynamics","Melter","Fusion+1","Coolheaded","BootSequence+1","Consume+1","Turbo+1","Amplify+1","Core Surge","Turbo+1","Hologram+1","Turbo+1","Buffer+1","Glacier+1","Chaos+1","Leap+1","Glacier+1","Defragment","Fission+1"],"relics":["Pandora\u0027s Box","Bag of Preparation","Mango","Ancient Tea Set","Blue Candle","Bird Faced Urn","ClockworkSouvenir","Torii","Calling Bell","MawBank","Mercury Hourglass","CaptainsWheel","Gremlin Horn","Lantern","DataDisk","DollysMirror","Happy Flower","Matryoshka","Red Mask","Art of War","Inserter","WingedGreaves","Gambling Chip","Akabeko","Darkstone Periapt","Toxic Egg 2","Pantograph","Nunchaku","Lee\u0027s Waffle","StoneCalendar","War Paint"],"acts_visited":["Exordium","TheCity","TheBeyond","TheEnding"],"potions_floor_usage":[55,55,55,55,55],"damage_taken":[{"damage":5.0,"enemies":"2 Louse","floor":1.0,"turns":2.0},{"damage":11.0,"enemies":"Jaw Worm","floor":2.0,"turns":3.0},{"damage":35.0,"enemies":"3 Sentries","floor":6.0,"turns":6.0},{"damage":17.0,"enemies":"Lagavulin","floor":8.0,"turns":6.0},{"damage":12.0,"enemies":"Gremlin Nob","floor":10.0,"turns":3.0},{"damage":6.0,"enemies":"Cultist","floor":12.0,"turns":3.0},{"damage":3.0,"enemies":"Lagavulin","floor":13.0,"turns":6.0},{"damage":16.0,"enemies":"Large Slime","floor":14.0,"turns":7.0},{"damage":0.0,"enemies":"Slime Boss","floor":16.0,"turns":6.0},{"damage":1.0,"enemies":"Spheric Guardian","floor":18.0,"turns":5.0},{"damage":18.0,"enemies":"Chosen","floor":21.0,"turns":7.0},{"damage":26.0,"enemies":"Shelled Parasite and Fungi","floor":22.0,"turns":7.0},{"damage":7.0,"enemies":"Gremlin Leader","floor":24.0,"turns":5.0},{"damage":17.0,"enemies":"Snecko","floor":25.0,"turns":7.0},{"damage":34.0,"enemies":"Slavers","floor":28.0,"turns":9.0},{"damage":10.0,"enemies":"Masked Bandits","floor":29.0,"turns":4.0},{"damage":0.0,"enemies":"Gremlin Leader","floor":30.0,"turns":5.0},{"damage":1.0,"enemies":"Centurion and Healer","floor":31.0,"turns":30.0},{"damage":27.0,"enemies":"Collector","floor":33.0,"turns":8.0},{"damage":2.0,"enemies":"3 Shapes","floor":35.0,"turns":5.0},{"damage":0.0,"enemies":"Orb Walker","floor":38.0,"turns":4.0},{"damage":31.0,"enemies":"Jaw Worm Horde","floor":39.0,"turns":3.0},{"damage":1.0,"enemies":"Giant Head","floor":40.0,"turns":8.0},{"damage":32.0,"enemies":"Reptomancer","floor":41.0,"turns":7.0},{"damage":1.0,"enemies":"Nemesis","floor":42.0,"turns":7.0},{"damage":36,"enemies":"Reptomancer","floor":45,"turns":5},{"damage":20,"enemies":"Writhing Mass","floor":46,"turns":7},{"damage":2,"enemies":"Giant Head","floor":47,"turns":12},{"damage":38,"enemies":"Donu and Deca","floor":50,"turns":8},{"damage":0,"enemies":"Shield and Spear","floor":54,"turns":7},{"damage":11,"enemies":"The Heart","floor":55,"turns":9}],"seed_played":"348160015163346615","potions_obtained":[{"floor":1.0,"key":"Strength Potion"},{"floor":6.0,"key":"LiquidBronze"},{"floor":12.0,"key":"FocusPotion"},{"floor":22.0,"key":"Block Potion"},{"floor":25.0,"key":"Swift Potion"},{"floor":30.0,"key":"SneckoOil"},{"floor":31.0,"key":"Weak Potion"},{"floor":41.0,"key":"SteroidPotion"},{"floor":45,"key":"PotionOfCapacity"},{"floor":46,"key":"Regen Potion"}],"is_trial":false,"path_per_floor":["M","M","?","T","$","E","R","E","T","E","$","M","E","M","R","B",null,"M","?","?","M","M","R","E","M","T","$","E","?","E","M","R","B",null,"M","?","?","M","M","E","E","E","T","R","E","M","E","?","R","B",null,"R","$","E","B",null],"character_chosen":"DEFECT","items_purchased":["Capacitor","ClockworkSouvenir","DataDisk","DollysMirror","Happy Flower","Glacier+1","Nunchaku","EntropicBrew","Defragment","Lee\u0027s Waffle","StoneCalendar"],"campfire_rested":1,"item_purchase_floors":[5,11,27,27,27,53,53,53,53,53,53],"current_hp_per_floor":[70,59,41,41,41,20,46,29,29,17,17,19,24,18,18,26,89,89,72,72,66,52,52,57,52,52,52,34,36,52,75,75,58,94,94,94,94,94,68,85,67,80,80,80,60,58,74,74,74,64,94,94,101,101,97],"gold":61,"neow_bonus":"BOSS_RELIC","is_daily":false,"chose_seed":false,"campfire_upgraded":5,"win_rate":0.0,"timestamp":1613382533,"path_taken":["M","M","?","?","$","E","R","E","T","E","$","?","E","M","R","BOSS","M","?","?","M","M","R","E","M","T","$","E","?","E","M","R","BOSS","M","?","?","?","M","E","E","E","T","R","E","M","E","?","R","BOSS","R","$","E","BOSS"],"items_purchased_type":["Card","Relic","Relic","Relic","Relic","Card","Relic","Potion","Card","Relic","Relic"],"build_version":"2020-12-22","purchased_purges":0,"victory":true,"max_hp_per_floor":[75,75,75,75,75,89,89,89,89,89,89,89,89,89,89,89,89,89,94,94,94,94,94,94,94,94,94,94,94,94,94,94,94,94,94,94,94,94,94,94,94,94,94,94,94,94,94,94,94,94,94,94,101,101,101],"relic_stats":{"Darkstone Periapt":0,"Lee\u0027s Waffle":7,"Inserter":[34],"Torii":28,"Gremlin Horn":[26,26],"Happy Flower":[46],"counters":[31,208],"Blue Candle":[16],"StoneCalendar":[69],"Bag of Preparation":[58],"War Paint":["Turbo","Glacier"],"MawBank":120,"Mercury Hourglass":[665],"Nunchaku":[1],"Bird Faced Urn":[281],"Gambling Chip":[13],"Pantograph":20,"Pandora\u0027s Box":["Ball Lightning","Barrage","Lockon","Compile Driver","Gash","Reboot","Rainbow","White Noise"],"Art of War":[46],"obtain_stats":[{"Darkstone Periapt":43,"Lantern":26,"Torii":13,"Gremlin Horn":24,"Mango":6,"StoneCalendar":53,"Bag of Preparation":4,"Ancient Tea Set":8,"ClockworkSouvenir":11,"Nunchaku":53,"Matryoshka":28,"DollysMirror":27,"Gambling Chip":41,"Pantograph":47,"WingedGreaves":40,"Red Mask":29,"Toxic Egg 2":45,"Cracked Core":0,"Lee\u0027s Waffle":53,"Inserter":34,"Happy Flower":27,"Golden Idol":3,"Blue Candle":9,"War Paint":54,"MawBank":17,"Akabeko":42,"Mercury Hourglass":17,"Calling Bell":17,"CaptainsWheel":17,"DataDisk":27,"Bird Faced Urn":10,"Pandora\u0027s Box":0,"Art of War":30},{"Darkstone Periapt":25,"Lantern":14,"Torii":7,"Gremlin Horn":13,"Mango":3,"StoneCalendar":29,"Bag of Preparation":2,"Ancient Tea Set":4,"ClockworkSouvenir":5,"Nunchaku":29,"Matryoshka":15,"DollysMirror":14,"Gambling Chip":24,"Pantograph":28,"WingedGreaves":23,"Red Mask":16,"Toxic Egg 2":26,"Cracked Core":0,"Lee\u0027s Waffle":29,"Inserter":19,"Happy Flower":14,"Golden Idol":2,"Blue Candle":4,"War Paint":30,"MawBank":9,"Akabeko":25,"Mercury Hourglass":9,"Calling Bell":9,"CaptainsWheel":9,"DataDisk":14,"Bird Faced Urn":5,"Pandora\u0027s Box":0,"Art of War":17},{"Darkstone Periapt":160,"Lantern":73,"Torii":29,"Gremlin Horn":66,"Mango":11,"StoneCalendar":192,"Bag of Preparation":5,"Ancient Tea Set":17,"ClockworkSouvenir":20,"Nunchaku":192,"Matryoshka":82,"DollysMirror":73,"Gambling Chip":153,"Pantograph":184,"WingedGreaves":147,"Red Mask":86,"Toxic Egg 2":165,"Cracked Core":0,"Lee\u0027s Waffle":192,"Inserter":129,"Happy Flower":73,"Golden Idol":5,"Blue Candle":17,"War Paint":199,"MawBank":42,"Akabeko":160,"Mercury Hourglass":42,"Calling Bell":42,"CaptainsWheel":42,"DataDisk":73,"Bird Faced Urn":20,"Pandora\u0027s Box":0,"Art of War":91}]},"card_choices":[{"not_picked":["Cold Snap","Steam"],"picked":"Capacitor","floor":1.0},{"not_picked":["Hologram","Steam"],"picked":"Consume","floor":2.0},{"not_picked":["Reprogram","Loop"],"picked":"Conserve Battery","floor":6.0},{"not_picked":["Recycle","Doom and Gloom"],"picked":"Rainbow","floor":8.0},{"not_picked":["Fusion","Cold Snap"],"picked":"Capacitor","floor":10.0},{"not_picked":["Doom and Gloom","Double Energy"],"picked":"Leap","floor":12.0},{"not_picked":["Heatsinks","Genetic Algorithm"],"picked":"Defragment","floor":13.0},{"not_picked":["Leap","BootSequence"],"picked":"Cold Snap","floor":14.0},{"not_picked":["Meteor Strike","Multi-Cast"],"picked":"Electrodynamics","floor":16.0},{"not_picked":["Lockon","Rebound"],"picked":"Conserve Battery","floor":18.0},{"not_picked":["Sunder","Hologram","Steam"],"picked":"SKIP","floor":21.0},{"not_picked":["Storm+1","Recycle"],"picked":"Fusion+1","floor":22.0},{"not_picked":["Undo","Sunder"],"picked":"Coolheaded","floor":24.0},{"not_picked":["Beam Cell","Streamline"],"picked":"BootSequence+1","floor":25.0},{"not_picked":["Consume+1","Undo+1"],"picked":"Turbo+1","floor":28.0},{"not_picked":["Self Repair+1","Rebound+1"],"picked":"Amplify","floor":29.0},{"not_picked":["Reprogram","Coolheaded","All For One"],"picked":"SKIP","floor":30.0},{"not_picked":["Conserve Battery","Go for the Eyes","FTL"],"picked":"SKIP","floor":31.0},{"not_picked":["Seek","All For One"],"picked":"Core Surge","floor":33.0},{"not_picked":["Stack","Defragment"],"picked":"Turbo","floor":35.0},{"not_picked":["Rip and Tear","Stack"],"picked":"Hologram","floor":38.0},{"not_picked":["Cold Snap","Conserve Battery"],"picked":"Turbo+1","floor":39.0},{"not_picked":["Genetic Algorithm","Steam Power+1"],"picked":"Buffer","floor":40.0},{"not_picked":["Double Energy","Blizzard+1","White Noise"],"picked":"SKIP","floor":41.0},{"not_picked":["Ball Lightning+1","White Noise"],"picked":"Glacier","floor":42.0},{"not_picked":["Gash+1","Machine Learning"],"picked":"Chaos+1","floor":45},{"not_picked":["Compile Driver","Sweeping Beam+1","Beam Cell+1"],"picked":"SKIP","floor":46},{"not_picked":["Fusion+1","Genetic Algorithm+1"],"picked":"Leap+1","floor":47},{"not_picked":["Redo+1","Stack+1"],"picked":"Fission+1","floor":54}],"player_experience":3864952,"relics_obtained":[{"floor":4.0,"key":"Bag of Preparation"},{"floor":6.0,"key":"Mango"},{"floor":8.0,"key":"Ancient Tea Set"},{"floor":9.0,"key":"Blue Candle"},{"floor":10.0,"key":"Bird Faced Urn"},{"floor":13.0,"key":"Torii"},{"floor":17.0,"key":"MawBank"},{"floor":17.0,"key":"Mercury Hourglass"},{"floor":17.0,"key":"CaptainsWheel"},{"floor":24.0,"key":"Gremlin Horn"},{"floor":26.0,"key":"Lantern"},{"floor":28.0,"key":"Matryoshka"},{"floor":29.0,"key":"Red Mask"},{"floor":30.0,"key":"Art of War"},{"floor":40.0,"key":"WingedGreaves"},{"floor":41.0,"key":"Gambling Chip"},{"floor":42.0,"key":"Akabeko"},{"floor":43,"key":"Darkstone Periapt"},{"floor":45,"key":"Toxic Egg 2"},{"floor":47,"key":"Pantograph"},{"floor":54,"key":"War Paint"}],"event_choices":[{"damage_healed":0.0,"max_hp_gain":0.0,"max_hp_loss":0.0,"gold_gain":0.0,"event_name":"Golden Idol","player_choice":"Take Damage","floor":3.0,"gold_loss":0.0,"damage_taken":18.0,"relics_obtained":["Golden Idol"]},{"damage_healed":0.0,"max_hp_gain":5.0,"max_hp_loss":0.0,"gold_gain":0.0,"event_name":"Forgotten Altar","player_choice":"Shed Blood","floor":19.0,"gold_loss":0.0,"damage_taken":22.0},{"damage_healed":0.0,"max_hp_gain":0.0,"max_hp_loss":0.0,"gold_gain":0.0,"cards_transformed":["Zap","Gash"],"event_name":"Drug Dealer","player_choice":"Became Test Subject","floor":20.0,"gold_loss":0.0,"damage_taken":0.0,"cards_obtained":["Electrodynamics","Melter"]},{"damage_healed":0.0,"max_hp_gain":0.0,"max_hp_loss":0.0,"gold_gain":0.0,"event_name":"Masked Bandits","player_choice":"Fought Bandits","floor":29.0,"gold_loss":0.0,"damage_taken":0.0},{"damage_healed":0.0,"max_hp_gain":0.0,"max_hp_loss":0.0,"gold_gain":333.0,"event_name":"The Moai Head","player_choice":"Gave Idol","floor":36.0,"relics_lost":["Golden Idol"],"gold_loss":0.0,"damage_taken":0.0},{"damage_healed":0.0,"max_hp_gain":0.0,"max_hp_loss":0.0,"gold_gain":0.0,"event_name":"The Woman in Blue","player_choice":"Bought 1 Potion","floor":37.0,"gold_loss":0.0,"damage_taken":0.0},{"cards_removed":["Lockon"],"damage_healed":0,"gold_gain":0,"player_choice":"Removed Attack","damage_taken":0,"max_hp_gain":0,"max_hp_loss":0,"event_name":"Falling","floor":48,"gold_loss":0}],"is_beta":false,"boss_relics":[{"not_picked":["Ectoplasm","Philosopher\u0027s Stone"],"picked":"Calling Bell"},{"not_picked":["Sozu","Runic Dome"],"picked":"Inserter"}],"items_purged_floors":[],"is_endless":false,"potions_floor_spawned":[1,6,12,13,16,18,22,25,30,31,33,35,38,41,45,46],"ascension_level":1}}