{"host":"uu4d5a1dg638aknc","time":1613403428,"event":{"mods":["Act Like it!","BaseMod","Minty Spire (QoL Compilation)","Quick Restart","Rare Cards Sparkle","Relic Stats","StSLib","Waifu the Spire","Youmu£®ªÍ∆«—˝√Œ£©","Yuyuko"],"gold_per_floor":[119,119,139,214,214,214,239,255,309,309,80,30,30,48,48,153,153,169,186,86,100,115,115,127,127,181,181,56,66,66,0,0,95,95,107,107,122,122,135,135,149,149,225,243,243,243,243],"floor_reached":46,"language":"ZHS","playtime":1227,"items_purged":["Strike_B","Strike_B","Storm"],"score":441,"play_id":"3603b92c-f8a2-496d-9184-7dceb2179745","local_time":"20210215233708","is_ascension_mode":true,"campfire_choices":[{"data":"Zap","floor":6.0,"key":"SMITH"},{"floor":10.0,"key":"REST"},{"floor":13.0,"key":"REST"},{"floor":15.0,"key":"REST"},{"data":"Defragment","floor":23.0,"key":"SMITH"},{"data":"Defragment","floor":25.0,"key":"SMITH"},{"data":"Redo","floor":27.0,"key":"SMITH"},{"floor":32.0,"key":"REST"},{"data":"Echo Form","floor":40,"key":"SMITH"},{"floor":42,"key":"REST"}],"circlet_count":0,"master_deck":["Strike_B","Strike_B","Defend_B","Defend_B","Zap+1","Dualcast","Genetic Algorithm","Defragment+1","Ball Lightning","Static Discharge","Rainbow","Redo+1","Defragment+1","Capacitor","Echo Form+1","Redo+1"],"relics":["Cracked Core","Vajra","Toy Ornithopter","Anchor","Bronze Scales","Dream Catcher","Nuclear Battery","MealTicket","SacredBark","Molten Egg 2"],"acts_visited":["Exordium","TheCity","TheBeyond"],"potions_floor_usage":[39,41,41,44],"damage_taken":[{"damage":6.0,"enemies":"Jaw Worm","floor":1.0,"turns":3.0},{"damage":0.0,"enemies":"Cultist","floor":3.0,"turns":4.0},{"damage":43.0,"enemies":"Gremlin Nob","floor":7.0,"turns":4.0},{"damage":0.0,"enemies":"2 Louse","floor":8.0,"turns":3.0},{"damage":13.0,"enemies":"2 Fungi Beasts","floor":14.0,"turns":3.0},{"damage":30.0,"enemies":"Slime Boss","floor":16.0,"turns":6.0},{"damage":7.0,"enemies":"Shell Parasite","floor":18.0,"turns":4.0},{"damage":0.0,"enemies":"Chosen","floor":19.0,"turns":3.0},{"damage":22.0,"enemies":"3 Cultists","floor":21.0,"turns":4.0},{"damage":30.0,"enemies":"Centurion and Healer","floor":22.0,"turns":8.0},{"damage":3.0,"enemies":"Snake Plant","floor":24.0,"turns":3.0},{"damage":0.0,"enemies":"Snecko","floor":29.0,"turns":5.0},{"damage":44.0,"enemies":"Champ","floor":33.0,"turns":8.0},{"damage":36,"enemies":"3 Darklings","floor":35,"turns":5},{"damage":7,"enemies":"Orb Walker","floor":37,"turns":3},{"damage":51,"enemies":"Jaw Worm Horde","floor":39,"turns":6},{"damage":0,"enemies":"4 Shapes","floor":41,"turns":4},{"damage":10,"enemies":"Sphere and 2 Shapes","floor":44,"turns":4},{"damage":59,"enemies":"Spire Growth","floor":46,"turns":4}],"seed_played":"-6859611457843779815","potions_obtained":[{"floor":1.0,"key":"Explosive Potion"},{"floor":7.0,"key":"Strength Potion"},{"floor":19.0,"key":"ColorlessPotion"},{"floor":21.0,"key":"Block Potion"},{"floor":29.0,"key":"SpeedPotion"},{"floor":33.0,"key":"GamblersBrew"},{"floor":37,"key":"Explosive Potion"},{"floor":41,"key":"Block Potion"}],"is_trial":false,"path_per_floor":["M","?","M","?","?","R","E","M","T","R","$","?","R","M","R","B",null,"M","M","$","M","M","R","M","R","T","R","$","M","?","?","R","B",null,"M","$","M","$","M","R","M","R","T","M","?","M"],"character_chosen":"DEFECT","items_purchased":["Dream Catcher"],"campfire_rested":5,"item_purchase_floors":[11],"current_hp_per_floor":[69,69,69,58,58,58,15,15,15,37,37,37,59,46,68,43,75,68,68,68,51,21,21,23,23,23,23,38,38,38,38,60,16,75,39,54,47,62,16,16,26,48,48,43,43,0,0],"gold":243,"neow_bonus":"RANDOM_COMMON_RELIC","is_daily":false,"chose_seed":false,"campfire_upgraded":5,"win_rate":0.0,"timestamp":1613403428,"path_taken":["M","?","?","?","?","R","E","?","T","R","$","?","R","M","R","BOSS","M","M","$","M","M","R","M","R","T","R","$","M","?","?","R","BOSS","M","$","M","$","M","R","M","R","T","M","?","M"],"items_purchased_type":["Relic"],"build_version":"2020-12-22","purchased_purges":3,"victory":false,"max_hp_per_floor":[75,75,75,75,75,75,75,75,75,75,75,75,75,75,75,75,75,75,75,75,75,75,75,75,75,75,75,75,75,75,75,75,75,75,75,75,75,75,75,75,75,75,75,75,75,75,75],"relic_stats":{"Dream Catcher":4,"counters":[19,84],"Bronze Scales":[159],"MealTicket":45,"obtain_stats":[{"Anchor":7,"Dream Catcher":11,"Bronze Scales":9,"SacredBark":34,"Vajra":0,"MealTicket":26,"Molten Egg 2":43,"Cracked Core":0,"Toy Ornithopter":2,"Nuclear Battery":17},{"Anchor":3,"Dream Catcher":4,"Bronze Scales":4,"SacredBark":13,"Vajra":0,"MealTicket":11,"Molten Egg 2":17,"Cracked Core":0,"Toy Ornithopter":1,"Nuclear Battery":6},{"Anchor":11,"Dream Catcher":14,"Bronze Scales":14,"SacredBark":58,"Vajra":0,"MealTicket":45,"Molten Egg 2":76,"Cracked Core":0,"Toy Ornithopter":3,"Nuclear Battery":23}],"Toy Ornithopter":35},"card_choices":[{"not_picked":["Cold Snap","Hologram"],"picked":"Genetic Algorithm","floor":1.0},{"not_picked":["Go for the Eyes","Stack"],"picked":"Defragment","floor":3.0},{"not_picked":["Ball Lightning","Compile Driver","Rip and Tear"],"picked":"SKIP","floor":7.0},{"not_picked":["Compile Driver","Ball Lightning","Undo"],"picked":"SKIP","floor":8.0},{"not_picked":["Storm","Beam Cell"],"picked":"Ball Lightning","floor":13.0},{"not_picked":["Turbo","Stack","Steam"],"picked":"SKIP","floor":14.0},{"not_picked":["Reinforced Body","Aggregate"],"picked":"Static Discharge","floor":15.0},{"not_picked":["Hyperbeam","Buffer"],"picked":"Rainbow","floor":16.0},{"not_picked":["Scrape","Ball Lightning","Reinforced Body"],"picked":"SKIP","floor":18.0},{"not_picked":["Compile Driver","Scrape"],"picked":"Redo","floor":19.0},{"not_picked":["Rebound","Stack"],"picked":"Storm","floor":21.0},{"not_picked":["Doom and Gloom","Aggregate","Hologram"],"picked":"SKIP","floor":22.0},{"not_picked":["Storm","Steam"],"picked":"Defragment","floor":24.0},{"not_picked":["Chill","Self Repair"],"picked":"Capacitor","floor":29.0},{"not_picked":["Amplify","Meteor Strike"],"picked":"Echo Form","floor":33.0},{"not_picked":["Aggregate","Sweeping Beam+1","Stack"],"picked":"SKIP","floor":35},{"not_picked":["Chill","Leap","Streamline+1"],"picked":"SKIP","floor":37},{"not_picked":["Static Discharge","Aggregate","Steam"],"picked":"SKIP","floor":39},{"not_picked":["Double Energy+1","Chaos+1","Streamline"],"picked":"SKIP","floor":41},{"not_picked":["Steam","Thunder Strike+1"],"picked":"Redo+1","floor":44}],"player_experience":113700,"relics_obtained":[{"floor":7.0,"key":"Anchor"},{"floor":9.0,"key":"Bronze Scales"},{"floor":26.0,"key":"MealTicket"},{"floor":43,"key":"Molten Egg 2"}],"event_choices":[{"damage_healed":0.0,"max_hp_gain":0.0,"max_hp_loss":0.0,"gold_gain":0.0,"event_name":"WeMeetAgain","player_choice":"Gave Potion","floor":2.0,"gold_loss":0.0,"damage_taken":0.0,"relics_obtained":["Toy Ornithopter"]},{"damage_healed":0.0,"max_hp_gain":0.0,"max_hp_loss":0.0,"gold_gain":75.0,"event_name":"World of Goop","player_choice":"Gather Gold","floor":4.0,"gold_loss":0.0,"damage_taken":11.0},{"cards_removed":["Defend_B"],"damage_healed":0.0,"max_hp_gain":0.0,"max_hp_loss":0.0,"gold_gain":0.0,"event_name":"Wheel of Change","player_choice":"Card Removal","floor":5.0,"gold_loss":0.0,"damage_taken":0.0},{"cards_removed":["Defend_B"],"damage_healed":0.0,"max_hp_gain":0.0,"max_hp_loss":0.0,"gold_gain":0.0,"event_name":"The Cleric","player_choice":"Card Removal","floor":12.0,"gold_loss":50.0,"damage_taken":0.0},{"damage_healed":0.0,"max_hp_gain":0.0,"max_hp_loss":0.0,"gold_gain":0.0,"event_name":"Vampires","player_choice":"Ignored","floor":30.0,"gold_loss":0.0,"damage_taken":0.0},{"damage_healed":0.0,"max_hp_gain":0.0,"max_hp_loss":0.0,"gold_gain":0.0,"event_name":"Masked Bandits","player_choice":"Paid Fearfully","floor":31.0,"gold_loss":66.0,"damage_taken":0.0},{"damage_healed":0,"gold_gain":0,"player_choice":"Memory 1","damage_taken":0,"max_hp_gain":0,"max_hp_loss":0,"event_name":"SensoryStone","floor":45,"gold_loss":0}],"is_beta":false,"boss_relics":[{"not_picked":["Black Star","Cursed Key"],"picked":"Nuclear Battery"},{"not_picked":["Inserter","Runic Pyramid"],"picked":"SacredBark"}],"items_purged_floors":[11,20,28],"is_endless":false,"potions_floor_spawned":[1,7,19,21,29,33,37,41],"killed_by":"Spire Growth","ascension_level":1}}