{"host":"Doisman","time":1613367975,"event":{"mods":["AchievementEnabler","BaseMod","Better Note","Curses Come First","Minty Spire (QoL Compilation)","Permanent Neow","Quick Restart","Relic Stats","Replay The Spire","StSLib","slay the spire mod where everything is the same but ironclad has a cowboy hat"],"gold_per_floor":[114,189,43,43,43,43,43,43,43,85,93,93,93,108,108,208,208,223,238,238,238,238,238,238,153,178,208,7,7,7,82,82,182,182,197,197,212,212,87,87,102,102,102,120,150,100,100,130,130,130],"floor_reached":51,"language":"ENG","playtime":1379,"items_purged":["Strike_R","Delirium","Bash","Bludgeon"],"score":734,"play_id":"c177afbf-76b1-48e4-a081-0056716e5048","local_time":"20210214234615","daily_mods":["Heirloom","Flight","Night Terrors"],"is_ascension_mode":false,"campfire_choices":[{"data":"1","floor":6,"key":"LIFT"},{"data":"2","floor":7,"key":"LIFT"},{"data":"3","floor":8,"key":"LIFT"},{"data":"True Grit","floor":12,"key":"SMITH"},{"data":"Bash","floor":13,"key":"SMITH"},{"data":"Anger","floor":15,"key":"SMITH"},{"data":"Limit Break","floor":23,"key":"SMITH"},{"data":"Flex","floor":24,"key":"SMITH"},{"data":"Armaments","floor":29,"key":"SMITH"},{"data":"Shockwave","floor":30,"key":"SMITH"},{"floor":32,"key":"REST"},{"data":"Double Tap","floor":40,"key":"SMITH"},{"data":"Pummel","floor":42,"key":"SMITH"},{"data":"Shrug It Off","floor":47,"key":"SMITH"},{"data":"Reaper","floor":49,"key":"SMITH"}],"circlet_count":0,"master_deck":["Defend_R","Defend_R","Defend_R","Defend_R","Bash+1","Shrug It Off+1","Pummel+1","Anger+1","True Grit+1","Shockwave+1","Double Tap+1","Flex+1","Anger+1","Limit Break+1","Armaments+1","Reaper+1","Offering+1","Replay:Undeath\u0027s Touch+1","Body Slam+1","Spot Weakness+1","Shrug It Off+1","Pummel+1","Headbutt+1"],"relics":["Burning Blood","Girya","MawBank","Lantern","ReplayTheSpireMod:CursedCoin","Runic Pyramid","Dream Catcher","Ancient Tea Set","Replay:Bottled Steam","Medical Kit","Replay:Accelerometer","Replay:Grab Bag","Mark of Pain","Busted Crown","Astrolabe","Toy Ornithopter","Champion Belt","Smiling Mask","MealTicket"],"acts_visited":["Exordium","TheCity","TheBeyond"],"potions_floor_usage":[27,27,45],"damage_taken":[{"damage":7,"enemies":"2 Louse","floor":1,"turns":4},{"damage":9,"enemies":"Lagavulin","floor":10,"turns":5},{"damage":1,"enemies":"Jaw Worm","floor":14,"turns":2},{"damage":13,"enemies":"Slime Boss","floor":16,"turns":7},{"damage":0,"enemies":"Spheric Guardian","floor":18,"turns":3},{"damage":0,"enemies":"Chosen","floor":19,"turns":3},{"damage":59,"enemies":"Slavers","floor":27,"turns":7},{"damage":17,"enemies":"Pondfish","floor":33,"turns":6},{"damage":6,"enemies":"Orb Walker","floor":35,"turns":1},{"damage":32,"enemies":"3 Shapes","floor":37,"turns":5},{"damage":7,"enemies":"Spire Growth","floor":41,"turns":3},{"damage":6,"enemies":"2 Orb Walkers","floor":44,"turns":4},{"damage":28,"enemies":"R_Hoarder","floor":45,"turns":6},{"damage":8,"enemies":"Reptomancer","floor":48,"turns":4},{"damage":40,"enemies":"Replay:Hell Engine","floor":50,"turns":6}],"seed_played":"5535013652570512859","potions_obtained":[{"floor":1,"key":"SpeedPotion"},{"floor":16,"key":"ColorlessPotion"},{"floor":33,"key":"Reflective Coating"},{"floor":37,"key":"BlessingOfTheForge"},{"floor":44,"key":"Block Potion"},{"floor":48,"key":"GamblersBrew"}],"is_trial":false,"path_per_floor":["M","?","$","?","?","R","R","R","T","E","$","R","R","M","R","B",null,"M","M","?","?","?","R","R","?","T","E","$","R","R","T","R","B",null,"M","?","M","?","$","R","M","R","T","?","E","$","R","E","R","B",null],"character_chosen":"IRONCLAD","items_purchased":["Pummel","ReplayTheSpireMod:CursedCoin","True Grit","Medical Kit","Armaments"],"campfire_rested":1,"item_purchase_floors":[3,11,11,28,28],"current_hp_per_floor":[79,68,68,68,68,68,68,68,68,65,65,65,65,70,70,63,80,80,80,80,65,65,65,65,65,65,12,12,12,12,12,80,69,80,80,80,80,80,80,80,79,79,79,79,73,73,73,71,71,74],"gold":130,"neow_bonus":"","is_daily":true,"chose_seed":false,"campfire_upgraded":11,"win_rate":0.0,"timestamp":1613367975,"path_taken":["M","?","$","?","?","R","R","R","T","E","?","R","R","?","R","BOSS","M","?","?","?","?","R","R","?","T","E","?","R","R","?","R","BOSS","M","?","?","?","$","R","?","R","T","?","E","?","R","E","R","BOSS"],"items_purchased_type":["Card","Relic","Card","Relic","Card"],"build_version":"2020-12-18","purchased_purges":4,"victory":true,"max_hp_per_floor":[80,80,80,80,80,80,80,80,80,80,80,80,80,80,80,80,80,80,80,80,85,85,85,85,85,85,85,85,85,85,85,80,80,80,80,80,80,80,80,80,80,80,80,80,80,80,80,80,80,80],"relic_stats":{"Dream Catcher":1,"Busted Crown":12,"counters":[15,66],"Astrolabe":["Offering","Replay:Undeath\u0027s Touch","Body Slam"],"MealTicket":0,"Champion Belt":[6],"MawBank":24,"Medical Kit":[11],"Smiling Mask":100,"obtain_stats":[{"Girya":0,"Replay:Accelerometer":31,"Lantern":10,"ReplayTheSpireMod:CursedCoin":11,"Replay:Grab Bag":34,"Astrolabe":34,"MawBank":9,"Ancient Tea Set":26,"Medical Kit":28,"Smiling Mask":45,"Burning Blood":0,"Dream Catcher":25,"Busted Crown":34,"MealTicket":48,"Mark of Pain":34,"Champion Belt":44,"Toy Ornithopter":43,"Runic Pyramid":17,"Replay:Bottled Steam":27},{"Girya":0,"Replay:Accelerometer":7,"Lantern":2,"ReplayTheSpireMod:CursedCoin":2,"Replay:Grab Bag":8,"Astrolabe":8,"MawBank":1,"Ancient Tea Set":6,"Medical Kit":7,"Smiling Mask":13,"Burning Blood":0,"Dream Catcher":6,"Busted Crown":8,"MealTicket":14,"Mark of Pain":8,"Champion Belt":12,"Toy Ornithopter":11,"Runic Pyramid":4,"Replay:Bottled Steam":7},{"Girya":0,"Replay:Accelerometer":31,"Lantern":9,"ReplayTheSpireMod:CursedCoin":9,"Replay:Grab Bag":37,"Astrolabe":37,"MawBank":4,"Ancient Tea Set":24,"Medical Kit":31,"Smiling Mask":56,"Burning Blood":0,"Dream Catcher":24,"Busted Crown":37,"MealTicket":60,"Mark of Pain":37,"Champion Belt":50,"Toy Ornithopter":46,"Runic Pyramid":18,"Replay:Bottled Steam":31}],"Burning Blood":74,"Toy Ornithopter":1},"card_choices":[{"not_picked":["Hemokinesis","Entrench"],"picked":"Shrug It Off","floor":1},{"not_picked":["Pommel Strike","Headbutt"],"picked":"Anger","floor":10},{"not_picked":["Sentinel","Perfected Strike"],"picked":"Shockwave","floor":14},{"not_picked":["Hemogenesis","Juggernaut"],"picked":"Double Tap","floor":16},{"not_picked":["Blood for Blood+1","Wild Strike"],"picked":"Flex","floor":18},{"not_picked":["Thunderclap","Fire Breathing"],"picked":"Anger+1","floor":19},{"not_picked":["ReplayReversal","Carnage","True Grit"],"picked":"SKIP","floor":27},{"not_picked":["Clash+1","Run Through+1"],"picked":"Reaper","floor":32},{"not_picked":["Brutality","Demon Form"],"picked":"Bludgeon","floor":33},{"not_picked":[],"picked":"Spot Weakness+1","floor":35},{"not_picked":[],"picked":"Shrug It Off","floor":37},{"not_picked":[],"picked":"Pummel","floor":41},{"not_picked":["Combust"],"picked":"SKIP","floor":45},{"not_picked":[],"picked":"Headbutt+1","floor":48}],"player_experience":1127468,"relics_obtained":[{"floor":9,"key":"MawBank"},{"floor":10,"key":"Lantern"},{"floor":26,"key":"Ancient Tea Set"},{"floor":27,"key":"Replay:Bottled Steam"},{"floor":31,"key":"Replay:Accelerometer"},{"floor":43,"key":"Toy Ornithopter"},{"floor":44,"key":"Champion Belt"},{"floor":45,"key":"Smiling Mask"},{"floor":48,"key":"MealTicket"}],"event_choices":[{"damage_healed":0,"gold_gain":75,"player_choice":"Gather Gold","damage_taken":11,"max_hp_gain":0,"max_hp_loss":0,"event_name":"World of Goop","floor":2,"gold_loss":0},{"damage_healed":0,"gold_gain":0,"player_choice":"Grow","damage_taken":0,"max_hp_gain":0,"max_hp_loss":0,"event_name":"Living Wall","floor":4,"gold_loss":0,"cards_upgraded":["Pummel"]},{"damage_healed":0,"gold_gain":0,"player_choice":"Ignored","damage_taken":0,"max_hp_gain":0,"max_hp_loss":0,"event_name":"Ghosts","floor":20,"gold_loss":0},{"damage_healed":0,"gold_gain":0,"player_choice":"Shed Blood","damage_taken":20,"max_hp_gain":5,"max_hp_loss":0,"event_name":"Forgotten Altar","floor":21,"gold_loss":0},{"damage_healed":0,"gold_gain":0,"player_choice":"Read","damage_taken":0,"max_hp_gain":0,"max_hp_loss":0,"event_name":"The Library","floor":22,"gold_loss":0,"cards_obtained":["Limit Break"]},{"damage_healed":0,"gold_gain":0,"player_choice":"Obtained Relic","damage_taken":0,"relics_obtained":["Dream Catcher"],"max_hp_gain":0,"max_hp_loss":0,"event_name":"Addict","floor":25,"gold_loss":85},{"cards_removed":["Strike_R"],"damage_healed":0,"gold_gain":0,"player_choice":"Purged","damage_taken":0,"max_hp_gain":0,"max_hp_loss":0,"event_name":"Purifier","floor":36,"gold_loss":0},{"damage_healed":0,"gold_gain":0,"player_choice":"1 cards matched","damage_taken":0,"max_hp_gain":0,"max_hp_loss":0,"event_name":"Match and Keep!","floor":38,"gold_loss":0,"cards_obtained":["Bash"]},{"damage_healed":0,"gold_gain":0,"player_choice":"Fight","damage_taken":0,"max_hp_gain":0,"max_hp_loss":0,"event_name":"Mysterious Sphere","floor":44,"gold_loss":0}],"is_beta":true,"boss_relics":[{"not_picked":["Tiny House","Black Star"],"picked":"Runic Pyramid"},{"not_picked":["Replay:Wanted Poster","Abe\u0027s Treasure"],"picked":"Replay:Grab Bag"},{"not_picked":["Fusion Hammer","Philosopher\u0027s Stone"],"picked":"Mark of Pain"},{"not_picked":["Velvet Choker","Sozu"],"picked":"Busted Crown"},{"not_picked":["Calling Bell","SlaversCollar"],"picked":"Astrolabe"}],"items_purged_floors":[3,11,39,46],"is_endless":false,"potions_floor_spawned":[1,16,33,37,44,48],"ascension_level":0}}