{"host":"wbn3xdfsa5pc2kse","time":1613386590,"event":{"mods":["AchievementEnabler","BaseMod","Bestiary","Colored Map","Colored Powertips","Curses Come First","Highlight Path","Minty Spire (QoL Compilation)","Permanent Neow","Rare Cards Sparkle","Relic Stats","StSLib"],"gold_per_floor":[109,109,132,147,162,178,209,209,260,290,290,24,57,77,77,154,154,172,69,95,108,108,134,134,163,239,239,239],"floor_reached":27,"language":"ZHT","playtime":990,"items_purged":["Strike_R"],"score":619,"play_id":"b2cc66f8-7f27-415c-bb55-be8ff41ef67b","local_time":"20210215185630","is_ascension_mode":true,"campfire_choices":[{"data":"Demon Form","floor":8.0,"key":"SMITH"},{"data":"Sword Boomerang","floor":11.0,"key":"SMITH"},{"data":"Heavy Blade","floor":15,"key":"SMITH"},{"data":"Feel No Pain","floor":24,"key":"SMITH"}],"circlet_count":0,"master_deck":["AscendersBane","Strike_R","Strike_R","Strike_R","Defend_R","Defend_R","Defend_R","Defend_R","Bash","Clothesline","Sever Soul","Dropkick","Demon Form+1","Sword Boomerang+1","Heavy Blade+1","Rage","Impervious","Flex+1","True Grit","Sentinel","Shrug It Off","Feel No Pain+1"],"relics":["Burning Blood","PreservedInsect","FossilizedHelix","Lantern","Dream Catcher","Mummified Hand","Regal Pillow","Velvet Choker","Red Mask","Pantograph","Potion Belt","Singing Bowl"],"acts_visited":["Exordium","TheCity"],"potions_floor_usage":[20,23,25],"damage_taken":[{"damage":2.0,"enemies":"2 Louse","floor":1.0,"turns":3.0},{"damage":3.0,"enemies":"Jaw Worm","floor":4.0,"turns":5.0},{"damage":1.0,"enemies":"Cultist","floor":5.0,"turns":4.0},{"damage":18.0,"enemies":"Exordium Thugs","floor":6.0,"turns":6.0},{"damage":20.0,"enemies":"3 Sentries","floor":7.0,"turns":6.0},{"damage":0.0,"enemies":"Lagavulin","floor":10.0,"turns":4.0},{"damage":0,"enemies":"Gremlin Nob","floor":13,"turns":3},{"damage":1,"enemies":"Blue Slaver","floor":14,"turns":3},{"damage":20,"enemies":"The Guardian","floor":16,"turns":9},{"damage":4,"enemies":"3 Byrds","floor":18,"turns":6},{"damage":30,"enemies":"Masked Bandits","floor":20,"turns":5},{"damage":19,"enemies":"Spheric Guardian","floor":21,"turns":6},{"damage":5,"enemies":"Slavers","floor":23,"turns":6},{"damage":34,"enemies":"Gremlin Leader","floor":25,"turns":9},{"damage":20,"enemies":"Centurion and Healer","floor":27,"turns":6}],"seed_played":"-1898070361104063514","potions_obtained":[{"floor":4.0,"key":"SteroidPotion"},{"floor":6.0,"key":"Explosive Potion"},{"floor":7.0,"key":"Regen Potion"},{"floor":10.0,"key":"ElixirPotion"},{"floor":16,"key":"DistilledChaos"},{"floor":20,"key":"FearPotion"},{"floor":21,"key":"Strength Potion"}],"is_trial":false,"path_per_floor":["M","?","T","M","M","M","E","R","T","E","R","$","E","M","R","B",null,"M","$","?","M","?","E","R","E","T","M"],"character_chosen":"IRONCLAD","items_purchased":["Mummified Hand","True Grit"],"campfire_rested":0,"item_purchase_floors":[12,19],"current_hp_per_floor":[72,72,72,75,75,63,49,49,49,55,55,55,61,66,66,52,69,71,71,53,40,40,41,41,13,13,0,0],"gold":239,"neow_bonus":"REMOVE_CARD","is_daily":false,"chose_seed":false,"campfire_upgraded":4,"win_rate":0.0,"timestamp":1613386590,"path_taken":["M","?","?","M","?","M","E","R","T","E","R","?","E","M","R","BOSS","M","$","?","M","?","E","R","E","T","M"],"items_purchased_type":["Relic","Card"],"build_version":"2020-12-22","purchased_purges":1,"victory":false,"max_hp_per_floor":[75,75,75,75,75,75,75,75,75,75,75,75,75,75,75,75,75,75,75,75,75,75,75,75,75,75,75,75],"relic_stats":{"Dream Catcher":0,"Regal Pillow":0,"Singing Bowl":0,"counters":[15,81],"Mummified Hand":[9],"Pantograph":0,"PreservedInsect":177,"obtain_stats":[{"Potion Belt":25,"Lantern":9,"Dream Catcher":10,"Regal Pillow":13,"Singing Bowl":26,"Mummified Hand":12,"Pantograph":23,"Velvet Choker":17,"PreservedInsect":3,"Red Mask":20,"Burning Blood":0,"FossilizedHelix":7},{"Potion Belt":14,"Lantern":5,"Dream Catcher":6,"Regal Pillow":7,"Singing Bowl":14,"Mummified Hand":6,"Pantograph":13,"Velvet Choker":9,"PreservedInsect":1,"Red Mask":11,"Burning Blood":0,"FossilizedHelix":5},{"Potion Belt":75,"Lantern":24,"Dream Catcher":28,"Regal Pillow":31,"Singing Bowl":75,"Mummified Hand":28,"Pantograph":66,"Velvet Choker":43,"PreservedInsect":3,"Red Mask":54,"Burning Blood":0,"FossilizedHelix":24}],"Burning Blood":79},"card_choices":[{"not_picked":["Armaments","Thunderclap"],"picked":"Clothesline","floor":1.0},{"not_picked":["Power Through","Body Slam"],"picked":"Sever Soul","floor":4.0},{"not_picked":["Flex","Sword Boomerang","Perfected Strike"],"picked":"SKIP","floor":5.0},{"not_picked":["Sever Soul","Hemokinesis"],"picked":"Dropkick","floor":6.0},{"not_picked":["Dropkick","Blood for Blood"],"picked":"Demon Form","floor":7.0},{"not_picked":["Reckless Charge","Spot Weakness"],"picked":"Sword Boomerang","floor":10.0},{"not_picked":["Brutality","Wild Strike"],"picked":"Heavy Blade","floor":13},{"not_picked":["Pommel Strike","Clash"],"picked":"Rage","floor":14},{"not_picked":["Exhume","Berserk"],"picked":"Impervious","floor":16},{"not_picked":["Pommel Strike","Havoc"],"picked":"Flex+1","floor":18},{"not_picked":["Perfected Strike+1","Clothesline+1"],"picked":"Sentinel","floor":20},{"not_picked":["Anger","Brutality"],"picked":"Shrug It Off","floor":21},{"not_picked":["Twin Strike","Bloodletting"],"picked":"Feel No Pain","floor":23},{"not_picked":["Feel No Pain","Perfected Strike","Sword Boomerang"],"picked":"SKIP","floor":25}],"player_experience":821879,"relics_obtained":[{"floor":3.0,"key":"PreservedInsect"},{"floor":7.0,"key":"FossilizedHelix"},{"floor":9.0,"key":"Lantern"},{"floor":10.0,"key":"Dream Catcher"},{"floor":13,"key":"Regal Pillow"},{"floor":20,"key":"Red Mask"},{"floor":23,"key":"Pantograph"},{"floor":25,"key":"Potion Belt"},{"floor":26,"key":"Singing Bowl"}],"event_choices":[{"damage_healed":0.0,"max_hp_gain":0.0,"max_hp_loss":0.0,"gold_gain":0.0,"event_name":"Liars Game","player_choice":"Ignored","floor":2.0,"gold_loss":0.0,"damage_taken":0.0},{"damage_healed":0,"gold_gain":0,"player_choice":"Fought Bandits","damage_taken":0,"max_hp_gain":0,"max_hp_loss":0,"event_name":"Masked Bandits","floor":20,"gold_loss":0},{"damage_healed":0,"gold_gain":0,"player_choice":"Ignored","damage_taken":0,"max_hp_gain":0,"max_hp_loss":0,"event_name":"Ghosts","floor":22,"gold_loss":0}],"is_beta":false,"boss_relics":[{"not_picked":["Snecko Eye","Fusion Hammer"],"picked":"Velvet Choker"}],"items_purged_floors":[19],"is_endless":false,"potions_floor_spawned":[4,6,7,10,16,20,21],"killed_by":"Centurion and Healer","ascension_level":16}}