{"host":"z0i2956snhkzdzmn","time":1613367245,"event":{"mods":["2.2 Compatiblity","Act Like it!","Arknights","BaseMod","Better Skull","Better Vampires","BetterRewards","Block Reminder","CatGirl Mod","Colored Powertips","Conspire","Curses Come First","Dota2Spire","GifTheSpireLib","GungeonMod","Highlight Path","Minty Spire (QoL Compilation)","Pale of the Ancients","Permanent Neow","Quick Restart","Rare Cards Sparkle","Relic Stats","Reliquary","StSLib","The Judge","The Marked","The Showman","TheBandit","Unceasing Turn Reminder","thorton"],"gold_per_floor":[113,129,129,143,161,161,196,213,213,213,225,225,236,255,255,355,355,371,382,382,199,213,213,232,83,107,107,119,119,79,94,94,194,194,211,211,211,211],"floor_reached":36,"language":"ENG","playtime":3689,"items_purged":[],"score":370,"play_id":"e81f6993-2bb1-4676-b211-f4a57c139172","local_time":"20210214213405","is_ascension_mode":false,"campfire_choices":[{"floor":6,"key":"REST"},{"floor":10,"key":"REST"},{"floor":12,"key":"REST"},{"floor":15,"key":"REST"},{"floor":23,"key":"REST"},{"floor":27,"key":"REST"},{"floor":32,"key":"REST"}],"circlet_count":0,"master_deck":["wariomod:Strike","wariomod:Strike","wariomod:Strike","wariomod:Strike","wariomod:Defend","wariomod:Defend","wariomod:Defend","wariomod:Defend","wariomod:Step","wariomod:Leap","wariomod:DonateDraw","wariomod:RacingSpeed","wariomod:Game","wariomod:ThatsNotAll","wariomod:SilenceBombs","wariomod:HappyHit","wariomod:ChargeForth","wariomod:Purify","wariomod:ImFeelingLucky","wariomod:KeyFinisher","wariomod:DropBash+1","wariomod:GreaterGuard+1","wariomod:AwfulLook","wariomod:Smackflip","wariomod:TreasureDig","wariomod:EndlessBlast","wariomod:TheGrandJourney","wariomod:Bombshield","wariomod:GodlyGift","wariomod:DanceDash"],"relics":["wariomod:TheHat","Dota2Spire:UrnOfShadows","Eternal Feather","SacredBark","Toy Ornithopter","Ancient Tea Set","Dota2Spire:EchoSabre","Dota2Spire:RefresherOrb"],"acts_visited":["Exordium","TheCity","TheBeyond"],"potions_floor_usage":[5,5,5,7,31,33],"damage_taken":[{"damage":5,"enemies":"Jaw Worm","floor":1,"turns":4},{"damage":9,"enemies":"Small Slimes","floor":2,"turns":6},{"damage":0,"enemies":"ats:Genji","floor":4,"turns":4},{"damage":12,"enemies":"Large Slime","floor":5,"turns":6},{"damage":26,"enemies":"Gremlin Nob","floor":7,"turns":6},{"damage":2,"enemies":"Exordium Wildlife","floor":8,"turns":6},{"damage":7,"enemies":"Blue Slaver","floor":11,"turns":3},{"damage":29,"enemies":"2 Fungi Beasts","floor":13,"turns":4},{"damage":2,"enemies":"3 Louse","floor":14,"turns":4},{"damage":34,"enemies":"Slime Boss","floor":16,"turns":10},{"damage":22,"enemies":"3 Byrds","floor":18,"turns":5},{"damage":33,"enemies":"Chosen","floor":19,"turns":7},{"damage":6,"enemies":"Centurion and Healer","floor":22,"turns":6},{"damage":61,"enemies":"Chosen and Byrds","floor":24,"turns":9},{"damage":28,"enemies":"Snake Plant","floor":28,"turns":4},{"damage":64,"enemies":"Sentry and Sphere","floor":31,"turns":7},{"damage":39,"enemies":"Champ","floor":33,"turns":14},{"damage":28,"enemies":"Orb Walker","floor":35,"turns":4},{"damage":58,"enemies":"3 Darklings","floor":36,"turns":4}],"seed_played":"6387161236287282553","potions_obtained":[{"floor":0,"key":"DemoMod:BlankPotion"},{"floor":0,"key":"CultistPotion"},{"floor":0,"key":"Regen Potion"},{"floor":5,"key":"Block Potion"},{"floor":13,"key":"DemoMod:LeadSkinPotion"},{"floor":14,"key":"SteroidPotion"},{"floor":16,"key":"SpeedPotion"},{"floor":22,"key":"Dota2Spire:HealingSalve"},{"floor":33,"key":"AttackPotion"}],"is_trial":false,"path_per_floor":["M","M","?","M","M","R","E","M","T","R","M","R","M","M","R","B",null,"M","M","?","$","M","R","M","$","T","R","M","?","$","M","R","B",null,"M","M"],"character_chosen":"THE_BANDIT","items_purchased":["Toy Ornithopter","wariomod:AwfulLook","Ancient Tea Set","wariomod:TheGrandJourney"],"campfire_rested":7,"item_purchase_floors":[21,21,25,30],"current_hp_per_floor":[75,66,66,66,68,80,54,58,58,80,73,80,54,58,80,52,80,58,31,31,31,37,73,21,21,21,60,38,64,64,11,50,25,80,52,0,0,0],"gold":211,"neow_bonus":"THREE_SMALL_POTIONS","is_daily":false,"chose_seed":false,"campfire_upgraded":0,"win_rate":0.0,"timestamp":1613367245,"path_taken":["M","M","?","M","M","R","E","M","T","R","M","R","M","M","R","BOSS","M","M","?","$","M","R","M","$","T","R","M","?","$","M","R","BOSS","M","M"],"items_purchased_type":["Relic","Card","Relic","Card"],"build_version":"2020-12-22","purchased_purges":0,"victory":false,"max_hp_per_floor":[80,80,80,80,80,80,80,80,80,80,80,80,80,80,80,80,80,80,80,80,80,80,80,80,80,80,80,80,80,80,80,80,80,80,80,80,80,80],"relic_stats":{"counters":[19,113],"Eternal Feather":67,"obtain_stats":[{"Dota2Spire:EchoSabre":26,"Dota2Spire:UrnOfShadows":7,"wariomod:TheHat":0,"SacredBark":17,"Eternal Feather":9,"DemoMod:GlassGuonStoneRelic":2,"Dota2Spire:RefresherOrb":34,"Ancient Tea Set":25,"Toy Ornithopter":21},{"Dota2Spire:EchoSabre":14,"Dota2Spire:UrnOfShadows":5,"wariomod:TheHat":0,"SacredBark":10,"Eternal Feather":6,"DemoMod:GlassGuonStoneRelic":2,"Dota2Spire:RefresherOrb":17,"Ancient Tea Set":14,"Toy Ornithopter":12},{"Dota2Spire:EchoSabre":80,"Dota2Spire:UrnOfShadows":26,"wariomod:TheHat":0,"SacredBark":53,"Eternal Feather":32,"DemoMod:GlassGuonStoneRelic":10,"Dota2Spire:RefresherOrb":105,"Ancient Tea Set":80,"Toy Ornithopter":65}],"Toy Ornithopter":10},"card_choices":[{"not_picked":["wariomod:Smackflip","wariomod:DisarmingMoves"],"picked":"wariomod:DonateDraw","floor":1},{"not_picked":["wariomod:Leapslam","wariomod:SimpleShield"],"picked":"wariomod:RacingSpeed","floor":2},{"not_picked":["wariomod:AwfulLook","wariomod:f"],"picked":"wariomod:Game","floor":4},{"not_picked":["wariomod:NullJump","wariomod:Smackflip"],"picked":"wariomod:ThatsNotAll","floor":5},{"not_picked":["wariomod:Game","wariomod:BoomBoom"],"picked":"wariomod:SilenceBombs","floor":7},{"not_picked":["wariomod:DoubleDip","wariomod:ThatsNotAll"],"picked":"wariomod:HappyHit","floor":8},{"not_picked":["wariomod:Leapslam","wariomod:WipeClean"],"picked":"wariomod:ChargeForth","floor":11},{"not_picked":["wariomod:DoubleDash","wariomod:NullJump"],"picked":"wariomod:Purify","floor":13},{"not_picked":["wariomod:BoomBoom","wariomod:ThatsNotAll"],"picked":"wariomod:ImFeelingLucky","floor":14},{"not_picked":["wariomod:Sidestep","wariomod:AbandonGame"],"picked":"wariomod:KeyFinisher","floor":16},{"not_picked":["wariomod:Game","wariomod:TrekTime"],"picked":"wariomod:DropBash+1","floor":18},{"not_picked":["wariomod:Goblast","wariomod:RacingSpeed+1"],"picked":"wariomod:GreaterGuard+1","floor":19},{"not_picked":["wariomod:Goblast","wariomod:DisarmingMoves+1"],"picked":"wariomod:Smackflip","floor":22},{"not_picked":["wariomod:ChargeForth","wariomod:CursedSpaces"],"picked":"wariomod:TreasureDig","floor":24},{"not_picked":["wariomod:BigUpgrade","wariomod:SmackSlam+1"],"picked":"wariomod:EndlessBlast","floor":28},{"not_picked":["wariomod:Leapslam","wariomod:HastyRush"],"picked":"wariomod:Bombshield","floor":31},{"not_picked":["wariomod:ForbiddenMagic","wariomod:PoisonBombs"],"picked":"wariomod:GodlyGift","floor":33},{"not_picked":["wariomod:TrekTime+1","wariomod:ThatsNotAll+1"],"picked":"wariomod:DanceDash","floor":35}],"player_experience":155700,"relics_obtained":[{"floor":7,"key":"Dota2Spire:UrnOfShadows"},{"floor":9,"key":"Eternal Feather"},{"floor":26,"key":"Dota2Spire:EchoSabre"}],"event_choices":[{"damage_healed":0,"gold_gain":0,"player_choice":"Disagree","damage_taken":0,"max_hp_gain":0,"max_hp_loss":0,"event_name":"conspire:LoneGhost","floor":3,"gold_loss":0},{"damage_healed":0,"gold_gain":0,"player_choice":"Ignored","damage_taken":0,"max_hp_gain":0,"max_hp_loss":0,"event_name":"Vampires","floor":20,"gold_loss":0},{"damage_healed":26,"gold_gain":0,"player_choice":"Heal","damage_taken":0,"max_hp_gain":0,"max_hp_loss":0,"event_name":"The Library","floor":29,"gold_loss":0}],"is_beta":false,"boss_relics":[{"not_picked":["Runic Dome","Calling Bell"],"picked":"SacredBark"},{"not_picked":["conspire:RoyalGoblet","reliquary:KinkedSpring"],"picked":"Dota2Spire:RefresherOrb"}],"items_purged_floors":[],"is_endless":false,"potions_floor_spawned":[4,5,13,14,16,18,22,24,33],"killed_by":"3 Darklings","ascension_level":0}}