{"host":"27c1zwn2rxlukojz","time":1613430672,"event":{"mods":["BaseMod","Filter the Spire","Minty Spire (QoL Compilation)","Relic Stats","StSLib"],"gold_per_floor":[135,6,6,156,156,270,270,358,436,517,605,605,716,826,838,1100,1112,1173,1227,1239,1297,1336,1455,1555,1971,1983,2096,2219,1409,1503,899,899,1130,1130,1176,1202,384,443,466,466,567,648,648,736,788,879,964,1075,1075,1075,1075,1075,1075,586,667,667],"floor_reached":57,"language":"DEU","playtime":2701,"items_purged":["Ghostly Armor","Doubt","Anger"],"score":4218,"play_id":"5367b300-fdf0-4ad4-a218-3a53f37d4100","local_time":"20210216001112","daily_mods":["SealedDeck","Vintage","Heirloom","Time Dilation","Flight","DeadlyEvents","Elite Swarm","Lethality","Midas"],"is_ascension_mode":true,"campfire_choices":[{"floor":7.0,"key":"REST"},{"floor":12.0,"key":"REST"},{"floor":15.0,"key":"REST"},{"floor":32,"key":"REST"},{"floor":40,"key":"RECALL"},{"floor":49,"key":"DIG"},{"floor":53,"key":"DIG"}],"circlet_count":0,"master_deck":["AscendersBane","Ghostly Armor","True Grit","Shockwave","Rupture","Shrug It Off","Rupture","Hemokinesis","Feed","Limit Break","Brutality","Immolate+1","Corruption","Fiend Fire+1","Offering","Feel No Pain+1","Impervious+1","Brutality","Limit Break+1","Fiend Fire","Double Tap+1","Feel No Pain","True Grit+1","Forethought","Reaper","Purity","Go for the Eyes","Reboot","Limit Break","Bandage Up","Creative AI","LessonLearned+1","Reaper","Apotheosis","Corpse Explosion","Metallicize","Finesse","Apotheosis"],"relics":["Unceasing Top","Incense Burner","Vajra","Golden Idol","PreservedInsect","Mango","Kunai","Boot","Charon\u0027s Ashes","MawBank","Ancient Tea Set","Calling Bell","TungstenRod","Mummified Hand","Blood Vial","Tiny Chest","MealTicket","Strawberry","Bronze Scales","InkBottle","Dream Catcher","Old Coin","Pocketwatch","Pen Nib","Ice Cream","Bag of Marbles","Lantern","PrismaticShard","Prayer Wheel","ClockworkSouvenir","Red Skull","Oddly Smooth Stone","Fusion Hammer","Centennial Puzzle","Smiling Mask","Brimstone","Whetstone","Nunchaku","Potion Belt","Shovel","Toy Ornithopter","Bottled Tornado","Akabeko","War Paint","HornCleat","Molten Egg 2","Bag of Preparation","Anchor","Gremlin Horn","Membership Card","Sundial","Orichalcum","Self Forming Clay"],"acts_visited":["Exordium","TheCity","TheBeyond","TheEnding"],"potions_floor_usage":[44,51,56,56,56],"damage_taken":[{"damage":4.0,"enemies":"Jaw Worm","floor":1.0,"turns":3.0},{"damage":13.0,"enemies":"Gremlin Nob","floor":6.0,"turns":4.0},{"damage":24.0,"enemies":"3 Sentries","floor":8.0,"turns":6.0},{"damage":11.0,"enemies":"Gremlin Nob","floor":10.0,"turns":3.0},{"damage":24.0,"enemies":"Lagavulin","floor":11.0,"turns":5.0},{"damage":2.0,"enemies":"Gremlin Nob","floor":13.0,"turns":2.0},{"damage":2.0,"enemies":"3 Sentries","floor":14.0,"turns":3.0},{"damage":40.0,"enemies":"Hexaghost","floor":16.0,"turns":4.0},{"damage":12.0,"enemies":"Spheric Guardian","floor":18.0,"turns":3.0},{"damage":5.0,"enemies":"2 Thieves","floor":19.0,"turns":1.0},{"damage":8.0,"enemies":"Sentry and Sphere","floor":21.0,"turns":4.0},{"damage":5.0,"enemies":"Slavers","floor":23.0,"turns":1.0},{"damage":6.0,"enemies":"Gremlin Leader","floor":24.0,"turns":2.0},{"damage":6.0,"enemies":"Book of Stabbing","floor":25.0,"turns":3.0},{"damage":0,"enemies":"Slavers","floor":27,"turns":1},{"damage":8,"enemies":"Gremlin Leader","floor":28,"turns":4},{"damage":20,"enemies":"Slavers","floor":30,"turns":3},{"damage":6,"enemies":"Champ","floor":33,"turns":3},{"damage":12,"enemies":"Orb Walker","floor":35,"turns":2},{"damage":6,"enemies":"3 Darklings","floor":38,"turns":5},{"damage":5,"enemies":"Reptomancer","floor":41,"turns":1},{"damage":1,"enemies":"Giant Head","floor":42,"turns":2},{"damage":99,"enemies":"Nemesis","floor":44,"turns":7},{"damage":33,"enemies":"Transient","floor":45,"turns":3},{"damage":2,"enemies":"Giant Head","floor":46,"turns":3},{"damage":16,"enemies":"Reptomancer","floor":47,"turns":3},{"damage":7,"enemies":"Nemesis","floor":48,"turns":1},{"damage":0,"enemies":"Time Eater","floor":50,"turns":2},{"damage":7,"enemies":"Awakened One","floor":51,"turns":3},{"damage":5,"enemies":"Shield and Spear","floor":55,"turns":2},{"damage":102,"enemies":"The Heart","floor":56,"turns":4}],"seed_played":"-9212762724907482928","potions_obtained":[{"floor":1.0,"key":"SpeedPotion"},{"floor":10.0,"key":"Fruit Juice"},{"floor":11.0,"key":"FairyPotion"},{"floor":16.0,"key":"BloodPotion"},{"floor":21.0,"key":"Block Potion"},{"floor":38,"key":"Fire Potion"},{"floor":42,"key":"LiquidBronze"},{"floor":47,"key":"Block Potion"}],"is_trial":true,"path_per_floor":["M","$","?","?","?","E","R","E","T","E","E","R","E","E","R","B",null,"M","M","?","M","T","E","E","E","T","E","E","$","E","$","R","B",null,"M","T","$","M","T","R","E","E","T","E","M","E","E","E","R","B","B",null,"R","$","E","B",null],"character_chosen":"IRONCLAD","items_purchased":["SteroidPotion","Bag of Marbles","Lantern","Feel No Pain","True Grit","PrismaticShard","Forethought","ClockworkSouvenir","Red Skull","Oddly Smooth Stone","Purity","Brimstone","Whetstone","Nunchaku","Limit Break","Bandage Up","Membership Card","Sundial","Orichalcum","Metallicize","SteroidPotion","Finesse"],"campfire_rested":4,"item_purchase_floors":[2,29,29,29,29,29,29,31,31,31,31,37,37,37,37,37,54,54,54,54,54,54],"current_hp_per_floor":[64,64,57,57,31,18,40,33,33,22,6,36,37,35,65,25,84,77,74,74,97,97,94,93,92,92,94,91,106,91,106,125,127,128,131,131,131,128,128,128,128,136,136,49,116,141,127,126,126,128,143,143,143,143,146,135],"gold":667,"neow_bonus":"","is_daily":false,"chose_seed":false,"campfire_upgraded":0,"win_rate":0.0,"timestamp":1613430672,"path_taken":["M","$","?","?","?","E","R","E","T","E","E","R","E","?","R","BOSS","M","?","?","?","?","E","E","E","T","E","E","$","?","$","R","BOSS","M","?","$","?","?","R","E","?","T","E","?","E","?","E","R","BOSS","BOSS","R","$","E","BOSS"],"items_purchased_type":["Potion","Relic","Relic","Card","Card","Relic","Card","Relic","Relic","Relic","Card","Relic","Relic","Relic","Card","Card","Relic","Relic","Relic","Card","Potion","Card"],"build_version":"2020-12-22","purchased_purges":3,"victory":true,"max_hp_per_floor":[75,75,75,75,75,75,75,92,92,92,100,100,103,103,103,103,103,106,106,106,113,113,113,116,119,119,119,122,122,125,125,125,128,128,131,131,131,134,134,134,137,140,140,143,143,143,143,143,143,143,143,143,143,143,146,146],"relic_stats":{"Gremlin Horn":[1,1],"Bag of Preparation":[8],"Whetstone":["Immolate","Fiend Fire"],"Boot":[28],"Smiling Mask":75,"Blood Vial":36,"Dream Catcher":1,"Centennial Puzzle":[33],"Nunchaku":[6],"Shovel":2,"Mummified Hand":[147],"Sundial":[0],"Tiny Chest":2,"MealTicket":30,"Prayer Wheel":0,"Kunai":[14],"InkBottle":[35],"counters":[31,93],"Golden Idol":262,"Self Forming Clay":[51],"PreservedInsect":961,"Charon\u0027s Ashes":[984],"Pen Nib":[8],"War Paint":["Limit Break","True Grit"],"Orichalcum":[6],"MawBank":192,"Bronze Scales":[152],"obtain_stats":[{"Ice Cream":28,"Gremlin Horn":53,"Vajra":1,"Whetstone":37,"Bottled Tornado":43,"Boot":10,"Old Coin":25,"Blood Vial":17,"Centennial Puzzle":35,"HornCleat":46,"Sundial":54,"Strawberry":21,"MealTicket":19,"Prayer Wheel":30,"Fusion Hammer":34,"Kunai":9,"Oddly Smooth Stone":31,"Charon\u0027s Ashes":11,"Pen Nib":27,"War Paint":45,"Akabeko":44,"Brimstone":37,"Bronze Scales":22,"Molten Egg 2":47,"Unceasing Top":0,"Pocketwatch":26,"Lantern":29,"Mango":8,"Incense Burner":0,"Bag of Preparation":48,"Ancient Tea Set":14,"PrismaticShard":29,"Smiling Mask":36,"ClockworkSouvenir":31,"Dream Catcher":24,"Nunchaku":37,"Shovel":41,"Mummified Hand":17,"Tiny Chest":18,"InkBottle":23,"Red Skull":31,"Potion Belt":38,"Golden Idol":5,"Self Forming Clay":55,"PreservedInsect":6,"Orichalcum":54,"MawBank":13,"Calling Bell":17,"Anchor":49,"Bag of Marbles":29,"Membership Card":54,"TungstenRod":17,"Toy Ornithopter":42},{"Ice Cream":16,"Gremlin Horn":29,"Vajra":1,"Whetstone":19,"Bottled Tornado":22,"Boot":4,"Old Coin":14,"Blood Vial":8,"Centennial Puzzle":19,"HornCleat":25,"Sundial":29,"Strawberry":11,"MealTicket":10,"Prayer Wheel":17,"Fusion Hammer":18,"Kunai":3,"Oddly Smooth Stone":17,"Charon\u0027s Ashes":5,"Pen Nib":15,"War Paint":24,"Akabeko":23,"Brimstone":19,"Bronze Scales":11,"Molten Egg 2":26,"Unceasing Top":0,"Pocketwatch":14,"Lantern":16,"Mango":3,"Incense Burner":0,"Bag of Preparation":27,"Ancient Tea Set":7,"PrismaticShard":16,"Smiling Mask":19,"ClockworkSouvenir":17,"Dream Catcher":13,"Nunchaku":19,"Shovel":21,"Mummified Hand":8,"Tiny Chest":9,"InkBottle":12,"Red Skull":17,"Potion Belt":20,"Golden Idol":1,"Self Forming Clay":30,"PreservedInsect":2,"Orichalcum":29,"MawBank":6,"Calling Bell":8,"Anchor":27,"Bag of Marbles":16,"Membership Card":29,"TungstenRod":8,"Toy Ornithopter":22},{"Ice Cream":49,"Gremlin Horn":87,"Vajra":3,"Whetstone":57,"Bottled Tornado":65,"Boot":16,"Old Coin":44,"Blood Vial":30,"Centennial Puzzle":57,"HornCleat":78,"Sundial":87,"Strawberry":38,"MealTicket":34,"Prayer Wheel":52,"Fusion Hammer":55,"Kunai":13,"Oddly Smooth Stone":52,"Charon\u0027s Ashes":21,"Pen Nib":45,"War Paint":75,"Akabeko":72,"Brimstone":57,"Bronze Scales":38,"Molten Egg 2":81,"Unceasing Top":0,"Pocketwatch":44,"Lantern":49,"Mango":13,"Incense Burner":0,"Bag of Preparation":82,"Ancient Tea Set":26,"PrismaticShard":49,"Smiling Mask":57,"ClockworkSouvenir":52,"Dream Catcher":41,"Nunchaku":57,"Shovel":63,"Mummified Hand":30,"Tiny Chest":33,"InkBottle":39,"Red Skull":52,"Potion Belt":62,"Golden Idol":3,"Self Forming Clay":89,"PreservedInsect":7,"Orichalcum":87,"MawBank":23,"Calling Bell":30,"Anchor":82,"Bag of Marbles":49,"Membership Card":87,"TungstenRod":30,"Toy Ornithopter":65}],"Unceasing Top":[65],"TungstenRod":105,"Toy Ornithopter":10,"Pocketwatch":[6]},"card_choices":[{"not_picked":["Impervious","Reaper"],"picked":"Feed","floor":6.0},{"not_picked":["Impervious","Feed"],"picked":"Limit Break","floor":8.0},{"not_picked":["Feed","Immolate"],"picked":"Brutality","floor":10.0},{"not_picked":["Bludgeon","Offering"],"picked":"Immolate","floor":11.0},{"not_picked":["Barricade","Offering"],"picked":"Corruption","floor":13.0},{"not_picked":["Immolate","Offering"],"picked":"Fiend Fire","floor":14.0},{"not_picked":["Demon Form","Corruption"],"picked":"Offering","floor":16.0},{"not_picked":["Offering","Double Tap"],"picked":"Impervious","floor":23.0},{"not_picked":["Impervious","Corruption"],"picked":"Brutality","floor":24.0},{"not_picked":["Feed","Fiend Fire"],"picked":"Limit Break","floor":25.0},{"not_picked":["Juggernaut","Berserk"],"picked":"Fiend Fire","floor":27},{"not_picked":["Brutality","Bludgeon"],"picked":"Double Tap","floor":28},{"not_picked":["Limit Break","ConjureBlade"],"picked":"Reaper","floor":30},{"not_picked":["Worship","EmptyMind"],"picked":"Go for the Eyes","floor":32},{"not_picked":["HandOfGreed","Multi-Cast"],"picked":"Reboot","floor":33},{"not_picked":["DeusExMachina","Mayhem"],"picked":"Creative AI","floor":41},{"not_picked":["Judgement","Panache"],"picked":"LessonLearned","floor":42},{"not_picked":["Amplify","Panache"],"picked":"Reaper","floor":44},{"not_picked":["The Bomb","HandOfGreed","Hyperbeam"],"picked":"SKIP","floor":46},{"not_picked":["Biased Cognition","Grand Finale+1"],"picked":"Apotheosis","floor":47},{"not_picked":["Electrodynamics","Doppelganger"],"picked":"Corpse Explosion","floor":48},{"not_picked":["Doppelganger","Demon Form"],"picked":"Apotheosis","floor":55}],"player_experience":3989048,"relics_obtained":[{"floor":1.0,"key":"Vajra"},{"floor":6.0,"key":"PreservedInsect"},{"floor":8.0,"key":"Mango"},{"floor":9.0,"key":"Kunai"},{"floor":10.0,"key":"Boot"},{"floor":11.0,"key":"Charon\u0027s Ashes"},{"floor":13.0,"key":"MawBank"},{"floor":14.0,"key":"Ancient Tea Set"},{"floor":17.0,"key":"TungstenRod"},{"floor":17.0,"key":"Mummified Hand"},{"floor":17.0,"key":"Blood Vial"},{"floor":18.0,"key":"Tiny Chest"},{"floor":19.0,"key":"MealTicket"},{"floor":21.0,"key":"Strawberry"},{"floor":22.0,"key":"Bronze Scales"},{"floor":23.0,"key":"InkBottle"},{"floor":24.0,"key":"Dream Catcher"},{"floor":25.0,"key":"Old Coin"},{"floor":26.0,"key":"Pocketwatch"},{"floor":27,"key":"Pen Nib"},{"floor":28,"key":"Ice Cream"},{"floor":30,"key":"Prayer Wheel"},{"floor":35,"key":"Centennial Puzzle"},{"floor":36,"key":"Smiling Mask"},{"floor":38,"key":"Potion Belt"},{"floor":41,"key":"Shovel"},{"floor":42,"key":"Toy Ornithopter"},{"floor":43,"key":"Bottled Tornado"},{"floor":44,"key":"Akabeko"},{"floor":45,"key":"War Paint"},{"floor":46,"key":"HornCleat"},{"floor":47,"key":"Molten Egg 2"},{"floor":48,"key":"Bag of Preparation"},{"floor":49,"key":"Anchor"},{"floor":53,"key":"Gremlin Horn"},{"floor":55,"key":"Self Forming Clay"}],"event_choices":[{"cards_removed":["Ghostly Armor"],"damage_healed":0.0,"max_hp_gain":0.0,"max_hp_loss":0.0,"gold_gain":0.0,"event_name":"Golden Wing","player_choice":"Card Removal","floor":3.0,"gold_loss":0.0,"damage_taken":7.0},{"damage_healed":0.0,"max_hp_gain":0.0,"max_hp_loss":0.0,"gold_gain":150.0,"event_name":"Liars Game","player_choice":"AGREE","floor":4.0,"gold_loss":0.0,"damage_taken":0.0,"cards_obtained":["Doubt"]},{"damage_healed":0.0,"max_hp_gain":0.0,"max_hp_loss":0.0,"gold_gain":0.0,"event_name":"Golden Idol","player_choice":"Take Damage","floor":5.0,"gold_loss":0.0,"damage_taken":26.0,"relics_obtained":["Golden Idol"]},{"damage_healed":0.0,"max_hp_gain":0.0,"max_hp_loss":0.0,"gold_gain":0.0,"event_name":"The Library","player_choice":"Read","floor":20.0,"gold_loss":0.0,"damage_taken":0.0,"cards_obtained":["Feel No Pain"]}],"is_beta":false,"boss_relics":[{"not_picked":["Runic Dome","Ectoplasm"],"picked":"Calling Bell"},{"not_picked":["Astrolabe","Empty Cage"],"picked":"Fusion Hammer"}],"items_purged_floors":[2,29,37],"is_endless":false,"potions_floor_spawned":[1,10,11,16,21,24,25,28,30,33,38,42,47],"ascension_level":20}}