{"host":"7ij4m6ehapfophuy","time":1613351643,"event":{"mods":["BaseMod","Bestiary","Curses Come First","Filter the Spire","Minty Spire (QoL Compilation)","Relic Stats","StSLib","ojb\u0027s Better Paths Mod"],"gold_per_floor":[116,116,136,154,25,25,56,66,115,144,162,162,193,207,207,283,283,299,318,318,6,23,23,54,54,54,71,71,96,12,29,29,101,101,115,440,440,460,29,29,60,71,96,96,112,164,164,59,59,59,59,59,59,4,38,38],"floor_reached":57,"language":"ENG","playtime":5488,"items_purged":["Strike_B","Strike_B"],"score":2830,"play_id":"3f13e0d0-c27e-455f-92f6-368ae2f2746f","local_time":"20210214201403","is_ascension_mode":true,"campfire_choices":[{"data":"Dualcast","floor":6.0,"key":"SMITH"},{"data":"Zap","floor":12.0,"key":"SMITH"},{"data":"Biased Cognition","floor":15.0,"key":"SMITH"},{"data":"FTL","floor":23.0,"key":"SMITH"},{"floor":25.0,"key":"REST"},{"data":"Thunder Strike","floor":28.0,"key":"SMITH"},{"data":"FTL","floor":32.0,"key":"SMITH"},{"floor":40.0,"key":"RECALL"},{"floor":44.0,"key":"REST"},{"floor":49.0,"key":"REST"},{"floor":53.0,"key":"REST"}],"circlet_count":0,"master_deck":["AscendersBane","Strike_B","Strike_B","Defend_B","Defend_B","Defend_B","Defend_B","Zap+1","Dualcast+1","Sweeping Beam","FTL+1","Compile Driver","Tempest+1","Biased Cognition+1","Compile Driver","Glacier+1","Conserve Battery+1","FTL+1","Aggregate+1","Thunder Strike+1","Stack+1","Turbo+1","Apotheosis+1","Coolheaded+1","Tempest+1","Chill+1","Auto Shields+1","Double Energy+1","Genetic Algorithm+1","Steam Power+1","Echo Form","Compile Driver","Turbo+1","Madness+1","Madness+1","Recycle+1","Consume+1","Undo+1","Tempest+1","Blind+1","Hologram+1"],"relics":["Cracked Core","Bag of Marbles","Toxic Egg 2","Boot","Omamori","Lizard Tail","Matryoshka","Inserter","Unceasing Top","Mummified Hand","Question Card","MealTicket","Nuclear Battery","Old Coin","Blood Vial","DataDisk","Blue Candle","Thread and Needle","InkBottle","Art of War"],"acts_visited":["Exordium","TheCity","TheBeyond","TheEnding"],"potions_floor_usage":[56],"damage_taken":[{"damage":4.0,"enemies":"Jaw Worm","floor":1.0,"turns":4.0},{"damage":0.0,"enemies":"Cultist","floor":3.0,"turns":3.0},{"damage":2.0,"enemies":"2 Louse","floor":4.0,"turns":2.0},{"damage":0.0,"enemies":"Gremlin Nob","floor":7.0,"turns":2.0},{"damage":0.0,"enemies":"Gremlin Gang","floor":8.0,"turns":3.0},{"damage":25.0,"enemies":"Lagavulin","floor":10.0,"turns":6.0},{"damage":6.0,"enemies":"Exordium Wildlife","floor":11.0,"turns":2.0},{"damage":11.0,"enemies":"Gremlin Nob","floor":13.0,"turns":3.0},{"damage":0.0,"enemies":"3 Louse","floor":14.0,"turns":2.0},{"damage":12.0,"enemies":"Hexaghost","floor":16.0,"turns":9.0},{"damage":0.0,"enemies":"3 Byrds","floor":18.0,"turns":3.0},{"damage":2.0,"enemies":"Shell Parasite","floor":19.0,"turns":4.0},{"damage":10.0,"enemies":"Sentry and Sphere","floor":22.0,"turns":4.0},{"damage":13.0,"enemies":"Gremlin Leader","floor":24.0,"turns":4.0},{"damage":4.0,"enemies":"3 Cultists","floor":27.0,"turns":4.0},{"damage":0.0,"enemies":"Slavers","floor":29.0,"turns":4.0},{"damage":10.0,"enemies":"Snecko","floor":31.0,"turns":4.0},{"damage":44.0,"enemies":"Automaton","floor":33.0,"turns":12.0},{"damage":4.0,"enemies":"Orb Walker","floor":35.0,"turns":2.0},{"damage":0.0,"enemies":"Mind Bloom Boss Battle","floor":36.0,"turns":3.0},{"damage":19.0,"enemies":"3 Shapes","floor":38.0,"turns":3.0},{"damage":20.0,"enemies":"Nemesis","floor":41.0,"turns":7.0},{"damage":12.0,"enemies":"Spire Growth","floor":42.0,"turns":3.0},{"damage":18.0,"enemies":"Jaw Worm Horde","floor":45.0,"turns":3.0},{"damage":0.0,"enemies":"2 Orb Walkers","floor":46.0,"turns":3.0},{"damage":5.0,"enemies":"Awakened One","floor":50.0,"turns":9.0},{"damage":82.0,"enemies":"Time Eater","floor":51.0,"turns":16.0},{"damage":0.0,"enemies":"Shield and Spear","floor":55.0,"turns":5.0},{"damage":70,"enemies":"The Heart","floor":56,"turns":8}],"seed_played":"5627914701747051793","potions_obtained":[{"floor":1.0,"key":"Regen Potion"},{"floor":4.0,"key":"DistilledChaos"},{"floor":7.0,"key":"GamblersBrew"},{"floor":10.0,"key":"Explosive Potion"},{"floor":13.0,"key":"FocusPotion"},{"floor":19.0,"key":"EssenceOfDarkness"},{"floor":24.0,"key":"FocusPotion"},{"floor":38.0,"key":"PowerPotion"},{"floor":42.0,"key":"SkillPotion"}],"is_trial":false,"path_per_floor":["M","?","M","M","$","R","E","M","T","E","M","R","E","M","R","B",null,"M","M","?","$","M","R","E","R","T","M","R","E","$","M","R","B",null,"M","?","?","M","$","R","E","M","T","R","M","?","T","$","R","B","B",null,"R","$","E","B",null],"character_chosen":"DEFECT","items_purchased":["Explosive Potion","Tempest+1","Apotheosis+1","Coolheaded+1","Genetic Algorithm+1","Consume+1","Blood Vial","EssenceOfSteel","Blind+1","SkillPotion"],"campfire_rested":4,"item_purchase_floors":[5,5,21,21,30,39,39,39,48,54],"current_hp_per_floor":[60,60,60,58,58,58,58,58,58,33,27,27,16,16,16,4,54,54,52,52,52,42,42,29,50,50,46,46,46,61,51,51,7,55,51,51,38,19,34,34,16,6,6,27,11,13,13,28,49,46,7,55,71,71,71,1],"gold":38,"neow_bonus":"RANDOM_COMMON_RELIC","is_daily":false,"chose_seed":false,"campfire_upgraded":6,"win_rate":0.0,"timestamp":1613351643,"path_taken":["M","?","M","M","$","R","E","M","T","E","M","R","E","?","R","BOSS","M","?","?","$","M","R","E","R","T","?","R","E","$","M","R","BOSS","M","?","?","M","?","R","E","M","T","R","M","?","?","$","R","BOSS","BOSS","R","$","E","BOSS"],"items_purchased_type":["Potion","Card","Card","Card","Card","Card","Relic","Potion","Card","Potion"],"build_version":"2020-12-22","purchased_purges":2,"victory":true,"max_hp_per_floor":[71,71,71,71,71,71,71,71,71,71,71,71,71,71,71,71,71,71,71,71,71,71,71,71,71,71,71,71,71,71,71,71,71,71,71,71,71,71,71,71,71,71,71,71,71,71,71,71,71,71,71,71,71,71,71,71],"relic_stats":{"Inserter":[50],"counters":[29,137],"Blue Candle":[0],"Boot":[64],"Question Card":12,"Blood Vial":12,"Lizard Tail":35,"Mummified Hand":[24],"MealTicket":45,"Art of War":[3],"obtain_stats":[{"Inserter":17,"Blue Candle":43,"Thread and Needle":46,"Omamori":9,"Boot":7,"Question Card":26,"Nuclear Battery":34,"Old Coin":36,"Blood Vial":39,"Lizard Tail":10,"DataDisk":41,"Matryoshka":13,"Mummified Hand":26,"MealTicket":29,"Bag of Marbles":0,"Art of War":55,"Toxic Egg 2":2,"Cracked Core":0,"Unceasing Top":24,"InkBottle":47},{"Inserter":10,"Blue Candle":23,"Thread and Needle":25,"Omamori":5,"Boot":4,"Question Card":14,"Nuclear Battery":18,"Old Coin":20,"Blood Vial":21,"Lizard Tail":6,"DataDisk":22,"Matryoshka":8,"Mummified Hand":14,"MealTicket":16,"Bag of Marbles":0,"Art of War":28,"Toxic Egg 2":1,"Cracked Core":0,"Unceasing Top":14,"InkBottle":25},{"Inserter":36,"Blue Candle":93,"Thread and Needle":99,"Omamori":14,"Boot":11,"Question Card":51,"Nuclear Battery":75,"Old Coin":80,"Blood Vial":83,"Lizard Tail":20,"DataDisk":90,"Matryoshka":25,"Mummified Hand":51,"MealTicket":59,"Bag of Marbles":0,"Art of War":129,"Toxic Egg 2":4,"Cracked Core":0,"Unceasing Top":51,"InkBottle":99}],"Unceasing Top":[49],"InkBottle":[24]},"card_choices":[{"not_picked":["Chill","Static Discharge"],"picked":"Sweeping Beam","floor":1.0},{"not_picked":["Stack+1","Darkness+1"],"picked":"FTL","floor":3.0},{"not_picked":["Darkness+1","Redo+1"],"picked":"Compile Driver","floor":4.0},{"not_picked":["Beam Cell","Streamline"],"picked":"Biased Cognition","floor":7.0},{"not_picked":["Sweeping Beam","Go for the Eyes"],"picked":"Compile Driver","floor":8.0},{"not_picked":["Defragment","Rip and Tear"],"picked":"Glacier+1","floor":10.0},{"not_picked":["Leap+1","Static Discharge"],"picked":"Conserve Battery+1","floor":11.0},{"not_picked":["Gash","Rip and Tear"],"picked":"FTL","floor":13.0},{"not_picked":["Go for the Eyes","Beam Cell"],"picked":"Aggregate+1","floor":14.0},{"not_picked":["Buffer","Multi-Cast+1"],"picked":"Thunder Strike","floor":16.0},{"not_picked":["Cold Snap","Lockon"],"picked":"Stack+1","floor":18.0},{"not_picked":["Beam Cell","Barrage+1"],"picked":"Turbo+1","floor":19.0},{"not_picked":["Rebound","Go for the Eyes"],"picked":"Tempest+1","floor":22.0},{"not_picked":["Sweeping Beam","Tempest+1"],"picked":"Chill+1","floor":24.0},{"not_picked":["Steam+1","Gash","Sweeping Beam"],"picked":"Auto Shields+1","floor":27.0},{"not_picked":["Aggregate+1","Redo+1","Amplify+1"],"picked":"Double Energy+1","floor":29.0},{"not_picked":["Cold Snap","White Noise+1","Beam Cell"],"picked":"Steam Power+1","floor":31.0},{"not_picked":["Hyperbeam","Machine Learning","Reboot+1"],"picked":"Echo Form","floor":33.0},{"not_picked":["Ball Lightning+1","Rebound+1","Steam+1"],"picked":"Compile Driver","floor":35.0},{"not_picked":["Compile Driver+1","Stack+1","Redo+1"],"picked":"Turbo+1","floor":36.0},{"not_picked":["Self Repair","Redo+1","Beam Cell"],"picked":"Recycle+1","floor":38.0},{"not_picked":["Force Field+1","Gash","Self Repair+1"],"picked":"Undo+1","floor":41.0},{"not_picked":["Reinforced Body+1","Scrape","Amplify+1","Force Field+1"],"picked":"SKIP","floor":42.0},{"not_picked":["Go for the Eyes","Turbo+1","Gash+1","Sweeping Beam"],"picked":"SKIP","floor":45.0},{"not_picked":["All For One","Stack+1","Steam Power+1"],"picked":"Tempest+1","floor":46.0},{"not_picked":["Beam Cell+1","Rainbow+1","Rip and Tear+1"],"picked":"Hologram+1","floor":55.0}],"player_experience":1122848,"relics_obtained":[{"floor":7.0,"key":"Boot"},{"floor":9.0,"key":"Omamori"},{"floor":10.0,"key":"Lizard Tail"},{"floor":13.0,"key":"Matryoshka"},{"floor":24.0,"key":"Unceasing Top"},{"floor":26.0,"key":"Mummified Hand"},{"floor":26.0,"key":"Question Card"},{"floor":29.0,"key":"MealTicket"},{"floor":36.0,"key":"Old Coin"},{"floor":41.0,"key":"DataDisk"},{"floor":43.0,"key":"Blue Candle"},{"floor":46.0,"key":"Thread and Needle"},{"floor":47.0,"key":"InkBottle"},{"floor":55.0,"key":"Art of War"}],"event_choices":[{"damage_healed":0.0,"max_hp_gain":0.0,"max_hp_loss":0.0,"gold_gain":0.0,"event_name":"WeMeetAgain","player_choice":"Gave Potion","floor":2.0,"gold_loss":0.0,"damage_taken":0.0,"relics_obtained":["Toxic Egg 2"]},{"damage_healed":0.0,"max_hp_gain":0.0,"max_hp_loss":0.0,"gold_gain":0.0,"event_name":"Lab","player_choice":"Got Potions","floor":20.0,"gold_loss":0.0,"damage_taken":0.0},{"damage_healed":0.0,"max_hp_gain":0.0,"max_hp_loss":0.0,"gold_gain":0.0,"event_name":"MindBloom","player_choice":"Fight","floor":36.0,"gold_loss":0.0,"damage_taken":0.0},{"damage_healed":0.0,"max_hp_gain":0.0,"max_hp_loss":0.0,"gold_gain":0.0,"event_name":"Winding Halls","player_choice":"Embrace Madness","floor":37.0,"gold_loss":0.0,"damage_taken":13.0,"cards_obtained":["Madness","Madness"]},{"damage_healed":0.0,"max_hp_gain":0.0,"max_hp_loss":0.0,"gold_gain":0.0,"event_name":"Mysterious Sphere","player_choice":"Fight","floor":46.0,"gold_loss":0.0,"damage_taken":0.0}],"is_beta":false,"boss_relics":[{"not_picked":["Empty Cage","Tiny House"],"picked":"Inserter"},{"not_picked":["Sozu","Philosopher\u0027s Stone"],"picked":"Nuclear Battery"}],"items_purged_floors":[21,39],"is_endless":false,"potions_floor_spawned":[1,4,7,10,13,19,24,27,38,41,42],"ascension_level":20}}