{"host":"y4fuci1jk2rsxnep","time":1613394067,"event":{"mods":["AchievementEnabler","BaseMod","Colored Powertips","Custom Start","Defuse TimeMaze Blight","Dio Mod","Downfall","Hermit","Hero for Fun","Hubris","Hunter ??","Infinite Spire","Minty Spire (QoL Compilation)","Quick Restart","Reliquary","Remove Card Discount Mod","Replay The Spire","StSLib","The Blackbeard","The Bug Knight","The Mystic","The Runesmith"],"gold_per_floor":[110,130,145,165,177,210,385,385,385],"floor_reached":8,"language":"ENG","playtime":1601,"items_purged":[],"score":60,"play_id":"356bf25d-2a15-4152-a8fa-7a799ed1b747","local_time":"20210215140107","daily_mods":["Heirloom","Time Dilation","Flight"],"is_ascension_mode":false,"campfire_choices":[],"circlet_count":0,"master_deck":["hermit:Strike_Hermit","hermit:Strike_Hermit","hermit:Strike_Hermit","hermit:Strike_Hermit","hermit:Defend_Hermit","hermit:Defend_Hermit","hermit:Defend_Hermit","hermit:Defend_Hermit","hermit:Snapshot","hermit:Covet","hermit:Misfire","hermit:Snipe","hermit:Grudge","hermit:Enervate","hermit:Midnight","Doubt"],"relics":["hermit:Momento","replay:Trail_Library","mysticmod:CrystalBall","Girya","Durian"],"acts_visited":["Exordium"],"potions_floor_usage":[],"damage_taken":[{"damage":6,"enemies":"2 Louse","floor":1,"turns":3},{"damage":7,"enemies":"Small Slimes","floor":2,"turns":2},{"damage":1,"enemies":"Cultist","floor":3,"turns":3},{"damage":9,"enemies":"Blue Slaver","floor":4,"turns":3},{"damage":0,"enemies":"Large Slime","floor":5,"turns":3},{"damage":21,"enemies":"3 Sentries","floor":6,"turns":6},{"damage":37,"enemies":"Gremlin Nob","floor":8,"turns":4}],"seed_played":"5032561946638212433","potions_obtained":[{"floor":1,"key":"Venom Potion"},{"floor":3,"key":"Venom Potion"},{"floor":4,"key":"hermit:Eclipse"},{"floor":6,"key":"DistilledChaos"}],"is_trial":true,"path_per_floor":["M","M","M","M","M","E","?","E"],"character_chosen":"HERMIT","items_purchased":[],"campfire_rested":0,"item_purchase_floors":[],"current_hp_per_floor":[69,62,61,52,52,36,36,0,0],"gold":385,"neow_bonus":"","is_daily":false,"chose_seed":false,"campfire_upgraded":0,"win_rate":0.0,"timestamp":1613394067,"path_taken":["M","M","M","M","M","E","?","E"],"items_purchased_type":[],"build_version":"2020-12-22","purchased_purges":0,"victory":false,"max_hp_per_floor":[75,75,75,75,75,80,80,80,80],"card_choices":[{"not_picked":["hermit:Grudge","hermit:TrackingShot"],"picked":"hermit:Misfire","floor":1},{"not_picked":["hermit:ItchyTrigger","hermit:Dive"],"picked":"hermit:Snipe","floor":2},{"not_picked":["hermit:Showdown","hermit:HighCaliber","hermit:HighNoon"],"picked":"SKIP","floor":3},{"not_picked":["hermit:HoleUp","hermit:CursedWeapon"],"picked":"hermit:Grudge","floor":4},{"not_picked":["hermit:Feint","hermit:Glare"],"picked":"hermit:Enervate","floor":5},{"not_picked":["hermit:HighCaliber","hermit:Feint"],"picked":"hermit:Midnight","floor":6}],"player_experience":567251,"relics_obtained":[{"floor":6,"key":"Durian"}],"event_choices":[{"damage_healed":0,"gold_gain":175,"player_choice":"AGREE","damage_taken":0,"max_hp_gain":0,"max_hp_loss":0,"event_name":"Liars Game","floor":7,"gold_loss":0,"cards_obtained":["Doubt"]}],"is_beta":false,"boss_relics":[],"items_purged_floors":[],"is_endless":false,"potions_floor_spawned":[1,3,4,6],"killed_by":"Gremlin Nob","ascension_level":0}}