{"host":"52m1o8iwwagurbjs","time":1613355136,"event":{"mods":["AchievementEnabler","BaseMod","Bestiary","Challenge The Spire","Colored Powertips","GifTheSpireLib","Minty Spire (QoL Compilation)","Quick Restart","Relic Stats","StSLib"],"gold_per_floor":[109,109,119,142,159,184,244,244,313,40,53,53,85,102,102,204,204,220,220,36,36,47,80,80,106,106,106,206,206,222,222,222,319,319,338,355,50,100,100,100,134,134,182,182,193,223,8,8,8,8,8,8,8,43,43],"floor_reached":56,"language":"ENG","playtime":1886,"items_purged":["Strike_R","Strike_R"],"score":1451,"play_id":"ab1483b4-aff6-4d87-9808-bebadd7e3692","local_time":"20210214211216","is_ascension_mode":true,"campfire_choices":[{"data":"True Grit","floor":8.0,"key":"SMITH"},{"data":"Combust","floor":12.0,"key":"SMITH"},{"data":"Combust","floor":15.0,"key":"SMITH"},{"data":"Dark Embrace","floor":24.0,"key":"SMITH"},{"floor":27.0,"key":"REST"},{"data":"True Grit","floor":29.0,"key":"SMITH"},{"data":"Corruption","floor":32.0,"key":"SMITH"},{"floor":40.0,"key":"DIG"},{"floor":42.0,"key":"RECALL"},{"floor":44.0,"key":"DIG"},{"floor":49.0,"key":"DIG"},{"floor":52.0,"key":"DIG"}],"circlet_count":0,"master_deck":["Strike_R","Strike_R","Strike_R","Defend_R+1","Defend_R","Defend_R","Defend_R","Bash+1","Anger+1","Combust+1","True Grit+1","Combust+1","Ghostly Armor+1","Twin Strike","Cleave","Corruption+1","True Grit+1","Dark Embrace+1","Shrug It Off","Shockwave","Spot Weakness","Impervious","Dual Wield+1","Offering","Shrug It Off","Juggernaut","Rupture","Shrug It Off","Dropkick"],"relics":["Burning Blood","NeowsBlessing","Omamori","Toy Ornithopter","Letter Opener","Shuriken","PreservedInsect","Pocketwatch","Black Star","Red Skull","Ginger","Centennial Puzzle","Anchor","Sundial","Unceasing Top","Kunai","Fusion Hammer","Membership Card","War Paint","Shovel","InkBottle","Bronze Scales","Pear","Happy Flower","Bag of Preparation","Girya","MealTicket","FossilizedHelix","WarpedTongs","Mercury Hourglass","Bottled Flame","Eternal Feather","Art of War"],"acts_visited":["Exordium","TheCity","TheBeyond","TheEnding"],"potions_floor_usage":[55,55],"damage_taken":[{"damage":0.0,"enemies":"Small Slimes","floor":1.0,"turns":1.0},{"damage":0.0,"enemies":"Jaw Worm","floor":3.0,"turns":1.0},{"damage":0.0,"enemies":"2 Louse","floor":5.0,"turns":1.0},{"damage":17.0,"enemies":"Gremlin Nob","floor":6.0,"turns":3.0},{"damage":23.0,"enemies":"3 Sentries","floor":7.0,"turns":3.0},{"damage":5.0,"enemies":"Looter","floor":11.0,"turns":3.0},{"damage":18.0,"enemies":"Lagavulin","floor":13.0,"turns":4.0},{"damage":0.0,"enemies":"Exordium Thugs","floor":14.0,"turns":4.0},{"damage":11.0,"enemies":"Slime Boss","floor":16.0,"turns":6.0},{"damage":21.0,"enemies":"Shell Parasite","floor":18.0,"turns":6.0},{"damage":13.0,"enemies":"Chosen","floor":22.0,"turns":4.0},{"damage":32.0,"enemies":"Slavers","floor":23.0,"turns":4.0},{"damage":12.0,"enemies":"Book of Stabbing","floor":25.0,"turns":4.0},{"damage":3.0,"enemies":"Colosseum Slavers","floor":28.0,"turns":5.0},{"damage":3.0,"enemies":"Colosseum Nobs","floor":28.0,"turns":3.0},{"damage":9.0,"enemies":"Centurion and Healer","floor":30.0,"turns":5.0},{"damage":1.0,"enemies":"Shelled Parasite and Fungi","floor":31.0,"turns":2.0},{"damage":65.0,"enemies":"Collector","floor":33.0,"turns":10.0},{"damage":1.0,"enemies":"3 Darklings","floor":35.0,"turns":3.0},{"damage":16.0,"enemies":"3 Shapes","floor":36.0,"turns":5.0},{"damage":24.0,"enemies":"Mind Bloom Boss Battle","floor":38.0,"turns":3.0},{"damage":6.0,"enemies":"Giant Head","floor":41.0,"turns":5.0},{"damage":6.0,"enemies":"3 Darklings","floor":45.0,"turns":3.0},{"damage":7.0,"enemies":"Reptomancer","floor":46.0,"turns":3.0},{"damage":60.0,"enemies":"Donu and Deca","floor":50.0,"turns":6.0},{"damage":63.0,"enemies":"Shield and Spear","floor":54.0,"turns":4.0},{"damage":39,"enemies":"The Heart","floor":55,"turns":8}],"seed_played":"-2479585343251456426","potions_obtained":[{"floor":1.0,"key":"DistilledChaos"},{"floor":3.0,"key":"Explosive Potion"},{"floor":11.0,"key":"Fire Potion"},{"floor":14.0,"key":"Ancient Potion"},{"floor":19.0,"key":"ElixirPotion"},{"floor":19.0,"key":"Explosive Potion"},{"floor":23.0,"key":"SmokeBomb"},{"floor":41.0,"key":"ColorlessPotion"},{"floor":46.0,"key":"LiquidMemories"},{"floor":54.0,"key":"LiquidMemories"}],"is_trial":false,"path_per_floor":["M","?","M","T","M","E","?","R","T","$","M","R","E","M","R","B",null,"M","?","$","T","M","E","R","E","T","R","?","R","M","M","R","B",null,"M","M","$","?","?","R","E","R","T","R","M","E","$","?","R","B",null,"R","$","E","B",null],"character_chosen":"IRONCLAD","items_purchased":["Twin Strike","PreservedInsect","Dark Embrace","Shrug It Off","Shockwave","Membership Card","War Paint","Block Potion","FossilizedHelix","Shrug It Off","Dropkick"],"campfire_rested":1,"item_purchase_floors":[10,10,20,20,20,37,37,37,47,47,47],"current_hp_per_floor":[80,64,70,70,76,65,53,53,53,53,54,54,47,53,53,48,80,65,65,65,65,58,37,37,31,31,55,66,66,63,73,73,14,80,80,70,70,57,57,57,67,67,67,67,72,71,86,86,86,36,90,90,90,33,10],"gold":43,"neow_bonus":"THREE_ENEMY_KILL","is_daily":false,"chose_seed":false,"campfire_upgraded":6,"win_rate":0.0,"timestamp":1613355136,"path_taken":["M","?","M","?","M","E","?","R","T","?","M","R","E","M","R","BOSS","M","?","$","?","M","E","R","E","T","R","?","R","M","M","R","BOSS","M","M","$","?","?","R","E","R","T","R","?","E","?","?","R","BOSS","R","$","E","BOSS"],"items_purchased_type":["Card","Relic","Card","Card","Card","Relic","Relic","Potion","Relic","Card","Card"],"build_version":"2020-12-22","purchased_purges":2,"victory":true,"max_hp_per_floor":[80,80,80,80,80,80,80,80,80,80,80,80,80,80,80,80,80,80,80,80,80,80,80,80,80,80,80,80,80,80,80,80,80,80,80,80,80,80,80,80,90,90,90,90,90,90,90,90,90,90,90,90,90,90,90],"relic_stats":{"Bag of Preparation":[10],"Ginger":[9],"Burning Blood":151,"Centennial Puzzle":[42],"Shovel":4,"Sundial":[18],"MealTicket":15,"Kunai":[34],"InkBottle":[21],"Happy Flower":[8],"counters":[27,109],"Eternal Feather":0,"PreservedInsect":397,"Letter Opener":[393],"War Paint":["Defend_R","Ghostly Armor"],"WarpedTongs":[17],"Mercury Hourglass":[63],"Shuriken":[44],"Bronze Scales":[125],"Black Star":5,"Art of War":[1],"obtain_stats":[{"Bag of Preparation":44,"Ginger":23,"Burning Blood":0,"Centennial Puzzle":25,"Shovel":38,"Sundial":26,"MealTicket":46,"Fusion Hammer":34,"Kunai":28,"Red Skull":23,"InkBottle":40,"Girya":46,"Pear":41,"NeowsBlessing":0,"Happy Flower":43,"Eternal Feather":54,"PreservedInsect":10,"Omamori":4,"Letter Opener":7,"War Paint":37,"WarpedTongs":48,"Mercury Hourglass":49,"Anchor":25,"Bottled Flame":52,"Shuriken":9,"Bronze Scales":41,"Black Star":17,"Art of War":54,"Membership Card":37,"Toy Ornithopter":6,"Unceasing Top":28,"FossilizedHelix":47,"Pocketwatch":13},{"Bag of Preparation":22,"Ginger":12,"Burning Blood":0,"Centennial Puzzle":13,"Shovel":21,"Sundial":13,"MealTicket":24,"Fusion Hammer":18,"Kunai":15,"Red Skull":12,"InkBottle":21,"Girya":24,"Pear":22,"NeowsBlessing":0,"Happy Flower":22,"Eternal Feather":26,"PreservedInsect":5,"Omamori":2,"Letter Opener":5,"War Paint":20,"WarpedTongs":24,"Mercury Hourglass":24,"Anchor":13,"Bottled Flame":25,"Shuriken":5,"Bronze Scales":22,"Black Star":9,"Art of War":26,"Membership Card":20,"Toy Ornithopter":4,"Unceasing Top":15,"FossilizedHelix":24,"Pocketwatch":7},{"Bag of Preparation":85,"Ginger":40,"Burning Blood":0,"Centennial Puzzle":44,"Shovel":80,"Sundial":44,"MealTicket":91,"Fusion Hammer":69,"Kunai":52,"Red Skull":40,"InkBottle":80,"Girya":91,"Pear":85,"NeowsBlessing":0,"Happy Flower":85,"Eternal Feather":101,"PreservedInsect":9,"Omamori":2,"Letter Opener":9,"War Paint":77,"WarpedTongs":91,"Mercury Hourglass":91,"Anchor":44,"Bottled Flame":97,"Shuriken":9,"Bronze Scales":85,"Black Star":26,"Art of War":101,"Membership Card":77,"Toy Ornithopter":6,"Unceasing Top":52,"FossilizedHelix":91,"Pocketwatch":16}],"Toy Ornithopter":49,"Unceasing Top":[14],"Pocketwatch":[80]},"card_choices":[{"not_picked":["Disarm","Shrug It Off"],"picked":"Anger","floor":1.0},{"not_picked":["Thunderclap","Warcry"],"picked":"Combust","floor":3.0},{"not_picked":["Twin Strike","Pommel Strike"],"picked":"True Grit","floor":5.0},{"not_picked":["Infernal Blade","Double Tap"],"picked":"Combust","floor":6.0},{"not_picked":["Armaments","Shrug It Off"],"picked":"Ghostly Armor","floor":7.0},{"not_picked":["True Grit","Body Slam"],"picked":"Cleave","floor":11.0},{"not_picked":["Body Slam","Headbutt","Whirlwind"],"picked":"SKIP","floor":13.0},{"not_picked":["Clothesline","Cleave","Seeing Red"],"picked":"SKIP","floor":14.0},{"not_picked":["Reaper","Immolate"],"picked":"Corruption","floor":16.0},{"not_picked":["Perfected Strike","Twin Strike"],"picked":"True Grit","floor":18.0},{"not_picked":["Combust","Dark Embrace+1","Clash"],"picked":"SKIP","floor":22.0},{"not_picked":["Anger+1","Wild Strike"],"picked":"Spot Weakness","floor":23.0},{"not_picked":["Anger","Headbutt"],"picked":"Impervious","floor":25.0},{"not_picked":["Twin Strike+1","Brutality"],"picked":"Dual Wield+1","floor":30.0},{"not_picked":["Corruption","Exhume"],"picked":"Offering","floor":33.0},{"not_picked":["Anger+1","Headbutt"],"picked":"Shrug It Off","floor":35.0},{"not_picked":["True Grit+1","Twin Strike","Heavy Blade"],"picked":"SKIP","floor":36.0},{"not_picked":["Clash","Shrug It Off+1"],"picked":"Juggernaut","floor":38.0},{"not_picked":["Sever Soul","Clash","Flex"],"picked":"SKIP","floor":41.0},{"not_picked":["Pommel Strike+1","Havoc","Flex+1"],"picked":"SKIP","floor":45.0},{"not_picked":["Juggernaut","Anger+1"],"picked":"Rupture","floor":46.0},{"not_picked":["Wild Strike","Anger","Sever Soul"],"picked":"SKIP","floor":54.0}],"player_experience":1362111,"relics_obtained":[{"floor":4.0,"key":"Omamori"},{"floor":6.0,"key":"Toy Ornithopter"},{"floor":7.0,"key":"Letter Opener"},{"floor":9.0,"key":"Shuriken"},{"floor":13.0,"key":"Pocketwatch"},{"floor":23.0,"key":"Red Skull"},{"floor":23.0,"key":"Ginger"},{"floor":25.0,"key":"Centennial Puzzle"},{"floor":25.0,"key":"Anchor"},{"floor":26.0,"key":"Sundial"},{"floor":28.0,"key":"Unceasing Top"},{"floor":28.0,"key":"Kunai"},{"floor":38.0,"key":"Shovel"},{"floor":40.0,"key":"InkBottle"},{"floor":41.0,"key":"Bronze Scales"},{"floor":41.0,"key":"Pear"},{"floor":43.0,"key":"Happy Flower"},{"floor":44.0,"key":"Bag of Preparation"},{"floor":46.0,"key":"Girya"},{"floor":46.0,"key":"MealTicket"},{"floor":49.0,"key":"Mercury Hourglass"},{"floor":52.0,"key":"Bottled Flame"},{"floor":54.0,"key":"Eternal Feather"},{"floor":54.0,"key":"Art of War"}],"event_choices":[{"damage_healed":0.0,"max_hp_gain":0.0,"max_hp_loss":0.0,"gold_gain":0.0,"event_name":"Shining Light","player_choice":"Entered Light","floor":2.0,"gold_loss":0.0,"damage_taken":16.0,"cards_upgraded":["Bash","Anger"]},{"damage_healed":0.0,"max_hp_gain":0.0,"max_hp_loss":0.0,"gold_gain":0.0,"event_name":"Dead Adventurer","player_choice":"Searched \u00271\u0027 times","floor":7.0,"gold_loss":0.0,"damage_taken":0.0},{"damage_healed":0.0,"max_hp_gain":0.0,"max_hp_loss":0.0,"gold_gain":0.0,"event_name":"Lab","player_choice":"Got Potions","floor":19.0,"gold_loss":0.0,"damage_taken":0.0},{"damage_healed":0.0,"max_hp_gain":0.0,"max_hp_loss":0.0,"gold_gain":0.0,"event_name":"Colosseum","player_choice":"Fight","floor":28.0,"gold_loss":0.0,"damage_taken":0.0},{"damage_healed":0.0,"max_hp_gain":0.0,"max_hp_loss":0.0,"gold_gain":0.0,"event_name":"Colosseum","player_choice":"Fought Nobs","floor":28.0,"gold_loss":0.0,"damage_taken":0.0},{"damage_healed":0.0,"max_hp_gain":0.0,"max_hp_loss":0.0,"gold_gain":0.0,"event_name":"MindBloom","player_choice":"Fight","floor":38.0,"gold_loss":0.0,"damage_taken":0.0},{"damage_healed":0.0,"max_hp_gain":0.0,"max_hp_loss":0.0,"gold_gain":0.0,"event_name":"SecretPortal","player_choice":"Ignored","floor":39.0,"gold_loss":0.0,"damage_taken":0.0},{"damage_healed":0.0,"max_hp_gain":0.0,"max_hp_loss":0.0,"gold_gain":0.0,"event_name":"Accursed Blacksmith","player_choice":"Rummage","floor":48.0,"gold_loss":0.0,"damage_taken":0.0,"relics_obtained":["WarpedTongs"],"cards_obtained":["Pain"]}],"is_beta":false,"boss_relics":[{"not_picked":["Calling Bell","Busted Crown"],"picked":"Black Star"},{"not_picked":["Philosopher\u0027s Stone","Tiny House"],"picked":"Fusion Hammer"}],"items_purged_floors":[10,37],"is_endless":false,"potions_floor_spawned":[1,3,11,14,23,25,28,41,46,54],"ascension_level":1}}