{"host":"56xwnffi6e9z5l58","time":1613399606,"event":{"mods":["Aspiration","BaseMod","Better Match","Better Note","Better Sensory Stone","BetterRewards","Colored Map","Colored Powertips","Conspire","Downfall","GifTheSpireLib","Hermit","Highlight Path","Hubris","Infinite Spire","Key Reminder","Minty Spire (QoL Compilation)","Permanent Neow","Quick Restart","Rare Cards Sparkle","Replay The Spire","StSLib","Stuff the Spire","SuperFastMode","Unceasing Turn Reminder"],"gold_per_floor":[349,378,147,322,322,322,322,339,357,357,250,700,700,733,759,763,763,763],"floor_reached":16,"language":"ENG","playtime":449,"items_purged":["Regret","downfall:Malfunctioning"],"score":123,"play_id":"753d4ebb-6983-45b3-9cb7-a44d60c8917a","local_time":"20210215223326","is_ascension_mode":false,"campfire_choices":[{"floor":1,"key":"DIG"},{"data":"hexamod:RainOfEmbers","floor":10,"key":"SMITH"},{"data":"hexamod:VolcanoVisage","floor":13,"key":"SMITH"}],"circlet_count":0,"master_deck":["hexamod:Strike+1","hexamod:Strike+1","hexamod:Strike","hexamod:Strike+1","hexamod:Defend","hexamod:Defend","hexamod:Defend","hexamod:Defend","hexamod:Sear","hexamod:Float","hexamod:EmpoweredFlame","hexamod:FourthSeal","Doubt","hexamod:NightmareGuise","hexamod:RainOfEmbers+1","hexamod:VolcanoVisage+1","downfall:Icky","downfall:Icky","downfall:Icky","hexamod:RecurringNightmare","hexamod:SpectersWail"],"relics":["hexamod:SpiritBrand","Replay:Bandana","Juzu Bracelet","InkBottle","infinitespire:Broken Mirror","keyreminder:keyreminder"],"acts_visited":["Exordium"],"potions_floor_usage":[11,16,16],"damage_taken":[{"damage":2,"enemies":"Small Slimes","floor":2,"turns":3},{"damage":4,"enemies":"downfall:FleeingMerchant","floor":3,"turns":4},{"damage":1,"enemies":"Cultist","floor":8,"turns":3},{"damage":1,"enemies":"Jaw Worm","floor":9,"turns":3},{"damage":0,"enemies":"downfall:FleeingMerchant","floor":11,"turns":4},{"damage":47,"enemies":"3 Sentries","floor":14,"turns":8},{"damage":4,"enemies":"Exordium Wildlife","floor":15,"turns":4},{"damage":19,"enemies":"IC_STATUS_ARCHETYPE","floor":16,"turns":4}],"seed_played":"6437500545942897778","potions_obtained":[{"floor":8,"key":"Dexterity Potion"},{"floor":8,"key":"Strength Potion"},{"floor":9,"key":"Fruit Juice"},{"floor":11,"key":"DuplicationPotion"}],"is_trial":false,"path_per_floor":["R_BF","M","$","?","?","?","T","M","M","R","$","?","R","E","M","B"],"character_chosen":"THE_SPIRIT","items_purchased":["Juzu Bracelet"],"campfire_rested":0,"item_purchase_floors":[3],"current_hp_per_floor":[70,68,64,64,64,64,64,63,62,62,67,67,67,20,16,0,0,0],"gold":763,"neow_bonus":"TWO_FIFTY_GOLD","is_daily":false,"chose_seed":false,"campfire_upgraded":2,"win_rate":0.0,"timestamp":1613399606,"path_taken":["R_BF","M","$","?","?","?","T","M","M","R","$","?","R","E","M","BOSS"],"items_purchased_type":["Relic"],"build_version":"2020-12-22","purchased_purges":2,"victory":false,"max_hp_per_floor":[70,70,70,70,70,70,70,70,70,70,75,75,75,75,75,75,75,75],"card_choices":[{"not_picked":["hexamod:Haunt","hexamod:RetreatToShadows"],"picked":"hexamod:EmpoweredFlame","floor":2},{"not_picked":["hexamod:Firestarter","hexamod:HeatMetal"],"picked":"hexamod:FourthSeal","floor":3},{"not_picked":["hexamod:ShieldOfDarkness","hexamod:FlamesFromBeyond"],"picked":"hexamod:NightmareGuise","floor":8},{"not_picked":["hexamod:SoulSteal","hexamod:GhostLash"],"picked":"hexamod:RainOfEmbers","floor":9},{"not_picked":["hexamod:HauntingEcho","hexamod:ExtraCrispy"],"picked":"hexamod:VolcanoVisage","floor":11},{"not_picked":["hexamod:Hexaguard","hexamod:BacktrackSmack"],"picked":"hexamod:RecurringNightmare","floor":14},{"not_picked":["hexamod:Firestarter","hexamod:EmpoweredFlame"],"picked":"hexamod:SpectersWail","floor":15}],"player_experience":1035388,"relics_obtained":[{"floor":1,"key":"Replay:Bandana"},{"floor":7,"key":"InkBottle"},{"floor":14,"key":"infinitespire:Broken Mirror"}],"event_choices":[{"cards_removed":["Doubt"],"damage_healed":0,"gold_gain":0,"player_choice":"Give","damage_taken":0,"max_hp_gain":0,"max_hp_loss":0,"event_name":"betterNote:BetterNote","floor":5,"gold_loss":0,"cards_obtained":["hexamod:Defend"]}],"is_beta":false,"boss_relics":[],"items_purged_floors":[3,11],"is_endless":false,"potions_floor_spawned":[8,9,15],"killed_by":"IC_STATUS_ARCHETYPE","ascension_level":0}}