{"host":"2c84cb4cp1emursg","time":1613382430,"event":{"mods":["Act Like it!","BaseMod","Better Third Choice","Bossed Relics","Hermit","Mimic Mod","Minty Spire (QoL Compilation)","Permanent Neow","StSLib"],"gold_per_floor":[118,150,183,211,211,243,243,312,364,24,54,66,66,66],"floor_reached":13,"language":"ENG","playtime":941,"items_purged":[],"score":100,"play_id":"6d20ad2e-188d-4330-a112-08558cae5886","local_time":"20210215024710","is_ascension_mode":true,"campfire_choices":[{"floor":7,"key":"REST"}],"circlet_count":0,"master_deck":["hermit:Strike_Hermit","hermit:Strike_Hermit","hermit:Defend_Hermit","hermit:Defend_Hermit","hermit:Defend_Hermit","hermit:Defend_Hermit","hermit:Snapshot","hermit:Covet","hermit:Purgatory","hermit:DeadOrAlive","hermit:Snipe","hermit:Enervate","hermit:LowProfile","hermit:Snipe","hermit:RoundhouseKick","hermit:TakeCover","hermit:Vantage","hermit:Coalescence"],"relics":["hermit:Momento","Regal Pillow","Blood Vial","Incense Burner","Odd Mushroom"],"acts_visited":["Exordium"],"potions_floor_usage":[6,13,13],"damage_taken":[{"damage":1,"enemies":"Cultist","floor":1,"turns":3},{"damage":3,"enemies":"Jaw Worm","floor":2,"turns":3},{"damage":0,"enemies":"Small Slimes","floor":3,"turns":2},{"damage":2,"enemies":"2 Fungi Beasts","floor":4,"turns":6},{"damage":52,"enemies":"Gremlin Nob","floor":6,"turns":5},{"damage":32,"enemies":"3 Sentries","floor":8,"turns":3},{"damage":3,"enemies":"Blue Slaver","floor":9,"turns":10},{"damage":12,"enemies":"The Mushroom Lair","floor":11,"turns":8},{"damage":0,"enemies":"Blue Slaver","floor":12,"turns":5},{"damage":12,"enemies":"Gremlin Nob","floor":13,"turns":2}],"seed_played":"4755095722323794060","potions_obtained":[{"floor":3,"key":"CultistPotion"},{"floor":11,"key":"Fire Potion"},{"floor":12,"key":"SkillPotion"}],"is_trial":false,"path_per_floor":["M","M","M","M","?","E","R","E","MIM","$","?","M","E"],"character_chosen":"HERMIT","items_purchased":["Incense Burner","hermit:Vantage"],"campfire_rested":1,"item_purchase_floors":[10,10],"current_hp_per_floor":[67,64,64,62,67,15,51,19,18,18,8,10,0,0],"gold":66,"neow_bonus":"TRANSFORM_TWO_CARDS","is_daily":false,"chose_seed":false,"campfire_upgraded":0,"win_rate":0.0,"timestamp":1613382430,"path_taken":["M","M","M","M","?","E","R","E","MIM","$","?","M","E"],"items_purchased_type":["Relic","Card"],"build_version":"2020-12-22","purchased_purges":0,"victory":false,"max_hp_per_floor":[68,68,68,68,73,73,73,73,73,73,73,73,73,73],"card_choices":[{"not_picked":["hermit:Ricochet","hermit:Coalescence"],"picked":"hermit:Snipe","floor":1},{"not_picked":["hermit:Desperado","hermit:PistolWhip"],"picked":"hermit:Enervate","floor":2},{"not_picked":["hermit:Manifest","hermit:CalledShot"],"picked":"hermit:LowProfile","floor":3},{"not_picked":["hermit:Desperado","hermit:DeadMansHand"],"picked":"hermit:Snipe","floor":4},{"not_picked":["hermit:Roulette","hermit:Malice","hermit:SprayPray"],"picked":"SKIP","floor":6},{"not_picked":["hermit:Dive","hermit:BlackWind"],"picked":"hermit:RoundhouseKick","floor":8},{"not_picked":["hermit:Ricochet","hermit:Gestalt"],"picked":"hermit:TakeCover","floor":9},{"not_picked":["hermit:Malice","hermit:Vantage"],"picked":"hermit:Coalescence","floor":11},{"not_picked":["hermit:Desperado","hermit:LowProfile","hermit:Misfire"],"picked":"SKIP","floor":12}],"player_experience":469685,"relics_obtained":[{"floor":6,"key":"Regal Pillow"},{"floor":8,"key":"Blood Vial"},{"floor":11,"key":"Odd Mushroom"}],"event_choices":[{"damage_healed":0,"gold_gain":0,"player_choice":"Donut","damage_taken":0,"max_hp_gain":5,"max_hp_loss":0,"event_name":"Big Fish","floor":5,"gold_loss":0},{"damage_healed":0,"gold_gain":0,"player_choice":"Fought Mushrooms","damage_taken":0,"max_hp_gain":0,"max_hp_loss":0,"event_name":"Mushrooms","floor":11,"gold_loss":0}],"is_beta":false,"boss_relics":[],"items_purged_floors":[],"is_endless":false,"potions_floor_spawned":[3,11,12],"killed_by":"Gremlin Nob","ascension_level":1}}