{"host":"x3688v8yj57o2b0e","time":1613370054,"event":{"mods":["BaseMod","Minty Spire (QoL Compilation)"],"gold_per_floor":[119,137,149,162,12,12,30,42,42,62,96,14,39,74,74,181,181,204,204,51,60,84,119,134,174,207,235,69,89,69,85,85,192,192,212,229,241,90,100,100,38,78,78,78,78],"floor_reached":44,"language":"ENG","playtime":2948,"items_purged":["Strike_G","Strike_G"],"score":645,"play_id":"1dbd85de-3806-4131-919f-3900bfd12039","local_time":"20210215012054","is_ascension_mode":true,"campfire_choices":[{"data":"Blade Dance","floor":6,"key":"SMITH"},{"data":"Noxious Fumes","floor":15,"key":"SMITH"},{"floor":32,"key":"REST"},{"floor":40,"key":"REST"}],"circlet_count":0,"master_deck":["Strike_G","Strike_G","Strike_G","Defend_G","Defend_G","Defend_G","Defend_G","Defend_G","Survivor","Neutralize","Deflect","Blade Dance+1","Cloak And Dagger","Noxious Fumes+1","Poisoned Stab","Acrobatics","Tools of the Trade","Infinite Blades","Deflect","PiercingWail","Poisoned Stab","Corpse Explosion","Leg Sweep","Footwork","PiercingWail","Noxious Fumes","Backflip+1","Finisher","Noxious Fumes","Shame","Calculated Gamble","Deadly Poison","Malaise","Footwork","Blade Dance"],"relics":["Ring of the Snake","NeowsBlessing","Nunchaku","Shuriken","CeramicFish","Question Card","Cursed Key","Singing Bowl","Pen Nib","Boot","InkBottle","HoveringKite","ClockworkSouvenir","Vajra"],"acts_visited":["Exordium","TheCity","TheBeyond"],"potions_floor_usage":[11,16,16,25,27,27,33,37,44,44,44],"damage_taken":[{"damage":0,"enemies":"2 Louse","floor":1,"turns":1},{"damage":0,"enemies":"Cultist","floor":2,"turns":1},{"damage":0,"enemies":"Small Slimes","floor":3,"turns":1},{"damage":4,"enemies":"2 Fungi Beasts","floor":4,"turns":4},{"damage":0,"enemies":"Red Slaver","floor":7,"turns":3},{"damage":6,"enemies":"Looter","floor":8,"turns":3},{"damage":3,"enemies":"Blue Slaver","floor":10,"turns":3},{"damage":0,"enemies":"Gremlin Nob","floor":11,"turns":2},{"damage":0,"enemies":"2 Fungi Beasts","floor":13,"turns":4},{"damage":17,"enemies":"3 Sentries","floor":14,"turns":6},{"damage":6,"enemies":"The Guardian","floor":16,"turns":8},{"damage":25,"enemies":"2 Thieves","floor":18,"turns":4},{"damage":0,"enemies":"3 Byrds","floor":22,"turns":4},{"damage":13,"enemies":"Slavers","floor":23,"turns":4},{"damage":0,"enemies":"Centurion and Healer","floor":24,"turns":6},{"damage":7,"enemies":"Gremlin Leader","floor":25,"turns":6},{"damage":11,"enemies":"Slavers","floor":27,"turns":4},{"damage":3,"enemies":"Cultist and Chosen","floor":29,"turns":6},{"damage":7,"enemies":"Chosen and Byrds","floor":31,"turns":6},{"damage":7,"enemies":"Champ","floor":33,"turns":7},{"damage":3,"enemies":"3 Darklings","floor":35,"turns":3},{"damage":6,"enemies":"3 Shapes","floor":36,"turns":3},{"damage":13,"enemies":"Writhing Mass","floor":37,"turns":7},{"damage":45,"enemies":"4 Shapes","floor":39,"turns":4},{"damage":32,"enemies":"Nemesis","floor":42,"turns":8},{"damage":22,"enemies":"Transient","floor":44,"turns":3}],"seed_played":"-3419064245378520303","potions_obtained":[{"floor":2,"key":"PowerPotion"},{"floor":3,"key":"FearPotion"},{"floor":4,"key":"Dexterity Potion"},{"floor":11,"key":"LiquidMemories"},{"floor":16,"key":"EntropicBrew"},{"floor":18,"key":"SteroidPotion"},{"floor":19,"key":"FearPotion"},{"floor":25,"key":"Dexterity Potion"},{"floor":29,"key":"CultistPotion"},{"floor":30,"key":"BlessingOfTheForge"},{"floor":33,"key":"PowerPotion"},{"floor":36,"key":"GhostInAJar"}],"is_trial":false,"path_per_floor":["M","M","M","M","$","R","M","M","T","M","E","$","M","E","R","B",null,"M","?","$","?","M","E","M","E","T","E","$","M","?","M","R","B",null,"M","M","M","$","M","R","$","E","T","M"],"character_chosen":"THE_SILENT","items_purchased":["Nunchaku","Infinite Blades","Deflect","Footwork","PiercingWail","Calculated Gamble","ClockworkSouvenir","Footwork"],"campfire_rested":2,"item_purchase_floors":[5,12,12,20,20,28,38,41],"current_hp_per_floor":[70,70,70,66,66,66,66,60,60,57,57,57,57,40,40,34,70,45,45,45,45,45,32,34,27,27,18,18,15,15,10,32,25,76,75,71,60,60,17,42,42,10,10,0,0],"gold":78,"neow_bonus":"THREE_ENEMY_KILL","is_daily":false,"chose_seed":false,"campfire_upgraded":2,"win_rate":0.0,"timestamp":1613370054,"path_taken":["M","M","M","M","$","R","M","M","T","M","E","$","M","E","R","BOSS","M","?","?","?","M","E","M","E","T","E","$","M","?","M","R","BOSS","M","M","M","$","M","R","?","E","T","M"],"items_purchased_type":["Relic","Card","Card","Card","Card","Card","Relic","Card"],"build_version":"2020-12-22","purchased_purges":2,"victory":false,"max_hp_per_floor":[70,70,70,70,70,70,70,70,70,70,70,70,70,70,70,70,70,70,70,70,70,70,70,72,72,72,74,74,74,74,76,76,76,76,78,80,82,82,84,84,84,84,84,84,84],"card_choices":[{"not_picked":["Sucker Punch","Outmaneuver"],"picked":"Deflect","floor":1},{"not_picked":["Dagger Spray","Backstab"],"picked":"Blade Dance","floor":2},{"not_picked":["Endless Agony","Prepared","Eviscerate"],"picked":"SKIP","floor":3},{"not_picked":["Skewer","Slice"],"picked":"Cloak And Dagger","floor":4},{"not_picked":["Deflect","Poisoned Stab"],"picked":"Noxious Fumes","floor":7},{"not_picked":["Tactician","Backstab"],"picked":"Poisoned Stab","floor":8},{"not_picked":["Underhanded Strike","Backflip"],"picked":"Acrobatics","floor":10},{"not_picked":["Cloak And Dagger","Dodge and Roll"],"picked":"Tools of the Trade","floor":11},{"not_picked":["Prepared","Outmaneuver"],"picked":"PiercingWail","floor":13},{"not_picked":["Dagger Throw","Bane"],"picked":"Poisoned Stab","floor":14},{"not_picked":["Unload","Bullet Time","Envenom"],"picked":"Corpse Explosion","floor":16},{"not_picked":["Endless Agony","PiercingWail+1","All Out Attack"],"picked":"Leg Sweep","floor":18},{"not_picked":["Dagger Throw+1","Flechettes","Poisoned Stab"],"picked":"Backflip+1","floor":22},{"not_picked":["Burst","Deadly Poison","Backstab+1"],"picked":"Finisher","floor":23},{"not_picked":["Dagger Spray","Cloak And Dagger","Dash","Backflip+1"],"picked":"Singing Bowl","floor":24},{"not_picked":["Bane","Venomology","Leg Sweep"],"picked":"Noxious Fumes","floor":25},{"not_picked":["Outmaneuver","Bane+1","Riddle With Holes","Backflip"],"picked":"Singing Bowl","floor":27},{"not_picked":["Caltrops","Setup+1","Doppelganger"],"picked":"Deadly Poison","floor":29},{"not_picked":["Backflip","Poisoned Stab","Outmaneuver","Bane"],"picked":"Singing Bowl","floor":31},{"not_picked":["Envenom","Glass Knife","Doppelganger"],"picked":"Malaise","floor":33},{"not_picked":["Calculated Gamble+1","Sucker Punch","Dagger Throw","Prepared"],"picked":"Singing Bowl","floor":35},{"not_picked":["Dagger Spray","Acrobatics+1","Quick Slash","Deadly Poison+1"],"picked":"Singing Bowl","floor":36},{"not_picked":["Outmaneuver","Slice+1","Bane+1","Reflex+1"],"picked":"Singing Bowl","floor":37},{"not_picked":["Flying Knee+1","Deflect+1","Acrobatics","Caltrops+1"],"picked":"Singing Bowl","floor":39},{"not_picked":["Deadly Poison","Caltrops","Glass Knife"],"picked":"Blade Dance","floor":42}],"player_experience":244933,"relics_obtained":[{"floor":9,"key":"Shuriken"},{"floor":11,"key":"CeramicFish"},{"floor":14,"key":"Question Card"},{"floor":23,"key":"Singing Bowl"},{"floor":25,"key":"Pen Nib"},{"floor":26,"key":"Boot"},{"floor":27,"key":"InkBottle"},{"floor":42,"key":"Vajra"}],"event_choices":[{"damage_healed":0,"gold_gain":0,"player_choice":"Got Potions","damage_taken":0,"max_hp_gain":0,"max_hp_loss":0,"event_name":"Lab","floor":19,"gold_loss":0},{"damage_healed":0,"gold_gain":0,"player_choice":"Read","damage_taken":0,"max_hp_gain":0,"max_hp_loss":0,"event_name":"The Library","floor":21,"gold_loss":0,"cards_obtained":["Noxious Fumes"]},{"damage_healed":0,"gold_gain":0,"player_choice":"Bought 1 Potion","damage_taken":0,"max_hp_gain":0,"max_hp_loss":0,"event_name":"The Woman in Blue","floor":30,"gold_loss":0}],"is_beta":false,"boss_relics":[{"not_picked":["Astrolabe","Philosopher\u0027s Stone"],"picked":"Cursed Key"},{"not_picked":["Calling Bell","Ring of the Serpent"],"picked":"HoveringKite"}],"items_purged_floors":[20,28],"is_endless":false,"potions_floor_spawned":[2,3,4,11,16,18,25,29,33,35,36],"killed_by":"Transient","ascension_level":3}}