{"host":"etc34k4ck9qyv0fa","time":1613424149,"event":{"mods":["AchievementEnabler","BaseMod","Colored Map","Colored Powertips","Marisa????????","Minty Spire (QoL Compilation)","Reimu??????","Replay The Spire","StSLib","The Animator","The Servant 0.9.4"],"gold_per_floor":[112,262,262,262,272,272,299,316,316,328,29,46,66,98,98,188,188,213,244,273,287,58,58,105,105,105],"floor_reached":25,"language":"ENG","playtime":1139,"items_purged":["Pain"],"score":488,"play_id":"277292ac-7946-44df-948a-45b9a4b53e9f","local_time":"20210215222229","is_ascension_mode":true,"campfire_choices":[{"data":"FairyDestructionRay","floor":6,"key":"SMITH"},{"floor":15,"key":"REST"},{"floor":23,"key":"REST"}],"circlet_count":0,"master_deck":["AscendersBane","Strike_MRS","Strike_MRS","Strike_MRS","Strike_MRS","Defend_MRS","Defend_MRS","Defend_MRS","Defend_MRS","MasterSpark","UpSweep","AsteroidBelt","FairyDestructionRay+1","GalacticHalo","ShootTheMoon","EventHorizon","MagicAbsorber","WitchOfGreed","EarthLightRay","JA","ShootingEcho","MagicAbsorber","PulseMagic","ReplayTheSpireMod:Private Reserves","SuperPerseids"],"relics":["MiniHakkero","NeowsBlessing","Chameleon Ring","Shuriken","Painkiller Herb","Frozen Egg 2","Golden Egg"],"acts_visited":["Exordium","TheCity"],"potions_floor_usage":[12,18,19,21,24,24],"damage_taken":[{"damage":0,"enemies":"Cultist","floor":1,"turns":1},{"damage":0,"enemies":"Jaw Worm","floor":5,"turns":1},{"damage":0,"enemies":"Lagavulin","floor":7,"turns":1},{"damage":0,"enemies":"2 Louse","floor":8,"turns":1},{"damage":6,"enemies":"Looter","floor":10,"turns":3},{"damage":6,"enemies":"Exordium Thugs","floor":12,"turns":3},{"damage":7,"enemies":"Lots of Slimes","floor":13,"turns":2},{"damage":8,"enemies":"Exordium Wildlife","floor":14,"turns":6},{"damage":117,"enemies":"The Guardian","floor":16,"turns":13},{"damage":21,"enemies":"Shell Parasite","floor":18,"turns":5},{"damage":8,"enemies":"3 Byrds","floor":19,"turns":3},{"damage":37,"enemies":"Snake Plant","floor":21,"turns":4},{"damage":42,"enemies":"Gremlin Leader","floor":24,"turns":8},{"damage":6,"enemies":"Snecko","floor":25,"turns":3}],"seed_played":"2127761909220730039","potions_obtained":[{"floor":8,"key":"SteroidPotion"},{"floor":10,"key":"FairyPotion"},{"floor":13,"key":"Energy Potion"},{"floor":16,"key":"GrandPatriotsElixir:ReiMu"},{"floor":18,"key":"Languid Potion"},{"floor":19,"key":"Regen Potion"},{"floor":19,"key":"Venom Potion"},{"floor":24,"key":"Venom Potion"}],"is_trial":false,"path_per_floor":["M","?","?","?","M","R","E","M","T","M","$","M","M","M","R","B",null,"?","?","?","?","T","T","E","?"],"character_chosen":"MARISA","items_purchased":["Shuriken","EventHorizon","ReplayTheSpireMod:Private Reserves","Adrenaline Potion"],"campfire_rested":2,"item_purchase_floors":[11,11,22,22],"current_hp_per_floor":[63,63,68,68,68,68,68,68,68,62,62,56,49,41,63,7,58,41,33,33,18,18,40,2,0,0],"gold":105,"neow_bonus":"THREE_ENEMY_KILL","is_daily":false,"chose_seed":false,"campfire_upgraded":1,"win_rate":0.0,"timestamp":1613424149,"path_taken":["M","?","?","?","?","R","E","M","T","M","$","M","?","M","R","BOSS","?","?","?","?","T","T","E","?"],"items_purchased_type":["Relic","Card","Card","Potion"],"build_version":"2020-12-22","purchased_purges":1,"victory":false,"max_hp_per_floor":[70,70,75,75,75,75,75,75,75,75,75,75,75,75,75,75,75,75,75,75,75,75,75,75,75,75],"card_choices":[{"not_picked":["DoubleSpark","DC"],"picked":"AsteroidBelt","floor":1},{"not_picked":["Acceleration","SprinkleStarSeal"],"picked":"FairyDestructionRay","floor":5},{"not_picked":["MilkyWay","MachineGunSpark"],"picked":"GalacticHalo","floor":7},{"not_picked":["SporeBomb","EnergyRecoil","PowerUp"],"picked":"SKIP","floor":8},{"not_picked":["6A","IllusionStar"],"picked":"ShootTheMoon","floor":10},{"not_picked":["WitchLeyline","ManaConvection"],"picked":"MagicAbsorber","floor":12},{"not_picked":["Acceleration","ShootingEcho"],"picked":"WitchOfGreed","floor":13},{"not_picked":["MysteriousBeam","MeteoricShower"],"picked":"EarthLightRay","floor":14},{"not_picked":["CollectingQuirk","ManaRampage"],"picked":"JA","floor":16},{"not_picked":["AsteroidBelt","GrandCross","DoubleSpark+1"],"picked":"SKIP","floor":18},{"not_picked":["6A","StarlightTyphoon"],"picked":"ShootingEcho","floor":19},{"not_picked":["EnergyRecoil","WitchLeyline"],"picked":"MagicAbsorber","floor":20},{"not_picked":["StarBarrage","ManaConvection"],"picked":"PulseMagic","floor":21},{"not_picked":["Acceleration","MaximisePower"],"picked":"SuperPerseids","floor":24}],"player_experience":496133,"relics_obtained":[{"floor":7,"key":"Chameleon Ring"},{"floor":20,"key":"Frozen Egg 2"},{"floor":24,"key":"Golden Egg"}],"event_choices":[{"damage_healed":0,"gold_gain":150,"player_choice":"AGREE","damage_taken":0,"max_hp_gain":0,"max_hp_loss":0,"event_name":"Liars Game","floor":2,"gold_loss":0,"cards_obtained":["Doubt"]},{"damage_healed":0,"gold_gain":0,"player_choice":"Donut","damage_taken":0,"max_hp_gain":5,"max_hp_loss":0,"event_name":"Big Fish","floor":3,"gold_loss":0},{"cards_removed":["Doubt"],"damage_healed":0,"gold_gain":0,"player_choice":"Purged","damage_taken":0,"max_hp_gain":0,"max_hp_loss":0,"event_name":"Purifier","floor":4,"gold_loss":0}],"is_beta":false,"boss_relics":[{"not_picked":["Ectoplasm","Honey Jar"],"picked":"Painkiller Herb"}],"items_purged_floors":[22],"is_endless":false,"potions_floor_spawned":[8,10,13,16,19],"killed_by":"Snecko","ascension_level":19}}