{"host":"ydh61a5ftgdajrbo","time":1613397638,"event":{"mods":["BaseMod","Colored Map","Colored Powertips","DeckTracker","Downfall","Hermit","Koishi","Minty Spire (QoL Compilation)","Prisma Mod","Relic Stats","Spire Arcade","StSLib","SuperFastMode","The Cursed","The Jungle","The Mystic","The Runesmith","The Senshi","The Servant 0.9.4"],"gold_per_floor":[109,109,109,119,119,154,154,166,189,221,221,249,269,23,23,125,125,140,140,155,155,168,199,199,225,225,245,258,258,258,272,272,377,377,389,389,400,418,472,472,472],"floor_reached":40,"language":"ZHS","playtime":1796,"items_purged":[],"score":780,"play_id":"8fc16530-586e-4c0f-82a1-b4d817be2225","local_time":"20210215220038","is_ascension_mode":true,"campfire_choices":[{"data":"Judgement","floor":7.0,"key":"SMITH"},{"data":"CarveReality","floor":11.0,"key":"SMITH"},{"data":"BattleHymn","floor":15.0,"key":"SMITH"},{"floor":24.0,"key":"REST"},{"floor":30.0,"key":"REST"},{"data":"Ragnarok","floor":32.0,"key":"SMITH"}],"circlet_count":0,"master_deck":["Strike_P","Strike_P","Strike_P","Defend_P+1","Defend_P+1","Defend_P","Defend_P","Eruption+1","Vigilance","WreathOfFlame","Judgement+1","FlurryOfBlows","BowlingBash","CutThroughFate","FlyingSleeves","CarveReality+1","WheelKick","BattleHymn+1","Ragnarok+1","FollowUp+1","Crescendo","Evaluate+1","Establishment","Conclude","Consecrate","ClearTheMind","Wallop+1","FollowUp","MasterReality","Wallop+1","SashWhip"],"relics":["PureWater","NeowsBlessing","MealTicket","Dream Catcher","Anchor","Omamori","Shuriken","expansioncontent:StudyCardRelic","FaceOfCleric","Slimebound:PreparedRelic","Blue Candle","Letter Opener","Philosopher\u0027s Stone","Calipers"],"acts_visited":["Exordium","TheCity","TheBeyond"],"potions_floor_usage":[39,40],"damage_taken":[{"damage":0.0,"enemies":"Small Slimes","floor":1.0,"turns":1.0},{"damage":0.0,"enemies":"Jaw Worm","floor":4.0,"turns":1.0},{"damage":0.0,"enemies":"Gremlin Nob","floor":6.0,"turns":1.0},{"damage":0.0,"enemies":"Cultist","floor":8.0,"turns":1.0},{"damage":0.0,"enemies":"Lagavulin","floor":10.0,"turns":2.0},{"damage":0.0,"enemies":"Gremlin Nob","floor":12.0,"turns":2.0},{"damage":0.0,"enemies":"3 Louse","floor":13.0,"turns":3.0},{"damage":58.0,"enemies":"Hexaghost","floor":16.0,"turns":8.0},{"damage":12.0,"enemies":"2 Thieves","floor":18.0,"turns":2.0},{"damage":0.0,"enemies":"Chosen","floor":20.0,"turns":3.0},{"damage":0.0,"enemies":"Snecko","floor":22.0,"turns":2.0},{"damage":12.0,"enemies":"Gremlin Leader","floor":23.0,"turns":4.0},{"damage":7.0,"enemies":"Slavers","floor":25.0,"turns":3.0},{"damage":4.0,"enemies":"Centurion and Healer","floor":27.0,"turns":2.0},{"damage":18.0,"enemies":"Snake Plant","floor":28.0,"turns":3.0},{"damage":0.0,"enemies":"Chosen and Byrds","floor":31.0,"turns":2.0},{"damage":10.0,"enemies":"Collector","floor":33.0,"turns":5.0},{"damage":10.0,"enemies":"3 Darklings","floor":35.0,"turns":3.0},{"damage":2.0,"enemies":"Orb Walker","floor":37.0,"turns":2.0},{"damage":5.0,"enemies":"Transient","floor":38.0,"turns":5.0},{"damage":29,"enemies":"2 Orb Walkers","floor":39,"turns":3},{"damage":36,"enemies":"Reptomancer","floor":40,"turns":2}],"seed_played":"3722426853118623850","potions_obtained":[{"floor":1.0,"key":"Fruit Juice"},{"floor":4.0,"key":"SteroidPotion"},{"floor":8.0,"key":"bronze:BurnAndBuffPotion"},{"floor":13.0,"key":"PowerPotion"},{"floor":16.0,"key":"Ancient Potion"},{"floor":20.0,"key":"Weak Potion"},{"floor":22.0,"key":"DistilledChaos"},{"floor":27.0,"key":"Weak Potion"},{"floor":31.0,"key":"Dexterity Potion"}],"is_trial":false,"path_per_floor":["M","?","?","M","?","E","R","M","T","E","R","E","M","$","R","B",null,"M","?","M","?","M","E","R","E","T","M","M","?","R","M","R","B",null,"M","?","M","M","?","E"],"character_chosen":"WATCHER","items_purchased":["Shuriken"],"campfire_rested":2,"item_purchase_floors":[14],"current_hp_per_floor":[70,55,55,55,55,55,55,55,55,55,55,55,55,70,70,12,61,49,35,35,35,36,25,50,44,44,41,24,24,50,51,51,42,77,68,68,67,63,35,0,0],"gold":472,"neow_bonus":"THREE_ENEMY_KILL","is_daily":false,"chose_seed":false,"campfire_upgraded":4,"win_rate":0.0,"timestamp":1613397638,"path_taken":["M","?","?","?","?","E","R","M","T","E","R","E","M","$","R","BOSS","M","?","M","?","M","E","R","E","T","M","?","?","R","?","R","BOSS","M","?","?","M","?","E"],"items_purchased_type":["Relic"],"build_version":"2020-12-22","purchased_purges":0,"victory":false,"max_hp_per_floor":[77,77,77,77,77,77,77,77,77,77,77,77,77,77,77,77,77,77,82,82,82,83,84,84,85,85,86,87,87,87,88,88,89,89,90,90,91,92,93,93,93],"relic_stats":{"Dream Catcher":2,"FaceOfCleric":11,"counters":[22,60],"Shuriken":[30],"Blue Candle":[0],"MealTicket":15,"Letter Opener":[5],"obtain_stats":[{"Calipers":39,"NeowsBlessing":0,"Blue Candle":25,"Omamori":12,"expansioncontent:StudyCardRelic":17,"Letter Opener":26,"Dream Catcher":9,"Anchor":10,"FaceOfCleric":21,"Shuriken":14,"MealTicket":6,"Philosopher\u0027s Stone":34,"Slimebound:PreparedRelic":23,"PureWater":0},{"Calipers":21,"NeowsBlessing":0,"Blue Candle":13,"Omamori":6,"expansioncontent:StudyCardRelic":8,"Letter Opener":13,"Dream Catcher":4,"Anchor":5,"FaceOfCleric":10,"Shuriken":7,"MealTicket":3,"Philosopher\u0027s Stone":17,"Slimebound:PreparedRelic":12,"PureWater":0},{"Calipers":58,"NeowsBlessing":0,"Blue Candle":33,"Omamori":8,"expansioncontent:StudyCardRelic":19,"Letter Opener":33,"Dream Catcher":4,"Anchor":6,"FaceOfCleric":24,"Shuriken":11,"MealTicket":3,"Philosopher\u0027s Stone":45,"Slimebound:PreparedRelic":30,"PureWater":0}]},"card_choices":[{"not_picked":["WaveOfTheHand","LikeWater"],"picked":"WreathOfFlame","floor":1.0},{"not_picked":["EmptyMind","Crescendo"],"picked":"BowlingBash","floor":4.0},{"not_picked":["Worship","EmptyMind"],"picked":"CutThroughFate","floor":6.0},{"not_picked":["ThirdEye","MentalFortress"],"picked":"FlyingSleeves","floor":8.0},{"not_picked":["WindmillStrike","Weave"],"picked":"CarveReality","floor":10.0},{"not_picked":["Prostrate","Meditate"],"picked":"WheelKick","floor":12.0},{"not_picked":["WindmillStrike","ThirdEye"],"picked":"BattleHymn","floor":13.0},{"not_picked":["Judgement","ConjureBlade"],"picked":"Ragnarok","floor":16.0},{"not_picked":["Halt+1","DeceiveReality"],"picked":"FollowUp+1","floor":18.0},{"not_picked":["JustLucky+1","PathToVictory"],"picked":"Crescendo","floor":20.0},{"not_picked":["Prostrate+1","JustLucky"],"picked":"Evaluate+1","floor":22.0},{"not_picked":["EmptyBody+1","BowlingBash"],"picked":"Establishment","floor":23.0},{"not_picked":["ForeignInfluence","ClearTheMind"],"picked":"Conclude","floor":24.0},{"not_picked":["Establishment","MentalFortress"],"picked":"Consecrate","floor":25.0},{"not_picked":["WaveOfTheHand+1","Evaluate"],"picked":"ClearTheMind","floor":27.0},{"not_picked":["InnerPeace","Prostrate"],"picked":"Wallop+1","floor":28.0},{"not_picked":["Adaptation","ForeignInfluence"],"picked":"FollowUp","floor":30.0},{"not_picked":["ClearTheMind+1","Evaluate","Consecrate"],"picked":"SKIP","floor":31.0},{"not_picked":["Ragnarok","Blasphemy"],"picked":"MasterReality","floor":33.0},{"not_picked":["ThirdEye","BattleHymn","Consecrate+1"],"picked":"SKIP","floor":35.0},{"not_picked":["Prostrate+1","Consecrate","Protect+1"],"picked":"SKIP","floor":37.0},{"not_picked":["ClearTheMind+1","DevaForm"],"picked":"SashWhip","floor":38.0}],"player_experience":400336,"relics_obtained":[{"floor":6.0,"key":"MealTicket"},{"floor":9.0,"key":"Dream Catcher"},{"floor":10.0,"key":"Anchor"},{"floor":12.0,"key":"Omamori"},{"floor":23.0,"key":"Slimebound:PreparedRelic"},{"floor":25.0,"key":"Blue Candle"},{"floor":26.0,"key":"Letter Opener"},{"floor":39,"key":"Calipers"}],"event_choices":[{"damage_healed":0.0,"max_hp_gain":0.0,"max_hp_loss":0.0,"gold_gain":0.0,"event_name":"Shining Light","player_choice":"Entered Light","floor":2.0,"gold_loss":0.0,"damage_taken":15.0,"cards_upgraded":["Defend_P","Defend_P"]},{"damage_healed":0.0,"max_hp_gain":0.0,"max_hp_loss":0.0,"gold_gain":0.0,"event_name":"Match and Keep!","player_choice":"2 cards matched","floor":3.0,"gold_loss":0.0,"damage_taken":0.0,"cards_obtained":["Judgement","FlurryOfBlows"]},{"damage_healed":0.0,"max_hp_gain":0.0,"max_hp_loss":0.0,"gold_gain":0.0,"event_name":"Living Wall","player_choice":"Grow","floor":5.0,"gold_loss":0.0,"damage_taken":0.0,"cards_upgraded":["Eruption"]},{"damage_healed":0.0,"max_hp_gain":5.0,"max_hp_loss":0.0,"gold_gain":0.0,"event_name":"Forgotten Altar","player_choice":"Shed Blood","floor":19.0,"gold_loss":0.0,"damage_taken":19.0},{"damage_healed":0.0,"max_hp_gain":0.0,"max_hp_loss":0.0,"gold_gain":0.0,"event_name":"FaceTrader","player_choice":"Trade","floor":21.0,"gold_loss":0.0,"damage_taken":0.0,"relics_obtained":["FaceOfCleric"]},{"cards_removed":["Strike_P"],"damage_healed":0.0,"max_hp_gain":0.0,"max_hp_loss":0.0,"gold_gain":0.0,"event_name":"Bonfire Elementals","player_choice":"Offered Basic","floor":29.0,"gold_loss":0.0,"damage_taken":0.0},{"damage_healed":0.0,"max_hp_gain":0.0,"max_hp_loss":0.0,"gold_gain":0.0,"event_name":"Duplicator","player_choice":"Copied","floor":36.0,"gold_loss":0.0,"damage_taken":0.0,"cards_obtained":["Wallop"]},{"damage_healed":0,"gold_gain":0,"player_choice":"Fight","damage_taken":0,"max_hp_gain":0,"max_hp_loss":0,"event_name":"Mysterious Sphere","floor":39,"gold_loss":0}],"is_beta":false,"boss_relics":[{"not_picked":["Astrolabe","Coffee Dripper"],"picked":"expansioncontent:StudyCardRelic"},{"not_picked":["VioletLotus","Runesmith:UraniumAnvil"],"picked":"Philosopher\u0027s Stone"}],"items_purged_floors":[],"is_endless":false,"potions_floor_spawned":[1,4,8,13,16,20,22,23,27,31,37,38],"killed_by":"Reptomancer","ascension_level":9}}