{"host":"bpnwh7vpv9k3tssc","time":1613398536,"event":{"mods":["BaseMod","Colored Map","Colored Powertips","Curses Come First","Highlight Path","Minty Spire (QoL Compilation)","Quick Restart","Random Character Button","Relic Sorter","StSLib"],"gold_per_floor":[124,149,162,162,185,204,204,204,204],"floor_reached":8,"language":"ENG","playtime":331,"items_purged":[],"score":90,"play_id":"fa14a63e-1ea9-4c4f-a68a-0bfe522132f8","local_time":"20210215151536","is_ascension_mode":true,"campfire_choices":[],"circlet_count":0,"master_deck":["AscendersBane","Strike_R","Strike_R","Strike_R","Strike_R","Defend_R","Defend_R","Defend_R","Defend_R","Bash","Rage","Body Slam","Uppercut","Body Slam"],"relics":["Burning Blood","CeramicFish"],"acts_visited":["Exordium"],"potions_floor_usage":[8],"damage_taken":[{"damage":12,"enemies":"Small Slimes","floor":1,"turns":4},{"damage":0,"enemies":"2 Louse","floor":2,"turns":4},{"damage":1,"enemies":"Cultist","floor":3,"turns":4},{"damage":17,"enemies":"Looter","floor":5,"turns":3},{"damage":31,"enemies":"Exordium Thugs","floor":6,"turns":6},{"damage":20,"enemies":"3 Sentries","floor":8,"turns":3}],"seed_played":"-5565479680537610737","potions_obtained":[{"floor":5,"key":"Energy Potion"},{"floor":6,"key":"SneckoOil"}],"is_trial":false,"path_per_floor":["M","M","M","?","M","M","?","E"],"character_chosen":"IRONCLAD","items_purchased":[],"campfire_rested":0,"item_purchase_floors":[],"current_hp_per_floor":[62,68,73,73,62,37,37,17,17],"gold":204,"neow_bonus":"RANDOM_COMMON_RELIC","is_daily":false,"chose_seed":false,"campfire_upgraded":0,"win_rate":0.0,"timestamp":1613398536,"path_taken":["M","M","M","?","M","M","?","E"],"items_purchased_type":[],"build_version":"2020-12-22","purchased_purges":0,"victory":false,"max_hp_per_floor":[75,75,75,75,75,75,75,75,75],"card_choices":[{"not_picked":["Cleave","True Grit"],"picked":"Rage","floor":1},{"not_picked":["Wild Strike","Warcry"],"picked":"Body Slam","floor":2},{"not_picked":["Dropkick","Wild Strike","Dual Wield"],"picked":"SKIP","floor":3},{"not_picked":["Thunderclap","Sentinel"],"picked":"Uppercut","floor":5},{"not_picked":["Intimidate","Immolate"],"picked":"Body Slam","floor":6}],"player_experience":399683,"relics_obtained":[],"event_choices":[{"damage_healed":0,"gold_gain":0,"player_choice":"Ignored","damage_taken":0,"max_hp_gain":0,"max_hp_loss":0,"event_name":"Liars Game","floor":4,"gold_loss":0},{"cards_removed":["Strike_R"],"damage_healed":0,"gold_gain":0,"player_choice":"Forget","damage_taken":0,"max_hp_gain":0,"max_hp_loss":0,"event_name":"Living Wall","floor":7,"gold_loss":0}],"is_beta":false,"boss_relics":[],"items_purged_floors":[],"is_endless":false,"potions_floor_spawned":[5,6],"killed_by":"3 Sentries","ascension_level":16}}