{"host":"psh83vqabmtchp5z","time":1613382638,"event":{"mods":["AchievementEnabler","Aspiration","BaseMod","Better Altar","Better Match","Better Skull","Better Third Choice","Better Vampires","BetterRewards","Challenge The Spire","Conspire","Downfall","Gold Saver","Lobotomy","LobotomyExtend","Minty Spire (QoL Compilation)","Quick Restart","Relic Filter","Replay The Spire","Shop Mod","Spicy Shops","StSLib","óô»ðÖ¸ÄÏ"],"gold_per_floor":[499,476,490,81,51,51,68,101,124,142,159,159,170,188,188,285,312,329,329,329,329],"floor_reached":20,"language":"ZHS","playtime":1669,"items_purged":[],"score":176,"play_id":"7e9aacec-609e-477f-aefa-5c58698ae1a6","local_time":"20210215175038","is_ascension_mode":false,"campfire_choices":[{"data":"Noxious Fumes","floor":6.0,"key":"SMITH"},{"data":"Infinite Blades","floor":12.0,"key":"SMITH"},{"floor":15.0,"key":"DIG"}],"circlet_count":0,"master_deck":[],"relics":["Ring of the Snake","LetterFromLob","betterThird:SlimedRelic","Bronze Scales","conspire:DeflatedDodgeball","Centennial Puzzle","Pen Nib","Mummified Hand","Replay:Ancient Bell","CeramicFish","conspire:BottledYoYo","Unceasing Top"],"acts_visited":["Exordium","TheCity"],"potions_floor_usage":[],"damage_taken":[{"damage":0.0,"enemies":"Small Slimes","floor":1.0,"turns":4.0},{"damage":0.0,"enemies":"2 Louse","floor":3.0,"turns":3.0},{"damage":1.0,"enemies":"Cultist","floor":7.0,"turns":3.0},{"damage":3.0,"enemies":"Lagavulin","floor":8.0,"turns":7.0},{"damage":0.0,"enemies":"Large Slime","floor":10.0,"turns":4.0},{"damage":0.0,"enemies":"3 Louse","floor":11.0,"turns":3.0},{"damage":2.0,"enemies":"Looter","floor":13.0,"turns":3.0},{"damage":0.0,"enemies":"Lots of Slimes","floor":14.0,"turns":2.0},{"damage":8.0,"enemies":"Hexaghost","floor":16.0,"turns":7.0},{"damage":15.0,"enemies":"Chosen","floor":18.0,"turns":5.0},{"damage":0,"enemies":"3 Byrds","floor":20,"turns":1}],"seed_played":"-1186602811236477534","potions_obtained":[{"floor":3.0,"key":"PowerPotion"},{"floor":5.0,"key":"SteroidPotion"},{"floor":5.0,"key":"LiquidBronze"},{"floor":7.0,"key":"BlessingOfTheForge"},{"floor":8.0,"key":"Energy Potion"}],"is_trial":false,"path_per_floor":["M","?","M","$","?","R","M","E","T","M","M","R","M","M","R","B",null,"M","?","M"],"character_chosen":"THE_SILENT","items_purchased":["Bronze Scales","conspire:DeflatedDodgeball"],"campfire_rested":0,"item_purchase_floors":[4,4],"current_hp_per_floor":[70,59,59,59,59,59,58,55,55,55,55,55,53,53,53,45,70,55,70,70,70],"gold":329,"neow_bonus":"","is_daily":false,"chose_seed":false,"campfire_upgraded":2,"win_rate":0.0,"timestamp":1613382638,"path_taken":["M","?","M","$","?","R","M","E","T","?","M","R","M","M","R","BOSS","M","?","M"],"items_purchased_type":["Relic","Relic"],"build_version":"2020-12-22","purchased_purges":0,"victory":false,"max_hp_per_floor":[70,70,70,70,70,70,70,70,70,70,70,70,70,70,70,70,70,70,70,70,70],"card_choices":[{"not_picked":["Flying Knee","Poisoned Stab"],"picked":"Dagger Throw","floor":1.0},{"not_picked":["Outmaneuver","conspire:DoublingDagger"],"picked":"Noxious Fumes","floor":3.0},{"not_picked":["Cloak And Dagger","Flying Knee"],"picked":"Blade Dance","floor":7.0},{"not_picked":["ReplayTheSpireMod:Tripwire","Dodge and Roll"],"picked":"Infinite Blades","floor":8.0},{"not_picked":["Wraith Form v2","Dagger Throw"],"picked":"PiercingWail","floor":10.0},{"not_picked":["Masterful Stab","Bane"],"picked":"Prepared","floor":11.0},{"not_picked":["Underhanded Strike","PiercingWail"],"picked":"Dagger Spray","floor":13.0},{"not_picked":["PiercingWail","Footwork"],"picked":"Acrobatics","floor":14.0},{"not_picked":["Glass Knife","Venomology"],"picked":"Bullet Time","floor":16.0},{"not_picked":["Doubt","ReplayTheSpireMod:Faulty Equipment"],"picked":"Decay","floor":17.0},{"not_picked":["Delirium","Doubt"],"picked":"Sickly","floor":17.0},{"not_picked":["Looming Evil","downfall:Haunted"],"picked":"Shame","floor":17.0},{"not_picked":["Sucker Punch","Atom Bomb","Underhanded Strike"],"picked":"SKIP","floor":18.0}],"player_experience":767039,"relics_obtained":[{"floor":1.0,"key":"LetterFromLob"},{"floor":8.0,"key":"Centennial Puzzle"},{"floor":9.0,"key":"Pen Nib"},{"floor":15.0,"key":"Mummified Hand"}],"event_choices":[{"damage_healed":0.0,"max_hp_gain":0.0,"max_hp_loss":0.0,"gold_gain":0.0,"event_name":"betterThird:BetterGoop","player_choice":"Slimed","floor":2.0,"gold_loss":23.0,"damage_taken":11.0},{"damage_healed":0.0,"max_hp_gain":0.0,"max_hp_loss":0.0,"gold_gain":0.0,"event_name":"The Woman in Blue","player_choice":"Bought 2 Potions","floor":5.0,"gold_loss":0.0,"damage_taken":0.0}],"is_beta":false,"boss_relics":[{"not_picked":["Tiny House","Snecko Heart"],"picked":"Replay:Ancient Bell"},{"not_picked":["Anchor","ReplayFunnel"],"picked":"CeramicFish"},{"not_picked":["HornCleat","Ninja Scroll"],"picked":"conspire:BottledYoYo"},{"not_picked":["Turnip","StoneCalendar"],"picked":"Unceasing Top"}],"items_purged_floors":[],"is_endless":false,"potions_floor_spawned":[3,7,8,14],"killed_by":"3 Byrds","ascension_level":0}}