{"host":"sav7uxregyirlf69","time":1613431427,"event":{"mods":["AchievementEnabler","BaseMod","Colored Map","DeckTracker","Keyboard Shortcuts","Minty Spire (QoL Compilation)","READ ME - Guardian Mod","StSLib","SuperFastMode"],"gold_per_floor":[12,29,29,47,47,47,67,17,17,17,33,33,58,58,58,147,147,172,186,236,261,284,302,302,323,323,323,323,323],"floor_reached":28,"language":"KOR","playtime":682,"items_purged":[],"score":428,"play_id":"d334dcff-9a87-4afb-982e-394fda1a1134","local_time":"20210216082347","is_ascension_mode":true,"campfire_choices":[{"data":"Apotheosis","floor":6,"key":"SMITH"},{"floor":10,"key":"REST"},{"data":"Hello World","floor":15,"key":"SMITH"},{"floor":24,"key":"REST"},{"floor":27,"key":"REST"}],"circlet_count":0,"master_deck":["AscendersBane","Strike_B","Strike_B","Strike_B","Strike_B","Defend_B","Defend_B","Defend_B","Zap","Dualcast","Apotheosis+1","Self Repair","Chaos","Hello World+1","Hologram","Stack","Reinforced Body","Barrage","Cold Snap","Rainbow","Aggregate","Compile Driver","Steam+1","Double Energy"],"relics":["Cracked Core","Golden Idol","Dream Catcher","Inserter","Oddly Smooth Stone"],"acts_visited":["Exordium","TheCity"],"potions_floor_usage":[7,13,16,21,22,23,28],"damage_taken":[{"damage":9,"enemies":"Small Slimes","floor":1,"turns":4},{"damage":1,"enemies":"Cultist","floor":2,"turns":3},{"damage":14,"enemies":"2 Louse","floor":4,"turns":3},{"damage":10,"enemies":"Gremlin Gang","floor":7,"turns":5},{"damage":16,"enemies":"2 Fungi Beasts","floor":11,"turns":4},{"damage":5,"enemies":"3 Louse","floor":13,"turns":4},{"damage":22,"enemies":"Slime Boss","floor":16,"turns":13},{"damage":27,"enemies":"Shell Parasite","floor":18,"turns":6},{"damage":0,"enemies":"Chosen","floor":19,"turns":5},{"damage":21,"enemies":"Snake Plant","floor":21,"turns":5},{"damage":11,"enemies":"Cultist and Chosen","floor":22,"turns":7},{"damage":39,"enemies":"Snecko","floor":23,"turns":6},{"damage":18,"enemies":"Snake Plant","floor":25,"turns":6},{"damage":35,"enemies":"Shelled Parasite and Fungi","floor":28,"turns":3}],"seed_played":"-702798076102487758","potions_obtained":[{"floor":1,"key":"DistilledChaos"},{"floor":11,"key":"DistilledChaos"},{"floor":13,"key":"Weak Potion"},{"floor":16,"key":"LiquidMemories"},{"floor":19,"key":"Energy Potion"},{"floor":21,"key":"LiquidMemories"},{"floor":22,"key":"EssenceOfDarkness"}],"is_trial":false,"path_per_floor":["M","M","?","M","?","R","M","$","T","R","M","?","M","$","R","B",null,"M","M","?","M","M","M","R","M","T","R","M"],"character_chosen":"DEFECT","items_purchased":["Stack"],"campfire_rested":3,"item_purchase_floors":[8],"current_hp_per_floor":[55,54,30,26,26,26,26,26,26,47,41,41,43,43,43,31,61,44,54,54,43,42,3,24,13,13,34,0,0],"gold":323,"neow_bonus":"RANDOM_COLORLESS_2","is_daily":false,"chose_seed":false,"campfire_upgraded":2,"win_rate":0.0,"timestamp":1613431427,"path_taken":["M","M","?","M","?","R","M","$","T","R","M","?","?","?","R","BOSS","M","M","?","M","?","M","R","M","T","R","M"],"items_purchased_type":["Card"],"build_version":"2020-12-22","purchased_purges":0,"victory":false,"max_hp_per_floor":[71,71,71,71,71,71,71,71,71,71,71,71,71,71,71,71,71,71,71,71,71,71,71,71,71,71,71,71,71],"card_choices":[{"not_picked":["Transmutation","Magnetism"],"picked":"Apotheosis","floor":0},{"not_picked":["Hologram","Rebound"],"picked":"Self Repair","floor":1},{"not_picked":["Self Repair","Gash"],"picked":"Chaos","floor":2},{"not_picked":["Lockon","FTL"],"picked":"Hello World","floor":4},{"not_picked":["Rebound","Conserve Battery"],"picked":"Hologram","floor":7},{"not_picked":["Redo","Hologram"],"picked":"Reinforced Body","floor":10},{"not_picked":["Fusion","Beam Cell"],"picked":"Barrage","floor":11},{"not_picked":["Streamline","Redo"],"picked":"Cold Snap","floor":13},{"not_picked":["Echo Form","Hyperbeam"],"picked":"Rainbow","floor":16},{"not_picked":["Beam Cell+1","Turbo+1"],"picked":"Aggregate","floor":18},{"not_picked":["Sunder","Melter","Recycle"],"picked":"SKIP","floor":19},{"not_picked":["Gash","Tempest","Sweeping Beam"],"picked":"SKIP","floor":21},{"not_picked":["Steam","Streamline"],"picked":"Compile Driver","floor":22},{"not_picked":["Redo","Undo"],"picked":"Steam+1","floor":23},{"not_picked":["Self Repair","Streamline","Static Discharge+1"],"picked":"SKIP","floor":25},{"not_picked":["White Noise","Reprogram"],"picked":"Double Energy","floor":27}],"player_experience":1585082,"relics_obtained":[{"floor":9,"key":"Dream Catcher"},{"floor":26,"key":"Oddly Smooth Stone"}],"event_choices":[{"damage_healed":0,"gold_gain":0,"player_choice":"Take Damage","damage_taken":24,"relics_obtained":["Golden Idol"],"max_hp_gain":0,"max_hp_loss":0,"event_name":"Golden Idol","floor":3,"gold_loss":0},{"damage_healed":0,"gold_gain":0,"player_choice":"Ignored","damage_taken":0,"max_hp_gain":0,"max_hp_loss":0,"event_name":"Liars Game","floor":5,"gold_loss":0},{"cards_removed":["Defend_B"],"damage_healed":0,"gold_gain":0,"player_choice":"Purged","damage_taken":0,"max_hp_gain":0,"max_hp_loss":0,"event_name":"Purifier","floor":12,"gold_loss":0},{"damage_healed":0,"gold_gain":100,"player_choice":"Bet on Murderer","damage_taken":0,"max_hp_gain":0,"max_hp_loss":0,"event_name":"The Joust","floor":20,"gold_loss":50}],"is_beta":false,"boss_relics":[{"not_picked":["Runic Pyramid","FrozenCore"],"picked":"Inserter"}],"items_purged_floors":[],"is_endless":false,"potions_floor_spawned":[1,11,13,16,19,21,22],"killed_by":"Shelled Parasite and Fungi","ascension_level":20}}