{"host":"kipy315whq7pv20a","time":1613382990,"event":{"mods":["BaseMod","Minty Spire (QoL Compilation)","Replay The Spire","StSLib","The Marked"],"gold_per_floor":[117,117,392,412,427,427,454,466,490,490,502,502,514,544,544,642,642,662,662,681,56,56,56],"floor_reached":22,"language":"ENG","playtime":1786,"items_purged":["Regret"],"score":186,"play_id":"808b27ec-ccd0-4328-8b50-3ecd56165744","local_time":"20210215105630","is_ascension_mode":false,"campfire_choices":[{"floor":6.0,"key":"REST"},{"data":"theMarked:GodGivenPower","floor":10.0,"key":"SMITH"},{"data":"theMarked:Aftermath","floor":10.0,"key":"SMITH"},{"floor":12.0,"key":"REST"}],"circlet_count":0,"master_deck":["theMarked:Strike","theMarked:Strike","theMarked:Strike","theMarked:Strike","theMarked:Defend","theMarked:Defend","theMarked:Defend","theMarked:Defend","theMarked:SoldierOfQuellstein","theMarked:GodGivenPower+1","theMarked:SwordAndMagic","theMarked:Aftermath+1","theMarked:Polarize","theMarked:Aftermath","theMarked:ContemptForTheProud","theMarked:BiggerThanFate","theMarked:HeightenedSenses","Mind Blast"],"relics":["theMarked:ArtifactOfAir","Replay:Arrowhead","theMarked:DemonDagger","Ancient Tea Set","Odd Mushroom","Black Star","Replay:Mystery Machine","TheAbacus","Vajra"],"acts_visited":["Exordium","TheCity"],"potions_floor_usage":[18,20],"damage_taken":[{"damage":1.0,"enemies":"Jaw Worm","floor":1.0,"turns":3.0},{"damage":6.0,"enemies":"2 Louse","floor":4.0,"turns":3.0},{"damage":2.0,"enemies":"Cultist","floor":5.0,"turns":2.0},{"damage":28.0,"enemies":"3 Sentries","floor":7.0,"turns":6.0},{"damage":2.0,"enemies":"Looter","floor":8.0,"turns":3.0},{"damage":1.0,"enemies":"3 Louse","floor":11.0,"turns":3.0},{"damage":0.0,"enemies":"2 Fungi Beasts","floor":13.0,"turns":2.0},{"damage":18.0,"enemies":"The Mushroom Lair","floor":14.0,"turns":3.0},{"damage":19.0,"enemies":"Fading Forest","floor":16.0,"turns":11.0},{"damage":17,"enemies":"Shell Parasite","floor":18,"turns":3},{"damage":9,"enemies":"3 Byrds","floor":20,"turns":4},{"damage":28,"enemies":"Centurion and Healer","floor":22,"turns":6}],"seed_played":"-5356839941056709074","potions_obtained":[{"floor":1.0,"key":"LiquidBronze"},{"floor":4.0,"key":"Dexterity Potion"},{"floor":8.0,"key":"BlessingOfTheForge"},{"floor":15.0,"key":"Milkshake"},{"floor":15.0,"key":"LifebloodPotion"},{"floor":16.0,"key":"FearPotion"},{"floor":18,"key":"EssenceOfSteel"}],"is_trial":false,"path_per_floor":["M","?","?","M","M","R","E","M","T","R","M","R","M","?","R","B",null,"M","?","M","$","M"],"character_chosen":"THE_DEFAULT","items_purchased":["Replay:Mystery Machine","TheAbacus","Vajra","Mind Blast"],"campfire_rested":2,"item_purchase_floors":[21,21,21,21],"current_hp_per_floor":[48,41,41,35,33,54,26,24,24,24,23,44,44,26,26,17,70,53,37,28,28,0,0],"gold":56,"neow_bonus":"ONE_RARE_RELIC","is_daily":false,"chose_seed":false,"campfire_upgraded":2,"win_rate":0.0,"timestamp":1613382990,"path_taken":["M","?","?","M","?","R","E","M","T","R","M","R","M","?","R","BOSS","M","?","M","$","M"],"items_purchased_type":["Relic","Relic","Relic","Card"],"build_version":"2020-12-22","purchased_purges":1,"victory":false,"max_hp_per_floor":[70,70,70,70,70,70,70,70,70,70,70,70,70,70,70,70,70,70,70,70,70,70,70],"card_choices":[{"not_picked":["theMarked:ShockingTouch","theMarked:TunnelVision"],"picked":"theMarked:GodGivenPower","floor":1.0},{"not_picked":["theMarked:Memento","theMarked:BanishingStrike"],"picked":"theMarked:SwordAndMagic","floor":4.0},{"not_picked":["theMarked:BanishingStrike","theMarked:TwofoldDefense"],"picked":"theMarked:Aftermath","floor":5.0},{"not_picked":["theMarked:Improvise","theMarked:BanishingStrike","theMarked:Toughness"],"picked":"SKIP","floor":7.0},{"not_picked":["theMarked:KeepCalmAndFight","theMarked:Frustration","theMarked:ElectricStrings"],"picked":"SKIP","floor":8.0},{"not_picked":["theMarked:Memento","theMarked:ChainLightning"],"picked":"theMarked:Polarize","floor":11.0},{"not_picked":["theMarked:Parry","theMarked:TwofoldDefense"],"picked":"theMarked:Aftermath","floor":13.0},{"not_picked":["theMarked:RepellingDischarge","theMarked:Opportunist"],"picked":"theMarked:ContemptForTheProud","floor":14.0},{"not_picked":["theMarked:BindingBlade","theMarked:DispelDoubt"],"picked":"theMarked:BiggerThanFate","floor":16.0},{"not_picked":["theMarked:ResourceFulStrike","theMarked:WardOff","theMarked:StartUp"],"picked":"SKIP","floor":18},{"not_picked":["theMarked:TakeCover","theMarked:Parkour"],"picked":"theMarked:HeightenedSenses","floor":20}],"player_experience":156749,"relics_obtained":[{"floor":7.0,"key":"theMarked:DemonDagger"},{"floor":9.0,"key":"Ancient Tea Set"},{"floor":14.0,"key":"Odd Mushroom"}],"event_choices":[{"cards_removed":["theMarked:Strike"],"damage_healed":0.0,"max_hp_gain":0.0,"max_hp_loss":0.0,"gold_gain":0.0,"event_name":"Golden Wing","player_choice":"Card Removal","floor":2.0,"gold_loss":0.0,"damage_taken":7.0},{"damage_healed":0.0,"max_hp_gain":0.0,"max_hp_loss":0.0,"gold_gain":275.0,"event_name":"Golden Shrine","player_choice":"Desecrate","floor":3.0,"gold_loss":0.0,"damage_taken":0.0,"cards_obtained":["Regret"]},{"damage_healed":0.0,"max_hp_gain":0.0,"max_hp_loss":0.0,"gold_gain":0.0,"event_name":"Mushrooms","player_choice":"Fought Mushrooms","floor":14.0,"gold_loss":0.0,"damage_taken":0.0},{"damage_healed":0,"gold_gain":0,"player_choice":"Obtained Book","damage_taken":16,"max_hp_gain":0,"max_hp_loss":0,"event_name":"Cursed Tome","floor":19,"gold_loss":0}],"is_beta":false,"boss_relics":[{"not_picked":["theMarked:Eyepatch","Philosopher\u0027s Stone"],"picked":"Black Star"}],"items_purged_floors":[21],"is_endless":false,"potions_floor_spawned":[1,4,8,16,18],"killed_by":"Centurion and Healer","ascension_level":0}}