{"host":"kpyoctgc7jne3jiy","time":1613392952,"event":{"mods":["AchievementEnabler","BaseMod","Minty Spire (QoL Compilation)","Relic Stats"],"gold_per_floor":[110,128,17,17,17,47,47,59,141,171,190,201,201,201,201,201,201],"floor_reached":16,"language":"ENG","playtime":559,"items_purged":["Strike_R"],"score":143,"play_id":"32ec8d66-c68e-4999-9dbd-2c4056d60927","local_time":"20210215134232","is_ascension_mode":true,"campfire_choices":[{"data":"Carnage","floor":7,"key":"SMITH"},{"floor":15,"key":"REST"}],"circlet_count":0,"master_deck":["Strike_R","Strike_R","Strike_R","Strike_R","Defend_R","Defend_R","Defend_R","Defend_R","Bash","Thunderclap","Battle Trance","Carnage+1","Spot Weakness","Body Slam","Sword Boomerang"],"relics":["Black Star","Happy Flower","Centennial Puzzle","The Courier","Eternal Feather","Blood Vial","Singing Bowl"],"acts_visited":["Exordium"],"potions_floor_usage":[10,12,12,16,16,16],"damage_taken":[{"damage":14.0,"enemies":"Small Slimes","floor":1.0,"turns":5.0},{"damage":18.0,"enemies":"Jaw Worm","floor":2.0,"turns":4.0},{"damage":32,"enemies":"Gremlin Nob","floor":6,"turns":4},{"damage":1,"enemies":"2 Louse","floor":8,"turns":2},{"damage":12,"enemies":"3 Sentries","floor":10,"turns":4},{"damage":12,"enemies":"Exordium Thugs","floor":11,"turns":4},{"damage":7,"enemies":"Exordium Wildlife","floor":12,"turns":4},{"damage":43,"enemies":"The Guardian","floor":16,"turns":9}],"seed_played":"-2955840517039160343","potions_obtained":[{"floor":6,"key":"AttackPotion"},{"floor":10,"key":"Energy Potion"},{"floor":11,"key":"PowerPotion"},{"floor":14,"key":"LiquidMemories"},{"floor":14,"key":"ElixirPotion"},{"floor":14,"key":"SteroidPotion"}],"is_trial":false,"path_per_floor":["M","M","$","?","?","E","R","M","T","E","M","M","T","?","R","B"],"character_chosen":"IRONCLAD","items_purchased":["Carnage"],"campfire_rested":1,"item_purchase_floors":[3],"current_hp_per_floor":[58,40,40,40,66,34,34,33,33,21,11,6,6,6,39,0,0],"gold":201,"neow_bonus":"BOSS_RELIC","is_daily":false,"chose_seed":false,"campfire_upgraded":1,"win_rate":0.0,"timestamp":1613392952,"path_taken":["M","M","$","?","?","E","R","M","T","E","M","M","?","?","R","BOSS"],"items_purchased_type":["Card"],"build_version":"2020-12-22","purchased_purges":1,"victory":false,"max_hp_per_floor":[80,80,80,80,80,80,80,80,80,80,80,80,80,80,80,80,80],"relic_stats":{"Blood Vial":6,"Centennial Puzzle":[15],"Happy Flower":[7],"Singing Bowl":0,"counters":[8,36],"Eternal Feather":9,"Black Star":2,"obtain_stats":[{"Blood Vial":10,"Centennial Puzzle":6,"Happy Flower":6,"Singing Bowl":13,"Eternal Feather":10,"The Courier":9,"Black Star":0,"Burning Blood":0},{"Blood Vial":5,"Centennial Puzzle":3,"Happy Flower":3,"Singing Bowl":7,"Eternal Feather":5,"The Courier":4,"Black Star":0,"Burning Blood":0},{"Blood Vial":19,"Centennial Puzzle":13,"Happy Flower":13,"Singing Bowl":27,"Eternal Feather":19,"The Courier":15,"Black Star":0,"Burning Blood":0}]},"card_choices":[{"not_picked":["Clash","Infernal Blade"],"picked":"Thunderclap","floor":1.0},{"not_picked":["Thunderclap","True Grit"],"picked":"Battle Trance","floor":2.0},{"not_picked":["Armaments","True Grit"],"picked":"Spot Weakness","floor":6},{"not_picked":["Perfected Strike","Twin Strike"],"picked":"Body Slam","floor":8},{"not_picked":["Fire Breathing","Twin Strike","Cleave"],"picked":"SKIP","floor":10},{"not_picked":["Wild Strike","Pommel Strike","Feel No Pain"],"picked":"SKIP","floor":11},{"not_picked":["Havoc","Pommel Strike"],"picked":"Sword Boomerang","floor":12}],"player_experience":358967,"relics_obtained":[{"floor":6,"key":"Happy Flower"},{"floor":6,"key":"Centennial Puzzle"},{"floor":9,"key":"The Courier"},{"floor":10,"key":"Eternal Feather"},{"floor":10,"key":"Blood Vial"},{"floor":13,"key":"Singing Bowl"}],"event_choices":[{"damage_healed":0,"gold_gain":0,"player_choice":"Fled","damage_taken":0,"max_hp_gain":0,"max_hp_loss":0,"event_name":"Scrap Ooze","floor":4,"gold_loss":0},{"damage_healed":26,"gold_gain":0,"player_choice":"Banana","damage_taken":0,"max_hp_gain":0,"max_hp_loss":0,"event_name":"Big Fish","floor":5,"gold_loss":0},{"damage_healed":0,"gold_gain":0,"player_choice":"Got Potions","damage_taken":0,"max_hp_gain":0,"max_hp_loss":0,"event_name":"Lab","floor":14,"gold_loss":0}],"is_beta":false,"boss_relics":[],"items_purged_floors":[3],"is_endless":false,"potions_floor_spawned":[6,10,11],"killed_by":"The Guardian","ascension_level":6}}