{"host":"a70birb7gb03c330","time":1613427234,"event":{"mods":["Act Like it!","BaseMod","Better Vampires","Disable Question Mark Monsters","Minty Spire (QoL Compilation)","Permanent Neow","Shade Mod","StSLib"],"gold_per_floor":[15,33,53,14,34,69,69,87,87,87,87,87,107,168,168,268,268,298,310,336,16,115,115,115,115,115,148,148,182,200,213,213,213,213],"floor_reached":33,"language":"ENG","playtime":1064,"items_purged":["Shade:Strike_Shade"],"score":335,"play_id":"8067f3f4-861f-456a-aae3-22a35654a5af","local_time":"20210215141354","is_ascension_mode":false,"campfire_choices":[{"data":"Shade:Bonestorm","floor":7,"key":"SMITH"},{"data":"Shade:Bonestorm","floor":10,"key":"SMITH"},{"floor":15,"key":"REST"},{"data":"Shade:Bonestorm","floor":23,"key":"SMITH"},{"floor":32,"key":"REST"}],"circlet_count":0,"master_deck":["Shade:Strike_Shade","Shade:Strike_Shade+1","Shade:Strike_Shade+1","Shade:Defend_Shade","Shade:Defend_Shade","Shade:Defend_Shade","Shade:Defend_Shade","Shade:AnimateDead","Shade:CarefulCut","Shade:Coordination","Shade:Bonestorm+1","Shade:FleshLikeOak","Shade:AuraOfUnlife","Shade:Bonestorm+1","Shade:CloudOfShrapnel","Shade:MadHubris","CurseOfTheBell","Shade:SkeletonArmy","Shade:Bonestorm+1"],"relics":["Shade:YorickSkull","Vajra","Mercury Hourglass","Calling Bell","MawBank","Gremlin Horn","MutagenicStrength","Membership Card","Tiny Chest","Lantern","StoneCalendar","Molten Egg 2","InkBottle","Pear"],"acts_visited":["Exordium","TheCity"],"potions_floor_usage":[6,14],"damage_taken":[{"damage":0,"enemies":"Cultist","floor":1,"turns":4},{"damage":0,"enemies":"2 Louse","floor":2,"turns":2},{"damage":0,"enemies":"Small Slimes","floor":3,"turns":3},{"damage":0,"enemies":"Blue Slaver","floor":5,"turns":4},{"damage":9,"enemies":"3 Sentries","floor":6,"turns":4},{"damage":5,"enemies":"Looter","floor":8,"turns":4},{"damage":4,"enemies":"3 Louse","floor":13,"turns":3},{"damage":6,"enemies":"3 Sentries","floor":14,"turns":3},{"damage":11,"enemies":"The Guardian","floor":16,"turns":9},{"damage":16,"enemies":"Shell Parasite","floor":18,"turns":7},{"damage":24,"enemies":"2 Thieves","floor":20,"turns":3},{"damage":0,"enemies":"Slavers","floor":27,"turns":1},{"damage":0,"enemies":"Gremlin Leader","floor":29,"turns":3},{"damage":4,"enemies":"Centurion and Healer","floor":30,"turns":4},{"damage":11,"enemies":"Snake Plant","floor":31,"turns":3},{"damage":87,"enemies":"Collector","floor":33,"turns":5}],"seed_played":"3345184182510779294","potions_obtained":[{"floor":2,"key":"LiquidMemories"},{"floor":5,"key":"Swift Potion"},{"floor":8,"key":"SpeedPotion"},{"floor":12,"key":"Energy Potion"},{"floor":12,"key":"FairyPotion"},{"floor":14,"key":"Swift Potion"}],"is_trial":false,"path_per_floor":["M","M","M","$","M","E","R","M","T","R","?","?","M","?","R","B",null,"M","?","M","$","?","R","?","?","T","E","T","E","M","M","R","B"],"character_chosen":"SHADE","items_purchased":["Shade:AuraOfUnlife","Membership Card","Tiny Chest","Lantern"],"campfire_rested":2,"item_purchase_floors":[4,21,21,21],"current_hp_per_floor":[65,65,65,65,65,56,56,51,51,51,38,38,34,28,47,36,65,49,49,25,25,25,25,25,46,46,46,46,56,52,41,63,0,0],"gold":213,"neow_bonus":"THREE_RARE_CARDS","is_daily":false,"chose_seed":false,"campfire_upgraded":3,"win_rate":0.0,"timestamp":1613427234,"path_taken":["M","M","?","$","M","E","R","M","T","R","?","?","?","?","R","BOSS","M","?","M","$","?","R","?","?","T","E","?","E","?","M","R","BOSS"],"items_purchased_type":["Card","Relic","Relic","Relic"],"build_version":"2020-12-22","purchased_purges":1,"victory":false,"max_hp_per_floor":[65,65,65,65,65,65,65,65,65,65,65,65,65,65,65,65,65,65,65,65,65,65,65,65,65,65,65,65,75,75,75,75,75,75],"card_choices":[{"not_picked":["Shade:OfferingToTheBeyond","Shade:MadHubris"],"picked":"Shade:Coordination","floor":0},{"not_picked":["Shade:Brains","Shade:FuneraryArmor"],"picked":"Shade:Bonestorm","floor":1},{"not_picked":["Shade:Trample","Shade:FleshToFlesh","Shade:GoDigging"],"picked":"SKIP","floor":2},{"not_picked":["Shade:GreyBargain","Shade:FingerOfDeath"],"picked":"Shade:FleshLikeOak","floor":3},{"not_picked":["Shade:MadHubris","Shade:FingerOfDeath","Shade:CoffinDance"],"picked":"SKIP","floor":5},{"not_picked":["Shade:FleshToFlesh","Shade:FuneraryArmor"],"picked":"Shade:Bonestorm","floor":6},{"not_picked":["Shade:ExtraLimbs","Shade:Trample"],"picked":"Shade:CloudOfShrapnel","floor":8},{"not_picked":["Shade:FingerOfDeath","Shade:FeralStrike","Shade:Premonition"],"picked":"SKIP","floor":13},{"not_picked":["Shade:Putrefaction","Shade:LoseControl"],"picked":"Shade:MadHubris","floor":16},{"not_picked":["Shade:SkeletonHug+1","Shade:Bonestorm"],"picked":"Shade:SkeletonArmy","floor":18},{"not_picked":["Shade:OneIsEnough","Shade:FuneraryArmor+1"],"picked":"Shade:Bonestorm","floor":20},{"not_picked":["Shade:CoffinDance+1","Shade:StitchTogether+1","Shade:Brains"],"picked":"SKIP","floor":27},{"not_picked":["Shade:AncientSpear+1","Shade:SpontaneousRitual+1","Shade:Excise"],"picked":"SKIP","floor":29},{"not_picked":["Shade:StitchTogether","Shade:GoDigging","Shade:Brains"],"picked":"SKIP","floor":30},{"not_picked":["Shade:AncientSpear+1","Shade:PressTheAttack+1","Shade:CoffinDance+1"],"picked":"SKIP","floor":31}],"player_experience":8222,"relics_obtained":[{"floor":6,"key":"Vajra"},{"floor":14,"key":"Mercury Hourglass"},{"floor":17,"key":"MawBank"},{"floor":17,"key":"Gremlin Horn"},{"floor":26,"key":"StoneCalendar"},{"floor":27,"key":"Molten Egg 2"},{"floor":28,"key":"InkBottle"},{"floor":29,"key":"Pear"}],"event_choices":[{"damage_healed":0,"gold_gain":0,"player_choice":"Entered Light","damage_taken":13,"max_hp_gain":0,"max_hp_loss":0,"event_name":"Shining Light","floor":11,"gold_loss":0,"cards_upgraded":["Shade:Strike_Shade","Shade:Strike_Shade"]},{"damage_healed":0,"gold_gain":0,"player_choice":"Got Potions","damage_taken":0,"max_hp_gain":0,"max_hp_loss":0,"event_name":"Lab","floor":12,"gold_loss":0},{"damage_healed":0,"gold_gain":0,"player_choice":"Searched \u00271\u0027 times","damage_taken":0,"max_hp_gain":0,"max_hp_loss":0,"event_name":"Dead Adventurer","floor":14,"gold_loss":0},{"damage_healed":0,"gold_gain":0,"player_choice":"Inject Mutagens","damage_taken":0,"relics_obtained":["MutagenicStrength"],"max_hp_gain":0,"max_hp_loss":0,"event_name":"Drug Dealer","floor":19,"gold_loss":0},{"damage_healed":0,"gold_gain":99,"player_choice":"Stole From Cult","damage_taken":0,"max_hp_gain":0,"max_hp_loss":0,"event_name":"Nest","floor":22,"gold_loss":0},{"damage_healed":0,"gold_gain":0,"player_choice":"Ignored","damage_taken":0,"max_hp_gain":0,"max_hp_loss":0,"event_name":"Cursed Tome","floor":24,"gold_loss":0},{"damage_healed":21,"gold_gain":0,"player_choice":"Heal","damage_taken":0,"max_hp_gain":0,"max_hp_loss":0,"event_name":"The Library","floor":25,"gold_loss":0}],"is_beta":false,"boss_relics":[{"not_picked":["Astrolabe","Philosopher\u0027s Stone"],"picked":"Calling Bell"}],"items_purged_floors":[21],"is_endless":false,"potions_floor_spawned":[2,5,8,14,20,27],"killed_by":"Collector","ascension_level":0}}