{"host":"8d3fefv2347kqkpz","time":1613390505,"event":{"mods":["AchievementEnabler","BaseMod","Better Vampires","Colored Map","Colored Powertips","Downfall","Highlight Path","Minty Spire (QoL Compilation)","Quick Restart","Rare Cards Sparkle","Relic Stats","Spicy Shops","StSLib","Waifu the Spire"],"gold_per_floor":[99,117,129,149,159,159,159,169,26,26,41,41,41,26,44,148,148,148,148,158,158,170,183,183,201,201,201,201],"floor_reached":26,"language":"ZHS","playtime":992,"items_purged":["Injury"],"score":202,"play_id":"6fbd0de3-46dd-4de5-889b-ed03000695cd","local_time":"20210215200145","is_ascension_mode":false,"campfire_choices":[{"data":"hexamod:SearingWound","floor":1.0,"key":"SMITH"},{"floor":10.0,"key":"REST"},{"data":"hexamod:Sear","floor":13.0,"key":"SMITH"},{"data":"hexamod:SearingWound","floor":18.0,"key":"SMITH"}],"circlet_count":0,"master_deck":["hexamod:Strike","hexamod:Strike","hexamod:Strike","hexamod:Defend","hexamod:Defend","hexamod:Defend","hexamod:Sear+1","hexamod:Float","hexamod:SearingWound+1","hexamod:FlamesFromBeyond","hexamod:ShieldOfDarkness","hexamod:ThirdSeal","hexamod:ShieldOfDarkness","hexamod:BurningTouch","hexamod:SearingWound+1","hexamod:FlamesFromBeyond","hexamod:PhantomCloak"],"relics":["hexamod:SpiritBrand","Empty Cage","Bottled Tornado"],"acts_visited":["Exordium","TheCity"],"potions_floor_usage":[23,26],"damage_taken":[{"damage":1.0,"enemies":"Cultist","floor":2.0,"turns":4.0},{"damage":0.0,"enemies":"Small Slimes","floor":3.0,"turns":4.0},{"damage":10.0,"enemies":"Jaw Worm","floor":4.0,"turns":5.0},{"damage":12.0,"enemies":"Exordium Thugs","floor":5.0,"turns":5.0},{"damage":8.0,"enemies":"Lots of Slimes","floor":8.0,"turns":2.0},{"damage":5.0,"enemies":"downfall:FleeingMerchant","floor":9.0,"turns":4.0},{"damage":5.0,"enemies":"downfall:LooterAlt","floor":11.0,"turns":3.0},{"damage":10.0,"enemies":"downfall:FleeingMerchant","floor":14.0,"turns":4.0},{"damage":0.0,"enemies":"Exordium Wildlife","floor":15.0,"turns":3.0},{"damage":41.0,"enemies":"IC_STATUS_ARCHETYPE","floor":16.0,"turns":11.0},{"damage":0.0,"enemies":"Chosen","floor":19.0,"turns":1.0},{"damage":8,"enemies":"Shell Parasite","floor":20,"turns":3},{"damage":12,"enemies":"Centurion and Healer","floor":22,"turns":3},{"damage":36,"enemies":"Shelled Parasite and Fungi","floor":23,"turns":4},{"damage":8,"enemies":"Snake Plant","floor":25,"turns":3},{"damage":16,"enemies":"Centurion and Healer","floor":26,"turns":2}],"seed_played":"1278380944494325050","potions_obtained":[{"floor":3.0,"key":"PowerPotion"},{"floor":5.0,"key":"DistilledChaos"},{"floor":15.0,"key":"Block Potion"},{"floor":16.0,"key":"champ:CounterPotion"},{"floor":21,"key":"DuplicationPotion"},{"floor":21,"key":"Regen Potion"},{"floor":23,"key":"Energy Potion"}],"is_trial":false,"path_per_floor":["R","M","M","M","M","?","T","M","$","R","M","?","R","$","M","B",null,"R","M","M","?","M","M","T","M","M"],"character_chosen":"THE_SPIRIT","items_purchased":["hexamod:ShieldOfDarkness"],"campfire_rested":1,"item_purchase_floors":[9],"current_hp_per_floor":[70,69,69,59,47,52,52,44,39,61,56,56,56,46,46,5,75,75,75,67,67,55,19,19,11,0,0,0],"gold":201,"neow_bonus":"THREE_RARE_CARDS","is_daily":false,"chose_seed":false,"campfire_upgraded":3,"win_rate":0.0,"timestamp":1613390505,"path_taken":["R","M","?","M","M","?","T","M","$","R","M","?","R","?","M","BOSS","R","M","M","?","M","M","T","?","M"],"items_purchased_type":["Card"],"build_version":"2020-12-22","purchased_purges":1,"victory":false,"max_hp_per_floor":[70,70,70,70,70,75,75,75,75,75,75,75,75,75,75,75,75,75,75,75,75,75,75,75,75,75,75,75],"relic_stats":{"counters":[16,61],"obtain_stats":[{"downfall:BrokenWingStatue":12,"Bottled Tornado":24,"Empty Cage":17,"hexamod:SpiritBrand":0,"InkBottle":7},{"downfall:BrokenWingStatue":7,"Bottled Tornado":14,"Empty Cage":10,"hexamod:SpiritBrand":0,"InkBottle":4},{"downfall:BrokenWingStatue":27,"Bottled Tornado":56,"Empty Cage":45,"hexamod:SpiritBrand":0,"InkBottle":18}]},"card_choices":[{"not_picked":["hexamod:ParanormalForm","hexamod:Toasty"],"picked":"hexamod:SearingWound","floor":0.0},{"not_picked":["hexamod:RecurringNightmare","hexamod:Hexaguard","hexamod:SuperheatedStrike"],"picked":"SKIP","floor":2.0},{"not_picked":["hexamod:ThermalTransfer","hexamod:BacktrackSmack","hexamod:NightmareGuise"],"picked":"SKIP","floor":3.0},{"not_picked":["hexamod:EtherealExpedition","hexamod:StepThrough"],"picked":"hexamod:FlamesFromBeyond","floor":4.0},{"not_picked":["hexamod:NightmareStrike","hexamod:SkipABeat","hexamod:InspiringFlames"],"picked":"SKIP","floor":5.0},{"not_picked":["hexamod:NightmareStrike","hexamod:GhostLash","hexamod:SpectersWail"],"picked":"SKIP","floor":8.0},{"not_picked":["hexamod:Toasty","hexamod:AdvancingGuard","hexamod:StepThrough"],"picked":"SKIP","floor":9.0},{"not_picked":["hexamod:SpectersWail","hexamod:SwordOfDarkness"],"picked":"hexamod:ThirdSeal","floor":11.0},{"not_picked":["hexamod:InspiringFlames","hexamod:CatchUp"],"picked":"hexamod:ShieldOfDarkness","floor":14.0},{"not_picked":["hexamod:SuperheatedStrike","hexamod:InspiringFlames","hexamod:GhostLash"],"picked":"SKIP","floor":14.0},{"not_picked":["hexamod:FlameSwitch","hexamod:InspiringFlames"],"picked":"hexamod:BurningTouch","floor":15.0},{"not_picked":["hexamod:InspiringFlames","hexamod:Hexaguard","hexamod:NecessarySacrifice"],"picked":"SKIP","floor":15.0},{"not_picked":["hexamod:FifthSeal","hexamod:TimeOfNeed"],"picked":"hexamod:SearingWound","floor":16.0},{"not_picked":["hexamod:Hexaguard","hexamod:AdvancingGuard","hexamod:GhostOfSpirePast"],"picked":"SKIP","floor":19.0},{"not_picked":["hexamod:SuperheatedStrike","hexamod:Hexaguard"],"picked":"hexamod:FlamesFromBeyond","floor":20},{"not_picked":["hexamod:GhostShield+1","hexamod:Hexaguard","hexamod:NightmareStrike"],"picked":"SKIP","floor":20},{"not_picked":["hexamod:Firestarter","hexamod:DynamicBlow","hexamod:NecessarySacrifice"],"picked":"SKIP","floor":22},{"not_picked":["hexamod:EtherealExpedition+1","hexamod:ParanormalForm","hexamod:HeatMetal"],"picked":"SKIP","floor":22},{"not_picked":["hexamod:FastForward","hexamod:SwordOfDarkness+1","hexamod:BurningTouch"],"picked":"SKIP","floor":23},{"not_picked":["hexamod:GhostLash","hexamod:Firestarter","hexamod:ChargedBarrage+1"],"picked":"SKIP","floor":23},{"not_picked":["hexamod:SuperheatedStrike","hexamod:NecessarySacrifice+1"],"picked":"hexamod:PhantomCloak","floor":25}],"player_experience":386264,"relics_obtained":[{"floor":7.0,"key":"InkBottle"},{"floor":24,"key":"Bottled Tornado"}],"event_choices":[{"damage_healed":0.0,"max_hp_gain":5.0,"max_hp_loss":0.0,"gold_gain":0.0,"event_name":"Big Fish","player_choice":"Donut","floor":6.0,"gold_loss":0.0,"damage_taken":0.0}],"is_beta":false,"boss_relics":[{"not_picked":["Coffee Dripper","Runic Pyramid"],"picked":"Empty Cage"}],"items_purged_floors":[9],"is_endless":false,"potions_floor_spawned":[3,5,15,16,22,23],"killed_by":"Centurion and Healer","ascension_level":0}}