{"host":"oeeu8njhzvf3llor","time":1613405623,"event":{"mods":["BaseMod","Better Match","Better Note","Better Skull","Better Third Choice","Colored Map","Hubris","Minty Spire (QoL Compilation)","Rare Cards Sparkle","Replay The Spire","Shop Mod","Spicy Shops","StSLib","Swap Starting Deck Mod"],"gold_per_floor":[111,124,124,217,236,264,42,77,77,106,126,26,58,58,58,163,163,179,192,208,220,220,255,274,73,73,105,105,124,151,161,161,257,257,275,375,394,394,404,439,439,468,546,546,24,24,36,36,36,36,36,36,28,59,59,59],"floor_reached":55,"language":"ENG","playtime":1837,"items_purged":["Strike_G","Strike_G","Strike_G","Defend_G+1"],"score":1063,"play_id":"08489a5c-7d29-448a-b1cc-c3bc452a63ae","local_time":"20210215111343","is_ascension_mode":true,"campfire_choices":[{"floor":15,"key":"REST"},{"data":"ReplayTheSpireMod:Necrosis","floor":32,"key":"SMITH"},{"floor":41,"key":"RECALL"},{"data":"ReplayTheSpireMod:Necrosis","floor":44,"key":"SMITH"},{"data":"Corpse Explosion","floor":46,"key":"SMITH"},{"floor":49,"key":"DIG"},{"data":"Catalyst","floor":52,"key":"SMITH"}],"circlet_count":0,"master_deck":["Defend_G+1","Defend_G","Defend_G","Defend_G","Survivor","Neutralize+1","Atom Bomb+1","Blade Dance","Crippling Poison","Deadly Poison","Poisoned Stab","Poisoned Stab","Venomology+1","Crippling Poison","Poisoned Stab","Draining Mist","ReplayTheSpireMod:Necrosis+1","Noxious Fumes","Catalyst+1","Choke","Poisoned Stab","Dagger Spray+1","Eviscerate+1","Blade Dance","Poisoned Stab+1","Corpse Explosion+1","Deadly Poison","Bane+1","ReplayTheSpireMod:Necrosis+1","Poisoned Stab+1","Noxious Fumes","Caltrops","A Thousand Cuts"],"relics":["Ring of the Snake","Snake Skull","Meat on the Bone","Guide Book","Replay:Rubber Ducky","hubris:GlazedTorus","FossilizedHelix","hubris:FunFungus","hubris:BlackHole","Prayer Wheel","hubris:HerbalPaste","Shuriken","MealTicket","Bag of Preparation","Snecko Eye","Replay:Baseball","Simple Rune","Ice Cream","Chemical X","Vampiric Spirits","Counterbalance"],"acts_visited":["Exordium","TheCity","TheBeyond","TheEnding"],"potions_floor_usage":[8,10,10,11,13,16,18,19,20,21,21,23,30,31,33,33,50,54,55,55,55],"damage_taken":[{"damage":1,"enemies":"2 Louse","floor":1,"turns":4},{"damage":1,"enemies":"Jaw Worm","floor":2,"turns":4},{"damage":1,"enemies":"Small Slimes","floor":5,"turns":3},{"damage":37,"enemies":"3 Sentries","floor":6,"turns":9},{"damage":10,"enemies":"Replay:BlueRogue","floor":8,"turns":8},{"damage":24,"enemies":"3 Sentries","floor":10,"turns":8},{"damage":9,"enemies":"Exordium Thugs","floor":11,"turns":3},{"damage":0,"enemies":"Replay:BlueRogue","floor":13,"turns":4},{"damage":9,"enemies":"Hexaghost","floor":16,"turns":7},{"damage":0,"enemies":"Spheric Guardian","floor":18,"turns":2},{"damage":0,"enemies":"Shell Parasite","floor":19,"turns":3},{"damage":3,"enemies":"Centurion and Healer","floor":20,"turns":3},{"damage":0,"enemies":"Cultist and Chosen","floor":21,"turns":3},{"damage":18,"enemies":"Book of Stabbing","floor":23,"turns":4},{"damage":0,"enemies":"3 Cultists","floor":24,"turns":2},{"damage":0,"enemies":"Replay:Snechameleon","floor":27,"turns":2},{"damage":0,"enemies":"Chosen and Byrds","floor":29,"turns":2},{"damage":0,"enemies":"Gremlin Leader","floor":30,"turns":4},{"damage":0,"enemies":"Snake Plant","floor":31,"turns":1},{"damage":0,"enemies":"Collector","floor":33,"turns":3},{"damage":0,"enemies":"3 Darklings","floor":35,"turns":2},{"damage":0,"enemies":"Orb Walker","floor":37,"turns":1},{"damage":0,"enemies":"3 Darklings","floor":39,"turns":2},{"damage":0,"enemies":"R_Hoarder","floor":40,"turns":3},{"damage":4,"enemies":"Nemesis","floor":42,"turns":3},{"damage":0,"enemies":"Writhing Mass","floor":47,"turns":2},{"damage":8,"enemies":"hubris:GrandSnecko","floor":50,"turns":3},{"damage":4,"enemies":"Shield and Spear","floor":54,"turns":2},{"damage":117,"enemies":"The Heart","floor":55,"turns":5}],"seed_played":"782645468213302922","potions_obtained":[{"floor":2,"key":"Weak Potion"},{"floor":5,"key":"GamblersBrew"},{"floor":8,"key":"DuplicationPotion"},{"floor":11,"key":"Block Potion"},{"floor":28,"key":"CunningPotion"},{"floor":31,"key":"FairyPotion"},{"floor":33,"key":"Strength Potion"}],"is_trial":false,"path_per_floor":["M","M","?","?","M","E","$","E","T","E","M","$","E","?","R","B",null,"M","M","M","M","?","E","M","$","T","E","?","M","E","M","R","B",null,"M","?","M","?","M","E","R","E","T","R","$","R","M","?","R_BF","B",null,"R","$","E","B"],"character_chosen":"THE_SILENT","items_purchased":["Guide Book","hubris:HerbalPaste","Ice Cream","Chemical X","Caltrops"],"campfire_rested":1,"item_purchase_floors":[7,25,45,45,53],"current_hp_per_floor":[69,68,68,68,67,30,30,32,32,35,38,38,38,31,52,43,70,70,70,70,70,70,58,61,61,61,69,69,70,70,70,70,70,70,70,70,70,70,70,70,70,69,69,69,70,70,70,66,66,66,66,66,66,65,0,0],"gold":59,"neow_bonus":"ONE_RANDOM_RARE_CARD","is_daily":false,"chose_seed":false,"campfire_upgraded":4,"win_rate":0.0,"timestamp":1613405623,"path_taken":["M","M","?","?","?","E","$","E","T","E","M","$","E","?","R","BOSS","M","M","M","M","?","E","M","$","T","E","?","M","E","M","R","BOSS","M","?","?","?","M","E","R","E","T","R","?","R","M","?","R_BF","BOSS","R","$","E","BOSS"],"items_purchased_type":["Relic","Relic","Relic","Relic","Card"],"build_version":"2020-12-22","purchased_purges":4,"victory":false,"max_hp_per_floor":[70,70,70,70,70,70,70,70,70,70,70,70,70,70,70,70,70,70,70,70,70,70,70,70,70,70,70,70,70,70,70,70,70,70,70,70,70,70,70,70,70,70,70,70,70,70,70,66,66,66,66,66,66,66,66,66],"card_choices":[{"not_picked":["Cloak And Dagger","Blur"],"picked":"Blade Dance","floor":1},{"not_picked":["Backflip","Draining Mist"],"picked":"Crippling Poison","floor":2},{"not_picked":["Caltrops","Underhanded Strike"],"picked":"Deadly Poison","floor":4},{"not_picked":["Backflip","hubris:SlightOfHand"],"picked":"Poisoned Stab","floor":4},{"not_picked":["Finisher","Bouncing Flask"],"picked":"Poisoned Stab","floor":5},{"not_picked":["All Out Attack","Well Laid Plans"],"picked":"Venomology","floor":6},{"not_picked":["Skewer","Outmaneuver","Flying Knee"],"picked":"SKIP","floor":8},{"not_picked":["Reflex","Quick Slash"],"picked":"Crippling Poison","floor":10},{"not_picked":["hubris:Sniper","Slice"],"picked":"Poisoned Stab","floor":11},{"not_picked":["Slice","Sneak Up"],"picked":"Draining Mist","floor":13},{"not_picked":["Bullet Time","Doppelganger"],"picked":"ReplayTheSpireMod:Necrosis","floor":16},{"not_picked":["Outmaneuver","Blade Dance+1"],"picked":"Noxious Fumes","floor":18},{"not_picked":["Blade Dance","PiercingWail"],"picked":"Catalyst","floor":19},{"not_picked":["Quick Slash","Blade Dance"],"picked":"Choke","floor":20},{"not_picked":["Dodge and Roll+1","Dagger Throw+1"],"picked":"Poisoned Stab","floor":21},{"not_picked":["Unload","Dagger Throw"],"picked":"Dagger Spray+1","floor":23},{"not_picked":["PiercingWail","Blade Dance"],"picked":"Eviscerate+1","floor":24},{"not_picked":["ReplayTheSpireMod:Speed Training+1","Escape Plan"],"picked":"Blade Dance","floor":24},{"not_picked":["Dodge and Roll","Prepared+1"],"picked":"Poisoned Stab+1","floor":27},{"not_picked":["Masterful Stab+1","Dagger Spray+1"],"picked":"Corpse Explosion","floor":29},{"not_picked":["Skewer","ReplayTheSpireMod:The Works","Dagger Spray"],"picked":"SKIP","floor":29},{"not_picked":["After Image","Blade Dance"],"picked":"Deadly Poison","floor":30},{"not_picked":["Endless Agony","hubris:SlightOfHand+1"],"picked":"Bane+1","floor":31},{"not_picked":["Endless Agony","ReplayTheSpireMod:Speed Training","Phantasmal Killer"],"picked":"SKIP","floor":31},{"not_picked":["After Image","Venomology"],"picked":"ReplayTheSpireMod:Necrosis","floor":33},{"not_picked":["Blur","All Out Attack+1","Hidden Blade"],"picked":"SKIP","floor":35},{"not_picked":["Tactician+1","Underhanded Strike","hubris:SlightOfHand+1"],"picked":"SKIP","floor":35},{"not_picked":["Slice+1","hubris:SlightOfHand"],"picked":"Poisoned Stab+1","floor":37},{"not_picked":["Prepared+1","Underhanded Strike+1","Acrobatics+1"],"picked":"SKIP","floor":37},{"not_picked":["Escape Plan","ReplayTheSpireMod:Shiv Toss+1","Dodge and Roll+1"],"picked":"SKIP","floor":39},{"not_picked":["Setup+1","All Out Attack+1","Endless Agony+1"],"picked":"SKIP","floor":39},{"not_picked":["Slice+1","All Out Attack+1"],"picked":"Noxious Fumes","floor":40},{"not_picked":["Flying Knee","ReplayTheSpireMod:Scrap Shanks+1","Venomology"],"picked":"SKIP","floor":42},{"not_picked":["Hidden Blade","PiercingWail+1","All Out Attack+1"],"picked":"SKIP","floor":47},{"not_picked":["hubris:SlightOfHand+1","Hidden Blade+1","Fluid Movement"],"picked":"SKIP","floor":47},{"not_picked":["Hidden Blade+1","hubris:SlightOfHand"],"picked":"A Thousand Cuts","floor":54}],"player_experience":514915,"relics_obtained":[{"floor":4,"key":"Snake Skull"},{"floor":6,"key":"Meat on the Bone"},{"floor":8,"key":"Replay:Rubber Ducky"},{"floor":9,"key":"hubris:GlazedTorus"},{"floor":10,"key":"FossilizedHelix"},{"floor":13,"key":"hubris:FunFungus"},{"floor":23,"key":"Prayer Wheel"},{"floor":26,"key":"Shuriken"},{"floor":27,"key":"MealTicket"},{"floor":30,"key":"Bag of Preparation"},{"floor":40,"key":"Replay:Baseball"},{"floor":42,"key":"Simple Rune"},{"floor":49,"key":"Vampiric Spirits"},{"floor":54,"key":"Counterbalance"}],"event_choices":[{"cards_removed":["ReplayTheSpireMod:Splinters"],"damage_healed":0,"gold_gain":0,"player_choice":"Card Removal","damage_taken":7,"max_hp_gain":0,"max_hp_loss":0,"event_name":"Golden Wing","floor":14,"gold_loss":0},{"cards_removed":["Strike_G"],"damage_healed":0,"gold_gain":0,"player_choice":"Offered Basic","damage_taken":0,"max_hp_gain":0,"max_hp_loss":0,"event_name":"Bonfire Elementals","floor":22,"gold_loss":0},{"damage_healed":0,"gold_gain":0,"player_choice":"Got Potions","damage_taken":0,"max_hp_gain":0,"max_hp_loss":0,"event_name":"Lab","floor":28,"gold_loss":0},{"damage_healed":0,"gold_gain":100,"player_choice":"Pray","damage_taken":0,"max_hp_gain":0,"max_hp_loss":0,"event_name":"Golden Shrine","floor":36,"gold_loss":0},{"cards_removed":["Strike_G"],"damage_healed":0,"gold_gain":0,"player_choice":"Card Removal","damage_taken":0,"max_hp_gain":0,"max_hp_loss":0,"event_name":"Wheel of Change","floor":38,"gold_loss":0},{"damage_healed":0,"gold_gain":0,"player_choice":"Max HP","damage_taken":0,"max_hp_gain":0,"max_hp_loss":4,"event_name":"Winding Halls","floor":48,"gold_loss":0}],"is_beta":false,"boss_relics":[{"not_picked":["Kintsugi","Astrolabe"],"picked":"hubris:BlackHole"},{"not_picked":["Velvet Choker","Cursed Key"],"picked":"Snecko Eye"}],"items_purged_floors":[7,12,25,45],"is_endless":false,"potions_floor_spawned":[2,5,8,11,16,18,19,29,31,33,37,39,42],"killed_by":"The Heart","ascension_level":1}}