{"host":"soyfmymeou4emntr","time":1613349457,"event":{"mods":["BaseMod","Minty Spire (QoL Compilation)","Permanent Neow","Relic Sorter","Relic Stats","StSLib"],"gold_per_floor":[115,132,132,143,160,160,192,192,216,250,250,250,268,281,281,352,352,362,362,376,402,416,443,443,71,71,103,103,114,126,140,140,140,140],"floor_reached":33,"language":"ENG","playtime":2440,"items_purged":["Strike_R"],"score":598,"play_id":"a649f7e0-827c-41dc-b9b2-1e759c2d9874","local_time":"20210214173737","is_ascension_mode":true,"campfire_choices":[{"data":"Flame Barrier","floor":6.0,"key":"SMITH"},{"floor":8.0,"key":"REST"},{"data":"Disarm","floor":12.0,"key":"SMITH"},{"data":"Dual Wield","floor":15.0,"key":"SMITH"},{"data":"Whirlwind","floor":24,"key":"SMITH"},{"floor":28,"key":"REST"},{"floor":32,"key":"REST"}],"circlet_count":0,"master_deck":["AscendersBane","Strike_R","Strike_R","Strike_R","Strike_R","Defend_R","Defend_R","Defend_R","Defend_R","Bash+1","Dramatic Entrance+1","Flame Barrier+1","Shrug It Off","Disarm+1","Body Slam","Fiend Fire","Dual Wield+1","Inflame","Reaper","Whirlwind+1","Shockwave","Wild Strike+1","Feel No Pain","Power Through","True Grit+1","Burning Pact","Second Wind"],"relics":["Burning Blood","Blood Vial","Anchor","Smiling Mask","Velvet Choker","Oddly Smooth Stone","Unceasing Top","Potion Belt","Orichalcum","Centennial Puzzle"],"acts_visited":["Exordium","TheCity"],"potions_floor_usage":[27,31,33,33,33,33],"damage_taken":[{"damage":1.0,"enemies":"2 Louse","floor":1.0,"turns":2.0},{"damage":0.0,"enemies":"Cultist","floor":2.0,"turns":3.0},{"damage":0.0,"enemies":"Small Slimes","floor":4.0,"turns":2.0},{"damage":0.0,"enemies":"Exordium Thugs","floor":5.0,"turns":7.0},{"damage":62.0,"enemies":"Lagavulin","floor":7.0,"turns":10.0},{"damage":8.0,"enemies":"Gremlin Nob","floor":10.0,"turns":3.0},{"damage":0.0,"enemies":"Gremlin Gang","floor":13.0,"turns":1.0},{"damage":0.0,"enemies":"3 Louse","floor":14.0,"turns":2.0},{"damage":43.0,"enemies":"The Guardian","floor":16.0,"turns":18.0},{"damage":0.0,"enemies":"3 Byrds","floor":18.0,"turns":3.0},{"damage":40,"enemies":"Spheric Guardian","floor":20,"turns":6},{"damage":50,"enemies":"Centurion and Healer","floor":22,"turns":15},{"damage":21,"enemies":"Book of Stabbing","floor":23,"turns":5},{"damage":45,"enemies":"Slavers","floor":27,"turns":7},{"damage":0,"enemies":"Chosen and Byrds","floor":29,"turns":6},{"damage":17,"enemies":"Snecko","floor":30,"turns":6},{"damage":8,"enemies":"Shelled Parasite and Fungi","floor":31,"turns":3},{"damage":82,"enemies":"Champ","floor":33,"turns":17}],"seed_played":"-3398245309383408409","potions_obtained":[{"floor":1.0,"key":"ElixirPotion"},{"floor":2.0,"key":"Block Potion"},{"floor":4.0,"key":"GamblersBrew"},{"floor":7.0,"key":"Dexterity Potion"},{"floor":23,"key":"Dexterity Potion"},{"floor":27,"key":"SpeedPotion"},{"floor":30,"key":"DistilledChaos"},{"floor":31,"key":"Energy Potion"}],"is_trial":false,"path_per_floor":["M","M","?","M","M","R","E","R","T","E","?","R","M","M","R","B",null,"M","?","M","T","M","E","R","$","T","E","R","M","M","M","R","B"],"character_chosen":"IRONCLAD","items_purchased":["Feel No Pain","Potion Belt","GamblersBrew"],"campfire_rested":3,"item_purchase_floors":[25,25,25],"current_hp_per_floor":[73,75,75,75,75,75,19,41,41,41,41,41,49,57,57,22,62,75,75,41,41,47,34,34,34,34,9,31,45,40,40,62,0,0],"gold":140,"neow_bonus":"RANDOM_COLORLESS","is_daily":false,"chose_seed":false,"campfire_upgraded":4,"win_rate":0.0,"timestamp":1613349457,"path_taken":["M","M","?","M","?","R","E","R","T","E","?","R","M","M","R","BOSS","M","?","M","?","M","E","R","$","T","E","R","?","M","M","R","BOSS"],"items_purchased_type":["Card","Relic","Potion"],"build_version":"2020-12-22","purchased_purges":1,"victory":false,"max_hp_per_floor":[75,75,75,75,75,75,75,75,75,75,75,75,75,75,75,75,75,75,75,75,75,75,75,75,75,75,75,75,75,75,75,75,75,75],"relic_stats":{"Blood Vial":24,"Centennial Puzzle":[9],"counters":[18,116],"Orichalcum":[54],"Smiling Mask":25,"obtain_stats":[{"Blood Vial":7,"Potion Belt":25,"Anchor":9,"Centennial Puzzle":27,"Velvet Choker":17,"Oddly Smooth Stone":21,"Orichalcum":26,"Smiling Mask":10,"Burning Blood":0,"Unceasing Top":23},{"Blood Vial":5,"Potion Belt":13,"Anchor":5,"Centennial Puzzle":14,"Velvet Choker":9,"Oddly Smooth Stone":11,"Orichalcum":13,"Smiling Mask":6,"Burning Blood":0,"Unceasing Top":13},{"Blood Vial":24,"Potion Belt":77,"Anchor":24,"Centennial Puzzle":84,"Velvet Choker":48,"Oddly Smooth Stone":57,"Orichalcum":77,"Smiling Mask":27,"Burning Blood":0,"Unceasing Top":77}],"Burning Blood":85,"Unceasing Top":[7]},"card_choices":[{"not_picked":["Purity","Jack Of All Trades"],"picked":"Dramatic Entrance","floor":0.0},{"not_picked":["Sever Soul","Cleave"],"picked":"Flame Barrier","floor":1.0},{"not_picked":["Body Slam","Iron Wave"],"picked":"Shrug It Off","floor":2.0},{"not_picked":["Clothesline","Headbutt"],"picked":"Disarm","floor":4.0},{"not_picked":["Feel No Pain","Heavy Blade"],"picked":"Body Slam","floor":5.0},{"not_picked":["Seeing Red","Heavy Blade"],"picked":"Fiend Fire","floor":7.0},{"not_picked":["Shrug It Off","Seeing Red"],"picked":"Dual Wield","floor":10.0},{"not_picked":["Warcry","Havoc","Body Slam"],"picked":"SKIP","floor":13.0},{"not_picked":["Carnage","Reckless Charge"],"picked":"Inflame","floor":14.0},{"not_picked":["Berserk","Demon Form"],"picked":"Reaper","floor":16.0},{"not_picked":["Twin Strike","Armaments","True Grit"],"picked":"SKIP","floor":18.0},{"not_picked":["Shrug It Off+1","Thunderclap"],"picked":"Whirlwind","floor":20},{"not_picked":["Sentinel","Burning Pact"],"picked":"Shockwave","floor":22},{"not_picked":["Body Slam","Shrug It Off"],"picked":"Wild Strike+1","floor":23},{"not_picked":["Immolate","Heavy Blade"],"picked":"Power Through","floor":27},{"not_picked":["Heavy Blade+1","Thunderclap"],"picked":"True Grit+1","floor":29},{"not_picked":["Thunderclap","Havoc"],"picked":"Burning Pact","floor":30},{"not_picked":["Perfected Strike","Iron Wave"],"picked":"Second Wind","floor":31}],"player_experience":3315070,"relics_obtained":[{"floor":7.0,"key":"Blood Vial"},{"floor":9.0,"key":"Anchor"},{"floor":10.0,"key":"Smiling Mask"},{"floor":21,"key":"Oddly Smooth Stone"},{"floor":23,"key":"Unceasing Top"},{"floor":26,"key":"Orichalcum"},{"floor":27,"key":"Centennial Puzzle"}],"event_choices":[{"damage_healed":0.0,"max_hp_gain":0.0,"max_hp_loss":0.0,"gold_gain":0.0,"event_name":"Upgrade Shrine","player_choice":"Upgraded","floor":3.0,"gold_loss":0.0,"damage_taken":0.0,"cards_upgraded":["Bash"]},{"damage_healed":0.0,"max_hp_gain":0.0,"max_hp_loss":0.0,"gold_gain":0.0,"event_name":"Living Wall","player_choice":"Grow","floor":11.0,"gold_loss":0.0,"damage_taken":0.0,"cards_upgraded":["Dramatic Entrance"]},{"damage_healed":0.0,"max_hp_gain":0.0,"max_hp_loss":0.0,"gold_gain":0.0,"event_name":"Ghosts","player_choice":"Ignored","floor":19.0,"gold_loss":0.0,"damage_taken":0.0}],"is_beta":false,"boss_relics":[{"not_picked":["Empty Cage","Busted Crown"],"picked":"Velvet Choker"}],"items_purged_floors":[25],"is_endless":false,"potions_floor_spawned":[1,2,4,7,13,23,27,30,31],"killed_by":"Champ","ascension_level":20}}