{"host":"ELF","time":1613386102,"event":{"mods":["BaseMod","Bestiary","Minty Spire (QoL Compilation)","Relic Stats","Slay the Relics Exporter"],"gold_per_floor":[15,30,41,54,71,102,102,135,158,158,158],"floor_reached":10,"language":"ENG","playtime":466,"items_purged":[],"score":128,"play_id":"598d88f4-3fcd-41be-b9ee-c7d7669e3c51","local_time":"20210215044822","is_ascension_mode":true,"campfire_choices":[{"floor":7.0,"key":"REST"}],"circlet_count":0,"master_deck":["AscendersBane","Strike_P","Strike_P","Strike_P","Strike_P","Defend_P","Defend_P","Defend_P","Defend_P","Eruption","Vigilance","Indignation","ReachHeaven","SashWhip","DevaForm","Adaptation","ClearTheMind","TalkToTheHand"],"relics":["PureWater","TungstenRod","PreservedInsect","Bottled Flame","Juzu Bracelet"],"acts_visited":["Exordium"],"potions_floor_usage":[],"damage_taken":[{"damage":0.0,"enemies":"Small Slimes","floor":1.0,"turns":2.0},{"damage":0.0,"enemies":"2 Louse","floor":2.0,"turns":4.0},{"damage":1.0,"enemies":"Jaw Worm","floor":3.0,"turns":3.0},{"damage":0.0,"enemies":"Blue Slaver","floor":4.0,"turns":3.0},{"damage":36.0,"enemies":"Lots of Slimes","floor":5.0,"turns":6.0},{"damage":27.0,"enemies":"Gremlin Nob","floor":6.0,"turns":4.0},{"damage":15.0,"enemies":"3 Sentries","floor":8.0,"turns":5.0},{"damage":49,"enemies":"Gremlin Nob","floor":10,"turns":3}],"seed_played":"-7555514375506664168","potions_obtained":[{"floor":1.0,"key":"PowerPotion"},{"floor":2.0,"key":"FearPotion"},{"floor":6.0,"key":"LiquidBronze"}],"is_trial":false,"path_per_floor":["M","M","M","M","M","E","R","E","T","E"],"character_chosen":"WATCHER","items_purchased":[],"campfire_rested":1,"item_purchase_floors":[],"current_hp_per_floor":[65,65,64,64,28,1,22,7,7,0,0],"gold":158,"neow_bonus":"ONE_RARE_RELIC","is_daily":false,"chose_seed":false,"campfire_upgraded":0,"win_rate":0.0,"timestamp":1613386102,"path_taken":["M","M","M","M","M","E","R","E","T","E"],"items_purchased_type":[],"build_version":"2020-12-18","purchased_purges":0,"victory":false,"max_hp_per_floor":[72,72,72,72,72,72,72,72,72,72,72],"relic_stats":{"counters":[8,30],"PreservedInsect":56,"Juzu Bracelet":0,"obtain_stats":[{"Bottled Flame":8,"PreservedInsect":6,"Juzu Bracelet":9,"PureWater":0,"TungstenRod":0},{"Bottled Flame":7,"PreservedInsect":6,"Juzu Bracelet":7,"PureWater":0,"TungstenRod":0},{"Bottled Flame":27,"PreservedInsect":22,"Juzu Bracelet":27,"PureWater":0,"TungstenRod":0}],"TungstenRod":19},"card_choices":[{"not_picked":["FearNoEvil","EmptyBody"],"picked":"Indignation","floor":1.0},{"not_picked":["FlyingSleeves","ThirdEye"],"picked":"ReachHeaven","floor":2.0},{"not_picked":["Vengeance","Study"],"picked":"SashWhip","floor":3.0},{"not_picked":["Halt","Indignation"],"picked":"DevaForm","floor":4.0},{"not_picked":["JustLucky","Tantrum"],"picked":"Adaptation","floor":5.0},{"not_picked":["LikeWater","JustLucky"],"picked":"ClearTheMind","floor":6.0},{"not_picked":["Consecrate","WaveOfTheHand"],"picked":"TalkToTheHand","floor":8}],"player_experience":3446498,"relics_obtained":[{"floor":6.0,"key":"PreservedInsect"},{"floor":8,"key":"Bottled Flame"},{"floor":9,"key":"Juzu Bracelet"}],"event_choices":[],"is_beta":true,"boss_relics":[],"items_purged_floors":[],"is_endless":false,"potions_floor_spawned":[1,2,6],"killed_by":"Gremlin Nob","ascension_level":12}}