{"host":"8yon5n5je7lh4vc0","time":1613389932,"event":{"mods":["AchievementEnabler","BaseMod","Downfall","Highlight Path","Hubris","Minty Spire (QoL Compilation)","Quick Restart","Replay The Spire","Shop Mod","Spicy Shops","StSLib","óô»ðÖ¸ÄÏ"],"gold_per_floor":[117,117,131,131,215,247,6,39,62,72,72,83,10,24,76,173,173,183,183,201,221,146,173,73,73,73,1,21,39,39,67,67,167,167,181,193,211,211,231,20,20,20],"floor_reached":41,"language":"ZHS","playtime":5433,"items_purged":["Regret","Strike_R"],"score":516,"play_id":"fa45b807-e59e-45ac-a597-f6de954d978b","local_time":"20210215195212","is_ascension_mode":true,"campfire_choices":[{"floor":11.0,"key":"REST"},{"floor":30.0,"key":"REST"}],"circlet_count":0,"master_deck":["Strike_R","Strike_R","Strike_R","Strike_R","Defend_R","Shockwave","Pot Of Greed","Pot Of Greed","Survivor","Neutralize","Blood for Blood","Replay:Undeath\u0027s Touch","Rage+1","Armaments+1","Discovery+1","Juggernaut","Shrug It Off+1","Metallicize","Flex+1","Double Tap+1","Iron Wave+1","Bandage Up+1","Pommel Strike","Thunderclap+1","Seeing Red+1","Dropkick","Dropkick","hubris:ReadiedAction+1","Warcry+1","Sever Soul","Replay:Many Hands+1","Clothesline+1","Pot Of Greed+1","Anger+1","Iron Wave+1","Inflame","Battle Trance+1"],"relics":["Burning Blood","NeowsBlessing","Grinning Jar","Oddly Smooth Stone","Toxic Egg 2","White Beast Statue","hubris:ChampionShield","bronze:MakeshiftBattery","Orichalcum","Replay:Bottled Flurry","Potion Belt","Electric Blood","Membership Card"],"acts_visited":["Exordium","TheCity","TheBeyond"],"potions_floor_usage":[41],"damage_taken":[{"damage":0.0,"enemies":"Cultist","floor":1.0,"turns":1.0},{"damage":0.0,"enemies":"Small Slimes","floor":3.0,"turns":1.0},{"damage":0.0,"enemies":"Lagavulin","floor":6.0,"turns":2.0},{"damage":16.0,"enemies":"Gremlin Nob","floor":8.0,"turns":5.0},{"damage":2.0,"enemies":"2 Louse","floor":10.0,"turns":5.0},{"damage":8.0,"enemies":"Large Slime","floor":12.0,"turns":5.0},{"damage":16.0,"enemies":"Gremlin Gang","floor":14.0,"turns":7.0},{"damage":29.0,"enemies":"The Guardian","floor":16.0,"turns":8.0},{"damage":7.0,"enemies":"Chosen","floor":18.0,"turns":5.0},{"damage":4.0,"enemies":"3 Byrds","floor":20.0,"turns":4.0},{"damage":0.0,"enemies":"Centurion and Healer","floor":21.0,"turns":7.0},{"damage":55.0,"enemies":"Gremlin Leader","floor":23.0,"turns":5.0},{"damage":15.0,"enemies":"Shelled Parasite and Fungi","floor":28.0,"turns":4.0},{"damage":16.0,"enemies":"Snake Plant","floor":29.0,"turns":3.0},{"damage":6.0,"enemies":"Book of Stabbing","floor":31.0,"turns":5.0},{"damage":28.0,"enemies":"hubris:MusketHawk","floor":33.0,"turns":10.0},{"damage":20.0,"enemies":"3 Darklings","floor":35.0,"turns":5.0},{"damage":15.0,"enemies":"Orb Walker","floor":36.0,"turns":4.0},{"damage":42,"enemies":"4 Shapes","floor":37,"turns":6},{"damage":19,"enemies":"Spire Growth","floor":39,"turns":3},{"damage":80,"enemies":"hubris:Merchant","floor":41,"turns":5}],"seed_played":"6320502769382830881","potions_obtained":[{"floor":1.0,"key":"LiquidMemories"},{"floor":8.0,"key":"SkillPotion"},{"floor":10.0,"key":"DistilledChaos"},{"floor":12.0,"key":"PowerPotion"},{"floor":14.0,"key":"Fire Potion"},{"floor":16.0,"key":"Toxic Potion"},{"floor":18.0,"key":"Regen Potion"},{"floor":20.0,"key":"Energy Potion"},{"floor":23.0,"key":"Elixir"},{"floor":28.0,"key":"SkillPotion"},{"floor":29.0,"key":"Dexterity Potion"},{"floor":31.0,"key":"DistilledChaos"},{"floor":33.0,"key":"Fire Potion"},{"floor":35.0,"key":"Slimebound:ThreeZeroPotion"},{"floor":36.0,"key":"Adrenaline Potion"},{"floor":37,"key":"AttackPotion"},{"floor":39,"key":"Explosive Potion"}],"is_trial":false,"path_per_floor":["M","?","M","?","?","E","R","E","T","M","R","M","R","M","R","B",null,"M","?","M","M","?","E","R","?","T","$","M","M","R","E","R","B",null,"M","M","M","?","M","R","$"],"character_chosen":"IRONCLAD","items_purchased":["Armaments+1","Discovery+1","Metallicize","Dropkick","Membership Card","Inflame","Battle Trance+1"],"campfire_rested":2,"item_purchase_floors":[7,7,13,27,40,40,40],"current_hp_per_floor":[80,80,80,80,48,54,54,44,44,48,72,70,70,60,60,37,80,79,79,80,80,80,40,40,40,40,40,37,33,57,63,63,47,80,72,69,39,80,73,73,0,0],"gold":20,"neow_bonus":"THREE_ENEMY_KILL","is_daily":false,"chose_seed":false,"campfire_upgraded":0,"win_rate":0.0,"timestamp":1613389932,"path_taken":["M","?","M","?","?","E","R","E","T","M","R","?","R","M","R","BOSS","M","?","M","?","?","E","R","?","T","$","M","M","R","E","R","BOSS","M","?","M","?","M","R","?"],"items_purchased_type":["Card","Card","Card","Card","Relic","Card","Card"],"build_version":"2020-12-22","purchased_purges":2,"victory":false,"max_hp_per_floor":[80,80,80,80,80,80,80,80,80,80,80,80,80,80,80,80,80,80,80,80,80,80,80,80,80,80,80,80,80,80,80,80,80,80,80,80,80,80,80,80,80,80],"card_choices":[{"not_picked":["Infernal Blade","Searing Blow"],"picked":"Shockwave","floor":1.0},{"not_picked":["Blood for Blood","ReplayTheSpireMod:Muscle Training","Sever Soul"],"picked":"SKIP","floor":3.0},{"not_picked":["Sword Boomerang","Shockwave"],"picked":"Blood for Blood","floor":5.0},{"not_picked":["Bloodletting","Uppercut"],"picked":"Replay:Undeath\u0027s Touch","floor":5.0},{"not_picked":["Dark Embrace","Heavy Blade"],"picked":"Rage+1","floor":6.0},{"not_picked":["Entrench+1","Sword Boomerang","Perfected Strike"],"picked":"SKIP","floor":8.0},{"not_picked":["Armaments+1","Rupture"],"picked":"Juggernaut","floor":10.0},{"not_picked":["Body Slam","Rampage"],"picked":"Shrug It Off+1","floor":12.0},{"not_picked":["Sword Boomerang","Headbutt"],"picked":"Flex+1","floor":14.0},{"not_picked":["Eclipse+1","Feed"],"picked":"Double Tap+1","floor":16.0},{"not_picked":["Anger","Heavy Blade"],"picked":"Iron Wave+1","floor":18.0},{"not_picked":["Dark Embrace+1","True Grit+1"],"picked":"Pommel Strike","floor":20.0},{"not_picked":["Cleave","Blood for Blood"],"picked":"Thunderclap+1","floor":21.0},{"not_picked":["Clothesline","Hemokinesis"],"picked":"Seeing Red+1","floor":23.0},{"not_picked":["Twin Strike","Replay:Undeath\u0027s Touch","Thunderclap"],"picked":"SKIP","floor":28.0},{"not_picked":["Defy Death+1","Bloodletting+1"],"picked":"hubris:ReadiedAction+1","floor":29.0},{"not_picked":["Sword Boomerang","Run Through"],"picked":"Warcry+1","floor":31.0},{"not_picked":["Double Tap+1","Corruption"],"picked":"Replay:Many Hands+1","floor":33.0},{"not_picked":["Sever Soul","Sword Boomerang"],"picked":"Clothesline+1","floor":35.0},{"not_picked":["Body Slam+1","hubris:ReadiedAction+1"],"picked":"Anger+1","floor":36.0},{"not_picked":["True Grit+1","Anger","Defy Death+1"],"picked":"SKIP","floor":37},{"not_picked":["Armaments+1","Perfected Strike"],"picked":"Iron Wave+1","floor":39}],"player_experience":24529,"relics_obtained":[{"floor":5.0,"key":"Oddly Smooth Stone"},{"floor":6.0,"key":"Toxic Egg 2"},{"floor":8.0,"key":"White Beast Statue"},{"floor":9.0,"key":"hubris:ChampionShield"},{"floor":23.0,"key":"Orichalcum"},{"floor":26.0,"key":"Replay:Bottled Flurry"},{"floor":31.0,"key":"Potion Belt"}],"event_choices":[{"damage_healed":0.0,"max_hp_gain":0.0,"max_hp_loss":0.0,"gold_gain":0.0,"event_name":"Big Fish","player_choice":"Box","floor":2.0,"gold_loss":0.0,"damage_taken":0.0,"relics_obtained":["Grinning Jar"],"cards_obtained":["Regret"]},{"damage_healed":0.0,"max_hp_gain":0.0,"max_hp_loss":0.0,"gold_gain":0.0,"cards_transformed":["Pot Of Greed"],"event_name":"Transmorgrifier","player_choice":"Transformed","floor":19.0,"gold_loss":0.0,"damage_taken":0.0,"cards_obtained":["Bandage Up"]},{"cards_removed":["Defend_R"],"damage_healed":0.0,"max_hp_gain":0.0,"max_hp_loss":0.0,"gold_gain":0.0,"event_name":"Beggar","player_choice":"Gave Gold","floor":22.0,"gold_loss":75.0,"damage_taken":0.0},{"cards_removed":["Defend_R"],"damage_healed":0.0,"max_hp_gain":0.0,"max_hp_loss":0.0,"gold_gain":0.0,"event_name":"Bonfire Elementals","player_choice":"Offered Basic","floor":25.0,"gold_loss":0.0,"damage_taken":0.0},{"damage_healed":41,"gold_gain":0,"player_choice":"Full Heal","damage_taken":0,"max_hp_gain":0,"max_hp_loss":0,"event_name":"Wheel of Change","floor":38,"gold_loss":0}],"is_beta":false,"boss_relics":[{"not_picked":["Velvet Choker","Black Blood"],"picked":"bronze:MakeshiftBattery"},{"not_picked":["hubris:RunicObelisk","Snecko Eye"],"picked":"Electric Blood"}],"items_purged_floors":[7,24],"is_endless":false,"potions_floor_spawned":[1,8,10,12,14,16,18,20,21,23,28,29,31,33,35,36,37,39],"killed_by":"hubris:Merchant","ascension_level":1}}