{"host":"31srvgftwd43oumg","time":1613429188,"event":{"mods":["BaseMod","BetterRewards","Card Forge","Downfall","Hubris","Infinite Spire","Koishi","Luminous","Marisa????????","Minty Spire (QoL Compilation)","Remilia??????","Replay The Spire","Shop Mod","StSLib","The Bug Knight","The Cursed","The Death Knight","The Exalted","The Hierophant","The Mystic","The Necromancer"],"gold_per_floor":[17,17,31,31,47,74,74,103,103,121,137,137,137,168,168,240,290,303,283,298,311,327,355,355,117,117,142,142,142,142,161,161,240,240,256,268,34,34,46,46,46,46],"floor_reached":41,"language":"ENG","playtime":1707,"items_purged":[],"score":868,"play_id":"a618b8d5-2b49-4883-99a1-c746bca8d637","local_time":"20210215164628","is_ascension_mode":true,"campfire_choices":[{"floor":7,"key":"REST"},{"floor":12,"key":"REST"},{"floor":15,"key":"REST"},{"floor":24,"key":"REST"},{"floor":30,"key":"REST"},{"floor":32,"key":"REST"},{"floor":40,"key":"REST"}],"circlet_count":0,"master_deck":["AscendersBane","Strike_B+1","Strike_B+1","Strike_B+1","Strike_B+1","Defend_B+1","Defend_B+1","Defend_B+1","Defend_B+1","Zap+1","Dualcast+1","The Bomb+1","Coolheaded+1","ReplayTheSpireMod:Calculation Training+1","Rebound+1","Loop+1","Master of Strategy+1","Conserve Battery+1","Defragment+1","ReplayTheSpireMod:Private Reserves+1"],"relics":["Cracked Core","Hammer of Thor","Seething Fire","Anvil of the Gods","Bromod:ArcaneNullifier","Replay:Wax Seal","ReplayFunnel","FossilizedHelix","MealTicket","hubris:EvacipatedBox","hubris:Macrotransations","HornCleat","Tiny House","Blue Candle","Membership Card","hubris:Reverence","Pocketwatch","sneckomod:BabySnecko","Busted Crown","ScarletDevilRocket","hubris:EmptyBottle"],"acts_visited":["Exordium","TheCity","TheBeyond"],"potions_floor_usage":[8,10,16,21,23,27,33,39,39,41],"damage_taken":[{"damage":4,"enemies":"Jaw Worm","floor":1,"turns":2},{"damage":0,"enemies":"Cultist","floor":3,"turns":4},{"damage":6,"enemies":"infinitespire:Voidling","floor":5,"turns":3},{"damage":3,"enemies":"Replay:BlueRogue","floor":6,"turns":4},{"damage":24,"enemies":"3 Sentries","floor":8,"turns":4},{"damage":1,"enemies":"2 Fungi Beasts","floor":10,"turns":2},{"damage":0,"enemies":"Red Slaver","floor":11,"turns":4},{"damage":0,"enemies":"HollowMod:MossKnight","floor":14,"turns":3},{"damage":0,"enemies":"The Guardian","floor":16,"turns":9},{"damage":0,"enemies":"Chosen","floor":18,"turns":5},{"damage":0,"enemies":"Spheric Guardian","floor":20,"turns":3},{"damage":0,"enemies":"Cultist and Chosen","floor":21,"turns":5},{"damage":0,"enemies":"Chosen and Byrds","floor":22,"turns":4},{"damage":6,"enemies":"Replay:Snechameleon","floor":23,"turns":7},{"damage":60,"enemies":"Gremlin Leader","floor":27,"turns":8},{"damage":0,"enemies":"Snake Plant","floor":31,"turns":4},{"damage":49,"enemies":"Collector","floor":33,"turns":9},{"damage":18,"enemies":"3 Shapes","floor":35,"turns":4},{"damage":17,"enemies":"3 Darklings","floor":36,"turns":3},{"damage":10,"enemies":"Sphere and 2 Shapes","floor":39,"turns":4},{"damage":16,"enemies":"hubris:GrandSnecko","floor":41,"turns":12}],"seed_played":"-5235975362594982924","potions_obtained":[{"floor":1,"key":"Explosive Potion"},{"floor":3,"key":"Regen Potion"},{"floor":10,"key":"Dexterity Potion"},{"floor":17,"key":"DeathKnight:RimePotion"},{"floor":19,"key":"Flashbang"},{"floor":21,"key":"Guardian:BlockOnCardUsePotion"},{"floor":27,"key":"Dexterity Potion"},{"floor":33,"key":"Elixir"},{"floor":36,"key":"LiquidMemories"}],"is_trial":false,"path_per_floor":["M","$","M","?","M","E","R","E","T","M","M","R","$","E","R","B",null,"M","?","M","M","M","E","R","$","T","E","?","?","R","M","R","B",null,"M","M","$","?","M","R","B"],"character_chosen":"DEFECT","items_purchased":["FossilizedHelix","MealTicket","hubris:EvacipatedBox","hubris:Macrotransations","Membership Card","Master of Strategy","Defragment","ScarletDevilRocket","hubris:EmptyBottle","ReplayTheSpireMod:Private Reserves"],"campfire_rested":7,"item_purchase_floors":[13,13,13,13,25,25,37,37,37,37],"current_hp_per_floor":[64,64,64,64,58,55,75,60,60,59,59,75,6,6,28,28,68,68,68,68,68,68,62,80,80,80,20,20,46,70,70,80,31,68,50,33,48,48,38,62,46,46],"gold":46,"neow_bonus":"RANDOM_COLORLESS_2","is_daily":false,"chose_seed":false,"campfire_upgraded":0,"win_rate":0.0,"timestamp":1613429188,"path_taken":["M","$","M","?","M","E","R","E","T","M","M","R","?","E","R","BOSS","M","?","M","?","M","E","R","$","T","E","?","?","R","M","R","BOSS","M","M","$","?","M","R","BOSS"],"items_purchased_type":["Relic","Relic","Relic","Relic","Relic","Card","Card","Relic","Relic","Card"],"build_version":"2020-12-22","purchased_purges":0,"victory":false,"max_hp_per_floor":[75,75,75,75,75,75,75,75,75,75,75,75,75,75,75,75,80,80,80,80,80,80,80,80,80,80,80,80,80,80,80,80,80,80,80,80,80,80,80,80,80,80],"card_choices":[{"not_picked":["Metamorphosis","Master of Strategy"],"picked":"The Bomb","floor":0},{"not_picked":["Ball Lightning","Go for the Eyes"],"picked":"Coolheaded","floor":1},{"not_picked":["Sweeping Beam","Doom and Gloom","Beam Cell"],"picked":"SKIP","floor":3},{"not_picked":["Sweeping Beam","Redo","Blizzard"],"picked":"SKIP","floor":5},{"not_picked":["hubris:DoWhile","Hologram","Fusion"],"picked":"SKIP","floor":6},{"not_picked":["Double Energy","Streamline","Ball Lightning"],"picked":"SKIP","floor":8},{"not_picked":["Glacier","Leap"],"picked":"ReplayTheSpireMod:Calculation Training","floor":10},{"not_picked":["Leap","Stack","Tempest"],"picked":"SKIP","floor":11},{"not_picked":["ReplayTheSpireMod:Fabricate Wheel","Cold Snap","Turbo"],"picked":"SKIP","floor":14},{"not_picked":["Coolheaded","Scrape"],"picked":"Rebound","floor":17},{"not_picked":["Panic Button","BasicCrystalCard","Gash"],"picked":"SKIP","floor":18},{"not_picked":["Panic Button","Streamline","Compile Driver"],"picked":"SKIP","floor":20},{"not_picked":["BasicCrystalCard","Mirror Shield"],"picked":"Loop","floor":21},{"not_picked":["Skim","Leap","Redo+1"],"picked":"SKIP","floor":22},{"not_picked":["ReplayTheSpireMod:Omega Cannon","Barrage","ReplayTheSpireMod:Reroute Power+1"],"picked":"SKIP","floor":23},{"not_picked":["Streamline","Steam","Lockon"],"picked":"SKIP","floor":27},{"not_picked":["Redo+1","BasicCrystalCard","Conserve Battery"],"picked":"SKIP","floor":31},{"not_picked":["Redo+1","BasicCrystalCard"],"picked":"Conserve Battery","floor":31},{"not_picked":["Sweeping Beam"],"picked":"SKIP","floor":35},{"not_picked":["Consume"],"picked":"SKIP","floor":36},{"not_picked":["Time Bomb"],"picked":"SKIP","floor":39},{"not_picked":["Time Bomb"],"picked":"SKIP","floor":39}],"player_experience":1030705,"relics_obtained":[{"floor":6,"key":"Bromod:ArcaneNullifier"},{"floor":8,"key":"Replay:Wax Seal"},{"floor":9,"key":"ReplayFunnel"},{"floor":14,"key":"HornCleat"},{"floor":23,"key":"Blue Candle"},{"floor":26,"key":"hubris:Reverence"},{"floor":27,"key":"Pocketwatch"}],"event_choices":[{"damage_healed":0,"gold_gain":0,"player_choice":"Forge","damage_taken":0,"max_hp_gain":0,"max_hp_loss":0,"event_name":"Accursed Blacksmith","floor":4,"gold_loss":0,"cards_upgraded":["Coolheaded"]},{"damage_healed":0,"gold_gain":0,"player_choice":"Bought 1 Potion","damage_taken":0,"max_hp_gain":0,"max_hp_loss":0,"event_name":"The Woman in Blue","floor":19,"gold_loss":0},{"damage_healed":26,"gold_gain":0,"player_choice":"Heal","damage_taken":0,"max_hp_gain":0,"max_hp_loss":0,"event_name":"The Library","floor":29,"gold_loss":0},{"damage_healed":0,"gold_gain":0,"player_choice":"Ignored","damage_taken":0,"max_hp_gain":0,"max_hp_loss":0,"event_name":"OrinTheCat","floor":38,"gold_loss":0}],"is_beta":false,"boss_relics":[{"not_picked":["Runic Pyramid","hubris:GrandSneckoEye","hubris:RunicObelisk"],"picked":"Tiny House"},{"not_picked":["Replay:Drink Me","ReplayTheSpireMod:SealedPack","Pandora\u0027s Box"],"picked":"Busted Crown"}],"items_purged_floors":[],"is_endless":false,"potions_floor_spawned":[1,3,6,10,14,20,21,27,33,36,39],"killed_by":"hubris:GrandSnecko","ascension_level":13}}