{"host":"mgjbkrm6zb65cm01","time":1613394940,"event":{"mods":["ATMod(°¢èªMod)","BaseMod","Conspire","Good Game Mod","Minty Spire (QoL Compilation)","Quick Restart","Relic Stats","Spicy Shops","StSLib","UnlockEverythingMod","noobMod"],"gold_per_floor":[114,128,138,151,168,168,200,200,226,226,247,247,268,292,292,393,393,412,412,412,412],"floor_reached":20,"language":"ZHS","playtime":783,"items_purged":[],"score":178,"play_id":"ce104a89-3da9-45de-8ecd-b5da0dba1abf","local_time":"20210215211540","is_ascension_mode":false,"campfire_choices":[{"data":"AT_LightSaberMaster","floor":6.0,"key":"SMITH"},{"data":"Rampage","floor":8.0,"key":"SMITH"},{"data":"Brutality","floor":10.0,"key":"SMITH"},{"data":"Armaments","floor":12.0,"key":"SMITH"},{"floor":15.0,"key":"REST"}],"circlet_count":0,"master_deck":["Strike_R","Strike_R","Strike_R","Strike_R","Strike_R","Defend_R","Defend_R","Defend_R","Defend_R","Bash","AT_LightSaberMaster+1","AT_ManFootWork","Shrug It Off","Pommel Strike","Rampage+1","Brutality+1","Armaments+1","AT_CaressingTears","Ghostly Armor"],"relics":["Burning Blood","REME:ComplimentaryCards","ice","AT_ATBox","NeowsBlessing","conspire:BottledYoYo","CeramicFish","Mark of Pain"],"acts_visited":["Exordium","TheCity"],"potions_floor_usage":[16],"damage_taken":[{"damage":0.0,"enemies":"Jaw Worm","floor":1.0,"turns":1.0},{"damage":0.0,"enemies":"Cultist","floor":2.0,"turns":1.0},{"damage":0.0,"enemies":"2 Louse","floor":3.0,"turns":1.0},{"damage":11.0,"enemies":"Exordium Wildlife","floor":4.0,"turns":5.0},{"damage":20.0,"enemies":"Large Slime","floor":5.0,"turns":7.0},{"damage":14.0,"enemies":"3 Sentries","floor":7.0,"turns":8.0},{"damage":13.0,"enemies":"Red Slaver","floor":11.0,"turns":3.0},{"damage":5.0,"enemies":"Looter","floor":13.0,"turns":3.0},{"damage":19.0,"enemies":"Lots of Slimes","floor":14.0,"turns":4.0},{"damage":12,"enemies":"Slime Boss","floor":16,"turns":6},{"damage":19,"enemies":"Shell Parasite","floor":18,"turns":6},{"damage":1,"enemies":"Chosen","floor":20,"turns":2}],"seed_played":"3911938134859065457","potions_obtained":[{"floor":1.0,"key":"SpeedPotion"},{"floor":2.0,"key":"Swift Potion"},{"floor":4.0,"key":"Swift Potion"},{"floor":7.0,"key":"PowerPotion"},{"floor":11.0,"key":"Block Potion"}],"is_trial":false,"path_per_floor":["M","M","M","M","M","R","E","R","T","R","M","R","M","M","R","B",null,"M","?","M"],"character_chosen":"IRONCLAD","items_purchased":[],"campfire_rested":1,"item_purchase_floors":[],"current_hp_per_floor":[80,80,80,75,61,61,53,53,53,53,46,46,47,34,58,52,80,67,80,79,79],"gold":412,"neow_bonus":"THREE_ENEMY_KILL","is_daily":false,"chose_seed":false,"campfire_upgraded":4,"win_rate":0.0,"timestamp":1613394940,"path_taken":["M","M","M","M","M","R","E","R","T","R","M","R","M","M","R","BOSS","M","?","M"],"items_purchased_type":[],"build_version":"2020-12-22","purchased_purges":0,"victory":false,"max_hp_per_floor":[80,80,80,80,80,80,80,80,80,80,80,80,80,80,80,80,80,80,80,80,80],"relic_stats":{"counters":[12,47],"CeramicFish":36,"obtain_stats":[{"REME:ComplimentaryCards":0,"AT_ATBox":0,"NeowsBlessing":0,"CeramicFish":9,"Mark of Pain":17,"ice":0,"conspire:BottledYoYo":7,"Burning Blood":0},{"REME:ComplimentaryCards":0,"AT_ATBox":0,"NeowsBlessing":0,"CeramicFish":6,"Mark of Pain":10,"ice":0,"conspire:BottledYoYo":6,"Burning Blood":0},{"REME:ComplimentaryCards":0,"AT_ATBox":0,"NeowsBlessing":0,"CeramicFish":23,"Mark of Pain":39,"ice":0,"conspire:BottledYoYo":23,"Burning Blood":0}],"Burning Blood":48},"card_choices":[{"not_picked":["Intimidate","Clash"],"picked":"Shrug It Off","floor":1.0},{"not_picked":["Sentinel","Clash"],"picked":"Pommel Strike","floor":2.0},{"not_picked":["Body Slam","AT_BodySlamDance","Dual Wield"],"picked":"SKIP","floor":3.0},{"not_picked":["AT_DiedThrough","Body Slam"],"picked":"Rampage","floor":4.0},{"not_picked":["Wild Strike","Body Slam","Fire Breathing"],"picked":"SKIP","floor":5.0},{"not_picked":["AT_GerminateFire","Twin Strike"],"picked":"Brutality","floor":7.0},{"not_picked":["Shockwave","Second Wind"],"picked":"Armaments","floor":11.0},{"not_picked":["Clash","Armaments"],"picked":"AT_CaressingTears","floor":13.0},{"not_picked":["Iron Wave","Headbutt"],"picked":"Ghostly Armor","floor":14.0},{"not_picked":["Anger","Shrug It Off"],"picked":"Bloodletting","floor":18}],"player_experience":165346,"relics_obtained":[{"floor":7.0,"key":"conspire:BottledYoYo"},{"floor":9.0,"key":"CeramicFish"}],"event_choices":[{"cards_removed":["Bloodletting"],"damage_healed":13,"gold_gain":0,"player_choice":"Offered Uncommon","damage_taken":0,"max_hp_gain":0,"max_hp_loss":0,"event_name":"Bonfire Elementals","floor":19,"gold_loss":0}],"is_beta":false,"boss_relics":[{"not_picked":["Runic Cube","Empty Cage"],"picked":"Mark of Pain"}],"items_purged_floors":[],"is_endless":false,"potions_floor_spawned":[1,2,4,7,11],"killed_by":"Chosen","ascension_level":0}}