{"host":"1wqvkeuqk47laf9u","time":1613431404,"event":{"mods":["100% Spire Juice","ATMod(∞¢Ë™Mod)","Act Like it!","BaseMod","Colored Map","Colored Powertips","Decade(Õı–°√˜)","Gensokyo","GifTheSpireLib","Hallownest","Koishi","KomeijiMod","Marisa£®ÏF”Í°°ƒß¿Ì…≥£©","Minty Spire (QoL Compilation)","Reimu£®≤©¿ˆ¡È√Œ£©","Reliquary","Remilia£®¿Ÿ√◊¿Ú—«£©","Replay The Spire","Robot Space Explorer","SOS£®Àπ∞Õ¥Ô÷Æ◊”£©","StSLib","The Administrix","The Animator","The Cursed","The Dragon Tamer","The Poker Player","The Servant 0.9.4","UnlockEverythingMod","Yakumo Yukari mod","Youmu£®ªÍ∆«—˝√Œ£©","Yuyuko","[GremlinLeader]The Maniac","°æ“≈ŒÔø®≈∆°øREMEMod"],"gold_per_floor":[112,112,112,4,4,4,15,15,15,33,47,47,63,73,73,175,175,93,93,25,35,0,18,18,38,38,38,38,38,49,49,49,49],"floor_reached":32,"language":"ZHS","playtime":1527,"items_purged":[],"score":232,"play_id":"e97efdb6-54b2-4808-9a01-fb0affb29fe7","local_time":"20210216072324","is_ascension_mode":false,"campfire_choices":[{"data":"AT_FamilyPortrait","floor":6.0,"key":"SMITH"},{"data":"Singularity","floor":8.0,"key":"SMITH"},{"data":"CasketOfStar","floor":12,"key":"SMITH"},{"floor":15,"key":"REST"},{"floor":24,"key":"REST"},{"floor":27,"key":"REST"}],"circlet_count":0,"master_deck":["Strike_MRS","Strike_MRS+1","Strike_MRS","Strike_MRS","Defend_MRS","Defend_MRS","Defend_MRS","Defend_MRS","MasterSpark","REME_TheLastStrike","AT_FamilyPortrait+1","Singularity+1","GrandCross","NonDirectionalLaser","CasketOfStar+1","SprinkleStarSeal","MaximisePower","ChargingUp","JA","BlazeAway","WitchOfGreed","MachineGunSpark","MagicAbsorber+1","UltimateShortwave"],"relics":["MiniHakkero","REME_ComplimentaryCards","AT_ATBox","Gensokyo:Mercy","Replay:Wax Seal","Membership Card","Gensokyo:CelestialsFlawlessClothing","Replay:Bottled Flurry","Painkiller Herb","Gensokyo:SongOfSouls","reliquary:ExpiredCoupon","Frozen Eye"],"acts_visited":["Gensokyo:Gensokyo","Gensokyo:Gensokyoer"],"potions_floor_usage":[16,21,21,30,32,32],"damage_taken":[{"damage":0.0,"enemies":"Gensokyo:3_Fairies","floor":1.0,"turns":3.0},{"damage":0.0,"enemies":"Gensokyo:Python","floor":7.0,"turns":3.0},{"damage":7,"enemies":"Gensokyo:Gryphon","floor":10,"turns":3},{"damage":3,"enemies":"Gensokyo:Kitsune","floor":11,"turns":3},{"damage":13,"enemies":"Gensokyo:Gryphon_and_Rabbit","floor":13,"turns":4},{"damage":1,"enemies":"Gensokyo:3_Kodama","floor":14,"turns":4},{"damage":12,"enemies":"Gensokyo:Yukari","floor":16,"turns":7},{"damage":24,"enemies":"Gensokyo:3_Dogs","floor":18,"turns":5},{"damage":5,"enemies":"Gensokyo:AngelMirror","floor":21,"turns":1},{"damage":36,"enemies":"Gensokyo:Wraith","floor":23,"turns":5},{"damage":31,"enemies":"Gensokyo:Slime_Group","floor":25,"turns":4},{"damage":32,"enemies":"Gensokyo:Swordslinger","floor":30,"turns":2},{"damage":91,"enemies":"Gensokyo:Koishi","floor":32,"turns":5}],"seed_played":"4973845066308018610","potions_obtained":[{"floor":7.0,"key":"Strength Potion"},{"floor":10,"key":"AttackPotion"},{"floor":11,"key":"MagicPotion:ReiMu"},{"floor":18,"key":"DistilledChaos"},{"floor":25,"key":"Ancient Potion"},{"floor":30,"key":"SneckoOil"}],"is_trial":false,"path_per_floor":["M","?","?","$","?","R","M","R","T","M","M","R","M","M","R","B",null,"?","?","T","?","?","?","T","?","T","T","PTL","PTL","?","?","E"],"character_chosen":"MARISA","items_purchased":["Replay:Wax Seal","Membership Card","JA"],"campfire_rested":3,"item_purchase_floors":[4,4,20],"current_hp_per_floor":[82,82,82,82,62,62,62,62,62,55,52,52,39,38,62,50,82,58,58,58,53,53,17,41,10,10,34,34,34,2,2,0,0],"gold":49,"neow_bonus":"TEN_PERCENT_HP_BONUS","is_daily":false,"chose_seed":false,"campfire_upgraded":3,"win_rate":0.0,"timestamp":1613431404,"path_taken":["M","?","?","?","?","R","?","R","T","M","M","R","M","M","R","BOSS","?","?","T","?","?","?","T","?","T","T","PTL","PTL","?","?","E"],"items_purchased_type":["Relic","Relic","Card"],"build_version":"2020-12-22","purchased_purges":0,"victory":false,"max_hp_per_floor":[82,82,82,82,82,82,82,82,82,82,82,82,82,82,82,82,82,82,82,82,82,82,82,82,82,82,82,82,82,82,82,82,82],"card_choices":[{"not_picked":["DoubleSpark","6A"],"picked":"Singularity","floor":1.0},{"not_picked":["FairyDestructionRay","DC"],"picked":"GrandCross","floor":7.0},{"not_picked":["AsteroidBelt","FairyDestructionRay"],"picked":"NonDirectionalLaser","floor":10},{"not_picked":["ChargeUpSpray","PulseMagic"],"picked":"CasketOfStar","floor":11},{"not_picked":["UnstableBomb","Orbital"],"picked":"MysteriousBeam","floor":13},{"not_picked":["IllusionStar","GalacticHalo"],"picked":"SprinkleStarSeal","floor":14},{"not_picked":["SuperNova","BinaryStars"],"picked":"MaximisePower","floor":16},{"not_picked":["MilkyWay","UnstableBomb"],"picked":"ChargingUp","floor":18},{"not_picked":["OpenUniverse","GravityBeat+1"],"picked":"BlazeAway","floor":21},{"not_picked":["GravityBeat+1","DragonMeteor"],"picked":"WitchOfGreed","floor":23},{"not_picked":["LuminesStrike","AlicesGift"],"picked":"MachineGunSpark","floor":25},{"not_picked":["UnstableBomb","SporeBomb"],"picked":"MagicAbsorber+1","floor":30}],"player_experience":94776,"relics_obtained":[{"floor":9.0,"key":"Replay:Bottled Flurry"},{"floor":26,"key":"reliquary:ExpiredCoupon"}],"event_choices":[],"is_beta":false,"boss_relics":[{"not_picked":["Replay:Wanted Poster","Ectoplasm"],"picked":"Painkiller Herb"}],"items_purged_floors":[],"is_endless":false,"potions_floor_spawned":[7,10,11,18,25,30],"killed_by":"Gensokyo:Koishi","ascension_level":0}}