{"host":"8eqe2o2g03nh9rfw","time":1613349943,"event":{"mods":["AchievementEnabler","AlwaysNeverKeys","BaseMod","Better Third Choice","Block Reminder","Colored Map","Colored Powertips","GifTheSpireLib","Minty Spire (QoL Compilation)","Permanent Neow","Quick Restart","StSLib","Weighted Paths"],"gold_per_floor":[144,189,364,364,364,364,454,454,454,544,589,634,679,724,724,1024,1024,1069,603,648,693,231,276,276,366,416,491,491,536,581,626,626,926,926,971,685,685,347,392,482,527,617,692,704,716,728,830,907,919,931],"floor_reached":51,"language":"ENG","playtime":3388,"items_purged":["Doubt"],"score":894,"play_id":"3f1c0d6a-a2fd-4617-831a-114a33fa0378","local_time":"20210214194543","daily_mods":["Draft","Diverse","Midas"],"is_ascension_mode":false,"campfire_choices":[{"floor":6,"key":"REST"},{"floor":8,"key":"REST"},{"floor":15,"key":"REST"},{"floor":24,"key":"REST"},{"floor":28,"key":"REST"},{"floor":32,"key":"REST"},{"floor":44,"key":"REST"},{"floor":46,"key":"REST"},{"floor":49,"key":"REST"}],"circlet_count":0,"master_deck":["Consecrate","Conserve Battery","Ball Lightning","Collect","White Noise","Capacitor+1","CrushJoints","BattleHymn","Leap","Escape Plan+1","ForeignInfluence","Hologram","BowlingBash","CutThroughFate","Warcry","Protect","Hologram","Prostrate","Noxious Fumes","JustLucky","Gash","Thunderclap","Judgement","CurseOfTheBell","Slice+1","Conserve Battery","Dark Shackles","Thinking Ahead","InnerPeace","Berserk","Loop","Blind","FollowUp","Clash","Gash+1","Amplify","ForeignInfluence+1","Backstab","Magnetism","PanicButton","EmptyBody","Beam Cell+1","Deep Breath"],"relics":["Burning Blood","Red Skull","Pear","Bottled Tornado","Calling Bell","Art of War","Matryoshka","Thread and Needle","Membership Card","Shuriken","TungstenRod","Dead Branch","Orichalcum","Centennial Puzzle","Smiling Mask","SlaversCollar","Paper Frog","Singing Bowl","White Beast Statue","Sling","Omamori","Vajra","MawBank","Frozen Egg 2","Sundial"],"acts_visited":["Exordium","TheCity","TheBeyond"],"potions_floor_usage":[16,16,22,25,33,40,42,48,50],"damage_taken":[{"damage":8,"enemies":"Jaw Worm","floor":1,"turns":4},{"damage":0,"enemies":"Cultist","floor":2,"turns":2},{"damage":1,"enemies":"Lagavulin","floor":7,"turns":6},{"damage":6,"enemies":"3 Sentries","floor":10,"turns":4},{"damage":12,"enemies":"2 Louse","floor":11,"turns":2},{"damage":6,"enemies":"Red Slaver","floor":12,"turns":3},{"damage":10,"enemies":"Large Slime","floor":13,"turns":5},{"damage":12,"enemies":"Exordium Wildlife","floor":14,"turns":6},{"damage":33,"enemies":"Hexaghost","floor":16,"turns":6},{"damage":12,"enemies":"2 Thieves","floor":18,"turns":3},{"damage":7,"enemies":"3 Byrds","floor":20,"turns":5},{"damage":20,"enemies":"Cultist and Chosen","floor":21,"turns":5},{"damage":8,"enemies":"Shelled Parasite and Fungi","floor":23,"turns":4},{"damage":14,"enemies":"Book of Stabbing","floor":25,"turns":6},{"damage":4,"enemies":"Centurion and Healer","floor":29,"turns":6},{"damage":0,"enemies":"Snecko","floor":30,"turns":4},{"damage":25,"enemies":"Shelled Parasite and Fungi","floor":31,"turns":5},{"damage":34,"enemies":"Automaton","floor":33,"turns":8},{"damage":56,"enemies":"3 Darklings","floor":35,"turns":6},{"damage":6,"enemies":"Orb Walker","floor":39,"turns":5},{"damage":15,"enemies":"Giant Head","floor":40,"turns":7},{"damage":31,"enemies":"Writhing Mass","floor":41,"turns":6},{"damage":15,"enemies":"Reptomancer","floor":42,"turns":2},{"damage":4,"enemies":"Nemesis","floor":47,"turns":6},{"damage":27,"enemies":"4 Shapes","floor":48,"turns":4},{"damage":51,"enemies":"Donu and Deca","floor":50,"turns":7}],"seed_played":"-463004689936713651","potions_obtained":[{"floor":1,"key":"Ancient Potion"},{"floor":2,"key":"Weak Potion"},{"floor":10,"key":"PowerPotion"},{"floor":21,"key":"Energy Potion"},{"floor":23,"key":"Fire Potion"},{"floor":25,"key":"LiquidBronze"},{"floor":30,"key":"ElixirPotion"},{"floor":35,"key":"Weak Potion"},{"floor":40,"key":"Swift Potion"},{"floor":41,"key":"Block Potion"},{"floor":42,"key":"EssenceOfSteel"},{"floor":48,"key":"DuplicationPotion"}],"is_trial":false,"path_per_floor":["M","M","?","?","?","R","E","R","T","E","M","M","M","M","R","B",null,"M","$","M","M","$","M","R","E","T","?","R","M","M","M","R","B",null,"M","$","?","$","M","E","M","E","T","R","?","R","E","M","R","B",null],"character_chosen":"IRONCLAD","items_purchased":["Membership Card","Conserve Battery","Shuriken","Dark Shackles","Thinking Ahead","Loop","Blind","FairyPotion","Fruit Juice","TungstenRod","Dead Branch","Paper Frog","Backstab","Magnetism","PanicButton","Singing Bowl","EmptyBody","White Beast Statue","Sling"],"campfire_rested":9,"item_purchase_floors":[19,19,19,19,19,22,22,22,22,22,22,36,36,36,36,38,38,38,38],"current_hp_per_floor":[78,80,80,64,69,85,85,85,95,95,89,89,85,79,95,68,95,89,89,88,74,79,77,100,92,92,83,100,100,100,81,100,72,100,50,50,87,87,89,82,57,50,50,77,77,93,95,76,97,52],"gold":943,"neow_bonus":"","is_daily":true,"chose_seed":false,"campfire_upgraded":0,"win_rate":0.0,"timestamp":1613349943,"path_taken":["M","M","?","?","?","R","E","R","T","E","M","M","?","M","R","BOSS","M","$","?","M","$","M","R","E","T","?","R","M","M","M","R","BOSS","M","$","?","$","M","E","M","E","T","R","?","R","E","M","R","BOSS"],"items_purchased_type":["Relic","Card","Relic","Card","Card","Card","Card","Potion","Potion","Relic","Relic","Relic","Card","Card","Card","Relic","Card","Relic","Relic"],"build_version":"2020-12-22","purchased_purges":1,"victory":true,"max_hp_per_floor":[80,80,80,80,85,85,85,85,95,95,95,95,95,95,95,95,95,95,95,95,95,100,100,100,100,100,100,100,100,100,100,100,100,100,100,100,87,87,89,91,91,93,93,93,93,93,95,97,97,97],"card_choices":[{"not_picked":["Recycle","Go for the Eyes"],"picked":"Consecrate","floor":0},{"not_picked":["Terror","Shrug It Off"],"picked":"Conserve Battery","floor":0},{"not_picked":["Accuracy","SashWhip"],"picked":"Ball Lightning","floor":0},{"not_picked":["WindmillStrike","Dodge and Roll"],"picked":"Collect","floor":0},{"not_picked":["Cold Snap","Calculated Gamble"],"picked":"White Noise","floor":0},{"not_picked":["Study","Acrobatics"],"picked":"Capacitor","floor":0},{"not_picked":["Stack","Halt"],"picked":"CrushJoints","floor":0},{"not_picked":["Redo","Stack"],"picked":"BattleHymn","floor":0},{"not_picked":["CrushJoints","Clash"],"picked":"Leap","floor":0},{"not_picked":["Slice","Stack"],"picked":"Escape Plan","floor":0},{"not_picked":["Clothesline","Dodge and Roll"],"picked":"ForeignInfluence","floor":0},{"not_picked":["Searing Blow","Turbo"],"picked":"Hologram","floor":0},{"not_picked":["Cloak And Dagger","Searing Blow"],"picked":"BowlingBash","floor":0},{"not_picked":["Havoc","Thunderclap"],"picked":"CutThroughFate","floor":0},{"not_picked":["SashWhip","Reflex"],"picked":"Warcry","floor":0},{"not_picked":["ThirdEye","Deflect"],"picked":"Protect","floor":1},{"not_picked":["Bane","Prepared"],"picked":"Hologram","floor":2},{"not_picked":["FTL","Shrug It Off"],"picked":"Prostrate","floor":7},{"not_picked":["Scrawl","Escape Plan"],"picked":"Noxious Fumes","floor":10},{"not_picked":["Sweeping Beam","Deadly Poison"],"picked":"JustLucky","floor":11},{"not_picked":["Outmaneuver","Protect"],"picked":"Gash","floor":12},{"not_picked":["Dagger Throw","Hemokinesis","Barrage"],"picked":"SKIP","floor":13},{"not_picked":["Body Slam","Heavy Blade"],"picked":"Thunderclap","floor":14},{"not_picked":["Feed","Meteor Strike"],"picked":"Judgement","floor":16},{"not_picked":["Defragment","Poisoned Stab"],"picked":"Slice+1","floor":18},{"not_picked":["Clothesline","Second Wind"],"picked":"InnerPeace","floor":20},{"not_picked":["Evolve+1","Ball Lightning"],"picked":"Berserk","floor":21},{"not_picked":["Pummel","Acrobatics","CrushJoints"],"picked":"SKIP","floor":23},{"not_picked":["Shrug It Off","Sword Boomerang"],"picked":"FollowUp","floor":25},{"not_picked":["Quick Slash","Warcry+1"],"picked":"Clash","floor":29},{"not_picked":["Ball Lightning","Fire Breathing"],"picked":"Gash+1","floor":30},{"not_picked":["Well Laid Plans","Clothesline","FlyingSleeves"],"picked":"SKIP","floor":31},{"not_picked":["Feed","Multi-Cast"],"picked":"Amplify","floor":33},{"not_picked":["Clash+1","CutThroughFate+1"],"picked":"ForeignInfluence+1","floor":35},{"not_picked":["Thunderclap+1","Dagger Spray","Evaluate+1"],"picked":"Singing Bowl","floor":39},{"not_picked":["Defragment+1","Sword Boomerang+1","Slice+1"],"picked":"Singing Bowl","floor":40},{"not_picked":["Dagger Spray+1","Cleave+1"],"picked":"Beam Cell+1","floor":41},{"not_picked":["All Out Attack+1","Reflex","Conserve Battery+1"],"picked":"Singing Bowl","floor":42},{"not_picked":["HandOfGreed","Mayhem+1"],"picked":"Deep Breath","floor":45},{"not_picked":["Rebound+1","Coolheaded","Protect"],"picked":"Singing Bowl","floor":47},{"not_picked":["Dagger Throw+1","Warcry","JustLucky"],"picked":"Singing Bowl","floor":48}],"player_experience":126603,"relics_obtained":[{"floor":7,"key":"Red Skull"},{"floor":9,"key":"Pear"},{"floor":10,"key":"Bottled Tornado"},{"floor":17,"key":"Art of War"},{"floor":17,"key":"Matryoshka"},{"floor":17,"key":"Thread and Needle"},{"floor":25,"key":"Orichalcum"},{"floor":26,"key":"Centennial Puzzle"},{"floor":26,"key":"Smiling Mask"},{"floor":40,"key":"Omamori"},{"floor":42,"key":"Vajra"},{"floor":43,"key":"MawBank"},{"floor":43,"key":"Frozen Egg 2"},{"floor":47,"key":"Sundial"}],"event_choices":[{"damage_healed":0,"gold_gain":175,"player_choice":"AGREE","damage_taken":189,"max_hp_gain":0,"max_hp_loss":0,"event_name":"betterThird:BetterSerpent","floor":3,"gold_loss":0},{"damage_healed":80,"gold_gain":0,"player_choice":"Upgrade","damage_taken":16,"max_hp_gain":0,"max_hp_loss":80,"event_name":"betterThird:BetterShining","floor":4,"gold_loss":0,"cards_upgraded":["Capacitor","Escape Plan"]},{"damage_healed":0,"gold_gain":0,"player_choice":"Donut","damage_taken":0,"max_hp_gain":5,"max_hp_loss":0,"event_name":"Big Fish","floor":5,"gold_loss":0},{"damage_healed":0,"gold_gain":75,"player_choice":"Touch","damage_taken":10,"max_hp_gain":0,"max_hp_loss":0,"event_name":"FaceTrader","floor":27,"gold_loss":0},{"damage_healed":87,"gold_gain":0,"player_choice":"Heal","damage_taken":0,"max_hp_gain":0,"max_hp_loss":13,"event_name":"The Moai Head","floor":37,"gold_loss":0},{"damage_healed":0,"gold_gain":0,"player_choice":"Memory 1","damage_taken":0,"max_hp_gain":0,"max_hp_loss":0,"event_name":"SensoryStone","floor":45,"gold_loss":0}],"is_beta":false,"boss_relics":[{"not_picked":["Empty Cage","Philosopher\u0027s Stone"],"picked":"Calling Bell"},{"not_picked":["Velvet Choker","Runic Pyramid"],"picked":"SlaversCollar"}],"items_purged_floors":[19],"is_endless":false,"potions_floor_spawned":[1,2,10,14,21,23,25,30,35,39,40,41,42,47,48],"ascension_level":0}}