{"host":"mvy2rmdvyttjfm6x","time":1613388247,"event":{"mods":["AchievementEnabler","BaseMod","Keyboard Shortcuts","Lobotomy","Minty Spire (QoL Compilation)","Quick Restart","StSLib"],"gold_per_floor":[20,20,20,31,47,47,77,77,77,91,91,91,104,104,104,208,208,226,326,47,67,67,67],"floor_reached":22,"language":"KOR","playtime":1256,"items_purged":["Regret"],"score":209,"play_id":"c2df5f8f-81c5-438a-b42b-0a1d945b853e","local_time":"20210215202407","is_ascension_mode":false,"campfire_choices":[],"circlet_count":0,"master_deck":["SpecialBullet","SpecialBullet","SpecialBullet","SpecialBullet","SpecialBullet","SpecialBullet","SpecialBullet","InformationCode","SecurityCode","WelfareCode","ShyLook","Reverberation","Laetitia_ego","RapturousDream","UniverseFragment","MeatLantern","CentralCode","OSAHOGD","FeatherOfHonor","Wellcheers","Tough","OldLady","ParadiseLost","DespairKnight"],"relics":["CogitoBucket","Torii","RabbitCall","Shuriken","Juzu Bracelet","Eternal Feather","FleshIdol","Happy Flower","Cursed Key","MealTicket"],"acts_visited":["Exordium","TheCity"],"potions_floor_usage":[22],"damage_taken":[{"damage":6.0,"enemies":"2 Louse","floor":1.0,"turns":2.0},{"damage":11.0,"enemies":"Jaw Worm","floor":4.0,"turns":2.0},{"damage":0.0,"enemies":"Cultist","floor":5.0,"turns":2.0},{"damage":21.0,"enemies":"Gremlin Nob","floor":7.0,"turns":5.0},{"damage":1.0,"enemies":"2 Fungi Beasts","floor":10.0,"turns":3.0},{"damage":59,"enemies":"Exordium Thugs","floor":13,"turns":14},{"damage":29,"enemies":"The Guardian","floor":16,"turns":14},{"damage":81,"enemies":"Shell Parasite","floor":18,"turns":6},{"damage":9,"enemies":"3 Byrds","floor":21,"turns":3},{"damage":32,"enemies":"Cultist and Chosen","floor":22,"turns":5}],"seed_played":"8584981186865799585","potions_obtained":[{"floor":4.0,"key":"SneckoOil"},{"floor":10.0,"key":"Ancient Potion"},{"floor":18,"key":"AttackPotion"}],"is_trial":false,"path_per_floor":["M","$","?","M","M","R","E","R","T","M","R","T","M","?","R","B",null,"M","?","$","M","M"],"character_chosen":"Angela","items_purchased":["SpeedPotion","MealTicket"],"campfire_rested":0,"item_purchase_floors":[20,20],"current_hp_per_floor":[70,70,70,67,70,70,57,57,57,68,68,68,21,21,33,54,82,18,18,18,25,0,0],"gold":67,"neow_bonus":"ONE_RARE_RELIC","is_daily":false,"chose_seed":false,"campfire_upgraded":0,"win_rate":0.0,"timestamp":1613388247,"path_taken":["M","$","?","M","M","R","E","R","T","M","R","?","M","?","R","BOSS","M","?","?","M","M"],"items_purchased_type":["Potion","Relic"],"build_version":"2020-12-22","purchased_purges":1,"victory":false,"max_hp_per_floor":[70,70,70,70,70,70,70,70,70,74,74,74,78,78,78,82,82,82,82,82,86,86,86],"card_choices":[{"not_picked":["BeautyBeast","NothingThere"],"picked":"ShyLook","floor":1.0},{"not_picked":["Laetitia_ego"],"picked":"Reverberation","floor":1.0},{"not_picked":["Soda"],"picked":"RapturousDream","floor":4.0},{"not_picked":["WallGazer","DreamingCurrent"],"picked":"UniverseFragment","floor":5.0},{"not_picked":["Heaven","Loneliness"],"picked":"SKIP","floor":5.0},{"not_picked":["Murderer","GreedKing"],"picked":"MeatLantern","floor":7.0},{"not_picked":["FourthMatchFlame","Wingbeat"],"picked":"SKIP","floor":7.0},{"not_picked":["PunishingBird","FairyFestival"],"picked":"OSAHOGD","floor":10.0},{"not_picked":["CUTE"],"picked":"FeatherOfHonor","floor":10.0},{"not_picked":["Freischutz","CherryBlossoms"],"picked":"Wellcheers","floor":13},{"not_picked":["Ecstasy"],"picked":"Tough","floor":13},{"not_picked":["PunishingBird","Freischutz"],"picked":"OldLady","floor":16},{"not_picked":["DaCapo"],"picked":"ParadiseLost","floor":16},{"not_picked":["SwordSharpenedByTears","Discord"],"picked":"SKIP","floor":18},{"not_picked":["Murderer","MeltingLove"],"picked":"DespairKnight","floor":21},{"not_picked":["FourthMatchFlame+1","WristCuter"],"picked":"SKIP","floor":21}],"player_experience":128083,"relics_obtained":[{"floor":7.0,"key":"Shuriken"},{"floor":9.0,"key":"Juzu Bracelet"},{"floor":12,"key":"Eternal Feather"}],"event_choices":[{"damage_healed":0.0,"max_hp_gain":0.0,"max_hp_loss":0.0,"gold_gain":0.0,"cards_transformed":["SpecialBullet"],"event_name":"Living Wall","player_choice":"Change","floor":3.0,"gold_loss":0.0,"damage_taken":0.0,"cards_obtained":["Laetitia_ego"]},{"damage_healed":0,"gold_gain":0,"player_choice":"Box","damage_taken":0,"relics_obtained":["Happy Flower"],"max_hp_gain":0,"max_hp_loss":0,"event_name":"Big Fish","floor":14,"gold_loss":0,"cards_obtained":["Regret"]},{"damage_healed":0,"gold_gain":100,"player_choice":"Pray","damage_taken":0,"max_hp_gain":0,"max_hp_loss":0,"event_name":"Golden Shrine","floor":19,"gold_loss":0}],"is_beta":false,"boss_relics":[{"not_picked":["Busted Crown","Runic Dome"],"picked":"Cursed Key"}],"items_purged_floors":[20],"is_endless":false,"potions_floor_spawned":[4,10,18,21],"killed_by":"Cultist and Chosen","ascension_level":0}}