{"host":"h5fgmkg3q5qe8ocv","time":1613392542,"event":{"mods":["AchievementEnabler","BaseMod","Colored Map","Minty Spire (QoL Compilation)"],"gold_per_floor":[368,379,379,394,150,185,197,209,274,311,340,352,395,426,438,549,561,592,618,32,32,51,82,82,113,113,133,133,48,48,63,63,163,163,181,28,44,0,0,26,26,46,123,158,169,169,196,213,213,213],"floor_reached":51,"language":"ENG","playtime":5669,"items_purged":[],"score":920,"play_id":"03ea96e1-a122-4394-9239-acf984fc9c54","local_time":"20210215133542","is_ascension_mode":false,"campfire_choices":[{"data":"Fire Breathing","floor":12,"key":"SMITH"},{"data":"Metallicize","floor":15,"key":"SMITH"},{"floor":24,"key":"REST"},{"floor":32,"key":"REST"},{"data":"Barricade","floor":41,"key":"SMITH"},{"data":"Armaments","floor":49,"key":"SMITH"}],"circlet_count":0,"master_deck":["Strike_R","Strike_R","Strike_R","Strike_R","Defend_R","Defend_R","Defend_R","Defend_R","Bash","Iron Wave","Armaments+1","Iron Wave+1","Good Instincts","Anger","Fire Breathing+1","Metallicize+1","Impervious","CurseOfTheBell","Shrug It Off","Magnetism","Armaments+1","Armaments+1","Barricade+1","Body Slam+1","Iron Wave","Rampage+1","Body Slam+1","Impervious"],"relics":["Burning Blood","Oddly Smooth Stone","MawBank","Ancient Tea Set","Matryoshka","Anchor","Calling Bell","Lantern","Darkstone Periapt","Champion Belt","Kunai","Toolbox","Centennial Puzzle","FossilizedHelix","Toy Ornithopter","Torii","Nunchaku","Enchiridion","Sozu","Pen Nib","Red Mask","Dream Catcher","Bag of Marbles","Bottled Flame","Mummified Hand","Ginger","Happy Flower"],"acts_visited":["Exordium","TheCity","TheBeyond"],"potions_floor_usage":[6,16,22,23,23,23,33,50,50],"damage_taken":[{"damage":9,"enemies":"2 Louse","floor":1,"turns":3},{"damage":1,"enemies":"Jaw Worm","floor":2,"turns":5},{"damage":0,"enemies":"Cultist","floor":4,"turns":4},{"damage":3,"enemies":"3 Sentries","floor":6,"turns":11},{"damage":18,"enemies":"Gremlin Nob","floor":10,"turns":5},{"damage":0,"enemies":"2 Fungi Beasts","floor":11,"turns":3},{"damage":15,"enemies":"Lagavulin","floor":13,"turns":8},{"damage":0,"enemies":"Exordium Wildlife","floor":14,"turns":6},{"damage":51,"enemies":"The Guardian","floor":16,"turns":14},{"damage":16,"enemies":"3 Byrds","floor":18,"turns":7},{"damage":9,"enemies":"Spheric Guardian","floor":19,"turns":7},{"damage":14,"enemies":"Snake Plant","floor":22,"turns":8},{"damage":29,"enemies":"Slavers","floor":23,"turns":8},{"damage":12,"enemies":"Gremlin Leader","floor":25,"turns":10},{"damage":0,"enemies":"Shelled Parasite and Fungi","floor":27,"turns":11},{"damage":0,"enemies":"Chosen and Byrds","floor":31,"turns":6},{"damage":9,"enemies":"Collector","floor":33,"turns":16},{"damage":0,"enemies":"3 Shapes","floor":35,"turns":4},{"damage":11,"enemies":"3 Darklings","floor":37,"turns":5},{"damage":11,"enemies":"Giant Head","floor":40,"turns":13},{"damage":0,"enemies":"Spire Growth","floor":42,"turns":6},{"damage":0,"enemies":"Nemesis","floor":44,"turns":9},{"damage":3,"enemies":"4 Shapes","floor":45,"turns":3},{"damage":3,"enemies":"Giant Head","floor":47,"turns":5},{"damage":0,"enemies":"Maw","floor":48,"turns":7},{"damage":9,"enemies":"Time Eater","floor":50,"turns":12}],"seed_played":"-1325365982728613677","potions_obtained":[{"floor":1,"key":"Fire Potion"},{"floor":2,"key":"Dexterity Potion"},{"floor":11,"key":"BlessingOfTheForge"},{"floor":14,"key":"SpeedPotion"},{"floor":18,"key":"EntropicBrew"},{"floor":27,"key":"Swift Potion"},{"floor":31,"key":"SmokeBomb"},{"floor":33,"key":"Strength Potion"}],"is_trial":false,"path_per_floor":["M","M","?","M","$","E","?","$","T","E","M","R","E","M","R","B",null,"M","M","$","?","M","E","R","E","T","M","?","?","?","M","R","B",null,"M","$","M","?","T","E","R","M","T","E","M","?","E","M","R","B",null],"character_chosen":"IRONCLAD","items_purchased":["Oddly Smooth Stone","Good Instincts","Kunai","Toolbox","Magnetism","Pen Nib"],"campfire_rested":2,"item_purchase_floors":[5,5,20,20,20,36],"current_hp_per_floor":[53,58,58,64,64,67,67,67,67,55,61,61,52,58,58,13,80,70,67,67,52,44,21,46,40,40,46,46,46,30,36,61,63,85,85,85,80,80,80,75,75,81,81,85,85,85,85,85,85,82],"gold":213,"neow_bonus":"TWO_FIFTY_GOLD","is_daily":false,"chose_seed":false,"campfire_upgraded":4,"win_rate":0.0,"timestamp":1613392542,"path_taken":["M","M","?","M","$","E","?","$","T","E","M","R","E","?","R","BOSS","M","M","$","?","M","E","R","E","T","M","?","?","?","?","R","BOSS","M","$","M","?","?","E","R","M","T","E","?","?","E","M","R","BOSS"],"items_purchased_type":["Relic","Card","Relic","Relic","Card","Relic"],"build_version":"2020-12-22","purchased_purges":0,"victory":true,"max_hp_per_floor":[80,80,80,80,80,80,80,80,80,80,80,80,80,80,80,80,80,80,80,80,85,85,85,85,85,85,85,85,85,85,85,85,85,85,85,85,85,85,85,85,85,85,85,85,85,85,85,85,85,85],"card_choices":[{"not_picked":["Anger","Headbutt"],"picked":"Iron Wave","floor":1},{"not_picked":["Pommel Strike","Thunderclap"],"picked":"Armaments","floor":2},{"not_picked":["Blood for Blood","Whirlwind"],"picked":"Iron Wave","floor":4},{"not_picked":["Dropkick","Reckless Charge"],"picked":"Anger","floor":6},{"not_picked":["Double Tap","Perfected Strike","Pommel Strike"],"picked":"SKIP","floor":10},{"not_picked":["Pommel Strike","True Grit"],"picked":"Fire Breathing","floor":11},{"not_picked":["Heavy Blade","Battle Trance"],"picked":"Metallicize","floor":13},{"not_picked":["Headbutt","Twin Strike","Reaper"],"picked":"SKIP","floor":14},{"not_picked":["Brutality","Reaper"],"picked":"Impervious","floor":16},{"not_picked":["Burning Pact","Cleave"],"picked":"Shrug It Off","floor":18},{"not_picked":["Heavy Blade+1","True Grit","Headbutt"],"picked":"SKIP","floor":19},{"not_picked":["Pommel Strike","Power Through","Dropkick"],"picked":"SKIP","floor":22},{"not_picked":["Feed","True Grit"],"picked":"Armaments","floor":23},{"not_picked":["Cleave","Hemokinesis","Sever Soul+1"],"picked":"SKIP","floor":25},{"not_picked":["Entrench","Flex"],"picked":"Armaments+1","floor":27},{"not_picked":["Flex","Heavy Blade+1","Cleave"],"picked":"SKIP","floor":31},{"not_picked":["Impervious","Feed"],"picked":"Barricade","floor":33},{"not_picked":["Pommel Strike","Searing Blow+1","Twin Strike+1"],"picked":"SKIP","floor":35},{"not_picked":["Clash+1","Carnage+1","Thunderclap+1"],"picked":"SKIP","floor":37},{"not_picked":["Pommel Strike+1","True Grit"],"picked":"Body Slam+1","floor":40},{"not_picked":["Barricade","True Grit+1"],"picked":"Iron Wave","floor":42},{"not_picked":["Bludgeon","Anger+1"],"picked":"Rampage+1","floor":44},{"not_picked":["Thunderclap","Perfected Strike+1"],"picked":"Body Slam+1","floor":45},{"not_picked":["Second Wind+1","Perfected Strike"],"picked":"Impervious","floor":47},{"not_picked":["Thunderclap+1","Sword Boomerang+1","Perfected Strike"],"picked":"SKIP","floor":48}],"player_experience":21146,"relics_obtained":[{"floor":6,"key":"MawBank"},{"floor":9,"key":"Ancient Tea Set"},{"floor":10,"key":"Matryoshka"},{"floor":13,"key":"Anchor"},{"floor":17,"key":"Lantern"},{"floor":17,"key":"Darkstone Periapt"},{"floor":17,"key":"Champion Belt"},{"floor":23,"key":"Centennial Puzzle"},{"floor":25,"key":"FossilizedHelix"},{"floor":26,"key":"Toy Ornithopter"},{"floor":26,"key":"Torii"},{"floor":30,"key":"Enchiridion"},{"floor":39,"key":"Dream Catcher"},{"floor":39,"key":"Bag of Marbles"},{"floor":40,"key":"Bottled Flame"},{"floor":43,"key":"Mummified Hand"},{"floor":44,"key":"Ginger"},{"floor":47,"key":"Happy Flower"}],"event_choices":[{"damage_healed":0,"gold_gain":0,"player_choice":"Grow","damage_taken":0,"max_hp_gain":0,"max_hp_loss":0,"event_name":"Living Wall","floor":3,"gold_loss":0,"cards_upgraded":["Armaments"]},{"damage_healed":0,"gold_gain":0,"player_choice":"Upgraded","damage_taken":0,"max_hp_gain":0,"max_hp_loss":0,"event_name":"Upgrade Shrine","floor":7,"gold_loss":0,"cards_upgraded":["Iron Wave"]},{"damage_healed":0,"gold_gain":0,"player_choice":"Shed Blood","damage_taken":20,"max_hp_gain":5,"max_hp_loss":0,"event_name":"Forgotten Altar","floor":21,"gold_loss":0},{"damage_healed":0,"gold_gain":0,"player_choice":"Ignored","damage_taken":0,"max_hp_gain":0,"max_hp_loss":0,"event_name":"Ghosts","floor":28,"gold_loss":0},{"damage_healed":0,"gold_gain":0,"player_choice":"Obtained Relic","damage_taken":0,"relics_obtained":["Nunchaku"],"max_hp_gain":0,"max_hp_loss":0,"event_name":"Addict","floor":29,"gold_loss":85},{"damage_healed":0,"gold_gain":0,"player_choice":"Obtained Book","damage_taken":16,"max_hp_gain":0,"max_hp_loss":0,"event_name":"Cursed Tome","floor":30,"gold_loss":0},{"damage_healed":0,"gold_gain":0,"player_choice":"Paid","damage_taken":0,"relics_obtained":["Red Mask"],"max_hp_gain":0,"max_hp_loss":0,"event_name":"Tomb of Lord Red Mask","floor":38,"gold_loss":44},{"cards_removed":["Strike_R"],"damage_healed":0,"gold_gain":0,"player_choice":"Removed Attack","damage_taken":0,"max_hp_gain":0,"max_hp_loss":0,"event_name":"Falling","floor":46,"gold_loss":0}],"is_beta":false,"boss_relics":[{"not_picked":["Empty Cage","SlaversCollar"],"picked":"Calling Bell"},{"not_picked":["Velvet Choker","Cursed Key"],"picked":"Sozu"}],"items_purged_floors":[],"is_endless":false,"potions_floor_spawned":[1,2,11,14,18,27,31,33,37,44,45,47,48],"ascension_level":0}}