{"host":"nhhqxetgwwd7qseb","time":1613359786,"event":{"mods":["Act Like it!","BaseMod","Chen","Dota2Spire","Gensokyo","Hallownest","Hermit","Koishi","LagranYue(¿≠∏Ò¿ °§‘¬)","Marisa£®ÏF”Í°°ƒß¿Ì…≥£©","Minty Spire (QoL Compilation)","Quick Restart","Reimu£®≤©¿ˆ¡È√Œ£©","Remilia£®¿Ÿ√◊¿Ú—«£©","Replay The Spire","StSLib","The Alterego","The Bug Knight","The Senshi","The Servant 0.9.4","UnlockEverythingMod","WarShipGirlsR/’ΩΩ¢…Ÿ≈ÆR mod","Warlord Emblem","Yakumo Yukari mod","Youmu£®ªÍ∆«—˝√Œ£©","°æπ¶ƒ‹Mod°øªÏ„Á÷Æª∑–ﬁ∏¥≤π∂°"],"gold_per_floor":[113,113,127,139,150,150,102,119,144,177,192,192,207,224,224,321,371,385,400,415,415,415],"floor_reached":21,"language":"ZHS","playtime":2059,"items_purged":[],"score":187,"play_id":"b9da827a-8858-4977-9d4f-b20efff55abe","local_time":"20210215112946","is_ascension_mode":false,"campfire_choices":[{"data":"theSenshi:TuxedoMaskAssists","floor":6.0,"key":"SMITH"},{"floor":12.0,"key":"REST"},{"data":"theSenshi:SailorMarsAssists","floor":15,"key":"SMITH"}],"circlet_count":0,"master_deck":["theSenshi:SailorKick","theSenshi:SailorKick","theSenshi:SailorKick","theSenshi:SailorKick","theSenshi:SailorBlock","theSenshi:SailorBlock","theSenshi:SailorBlock+1","theSenshi:SailorBlock","theSenshi:RoseThrow","theSenshi:MoonPrismPowerMakeUp","theSenshi:MoonPunch","theSenshi:SteeledNerves","theSenshi:TuxedoMaskAssists+1","theSenshi:SailorMercuryAssists","theSenshi:TallSilhouette","theSenshi:TallSilhouette","theSenshi:SailorMarsAssists+1","theSenshi:MoonTwilightFlash","theSenshi:SilverMoonCrystalPowerKiss","theSenshi:SailorPlanetPower","theSenshi:VenusGlamour","theSenshi:MoonPunch","theSenshi:MoonHealingEscalation"],"relics":["theSenshi:TransformationBroochRelic","NeowsBlessing","WarlordEmblem:SmileMask","Tiny House"],"acts_visited":["Exordium","TheCity"],"potions_floor_usage":[16,16,20],"damage_taken":[{"damage":0.0,"enemies":"Jaw Worm","floor":1.0,"turns":1.0},{"damage":0.0,"enemies":"Small Slimes","floor":3.0,"turns":1.0},{"damage":0.0,"enemies":"2 Louse","floor":4.0,"turns":1.0},{"damage":14.0,"enemies":"Exordium Wildlife","floor":5.0,"turns":8.0},{"damage":14.0,"enemies":"Large Slime","floor":8.0,"turns":7.0},{"damage":4.0,"enemies":"HollowMod:MossKnight","floor":10.0,"turns":15.0},{"damage":6.0,"enemies":"Gremlin Gang","floor":11.0,"turns":6.0},{"damage":1,"enemies":"Blue Slaver","floor":13,"turns":3},{"damage":3,"enemies":"Exordium Wildlife","floor":14,"turns":4},{"damage":23,"enemies":"Fading Forest","floor":16,"turns":11},{"damage":4,"enemies":"Chosen","floor":18,"turns":6},{"damage":45,"enemies":"Sentry and Sphere","floor":19,"turns":8},{"damage":25,"enemies":"Snake Plant","floor":20,"turns":5}],"seed_played":"711338940132907029","potions_obtained":[{"floor":1.0,"key":"Toxic Potion"},{"floor":3.0,"key":"ZuzhouPotion:ReiMu"},{"floor":11.0,"key":"Dexterity Potion"},{"floor":14,"key":"Swift Potion"},{"floor":17,"key":"Milkshake"},{"floor":18,"key":"Adrenaline Potion"}],"is_trial":false,"path_per_floor":["M","?","M","M","M","R","$","M","T","E","M","R","M","M","R","B",null,"M","M","M","?"],"character_chosen":"THE_SENSHI","items_purchased":["theSenshi:TallSilhouette"],"campfire_rested":1,"item_purchase_floors":[7],"current_hp_per_floor":[75,75,75,75,61,61,61,47,47,43,37,59,58,55,55,42,80,76,31,6,0,0],"gold":415,"neow_bonus":"THREE_ENEMY_KILL","is_daily":false,"chose_seed":false,"campfire_upgraded":2,"win_rate":0.0,"timestamp":1613359786,"path_taken":["M","?","M","M","M","R","$","M","T","E","M","R","M","M","R","BOSS","M","M","M","?"],"items_purchased_type":["Card"],"build_version":"2020-12-22","purchased_purges":0,"victory":false,"max_hp_per_floor":[75,75,75,75,75,75,75,75,75,75,75,75,75,75,75,75,80,80,80,80,85,85],"card_choices":[{"not_picked":["theSenshi:DramaticEntrance","theSenshi:SailorV"],"picked":"theSenshi:MoonPunch","floor":1.0},{"not_picked":["theSenshi:SupersonicWaves","theSenshi:Sidestep"],"picked":"theSenshi:SteeledNerves","floor":3.0},{"not_picked":["theSenshi:LateForSchool","theSenshi:InTheNickOfTime"],"picked":"theSenshi:TuxedoMaskAssists","floor":4.0},{"not_picked":["theSenshi:SailorStarMakerAssists","theSenshi:SailorVenusAssists"],"picked":"theSenshi:SailorMercuryAssists","floor":5.0},{"not_picked":["theSenshi:TuxedoSmokingBomber","theSenshi:LunaWiseMentor"],"picked":"theSenshi:TallSilhouette","floor":8.0},{"not_picked":["theSenshi:JupitersPower","theSenshi:HesSoDreamy","theSenshi:KlutzyLuck"],"picked":"SKIP","floor":10.0},{"not_picked":["theSenshi:SupersonicWaves","theSenshi:SailorMercuryAssists"],"picked":"theSenshi:SailorMarsAssists","floor":11.0},{"not_picked":["theSenshi:Sidestep","theSenshi:TallSilhouette","theSenshi:EncouragingSpeech"],"picked":"SKIP","floor":13},{"not_picked":["theSenshi:MoonsReflection","theSenshi:TuxedoSmokingBomber"],"picked":"theSenshi:MoonTwilightFlash","floor":14},{"not_picked":["theSenshi:SailorCosmosAssists","theSenshi:LunaSensingAllies"],"picked":"theSenshi:SilverMoonCrystalPowerKiss","floor":16},{"not_picked":["theSenshi:SailorMercuryAssists","theSenshi:LateForSchool"],"picked":"theSenshi:SailorPlanetPower","floor":17},{"not_picked":["theSenshi:EncouragingSpeech","theSenshi:Sidestep"],"picked":"theSenshi:VenusGlamour","floor":18},{"not_picked":["theSenshi:TallSilhouette","theSenshi:SteeledNerves"],"picked":"theSenshi:MoonPunch","floor":19},{"not_picked":["theSenshi:SailorUranusAssists+1","theSenshi:SailorChibiMoonAssists"],"picked":"theSenshi:MoonHealingEscalation","floor":20}],"player_experience":37095,"relics_obtained":[{"floor":10.0,"key":"WarlordEmblem:SmileMask"}],"event_choices":[],"is_beta":false,"boss_relics":[{"not_picked":["Busted Crown","Replay:Wanted Poster"],"picked":"Tiny House"}],"items_purged_floors":[],"is_endless":false,"potions_floor_spawned":[1,3,5,11,14,18],"ascension_level":0}}