{"host":"2no1vwhhkhf0ohz3","time":1613409152,"event":{"mods":["AchievementEnabler","BaseMod","Colored Map","DeckTracker","Keyboard Shortcuts","Minty Spire (QoL Compilation)","SuperFastMode"],"gold_per_floor":[119,119,119,143,143,143,157,200,271,271,291,291,291],"floor_reached":12,"language":"KOR","playtime":146,"items_purged":[],"score":117,"play_id":"606a4e0f-fffc-440d-8573-cc5d837493aa","local_time":"20210216021232","is_ascension_mode":true,"campfire_choices":[{"data":"Bash","floor":6,"key":"SMITH"},{"data":"Dual Wield","floor":10,"key":"SMITH"}],"circlet_count":0,"master_deck":["AscendersBane","Strike_R","Strike_R","Strike_R","Strike_R","Strike_R","Defend_R","Defend_R","Defend_R","Defend_R","Bash+1","Limit Break","Perfected Strike+1","Twin Strike","Dual Wield+1","Wild Strike"],"relics":["Burning Blood","Art of War","Golden Idol","WingedGreaves"],"acts_visited":["Exordium"],"potions_floor_usage":[8],"damage_taken":[{"damage":9,"enemies":"Small Slimes","floor":1,"turns":5},{"damage":6,"enemies":"2 Louse","floor":4,"turns":3},{"damage":1,"enemies":"Cultist","floor":7,"turns":3},{"damage":32,"enemies":"Gremlin Nob","floor":8,"turns":4},{"damage":12,"enemies":"2 Fungi Beasts","floor":11,"turns":3},{"damage":25,"enemies":"3 Sentries","floor":12,"turns":5}],"seed_played":"-7592172376294281454","potions_obtained":[{"floor":1,"key":"Swift Potion"},{"floor":11,"key":"Swift Potion"}],"is_trial":false,"path_per_floor":["M","?","?","M","?","R","M","E","T","R","M","E"],"character_chosen":"IRONCLAD","items_purchased":[],"campfire_rested":0,"item_purchase_floors":[],"current_hp_per_floor":[69,57,57,57,57,57,62,36,36,36,30,5,5],"gold":291,"neow_bonus":"ONE_RANDOM_RARE_CARD","is_daily":false,"chose_seed":false,"campfire_upgraded":2,"win_rate":0.0,"timestamp":1613409152,"path_taken":["M","?","?","M","?","R","M","E","T","R","M","E"],"items_purchased_type":[],"build_version":"2020-12-22","purchased_purges":0,"victory":false,"max_hp_per_floor":[80,80,74,74,74,74,74,74,74,74,74,74,74],"card_choices":[{"not_picked":["Blood for Blood","Shrug It Off"],"picked":"Perfected Strike","floor":1},{"not_picked":["Body Slam","Second Wind"],"picked":"Twin Strike","floor":4},{"not_picked":["True Grit","Metallicize"],"picked":"Dual Wield","floor":7},{"not_picked":["Seeing Red","Anger"],"picked":"Wild Strike","floor":8},{"not_picked":["Combust","Fire Breathing","Anger"],"picked":"SKIP","floor":11}],"player_experience":308812,"relics_obtained":[{"floor":8,"key":"WingedGreaves"}],"event_choices":[{"damage_healed":0,"gold_gain":0,"player_choice":"Success","damage_taken":12,"relics_obtained":["Art of War"],"max_hp_gain":0,"max_hp_loss":0,"event_name":"Scrap Ooze","floor":2,"gold_loss":0},{"damage_healed":0,"gold_gain":0,"player_choice":"Lose Max HP","damage_taken":0,"relics_obtained":["Golden Idol"],"max_hp_gain":0,"max_hp_loss":6,"event_name":"Golden Idol","floor":3,"gold_loss":0},{"damage_healed":0,"gold_gain":0,"player_choice":"Upgraded","damage_taken":0,"max_hp_gain":0,"max_hp_loss":0,"event_name":"Upgrade Shrine","floor":5,"gold_loss":0,"cards_upgraded":["Perfected Strike"]}],"is_beta":false,"boss_relics":[],"items_purged_floors":[],"is_endless":false,"potions_floor_spawned":[1,11],"killed_by":"3 Sentries","ascension_level":10}}