{"host":"y080dcqw8fj32q7d","time":1613407913,"event":{"mods":["AchievementEnabler","BaseMod","Colored Map","Colored Powertips","DeckTracker","Minty Spire (QoL Compilation)","Relic Sorter"],"gold_per_floor":[114,127,140,151,163,189,189,189,189],"floor_reached":8,"language":"ENG","playtime":454,"items_purged":[],"score":66,"play_id":"b98dcd95-30c3-402c-b16a-0f89b0908c5e","local_time":"20210215195153","is_ascension_mode":true,"campfire_choices":[{"floor":7,"key":"REST"}],"circlet_count":0,"master_deck":["Strike_R","Strike_R","Strike_R","Strike_R","Strike_R","Defend_R","Defend_R","Defend_R","Defend_R","Bash","Pommel Strike","Shrug It Off"],"relics":["Burning Blood","NeowsBlessing","Anchor"],"acts_visited":["Exordium"],"potions_floor_usage":[4,5,8],"damage_taken":[{"damage":0,"enemies":"Cultist","floor":1,"turns":1},{"damage":0,"enemies":"Small Slimes","floor":2,"turns":1},{"damage":0,"enemies":"2 Louse","floor":3,"turns":1},{"damage":16,"enemies":"2 Fungi Beasts","floor":4,"turns":4},{"damage":6,"enemies":"Looter","floor":5,"turns":4},{"damage":54,"enemies":"3 Sentries","floor":6,"turns":14},{"damage":47,"enemies":"Lagavulin","floor":8,"turns":8}],"seed_played":"-1638405988402807896","potions_obtained":[{"floor":3,"key":"PowerPotion"},{"floor":4,"key":"PowerPotion"},{"floor":6,"key":"PowerPotion"}],"is_trial":false,"path_per_floor":["M","M","M","M","M","E","R","E"],"character_chosen":"IRONCLAD","items_purchased":[],"campfire_rested":1,"item_purchase_floors":[],"current_hp_per_floor":[80,80,80,70,70,22,46,0,0],"gold":189,"neow_bonus":"THREE_ENEMY_KILL","is_daily":false,"chose_seed":false,"campfire_upgraded":0,"win_rate":0.0,"timestamp":1613407913,"path_taken":["M","?","M","M","M","E","R","E"],"items_purchased_type":[],"build_version":"2020-12-22","purchased_purges":0,"victory":false,"max_hp_per_floor":[80,80,80,80,80,80,80,80,80],"card_choices":[{"not_picked":["Flex","Burning Pact","Clothesline"],"picked":"SKIP","floor":1},{"not_picked":["Havoc","Reckless Charge","Iron Wave"],"picked":"SKIP","floor":2},{"not_picked":["Entrench","Body Slam","Evolve"],"picked":"SKIP","floor":3},{"not_picked":["Thunderclap","Flex"],"picked":"Pommel Strike","floor":4},{"not_picked":["Battle Trance","Entrench","Anger"],"picked":"SKIP","floor":5},{"not_picked":["Intimidate","Pummel"],"picked":"Shrug It Off","floor":6}],"player_experience":312967,"relics_obtained":[{"floor":6,"key":"Anchor"}],"event_choices":[],"is_beta":false,"boss_relics":[],"items_purged_floors":[],"is_endless":false,"potions_floor_spawned":[3,4,6],"killed_by":"Lagavulin","ascension_level":2}}