{"host":"wbs0wzz0alz01mnq","time":1613415846,"event":{"mods":["2.2 Compatiblity","BaseMod","Clawfect","Downfall","GifTheSpireLib","Googly Eyes","Minty Spire (QoL Compilation)","Quick Restart","StSLib"],"gold_per_floor":[99,116,216,391,408,408,408,423,423,440,460,460,475,310,329,329,329,329],"floor_reached":16,"language":"ENG","playtime":1620,"items_purged":[],"score":94,"play_id":"778610d8-bcf5-414b-8574-1adc47e8e1ef","local_time":"20210215140406","is_ascension_mode":false,"campfire_choices":[{"data":"hexamod:Float","floor":1,"key":"SMITH"},{"data":"hexamod:GhostOfSpirePast","floor":6,"key":"SMITH"},{"data":"hexamod:GhostflameBarrier","floor":9,"key":"SMITH"}],"circlet_count":0,"master_deck":["hexamod:Strike","hexamod:Strike","hexamod:Strike","hexamod:Strike","hexamod:Defend","hexamod:Defend","hexamod:Defend","hexamod:Defend","hexamod:Sear","hexamod:Float+1","hexamod:GhostOfSpirePast+1","Doubt","hexamod:GhostflameBarrier+1","hexamod:StepThrough","hexamod:RadiantFlame","hexamod:Rewind+1","hexamod:StepThrough","hexamod:BacktrackSmack","hexamod:EtherealExpedition","hexamod:ThirdSeal","hexamod:UnlimitedPower","hexamod:PhantomCloak","hexamod:UnlimitedPower","hexamod:Hexaguard","hexamod:SpectersWail"],"relics":["hexamod:SpiritBrand","Potion Belt","Orrery"],"acts_visited":["Exordium"],"potions_floor_usage":[16,16,16,16],"damage_taken":[{"damage":0,"enemies":"Small Slimes","floor":2,"turns":3},{"damage":10,"enemies":"Jaw Worm","floor":5,"turns":4},{"damage":0,"enemies":"2 Louse","floor":8,"turns":3},{"damage":2,"enemies":"Blue Slaver","floor":10,"turns":4},{"damage":0,"enemies":"Large Slime","floor":11,"turns":3},{"damage":8,"enemies":"Lots of Slimes","floor":13,"turns":4},{"damage":0,"enemies":"downfall:FleeingMerchant","floor":14,"turns":4},{"damage":7,"enemies":"2 Fungi Beasts","floor":15,"turns":4},{"damage":48,"enemies":"WA_ARCHETYPE_RETAIN","floor":16,"turns":7}],"seed_played":"4753530084320254698","potions_obtained":[{"floor":2,"key":"bronze:BurnAndBuffPotion"},{"floor":5,"key":"hexamod:SoulburnPotion"},{"floor":10,"key":"Guardian:BlockOnCardUsePotion"},{"floor":13,"key":"Dexterity Potion"}],"is_trial":false,"path_per_floor":["R","M","?","?","M","R","T","M","R","M","M","?","M","$","M","B"],"character_chosen":"THE_SPIRIT","items_purchased":["Orrery"],"campfire_rested":0,"item_purchase_floors":[14],"current_hp_per_floor":[63,63,63,63,53,53,53,53,53,51,51,51,43,43,36,0,0,0],"gold":329,"neow_bonus":"TWENTY_PERCENT_HP_BONUS","is_daily":false,"chose_seed":false,"campfire_upgraded":3,"win_rate":0.0,"timestamp":1613415846,"path_taken":["R","M","?","?","M","R","T","M","R","M","M","?","M","?","M","BOSS"],"items_purchased_type":["Relic"],"build_version":"2020-12-22","purchased_purges":0,"victory":false,"max_hp_per_floor":[84,84,84,84,84,84,84,84,84,84,84,84,84,84,84,84,84,84],"card_choices":[{"not_picked":["hexamod:HeatShield","hexamod:ExtraCrispy"],"picked":"hexamod:GhostOfSpirePast","floor":2},{"not_picked":["hexamod:GhostShield","hexamod:Firestarter"],"picked":"hexamod:GhostflameBarrier","floor":5},{"not_picked":["hexamod:GhostShield","hexamod:HauntingEcho"],"picked":"hexamod:StepThrough","floor":8},{"not_picked":["hexamod:PhantomCloak","hexamod:GhostLash"],"picked":"hexamod:RadiantFlame","floor":10},{"not_picked":["hexamod:Hexaguard","hexamod:ThermalTransfer"],"picked":"hexamod:Rewind","floor":11},{"not_picked":["hexamod:BacktrackSmack","hexamod:PhantomFireball"],"picked":"hexamod:StepThrough","floor":13},{"not_picked":["hexamod:NightmareGuise","hexamod:SwordOfDarkness"],"picked":"hexamod:BacktrackSmack","floor":14},{"not_picked":["hexamod:NightmareStrike","hexamod:NightmareGuise"],"picked":"hexamod:EtherealExpedition","floor":14},{"not_picked":["hexamod:FourthSeal","hexamod:InspiringFlames"],"picked":"hexamod:ThirdSeal","floor":14},{"not_picked":["hexamod:SpectralAdrenaline","hexamod:ChargedBarrage"],"picked":"hexamod:UnlimitedPower","floor":14},{"not_picked":["hexamod:EtherealExpedition","hexamod:GhostShield"],"picked":"hexamod:PhantomCloak","floor":14},{"not_picked":["hexamod:Haunt","hexamod:DynamicBlow"],"picked":"hexamod:UnlimitedPower","floor":14},{"not_picked":["hexamod:PhantomCloak","hexamod:NightmareStrike"],"picked":"hexamod:Hexaguard","floor":15},{"not_picked":["hexamod:HeatCrush","hexamod:AdvancingGuard"],"picked":"hexamod:SpectersWail","floor":15}],"player_experience":50893,"relics_obtained":[{"floor":7,"key":"Potion Belt"}],"event_choices":[{"damage_healed":0,"gold_gain":0,"player_choice":"Grow","damage_taken":0,"max_hp_gain":0,"max_hp_loss":0,"event_name":"Living Wall","floor":12,"gold_loss":0,"cards_upgraded":["hexamod:Rewind"]}],"is_beta":false,"boss_relics":[],"items_purged_floors":[],"is_endless":false,"potions_floor_spawned":[2,5,10,13],"killed_by":"WA_ARCHETYPE_RETAIN","ascension_level":0}}