{"host":"d0btaf6p0msba79e","time":1613391743,"event":{"mods":["BaseMod","BetterRewards","Minty Spire (QoL Compilation)"],"gold_per_floor":[109,184,13,32,32,32,45,73,97,114,130,164,179,179,179,279,279,298,298,223,239,252,252,285,210,237,255,288,303,303,330,330,433,433,471,471,471,525,562,596,613,670,697,551,301,317,329,49,49,49,49],"floor_reached":50,"language":"ENG","playtime":4267,"items_purged":["Strike_P","Shame","Strike_P","Defend_P"],"score":902,"play_id":"26ef2cde-79f1-4e13-a38b-1e278b68dad8","local_time":"20210215232223","is_ascension_mode":true,"campfire_choices":[{"data":"Eruption","floor":6,"key":"SMITH"},{"data":"Study","floor":15,"key":"SMITH"},{"floor":23,"key":"RECALL"},{"data":"Alpha","floor":32,"key":"SMITH"},{"data":"Secret Technique","floor":49,"key":"SMITH"}],"circlet_count":0,"master_deck":["Defend_P","Defend_P+1","Defend_P","Eruption+1","Vigilance","Tantrum","Apotheosis+1","Evaluate","FlurryOfBlows","Study+1","FlyingSleeves","Wallop","Alpha+1","FollowUp","WheelKick","CutThroughFate","Wish","FlurryOfBlows","FollowUp","Ghostly","Ghostly+1","Ghostly","Ghostly","Ghostly","Secret Technique+1","FlyingSleeves+1","Halt","CutThroughFate","CutThroughFate","Halt"],"relics":["Busted Crown","Strawberry","Vajra","Shuriken","Blood Vial","TungstenRod","Eternal Feather","Cursed Key","CaptainsWheel","Potion Belt","Bird Faced Urn","War Paint","Membership Card"],"acts_visited":["TheCity","TheBeyond"],"potions_floor_usage":[12,18,28,28,31,33,50],"damage_taken":[{"damage":0,"enemies":"Jaw Worm","floor":1,"turns":3},{"damage":0,"enemies":"2 Louse","floor":4,"turns":1},{"damage":0,"enemies":"Cultist","floor":7,"turns":3},{"damage":0,"enemies":"Gremlin Nob","floor":8,"turns":2},{"damage":0,"enemies":"Exordium Thugs","floor":10,"turns":3},{"damage":0,"enemies":"Looter","floor":11,"turns":2},{"damage":0,"enemies":"Lagavulin","floor":12,"turns":2},{"damage":6,"enemies":"Exordium Wildlife","floor":13,"turns":3},{"damage":0,"enemies":"The Guardian","floor":16,"turns":7},{"damage":8,"enemies":"Chosen","floor":18,"turns":5},{"damage":0,"enemies":"2 Thieves","floor":21,"turns":3},{"damage":13,"enemies":"Centurion and Healer","floor":22,"turns":4},{"damage":0,"enemies":"Book of Stabbing","floor":24,"turns":3},{"damage":6,"enemies":"Shelled Parasite and Fungi","floor":27,"turns":3},{"damage":14,"enemies":"Slavers","floor":28,"turns":3},{"damage":0,"enemies":"Cultist and Chosen","floor":29,"turns":4},{"damage":0,"enemies":"Gremlin Leader","floor":31,"turns":5},{"damage":0,"enemies":"Collector","floor":33,"turns":5},{"damage":0,"enemies":"3 Darklings","floor":35,"turns":4},{"damage":15,"enemies":"2 Orb Walkers","floor":38,"turns":4},{"damage":0,"enemies":"3 Shapes","floor":39,"turns":5},{"damage":0,"enemies":"Giant Head","floor":40,"turns":6},{"damage":0,"enemies":"Transient","floor":41,"turns":5},{"damage":4,"enemies":"Reptomancer","floor":42,"turns":5},{"damage":0,"enemies":"Sphere and 2 Shapes","floor":46,"turns":4},{"damage":7,"enemies":"Jaw Worm Horde","floor":47,"turns":4},{"damage":45,"enemies":"Time Eater","floor":50,"turns":6}],"seed_played":"-7365748517631407454","potions_obtained":[{"floor":1,"key":"AttackPotion"},{"floor":4,"key":"BlessingOfTheForge"},{"floor":10,"key":"Swift Potion"},{"floor":12,"key":"SteroidPotion"},{"floor":13,"key":"Block Potion"},{"floor":24,"key":"Explosive Potion"},{"floor":31,"key":"FearPotion"},{"floor":33,"key":"Dexterity Potion"},{"floor":38,"key":"LiquidBronze"},{"floor":39,"key":"FearPotion"},{"floor":46,"key":"EntropicBrew"}],"is_trial":false,"path_per_floor":["M","?","$","M","?","R","M","E","T","M","M","E","M","?","R","B",null,"M","?","$","M","M","R","E","?","T","M","E","M","?","E","R","B",null,"M","?","?","?","M","E","M","E","T","$","$","M","M","$","R","B"],"character_chosen":"WATCHER","items_purchased":["Apotheosis","Halt","Strength Potion","SteroidPotion","CutThroughFate","Membership Card","CutThroughFate","Halt"],"campfire_rested":0,"item_purchase_floors":[3,44,45,45,45,48,48,48],"current_hp_per_floor":[72,61,61,61,61,61,61,68,68,68,68,68,62,67,67,67,84,76,76,76,76,63,63,63,63,63,59,47,49,42,42,42,42,42,42,42,40,25,27,29,31,29,29,29,29,33,30,30,40,0,0],"gold":49,"neow_bonus":"BOSS_RELIC","is_daily":false,"chose_seed":false,"campfire_upgraded":4,"win_rate":0.0,"timestamp":1613391743,"path_taken":["M","?","$","M","?","R","M","E","T","M","M","E","?","?","R","BOSS","M","?","$","?","M","R","E","?","T","M","E","M","?","E","R","BOSS","M","?","?","?","M","E","M","E","T","?","$","M","?","$","R","BOSS"],"items_purchased_type":["Card","Card","Potion","Potion","Card","Relic","Card","Card"],"build_version":"2020-12-22","purchased_purges":4,"victory":false,"max_hp_per_floor":[72,72,72,72,72,72,72,79,79,79,79,79,79,84,84,84,84,84,84,84,84,84,84,84,84,84,84,84,84,42,42,42,42,42,42,42,40,40,40,40,40,40,40,40,40,40,40,40,40,40,40],"card_choices":[{"not_picked":[],"picked":"Tantrum","floor":1},{"not_picked":[],"picked":"Evaluate","floor":4},{"not_picked":["Vengeance"],"picked":"SKIP","floor":7},{"not_picked":["CrushJoints"],"picked":"SKIP","floor":8},{"not_picked":[],"picked":"FlurryOfBlows","floor":10},{"not_picked":[],"picked":"Study","floor":11},{"not_picked":[],"picked":"FlyingSleeves","floor":12},{"not_picked":[],"picked":"Wallop","floor":13},{"not_picked":[],"picked":"Alpha","floor":16},{"not_picked":["JustLucky"],"picked":"SKIP","floor":18},{"not_picked":[],"picked":"WheelKick","floor":21},{"not_picked":[],"picked":"CutThroughFate","floor":22},{"not_picked":[],"picked":"Wish","floor":24},{"not_picked":[],"picked":"FlurryOfBlows","floor":27},{"not_picked":["EmptyFist"],"picked":"SKIP","floor":28},{"not_picked":[],"picked":"FollowUp","floor":29},{"not_picked":["ClearTheMind"],"picked":"SKIP","floor":31},{"not_picked":["EmptyBody"],"picked":"SKIP","floor":35},{"not_picked":[],"picked":"Secret Technique","floor":36},{"not_picked":[],"picked":"FlyingSleeves+1","floor":39},{"not_picked":["Evaluate"],"picked":"SKIP","floor":40},{"not_picked":["CrushJoints+1"],"picked":"SKIP","floor":41},{"not_picked":["Indignation+1"],"picked":"SKIP","floor":42},{"not_picked":["ClearTheMind+1"],"picked":"SKIP","floor":46},{"not_picked":["Consecrate+1"],"picked":"SKIP","floor":47}],"player_experience":1010367,"relics_obtained":[{"floor":8,"key":"Strawberry"},{"floor":9,"key":"Vajra"},{"floor":12,"key":"Shuriken"},{"floor":24,"key":"Blood Vial"},{"floor":28,"key":"TungstenRod"},{"floor":31,"key":"Eternal Feather"},{"floor":38,"key":"CaptainsWheel"},{"floor":40,"key":"Potion Belt"},{"floor":42,"key":"Bird Faced Urn"},{"floor":43,"key":"War Paint"}],"event_choices":[{"damage_healed":0,"gold_gain":75,"player_choice":"Gather Gold","damage_taken":11,"max_hp_gain":0,"max_hp_loss":0,"event_name":"World of Goop","floor":2,"gold_loss":0},{"damage_healed":0,"gold_gain":0,"player_choice":"Grow","damage_taken":0,"max_hp_gain":0,"max_hp_loss":0,"event_name":"Living Wall","floor":5,"gold_loss":0,"cards_upgraded":["Apotheosis"]},{"damage_healed":0,"gold_gain":0,"player_choice":"Donut","damage_taken":0,"max_hp_gain":5,"max_hp_loss":0,"event_name":"Big Fish","floor":14,"gold_loss":0},{"damage_healed":0,"gold_gain":0,"cards_transformed":["Strike_P"],"player_choice":"Transformed","damage_taken":0,"max_hp_gain":0,"max_hp_loss":0,"event_name":"Transmorgrifier","floor":19,"gold_loss":0,"cards_obtained":["FollowUp"]},{"cards_removed":["Strike_P"],"damage_healed":0,"gold_gain":0,"player_choice":"Gave Gold","damage_taken":0,"max_hp_gain":0,"max_hp_loss":0,"event_name":"Beggar","floor":25,"gold_loss":75},{"damage_healed":0,"gold_gain":0,"player_choice":"Became a Ghost","damage_taken":0,"max_hp_gain":0,"max_hp_loss":42,"event_name":"Ghosts","floor":30,"gold_loss":0,"cards_obtained":["Ghostly","Ghostly","Ghostly","Ghostly","Ghostly"]},{"damage_healed":0,"gold_gain":0,"player_choice":"Memory 1","damage_taken":0,"max_hp_gain":0,"max_hp_loss":0,"event_name":"SensoryStone","floor":36,"gold_loss":0},{"damage_healed":0,"gold_gain":0,"player_choice":"Max HP","damage_taken":0,"max_hp_gain":0,"max_hp_loss":2,"event_name":"Winding Halls","floor":37,"gold_loss":0},{"damage_healed":0,"gold_gain":0,"player_choice":"Fight","damage_taken":0,"max_hp_gain":0,"max_hp_loss":0,"event_name":"Mysterious Sphere","floor":38,"gold_loss":0}],"is_beta":false,"boss_relics":[{"not_picked":["Snecko Eye","Velvet Choker","Coffee Dripper"]},{"not_picked":["Black Star","Tiny House"],"picked":"Cursed Key"}],"items_purged_floors":[20,44,45,48],"is_endless":false,"potions_floor_spawned":[1,4,10,11,12,13,24,27,31,33,38,39,46],"killed_by":"Time Eater","ascension_level":2}}