{"host":"c6u7e77myxvw4d0m","time":1613419923,"event":{"mods":["AchievementEnabler","BaseMod","Bestiary","Colored Map","Colored Powertips","Minty Spire (QoL Compilation)","Rare Cards Sparkle","Relic Stats","everything is the same but u backflip on backflip"],"gold_per_floor":[113,126,136,150,169,169,203,217,217,230,301,328,328,403,403,476,476,490,202,202,219,219,219,254,179,179,210,52,52,72,91,91,165,165,185,135,153,103,117,150,150,183,183,209,221,250,250,265,265,265,265],"floor_reached":52,"language":"ENG","playtime":5181,"items_purged":["Strike_G","Strike_G","Outmaneuver"],"score":2144,"play_id":"f3a459e5-1914-41bf-9ddf-93926a4c5af6","local_time":"20210215221203","is_ascension_mode":true,"campfire_choices":[{"data":"Predator","floor":6.0,"key":"SMITH"},{"floor":13.0,"key":"REST"},{"data":"Corpse Explosion","floor":15.0,"key":"SMITH"},{"data":"Catalyst","floor":23,"key":"SMITH"},{"data":"Wraith Form v2","floor":29,"key":"SMITH"},{"data":"Catalyst","floor":32,"key":"SMITH"},{"data":"Calculated Gamble","floor":41,"key":"SMITH"},{"data":"Prepared","floor":47,"key":"SMITH"},{"data":"Bullet Time","floor":49,"key":"SMITH"}],"circlet_count":0,"master_deck":["AscendersBane","Defend_G+1","Defend_G+1","Defend_G","Defend_G","Defend_G+1","Survivor","Neutralize","Venomology","Endless Agony+1","Predator+1","Quick Slash","Dash","Corpse Explosion+1","Catalyst+1","Deadly Poison","Catalyst+1","Dodge and Roll+1","Bullet Time+1","Calculated Gamble+1","Venomology","Wraith Form v2+1","Noxious Fumes","Deadly Poison","Night Terror","PiercingWail+1","Catalyst","Prepared+1"],"relics":["Ring of the Snake","Mango","Ginger","Smiling Mask","Runic Pyramid","Blue Candle","PreservedInsect","Thread and Needle","Empty Cage","Bag of Preparation","Unceasing Top","War Paint","Snake Skull"],"acts_visited":["Exordium","TheCity","TheBeyond"],"potions_floor_usage":[18,21,21,24,27,27,31,31,33,35,35,39,40,42,45,48,50,50,51,51,51],"damage_taken":[{"damage":2.0,"enemies":"Cultist","floor":1.0,"turns":5.0},{"damage":4.0,"enemies":"Small Slimes","floor":2.0,"turns":4.0},{"damage":0.0,"enemies":"2 Louse","floor":3.0,"turns":1.0},{"damage":12.0,"enemies":"Exordium Thugs","floor":4.0,"turns":5.0},{"damage":4.0,"enemies":"2 Fungi Beasts","floor":5.0,"turns":3.0},{"damage":15.0,"enemies":"3 Sentries","floor":7.0,"turns":9.0},{"damage":25.0,"enemies":"Exordium Wildlife","floor":8.0,"turns":4.0},{"damage":0.0,"enemies":"Lots of Slimes","floor":10.0,"turns":2.0},{"damage":9.0,"enemies":"Lagavulin","floor":12.0,"turns":6.0},{"damage":23.0,"enemies":"The Guardian","floor":16.0,"turns":9.0},{"damage":2,"enemies":"Chosen","floor":18,"turns":4},{"damage":17,"enemies":"2 Thieves","floor":21,"turns":2},{"damage":0,"enemies":"Gremlin Leader","floor":24,"turns":6},{"damage":14,"enemies":"Slavers","floor":27,"turns":2},{"damage":0,"enemies":"3 Cultists","floor":30,"turns":2},{"damage":0,"enemies":"Chosen and Byrds","floor":31,"turns":5},{"damage":16,"enemies":"Collector","floor":33,"turns":6},{"damage":1,"enemies":"3 Shapes","floor":35,"turns":4},{"damage":0,"enemies":"3 Darklings","floor":37,"turns":4},{"damage":0,"enemies":"Spire Growth","floor":39,"turns":4},{"damage":1,"enemies":"Reptomancer","floor":40,"turns":4},{"damage":0,"enemies":"Nemesis","floor":42,"turns":5},{"damage":4,"enemies":"Reptomancer","floor":44,"turns":2},{"damage":0,"enemies":"Sphere and 2 Shapes","floor":45,"turns":6},{"damage":0,"enemies":"Nemesis","floor":46,"turns":3},{"damage":0,"enemies":"Maw","floor":48,"turns":3},{"damage":37,"enemies":"Awakened One","floor":50,"turns":8},{"damage":13,"enemies":"Donu and Deca","floor":51,"turns":6}],"seed_played":"-5266113514494274656","potions_obtained":[{"floor":2.0,"key":"Explosive Potion"},{"floor":4.0,"key":"FairyPotion"},{"floor":16.0,"key":"ColorlessPotion"},{"floor":24,"key":"SkillPotion"},{"floor":27,"key":"SneckoOil"},{"floor":31,"key":"Block Potion"},{"floor":44,"key":"EssenceOfSteel"},{"floor":46,"key":"BlessingOfTheForge"}],"is_trial":false,"path_per_floor":["M","M","M","M","M","R","E","M","T","M","?","E","R","?","R","B",null,"M","$","?","M","?","R","E","?","T","E","$","R","M","M","R","B",null,"M","?","M","$","M","E","R","E","T","E","M","E","R","M","R","B","B",null],"character_chosen":"THE_SILENT","items_purchased":["Bullet Time","Outmaneuver","Fire Potion","Noxious Fumes","Deadly Poison"],"campfire_rested":1,"item_purchase_floors":[19,19,19,28,28],"current_hp_per_floor":[42,38,38,26,22,22,21,24,24,24,24,15,39,28,28,5,61,59,59,59,42,42,42,42,42,42,28,28,28,28,28,28,12,63,62,62,62,62,62,61,61,61,61,57,57,57,57,57,57,20,7],"gold":265,"neow_bonus":"THREE_RARE_CARDS","is_daily":false,"chose_seed":false,"campfire_upgraded":8,"win_rate":0.0,"timestamp":1613419923,"path_taken":["M","M","M","M","?","R","E","M","T","M","?","E","R","?","R","BOSS","M","$","?","M","?","R","E","?","T","E","$","R","M","M","R","BOSS","M","?","M","$","M","E","R","E","T","E","M","E","R","?","R","BOSS","BOSS"],"items_purchased_type":["Card","Card","Potion","Card","Card"],"build_version":"2020-12-22","purchased_purges":3,"victory":true,"max_hp_per_floor":[66,66,66,66,66,66,80,80,80,80,80,80,80,80,80,80,80,80,80,80,80,80,80,80,80,80,80,80,80,80,80,80,80,80,80,80,80,80,80,80,80,80,80,80,80,80,80,80,80,80,80],"relic_stats":{"counters":[28,124],"Blue Candle":[0],"PreservedInsect":263,"Snake Skull":[46],"Bag of Preparation":[15],"Ginger":[21],"War Paint":["Defend_G","Defend_G"],"Smiling Mask":150,"obtain_stats":[{"Blue Candle":24,"Mango":7,"Thread and Needle":27,"PreservedInsect":26,"Snake Skull":46,"Bag of Preparation":40,"Ginger":9,"War Paint":44,"Smiling Mask":12,"Empty Cage":34,"Unceasing Top":42,"Ring of the Snake":0,"Runic Pyramid":17},{"Blue Candle":13,"Mango":6,"Thread and Needle":14,"PreservedInsect":13,"Snake Skull":25,"Bag of Preparation":21,"Ginger":7,"War Paint":23,"Smiling Mask":9,"Empty Cage":17,"Unceasing Top":22,"Ring of the Snake":0,"Runic Pyramid":10},{"Blue Candle":60,"Mango":27,"Thread and Needle":62,"PreservedInsect":60,"Snake Skull":107,"Bag of Preparation":91,"Ginger":31,"War Paint":98,"Smiling Mask":39,"Empty Cage":75,"Unceasing Top":96,"Ring of the Snake":0,"Runic Pyramid":48}],"Unceasing Top":[0],"Ring of the Snake":[57]},"card_choices":[{"not_picked":["Malaise","Unload"],"picked":"Venomology","floor":0.0},{"not_picked":["Outmaneuver","Backflip"],"picked":"Endless Agony","floor":1.0},{"not_picked":["Deflect","Noxious Fumes"],"picked":"Predator","floor":2.0},{"not_picked":["Predator","Prepared"],"picked":"Quick Slash","floor":3.0},{"not_picked":["Bane","Outmaneuver"],"picked":"Flying Knee","floor":4.0},{"not_picked":["Blade Dance","PiercingWail"],"picked":"Dash","floor":5.0},{"not_picked":["Heel Hook","Sucker Punch"],"picked":"Corpse Explosion","floor":7.0},{"not_picked":["Quick Slash","Deadly Poison"],"picked":"Catalyst","floor":8.0},{"not_picked":["Masterful Stab","Finisher"],"picked":"Deadly Poison","floor":10.0},{"not_picked":["Slice","Choke"],"picked":"Catalyst","floor":12.0},{"not_picked":["Deflect","Blade Dance+1"],"picked":"Dodge and Roll+1","floor":18},{"not_picked":["Acrobatics+1","Flechettes","Dash"],"picked":"SKIP","floor":21},{"not_picked":["Flechettes+1","Calculated Gamble","Underhanded Strike"],"picked":"SKIP","floor":24},{"not_picked":["Deadly Poison","Doppelganger"],"picked":"Wraith Form v2","floor":27},{"not_picked":["Dagger Throw","Bane","Dodge and Roll"],"picked":"SKIP","floor":30},{"not_picked":["Sucker Punch","Die Die Die","Choke"],"picked":"SKIP","floor":31},{"not_picked":["Grand Finale","Glass Knife"],"picked":"Night Terror","floor":33},{"not_picked":["Deadly Poison","Choke"],"picked":"PiercingWail+1","floor":35},{"not_picked":["Blade Dance","Slice+1","Deadly Poison"],"picked":"SKIP","floor":37},{"not_picked":["Setup","Infinite Blades","Distraction"],"picked":"SKIP","floor":39},{"not_picked":["All Out Attack","Sucker Punch+1","Dagger Spray"],"picked":"SKIP","floor":40},{"not_picked":["Dagger Throw","Bouncing Flask"],"picked":"Catalyst","floor":42},{"not_picked":["Endless Agony","Dagger Throw+1","Expertise"],"picked":"SKIP","floor":44},{"not_picked":["Endless Agony","Dagger Throw+1","Expertise"],"picked":"SKIP","floor":44},{"not_picked":["Flechettes","Escape Plan","Cloak And Dagger"],"picked":"SKIP","floor":45},{"not_picked":["Deflect","Glass Knife"],"picked":"Prepared","floor":46},{"not_picked":["Deflect","Choke+1","Finisher"],"picked":"SKIP","floor":48}],"player_experience":811389,"relics_obtained":[{"floor":7.0,"key":"Mango"},{"floor":9.0,"key":"Ginger"},{"floor":12.0,"key":"Smiling Mask"},{"floor":24,"key":"Blue Candle"},{"floor":26,"key":"PreservedInsect"},{"floor":27,"key":"Thread and Needle"},{"floor":40,"key":"Bag of Preparation"},{"floor":42,"key":"Unceasing Top"},{"floor":44,"key":"War Paint"},{"floor":46,"key":"Snake Skull"}],"event_choices":[{"damage_healed":0.0,"max_hp_gain":0.0,"max_hp_loss":0.0,"gold_gain":71.0,"event_name":"Golden Wing","player_choice":"Gained Gold","floor":11.0,"gold_loss":0.0,"damage_taken":0.0},{"damage_healed":0.0,"max_hp_gain":0.0,"max_hp_loss":0.0,"gold_gain":75.0,"event_name":"World of Goop","player_choice":"Gather Gold","floor":14.0,"gold_loss":0.0,"damage_taken":11.0},{"damage_healed":0,"gold_gain":0,"player_choice":"Read","damage_taken":0,"max_hp_gain":0,"max_hp_loss":0,"event_name":"The Library","floor":20,"gold_loss":0,"cards_obtained":["Calculated Gamble"]},{"damage_healed":0,"gold_gain":0,"cards_transformed":["Strike_G","Strike_G"],"player_choice":"Became Test Subject","damage_taken":0,"max_hp_gain":0,"max_hp_loss":0,"event_name":"Drug Dealer","floor":22,"gold_loss":0,"cards_obtained":["Tactician","Venomology"]},{"cards_removed":["Strike_G"],"damage_healed":0,"gold_gain":0,"player_choice":"Gave Gold","damage_taken":0,"max_hp_gain":0,"max_hp_loss":0,"event_name":"Beggar","floor":25,"gold_loss":75},{"damage_healed":0,"gold_gain":0,"player_choice":"Upgraded Two","damage_taken":0,"max_hp_gain":0,"max_hp_loss":0,"event_name":"Designer","floor":36,"gold_loss":50,"cards_upgraded":["Endless Agony","Defend_G"]}],"is_beta":false,"boss_relics":[{"not_picked":["SacredBark","Black Star"],"picked":"Runic Pyramid"},{"not_picked":["Pandora\u0027s Box","Sozu"],"picked":"Empty Cage"}],"items_purged_floors":[19,28,38],"is_endless":false,"potions_floor_spawned":[2,4,16,24,27,30,31,37,42,44,46],"ascension_level":20}}