{"host":"i3w38rq1z4slkels","time":1613362535,"event":{"mods":["2.2 Compatiblity","Act Like it!","BaseMod","Better Match","Better Vampires","BetterRewards","Conspire","Downfall","Hallownest","Minty Spire (QoL Compilation)","Rare Cards Sparkle","Replay The Spire","StSLib","The Bug Knight"],"gold_per_floor":[99,99,99,99,99,99,99,127,127,144,44,29,29,39,58,161,161,161,175,188,201,201,201,249,149,182,202,187,206,222,222,270,270,270,270],"floor_reached":33,"language":"ENG","playtime":1707,"items_purged":[],"score":397,"play_id":"6e371c25-7aa1-4523-918b-f9271cb6694f","local_time":"20210215111535","is_ascension_mode":true,"campfire_choices":[{"floor":1,"key":"RECALL"},{"data":"bronze:ClassDefault","floor":6,"key":"SMITH"},{"data":"bronze:Iterate","floor":11,"key":"SMITH"},{"data":"bronze:Format","floor":13,"key":"SMITH"},{"data":"bronze:Replicate","floor":18,"key":"SMITH"},{"data":"bronze:Separator","floor":23,"key":"SMITH"},{"data":"bronze:Constructor","floor":25,"key":"SMITH"}],"circlet_count":0,"master_deck":["bronze:Strike","bronze:Strike","bronze:Strike","bronze:Strike","bronze:Defend","bronze:Defend","bronze:Defend","bronze:Replicate+1","bronze:Goto","bronze:ClassDefault+1","bronze:Constructor+1","bronze:Iterate+1","bronze:Format+1","bronze:HyperBeam","bronze:Separator+1","bronze:Terminator+1","Writhe","Voices","bronze:InfiniteBeams"],"relics":["bronze:BronzeCore","downfall:HeartsMalice","Snack Pack","Mango","downfall:HeartBlessingRed","conspire:SpecialSausage","Replay:Ringing Soul","downfall:HeartBlessingBlue","Iron Hammer","ReplayTheSpireMod:Ring of Collecting","ReplayTheSpireMod:Ring of Challenge"],"acts_visited":["Exordium","TheCity"],"potions_floor_usage":[19,26,26,26,33],"damage_taken":[{"damage":0,"enemies":"Jaw Worm","floor":2,"turns":1},{"damage":0,"enemies":"2 Louse","floor":3,"turns":1},{"damage":0,"enemies":"3 Sentries","floor":8,"turns":1},{"damage":0,"enemies":"Cultist","floor":10,"turns":4},{"damage":0,"enemies":"downfall:FleeingMerchant","floor":12,"turns":4},{"damage":0,"enemies":"Gremlin Gang","floor":14,"turns":5},{"damage":0,"enemies":"downfall:LooterAlt","floor":15,"turns":1},{"damage":43,"enemies":"WA_ARCHETYPE_RETAIN","floor":16,"turns":7},{"damage":0,"enemies":"3 Byrds","floor":19,"turns":5},{"damage":0,"enemies":"Spheric Guardian","floor":20,"turns":3},{"damage":15,"enemies":"Shelled Parasite and Fungi","floor":21,"turns":4},{"damage":0,"enemies":"Slavers","floor":26,"turns":5},{"damage":40,"enemies":"3 Cultists","floor":27,"turns":5},{"damage":3,"enemies":"downfall:FleeingMerchant","floor":28,"turns":4},{"damage":17,"enemies":"Snake Plant","floor":29,"turns":3},{"damage":14,"enemies":"Centurion and Healer","floor":30,"turns":3},{"damage":24,"enemies":"Snecko","floor":32,"turns":5},{"damage":30,"enemies":"IC_MUSHROOM_ARCHETYPE","floor":33,"turns":8}],"seed_played":"-7048594641814462054","potions_obtained":[{"floor":8,"key":"Ancient Potion"},{"floor":14,"key":"Swift Potion"},{"floor":15,"key":"Elixir"},{"floor":16,"key":"Fire Potion"},{"floor":21,"key":"AttackPotion"},{"floor":26,"key":"SpeedPotion"},{"floor":32,"key":"sneckomod:MuddlingPotion"}],"is_trial":false,"path_per_floor":["R","M","M","?","?","R","T","E","?","M","R","$","R","M","M","B",null,"R","M","M","M","?","R","T","R","E","M","$","M","M","?","M","B"],"character_chosen":"THE_AUTOMATON","items_purchased":[],"campfire_rested":0,"item_purchase_floors":[],"current_hp_per_floor":[70,70,70,70,70,70,70,84,84,84,84,84,84,84,84,49,84,84,84,84,75,78,78,78,88,88,52,55,42,32,35,14,0,0,0],"gold":270,"neow_bonus":"THREE_ENEMY_KILL","is_daily":false,"chose_seed":false,"campfire_upgraded":6,"win_rate":0.0,"timestamp":1613362535,"path_taken":["R","M","M","?","?","R","T","E","?","?","R","$","R","?","M","BOSS","R","M","M","M","?","R","T","R","E","M","$","M","M","?","M","BOSS"],"items_purchased_type":[],"build_version":"2020-12-22","purchased_purges":0,"victory":false,"max_hp_per_floor":[70,70,70,70,70,70,70,84,84,84,84,84,84,84,84,84,84,84,84,84,84,87,87,87,97,97,97,97,97,97,100,103,103,103,103],"card_choices":[{"not_picked":["bronze:WildBeam","bronze:ChosenStrike"],"picked":"bronze:ClassDefault","floor":2},{"not_picked":["bronze:Overheat","bronze:OilSpill","bronze:DelayedSlice"],"picked":"SKIP","floor":3},{"not_picked":["bronze:Shell","bronze:CloningBeam"],"picked":"bronze:Constructor","floor":8},{"not_picked":["bronze:Turbo","bronze:BronzeOrb"],"picked":"bronze:Iterate","floor":10},{"not_picked":["bronze:Optimize","bronze:DelayedSlice"],"picked":"bronze:Format","floor":12},{"not_picked":["bronze:OilSpill","bronze:Repair","bronze:Invalidate"],"picked":"SKIP","floor":14},{"not_picked":["bronze:Overheat","bronze:Constructor","bronze:Branch"],"picked":"SKIP","floor":15},{"not_picked":["bronze:InfiniteLoop","bronze:Break"],"picked":"bronze:HyperBeam","floor":16},{"not_picked":["bronze:CutThrough","bronze:FollowUp+1","bronze:DarkDash"],"picked":"SKIP","floor":19},{"not_picked":["bronze:Overheat","bronze:BugBarrage"],"picked":"bronze:Separator","floor":20},{"not_picked":["bronze:Deprecate","bronze:CutThrough"],"picked":"bronze:Terminator+1","floor":21},{"not_picked":["bronze:Branch","bronze:DelayedSlice","bronze:Frontload+1"],"picked":"SKIP","floor":26},{"not_picked":["bronze:Separator","bronze:Turbo","bronze:ClassDefault"],"picked":"SKIP","floor":27},{"not_picked":["bronze:Shell","bronze:Break","bronze:Invalidate"],"picked":"SKIP","floor":28},{"not_picked":["bronze:Separator+1","bronze:BitShift","bronze:Overheat"],"picked":"SKIP","floor":29},{"not_picked":["bronze:WhirlingStrike","bronze:Overload","bronze:NullPointer"],"picked":"SKIP","floor":30},{"not_picked":["bronze:Terminator","bronze:BitShift+1"],"picked":"bronze:InfiniteBeams","floor":32}],"player_experience":499418,"relics_obtained":[{"floor":7,"key":"Snack Pack"},{"floor":8,"key":"Mango"},{"floor":26,"key":"Iron Hammer"},{"floor":31,"key":"ReplayTheSpireMod:Ring of Collecting"},{"floor":31,"key":"ReplayTheSpireMod:Ring of Challenge"}],"event_choices":[{"cards_removed":["bronze:Defend"],"damage_healed":0,"gold_gain":0,"player_choice":"Offered Basic","damage_taken":0,"max_hp_gain":0,"max_hp_loss":0,"event_name":"Bonfire Elementals","floor":9,"gold_loss":0}],"is_beta":false,"boss_relics":[{"not_picked":["Velvet Choker","SlaversCollar"],"picked":"conspire:SpecialSausage"}],"items_purged_floors":[],"is_endless":false,"potions_floor_spawned":[8,14,15,16,21,26,32],"killed_by":"IC_MUSHROOM_ARCHETYPE","ascension_level":2}}