{"host":"5wwct7e0z3l0f094","time":1613422755,"event":{"mods":["AchievementEnabler","BaseMod","Downfall","Highlight Path","Minty Spire (QoL Compilation)","StSLib","SuperFastMode"],"gold_per_floor":[99,114,114,99,113,132,132,159,173,189,224,224,62,72,91,91,91,91],"floor_reached":16,"language":"ENG","playtime":974,"items_purged":[],"score":146,"play_id":"78b0bba5-6a32-4f29-bed7-93375b89bf2d","local_time":"20210215155915","is_ascension_mode":true,"campfire_choices":[{"data":"bronze:RecursiveStrike","floor":1.0,"key":"SMITH"}],"circlet_count":0,"master_deck":["bronze:Strike","bronze:Strike","bronze:Strike","bronze:Strike","bronze:Defend","bronze:Defend","bronze:Defend","bronze:Defend","bronze:Replicate","bronze:Goto","bronze:RecursiveStrike+1","bronze:DigitalCarnage","bronze:Iterate","bronze:CloningBeam","bronze:BuggyMess","bronze:Optimize"],"relics":["bronze:BronzeCore","CaptainsWheel","Smiling Mask","Anchor","Bronze Scales"],"acts_visited":["Exordium"],"potions_floor_usage":[9,11,11,13,16,16,16],"damage_taken":[{"damage":0.0,"enemies":"Cultist","floor":2.0,"turns":2.0},{"damage":0.0,"enemies":"downfall:FleeingMerchant","floor":4.0,"turns":4.0},{"damage":11.0,"enemies":"Jaw Worm","floor":5.0,"turns":2.0},{"damage":0.0,"enemies":"2 Louse","floor":6.0,"turns":2.0},{"damage":9.0,"enemies":"3 Sentries","floor":8.0,"turns":4.0},{"damage":10,"enemies":"Exordium Thugs","floor":9,"turns":2},{"damage":11,"enemies":"Lots of Slimes","floor":10,"turns":4},{"damage":0,"enemies":"Gremlin Nob","floor":11,"turns":2},{"damage":2,"enemies":"downfall:FleeingMerchant","floor":13,"turns":4},{"damage":5,"enemies":"2 Fungi Beasts","floor":14,"turns":2},{"damage":0,"enemies":"downfall:LooterAlt","floor":15,"turns":2},{"damage":20,"enemies":"DF_ARCHETYPE_STREAMLINE","floor":16,"turns":6}],"seed_played":"3742992054678314917","potions_obtained":[{"floor":3.0,"key":"Fire Potion"},{"floor":3.0,"key":"SpeedPotion"},{"floor":3.0,"key":"BlessingOfTheForge"},{"floor":5.0,"key":"BlessingOfTheForge"},{"floor":8.0,"key":"bronze:BurnAndBuffPotion"},{"floor":9,"key":"Block Potion"},{"floor":11,"key":"Weak Potion"},{"floor":14,"key":"Block Potion"},{"floor":15,"key":"EssenceOfSteel"}],"is_trial":false,"path_per_floor":["R","M","?","$","M","M","T","E","M","M","E","?","$","M","M","B"],"character_chosen":"THE_AUTOMATON","items_purchased":["Bronze Scales"],"campfire_rested":0,"item_purchase_floors":[13],"current_hp_per_floor":[49,49,49,49,38,38,38,29,19,8,8,8,6,1,1,0,0,0],"gold":91,"neow_bonus":"THREE_RARE_CARDS","is_daily":false,"chose_seed":false,"campfire_upgraded":1,"win_rate":0.0,"timestamp":1613422755,"path_taken":["R","M","?","$","M","?","T","E","M","M","E","?","?","?","M","BOSS"],"items_purchased_type":["Relic"],"build_version":"2020-12-22","purchased_purges":0,"victory":false,"max_hp_per_floor":[70,70,70,70,70,70,70,70,70,70,70,70,70,70,70,70,70,70],"card_choices":[{"not_picked":["bronze:Assembly","bronze:ShipIt"],"picked":"bronze:RecursiveStrike","floor":0.0},{"not_picked":["bronze:Constructor","bronze:CutThrough"],"picked":"bronze:DigitalCarnage","floor":2.0},{"not_picked":["bronze:CutThrough","bronze:Allocate"],"picked":"bronze:Iterate","floor":4.0},{"not_picked":["bronze:NullPointer","bronze:FineTuning"],"picked":"bronze:CloningBeam","floor":5.0},{"not_picked":["bronze:ForceShield","bronze:NullPointer","bronze:ChosenStrike"],"picked":"SKIP","floor":6.0},{"not_picked":["bronze:Invalidate","bronze:Frontload"],"picked":"bronze:BuggyMess","floor":8.0},{"not_picked":["bronze:Frontload","bronze:ShipIt","bronze:Overheat"],"picked":"SKIP","floor":9},{"not_picked":["bronze:Branch","bronze:CutThrough","bronze:FollowUp"],"picked":"SKIP","floor":10},{"not_picked":["bronze:Overload","bronze:DelayedSlice","bronze:ShipIt"],"picked":"SKIP","floor":11},{"not_picked":["bronze:OilSpill","bronze:DelayedSlice","bronze:BugBarrage"],"picked":"SKIP","floor":13},{"not_picked":["bronze:Overheat","bronze:Return"],"picked":"bronze:Optimize","floor":14},{"not_picked":["bronze:Repulsor","bronze:Shield","bronze:Shell"],"picked":"SKIP","floor":15}],"player_experience":326362,"relics_obtained":[{"floor":7.0,"key":"CaptainsWheel"},{"floor":8.0,"key":"Smiling Mask"},{"floor":11,"key":"Anchor"}],"event_choices":[{"damage_healed":0.0,"max_hp_gain":0.0,"max_hp_loss":0.0,"gold_gain":0.0,"event_name":"Lab","player_choice":"Got Potions","floor":3.0,"gold_loss":0.0,"damage_taken":0.0}],"is_beta":false,"boss_relics":[],"items_purged_floors":[],"is_endless":false,"potions_floor_spawned":[5,8,9,11,14,15],"killed_by":"DF_ARCHETYPE_STREAMLINE","ascension_level":1}}