{"host":"a3gu5zu37ht99mpa","time":1613422600,"event":{"mods":["100% Spire Juice","Act Like it!","Arknights","BaseMod","Better Silent Start","BetterRewards","Conspire","Downfall","Energized Spire","GifTheSpireLib","Gold Saver","Halation","Minty Spire (QoL Compilation)","Prisma Mod","Robot Space Explorer","StSLib","Stuff the Spire","The Animator","The Servant 0.9.4","Virulent Crown","Wandering Minibosses","yUi"],"gold_per_floor":[392,392,392,356,356,356,406,406,406,443,443,468,505,520,520,625,625,649,689,712,712,712,712,717,717],"floor_reached":24,"language":"ENG","playtime":899,"items_purged":[],"score":260,"play_id":"396ac0e4-1a1a-4021-9e3d-b6b929605218","local_time":"20210215155640","is_ascension_mode":true,"campfire_choices":[{"floor":6,"key":"RECALL"},{"data":"animator:Layla","floor":8,"key":"SMITH"},{"data":"animator:Mikaela","floor":11,"key":"SMITH"},{"data":"Regret","floor":15,"key":"SMITH"},{"data":"downfall:Bewildered","floor":23,"key":"SMITH"}],"circlet_count":0,"master_deck":["animator:Strike_Kancolle","animator:Defend_Kancolle+1","animator:Strike+1","animator:Strike+1","animator:Strike","animator:Defend+1","animator:Defend","animator:Defend","animator:Shimakaze+1","animator:Mikaela+1","animator:Lu","animator:Layla+1","animator:ChaikaBohdan","animator:ZankiKiguchi","animator:Konayuki+1","animator:PinaCoLada","animator:YunYun","animator:Bozes"],"relics":["animator:LivingPicture","StuffTheSpire:OccultApparatus","animator:PurgingStone","NeowsBlessing","StuffTheSpire:SapphireSignet","Toxic Egg 2","halation:KoshaPiece","halation:PrussianBluePaint","StuffTheSpire:Kangaroo","Calipers","Bronze Scales","sneckomod:BabySnecko"],"acts_visited":["Exordium","TheCity"],"potions_floor_usage":[16],"damage_taken":[{"damage":0,"enemies":"Jaw Worm","floor":1,"turns":1},{"damage":0,"enemies":"Lagavulin","floor":7,"turns":1},{"damage":0,"enemies":"3 Sentries","floor":10,"turns":2},{"damage":7,"enemies":"2 Louse","floor":13,"turns":3},{"damage":0,"enemies":"Small Slimes","floor":14,"turns":2},{"damage":38,"enemies":"The Guardian","floor":16,"turns":9},{"damage":23,"enemies":"Shell Parasite","floor":18,"turns":7},{"damage":43,"enemies":"conspire:MimicChest","floor":19,"turns":7},{"damage":2,"enemies":"Chosen","floor":24,"turns":1}],"seed_played":"8829177562829694822","potions_obtained":[{"floor":1,"key":"ColorlessPotion"},{"floor":10,"key":"DuplicationPotion"},{"floor":14,"key":"Dexterity Potion"},{"floor":16,"key":"Fire Potion"}],"is_trial":false,"path_per_floor":["M","?","?","$","?","R","E","R","T","E","R","T","M","M","R","B",null,"M","?","T","?","?","R","M"],"character_chosen":"THE_ANIMATOR","items_purchased":["animator:Lu"],"campfire_rested":0,"item_purchase_floors":[4],"current_hp_per_floor":[66,53,53,53,53,53,53,53,53,54,54,54,47,48,48,10,68,45,2,2,2,2,2,0,0],"gold":717,"neow_bonus":"THREE_ENEMY_KILL","is_daily":false,"chose_seed":false,"campfire_upgraded":4,"win_rate":0.0,"timestamp":1613422600,"path_taken":["M","?","?","$","?","R","E","R","T","E","R","?","M","M","R","BOSS","M","?","?","?","?","R","M"],"items_purchased_type":["Card"],"build_version":"2020-12-22","purchased_purges":0,"victory":false,"max_hp_per_floor":[66,66,66,66,66,66,66,66,66,67,67,67,67,68,68,68,68,68,68,68,68,68,68,68,68],"card_choices":[{"not_picked":["animator:NagisaMomoe","animator:SuzuneAmano"],"picked":"animator:Mikaela","floor":1},{"not_picked":["animator:Ara","animator:Bozes"],"picked":"animator:Layla","floor":7},{"not_picked":["animator:Chris","animator:Mitsurugi"],"picked":"animator:ChaikaBohdan","floor":10},{"not_picked":["animator:Shichika+1","animator:UneriGinkaku"],"picked":"animator:ZankiKiguchi","floor":13},{"not_picked":["animator:RoryMercury","animator:Megumin"],"picked":"animator:Konayuki+1","floor":14},{"not_picked":["animator:SwordMaiden+1","animator:ItamiYouji"],"picked":"animator:PinaCoLada","floor":16},{"not_picked":["animator:Entoma","animator:YachiyoNanami"],"picked":"animator:YunYun","floor":18},{"not_picked":["animator:YuiTsuruno","animator:Spearman"],"picked":"animator:Bozes","floor":19}],"player_experience":104576,"relics_obtained":[{"floor":7,"key":"Toxic Egg 2"},{"floor":10,"key":"halation:KoshaPiece"},{"floor":12,"key":"halation:PrussianBluePaint"},{"floor":19,"key":"Calipers"},{"floor":20,"key":"Bronze Scales"}],"event_choices":[{"damage_healed":0,"gold_gain":0,"player_choice":"Entered Light","damage_taken":13,"max_hp_gain":0,"max_hp_loss":0,"event_name":"Shining Light","floor":2,"gold_loss":0,"cards_upgraded":["animator:Defend","animator:Strike"]},{"damage_healed":0,"gold_gain":0,"player_choice":"Grow","damage_taken":0,"max_hp_gain":0,"max_hp_loss":0,"event_name":"Living Wall","floor":3,"gold_loss":0,"cards_upgraded":["animator:Shimakaze"]},{"damage_healed":0,"gold_gain":0,"player_choice":"Box","damage_taken":0,"relics_obtained":["StuffTheSpire:SapphireSignet"],"max_hp_gain":0,"max_hp_loss":0,"event_name":"Big Fish","floor":5,"gold_loss":0,"cards_obtained":["Regret"]}],"is_beta":false,"boss_relics":[{"not_picked":["energizedSpire:RedRose","halation:LoveArrow"],"picked":"StuffTheSpire:Kangaroo"}],"items_purged_floors":[],"is_endless":false,"potions_floor_spawned":[1,10,14,16,18],"killed_by":"Chosen","ascension_level":1}}