{"host":"zlmf7uudqr1sj8t0","time":1613369977,"event":{"mods":["BaseMod","Colored Map","DeckTracker","Highlight Path","Minty Spire (QoL Compilation)"],"gold_per_floor":[116,116,128,145,162,173,199,217,217,217,217,228,228,247,247,351,351,364,382,297,307,19,19,19,53,53,53,83,83,100,129,129,227,227,238,238,254,304,304,339,339,370,370,395,411,411,411,411],"floor_reached":47,"language":"ENG","playtime":3632,"items_purged":[],"score":765,"play_id":"fbc1bc2f-61a3-4ebc-98c9-9cc85b21b58b","local_time":"20210214221937","is_ascension_mode":true,"campfire_choices":[{"data":"Defragment","floor":11,"key":"SMITH"},{"data":"Beam Cell","floor":13,"key":"SMITH"},{"floor":15,"key":"REST"},{"data":"Barrage","floor":23,"key":"SMITH"},{"data":"Trip","floor":29,"key":"SMITH"},{"data":"Machine Learning","floor":32,"key":"SMITH"},{"data":"Capacitor","floor":46,"key":"SMITH"}],"circlet_count":0,"master_deck":["Strike_B","Strike_B","Strike_B","Defend_B","Defend_B","Defend_B","Defend_B","Zap","Dualcast","Chaos","Zap","Beam Cell+1","Cold Snap","Defragment+1","Cold Snap","Darkness","Cold Snap","Seek","Cold Snap","Machine Learning+1","Beam Cell","Barrage+1","Trip+1","Barrage+1","Double Energy","Glacier","Buffer","Steam+1","Capacitor+1","Blizzard","Barrage"],"relics":["Cracked Core","PreservedInsect","Torii","Nuclear Battery","Mango","DollysMirror","Mercury Hourglass","Bottled Lightning","FossilizedHelix","Tiny Chest","Runic Pyramid","Turnip","Sundial","Juzu Bracelet","Bottled Tornado","Gremlin Horn","Bag of Preparation"],"acts_visited":["Exordium","TheCity","TheBeyond"],"potions_floor_usage":[31,33,42,47],"damage_taken":[{"damage":0,"enemies":"Small Slimes","floor":1,"turns":2},{"damage":1,"enemies":"Cultist","floor":3,"turns":3},{"damage":2,"enemies":"Jaw Worm","floor":4,"turns":4},{"damage":32,"enemies":"Gremlin Gang","floor":5,"turns":6},{"damage":0,"enemies":"3 Louse","floor":6,"turns":3},{"damage":8,"enemies":"Gremlin Nob","floor":7,"turns":4},{"damage":7,"enemies":"Blue Slaver","floor":8,"turns":3},{"damage":2,"enemies":"Red Slaver","floor":12,"turns":4},{"damage":7,"enemies":"2 Fungi Beasts","floor":14,"turns":3},{"damage":0,"enemies":"Slime Boss","floor":16,"turns":5},{"damage":7,"enemies":"Chosen","floor":18,"turns":4},{"damage":1,"enemies":"Spheric Guardian","floor":19,"turns":4},{"damage":17,"enemies":"Snake Plant","floor":21,"turns":5},{"damage":10,"enemies":"Gremlin Leader","floor":25,"turns":5},{"damage":14,"enemies":"Book of Stabbing","floor":28,"turns":4},{"damage":0,"enemies":"Cultist and Chosen","floor":30,"turns":5},{"damage":0,"enemies":"Gremlin Leader","floor":31,"turns":4},{"damage":78,"enemies":"Automaton","floor":33,"turns":12},{"damage":22,"enemies":"3 Shapes","floor":35,"turns":4},{"damage":0,"enemies":"Orb Walker","floor":37,"turns":3},{"damage":9,"enemies":"Mind Bloom Boss Battle","floor":38,"turns":8},{"damage":17,"enemies":"Giant Head","floor":40,"turns":8},{"damage":13,"enemies":"Nemesis","floor":42,"turns":5},{"damage":32,"enemies":"Reptomancer","floor":44,"turns":3},{"damage":0,"enemies":"Spire Growth","floor":45,"turns":4},{"damage":22,"enemies":"3 Darklings","floor":47,"turns":2}],"seed_played":"5568891727730173404","potions_obtained":[{"floor":1,"key":"FairyPotion"},{"floor":5,"key":"DistilledChaos"},{"floor":6,"key":"SteroidPotion"},{"floor":12,"key":"DistilledChaos"},{"floor":19,"key":"Regen Potion"},{"floor":33,"key":"Regen Potion"},{"floor":40,"key":"Energy Potion"},{"floor":42,"key":"Swift Potion"},{"floor":45,"key":"EntropicBrew"}],"is_trial":false,"path_per_floor":["M","?","M","M","M","M","E","M","T","?","R","M","R","M","R","B",null,"M","M","?","M","$","R","?","E","T","$","E","R","M","E","R","B",null,"M","?","M","?","?","E","T","E","T","E","M","R","M"],"character_chosen":"DEFECT","items_purchased":["Barrage","Trip","DollysMirror"],"campfire_rested":1,"item_purchase_floors":[22,22,22],"current_hp_per_floor":[82,82,81,79,47,47,39,32,32,32,32,30,30,23,47,47,82,75,74,88,71,71,71,71,61,61,61,47,47,47,47,47,12,96,74,74,74,65,65,48,48,49,49,17,17,17,0,0],"gold":411,"neow_bonus":"TEN_PERCENT_HP_BONUS","is_daily":false,"chose_seed":false,"campfire_upgraded":6,"win_rate":0.0,"timestamp":1613369977,"path_taken":["M","?","M","M","M","?","E","M","T","?","R","M","R","M","R","BOSS","M","?","?","M","$","R","?","E","T","$","E","R","M","E","R","BOSS","M","?","M","?","?","E","?","E","T","E","M","R","M"],"items_purchased_type":["Card","Card","Relic"],"build_version":"2020-12-22","purchased_purges":0,"victory":false,"max_hp_per_floor":[82,82,82,82,82,82,82,82,82,82,82,82,82,82,82,82,82,82,82,96,96,96,96,96,96,96,96,96,96,96,96,96,96,96,96,96,96,96,96,96,96,96,96,96,96,96,96,96],"card_choices":[{"not_picked":["Go for the Eyes","Genetic Algorithm"],"picked":"Chaos","floor":1},{"not_picked":["Ball Lightning","Rebound"],"picked":"Beam Cell","floor":3},{"not_picked":["Go for the Eyes","Coolheaded"],"picked":"Cold Snap","floor":4},{"not_picked":["Force Field","Recycle"],"picked":"Defragment","floor":5},{"not_picked":["Stack","All For One"],"picked":"Cold Snap","floor":6},{"not_picked":["Turbo","Conserve Battery"],"picked":"Darkness","floor":7},{"not_picked":["Beam Cell","Sweeping Beam"],"picked":"Cold Snap","floor":8},{"not_picked":["Gash","Leap"],"picked":"Seek","floor":12},{"not_picked":["Darkness","Consume"],"picked":"Cold Snap","floor":14},{"not_picked":["Buffer","Rainbow"],"picked":"Machine Learning","floor":16},{"not_picked":["Compile Driver","Coolheaded+1"],"picked":"Beam Cell","floor":18},{"not_picked":["Conserve Battery","Doom and Gloom","Sweeping Beam"],"picked":"SKIP","floor":19},{"not_picked":["Leap+1","Coolheaded","Redo"],"picked":"SKIP","floor":21},{"not_picked":["Beam Cell","Chaos"],"picked":"Double Energy","floor":25},{"not_picked":["Melter","FTL"],"picked":"Glacier","floor":28},{"not_picked":["Turbo","Sweeping Beam","Gash+1"],"picked":"SKIP","floor":30},{"not_picked":["Coolheaded","Lockon","Ball Lightning"],"picked":"SKIP","floor":31},{"not_picked":["Rainbow","All For One"],"picked":"Buffer","floor":33},{"not_picked":["Gash","Undo+1"],"picked":"Steam+1","floor":35},{"not_picked":["Conserve Battery","Gash","Leap+1"],"picked":"SKIP","floor":37},{"not_picked":["Gash+1","Streamline"],"picked":"Capacitor","floor":38},{"not_picked":["Reprogram+1","Aggregate+1","FTL+1"],"picked":"SKIP","floor":40},{"not_picked":["Genetic Algorithm+1","Glacier","Sweeping Beam"],"picked":"SKIP","floor":42},{"not_picked":["Amplify","Ball Lightning+1"],"picked":"Blizzard","floor":44},{"not_picked":["Beam Cell+1","Turbo+1"],"picked":"Barrage","floor":45}],"player_experience":145984,"relics_obtained":[{"floor":7,"key":"PreservedInsect"},{"floor":9,"key":"Torii"},{"floor":25,"key":"Mercury Hourglass"},{"floor":26,"key":"Bottled Lightning"},{"floor":28,"key":"FossilizedHelix"},{"floor":31,"key":"Tiny Chest"},{"floor":38,"key":"Turnip"},{"floor":40,"key":"Sundial"},{"floor":41,"key":"Juzu Bracelet"},{"floor":42,"key":"Bottled Tornado"},{"floor":43,"key":"Gremlin Horn"},{"floor":44,"key":"Bag of Preparation"}],"event_choices":[{"damage_healed":0,"gold_gain":0,"player_choice":"1 cards matched","damage_taken":0,"max_hp_gain":0,"max_hp_loss":0,"event_name":"Match and Keep!","floor":2,"gold_loss":0,"cards_obtained":["Zap"]},{"cards_removed":["Strike_B"],"damage_healed":0,"gold_gain":0,"player_choice":"Offered Basic","damage_taken":0,"max_hp_gain":0,"max_hp_loss":0,"event_name":"Bonfire Elementals","floor":10,"gold_loss":0},{"damage_healed":0,"gold_gain":0,"player_choice":"Obtained Relic","damage_taken":0,"relics_obtained":["Mango"],"max_hp_gain":0,"max_hp_loss":0,"event_name":"Addict","floor":20,"gold_loss":85},{"damage_healed":0,"gold_gain":0,"player_choice":"Forge","damage_taken":0,"max_hp_gain":0,"max_hp_loss":0,"event_name":"Accursed Blacksmith","floor":24,"gold_loss":0,"cards_upgraded":["Barrage"]},{"damage_healed":0,"gold_gain":0,"player_choice":"Ignored","damage_taken":0,"max_hp_gain":0,"max_hp_loss":0,"event_name":"Tomb of Lord Red Mask","floor":36,"gold_loss":0},{"damage_healed":0,"gold_gain":0,"player_choice":"Fight","damage_taken":0,"max_hp_gain":0,"max_hp_loss":0,"event_name":"MindBloom","floor":38,"gold_loss":0},{"damage_healed":0,"gold_gain":0,"player_choice":"Ignored","damage_taken":0,"max_hp_gain":0,"max_hp_loss":0,"event_name":"SecretPortal","floor":39,"gold_loss":0}],"is_beta":false,"boss_relics":[{"not_picked":["FrozenCore","Velvet Choker"],"picked":"Nuclear Battery"},{"not_picked":["Snecko Eye","Fusion Hammer"],"picked":"Runic Pyramid"}],"items_purged_floors":[],"is_endless":false,"potions_floor_spawned":[1,5,6,12,16,19,28,33,40,42,45],"killed_by":"3 Darklings","ascension_level":2}}