{"host":"o2sjj5kwbqbjclj8","time":1613368243,"event":{"mods":["BaseMod","Minty Spire (QoL Compilation)","StSLib","slay the spire mod where everything is the same but ironclad has a cowboy hat"],"gold_per_floor":[114,127,147,322,322,322,349,349,349,363,396,416,416,416,416,521,521,541,551,551,16,35,35,369,46,70,89,89,107,107,121,121,226,226,241,256,256,272,272,272],"floor_reached":39,"language":"ENG","playtime":4418,"items_purged":[],"score":459,"play_id":"0fa5007b-6e36-41d7-b6b5-0e1d906699a9","local_time":"20210214235043","is_ascension_mode":true,"campfire_choices":[{"data":"Brutality","floor":6.0,"key":"SMITH"},{"data":"Berserk","floor":8.0,"key":"SMITH"},{"floor":15.0,"key":"REST"},{"floor":23.0,"key":"REST"},{"data":"Iron Wave","floor":28.0,"key":"SMITH"},{"floor":32.0,"key":"REST"}],"circlet_count":0,"master_deck":["Strike_R","Strike_R","Strike_R","Strike_R","Defend_R","Defend_R","Defend_R","Defend_R","Bash","Brutality+1","Twin Strike","Berserk+1","Spot Weakness","Seeing Red+1","Bludgeon","Disarm+1","Shrug It Off+1","Shrug It Off","The Bomb","Iron Wave+1","Disarm","Barricade","Headbutt","Impervious","Fire Breathing","Warcry+1","Writhe","Armaments"],"relics":["Black Blood","StoneCalendar","Torii","Blood Vial","Centennial Puzzle","Empty Cage","ClockworkSouvenir","Matryoshka","Old Coin","Red Skull","Oddly Smooth Stone","Happy Flower"],"acts_visited":["Exordium","TheCity","TheBeyond"],"potions_floor_usage":[39],"damage_taken":[{"damage":6.0,"enemies":"2 Louse","floor":1.0,"turns":4.0},{"damage":2.0,"enemies":"Small Slimes","floor":2.0,"turns":3.0},{"damage":0.0,"enemies":"Cultist","floor":3.0,"turns":2.0},{"damage":38.0,"enemies":"Gremlin Nob","floor":7.0,"turns":5.0},{"damage":36.0,"enemies":"Exordium Thugs","floor":10.0,"turns":7.0},{"damage":7.0,"enemies":"Lagavulin","floor":11.0,"turns":7.0},{"damage":8.0,"enemies":"Blue Slaver","floor":12.0,"turns":3.0},{"damage":28.0,"enemies":"Hexaghost","floor":16.0,"turns":8.0},{"damage":26.0,"enemies":"Spheric Guardian","floor":18.0,"turns":5.0},{"damage":24.0,"enemies":"3 Byrds","floor":19.0,"turns":7.0},{"damage":15.0,"enemies":"3 Cultists","floor":22.0,"turns":6.0},{"damage":39.0,"enemies":"Slavers","floor":24.0,"turns":7.0},{"damage":12.0,"enemies":"Snecko","floor":27.0,"turns":4.0},{"damage":3.0,"enemies":"Snake Plant","floor":29.0,"turns":4.0},{"damage":1.0,"enemies":"Cultist and Chosen","floor":31.0,"turns":6.0},{"damage":71.0,"enemies":"Collector","floor":33.0,"turns":12.0},{"damage":30.0,"enemies":"3 Shapes","floor":35.0,"turns":5.0},{"damage":11.0,"enemies":"Orb Walker","floor":36.0,"turns":7.0},{"damage":27.0,"enemies":"Sphere and 2 Shapes","floor":38.0,"turns":7.0},{"damage":72,"enemies":"2 Orb Walkers","floor":39,"turns":5}],"seed_played":"-5468398322429745863","potions_obtained":[{"floor":2.0,"key":"SkillPotion"},{"floor":10.0,"key":"EntropicBrew"},{"floor":11.0,"key":"BlessingOfTheForge"},{"floor":19.0,"key":"Weak Potion"},{"floor":24.0,"key":"FairyPotion"},{"floor":33.0,"key":"Strength Potion"},{"floor":36.0,"key":"Strength Potion"}],"is_trial":false,"path_per_floor":["M","M","M","?","?","R","E","R","T","M","E","M","T","?","R","B",null,"M","M","?","$","M","R","E","$","T","M","R","M","?","M","R","B",null,"M","M","?","M","?"],"character_chosen":"IRONCLAD","items_purchased":["ClockworkSouvenir","Fruit Juice","Matryoshka","Shrug It Off","Red Skull","The Bomb"],"campfire_rested":3,"item_purchase_floors":[21,21,21,21,25,25],"current_hp_per_floor":[80,80,80,80,80,80,48,48,48,18,33,33,33,33,57,37,80,60,44,44,49,42,67,36,36,36,32,32,37,37,44,69,31,85,67,70,85,70,0,0],"gold":272,"neow_bonus":"ONE_RANDOM_RARE_CARD","is_daily":false,"chose_seed":false,"campfire_upgraded":3,"win_rate":0.0,"timestamp":1613368243,"path_taken":["M","M","M","?","?","R","E","R","T","M","E","?","?","?","R","BOSS","M","M","?","$","M","R","E","?","T","M","R","M","?","?","R","BOSS","M","M","?","M","?"],"items_purchased_type":["Relic","Potion","Relic","Card","Relic","Card"],"build_version":"2020-12-22","purchased_purges":0,"victory":false,"max_hp_per_floor":[80,80,80,80,80,80,80,80,80,80,80,80,80,80,80,80,80,80,80,80,85,85,85,85,85,85,85,85,85,85,85,85,85,85,85,85,85,85,85,85],"card_choices":[{"not_picked":["Bloodletting","Clash"],"picked":"Twin Strike","floor":1.0},{"not_picked":["Sever Soul","Iron Wave"],"picked":"Searing Blow","floor":2.0},{"not_picked":["Body Slam","Sword Boomerang","Dark Embrace"],"picked":"SKIP","floor":3.0},{"not_picked":["Thunderclap","Twin Strike"],"picked":"Berserk","floor":7.0},{"not_picked":["Sword Boomerang","Heavy Blade","Searing Blow"],"picked":"SKIP","floor":10.0},{"not_picked":["Disarm","Body Slam"],"picked":"Spot Weakness","floor":11.0},{"not_picked":["Body Slam","Flame Barrier"],"picked":"Seeing Red","floor":12.0},{"not_picked":["Immolate","Corruption"],"picked":"Bludgeon","floor":16.0},{"not_picked":["Headbutt","Cleave"],"picked":"Disarm+1","floor":18.0},{"not_picked":["Wild Strike+1","Clash"],"picked":"Shrug It Off+1","floor":19.0},{"not_picked":["Dropkick","Heavy Blade+1","True Grit"],"picked":"SKIP","floor":22.0},{"not_picked":["True Grit","Feed","Wild Strike+1"],"picked":"SKIP","floor":24.0},{"not_picked":["Twin Strike","Warcry"],"picked":"Iron Wave","floor":27.0},{"not_picked":["Headbutt","Body Slam+1"],"picked":"Disarm","floor":29.0},{"not_picked":["Sword Boomerang","Cleave"],"picked":"Headbutt","floor":31.0},{"not_picked":["Bludgeon","Offering"],"picked":"Impervious","floor":33.0},{"not_picked":["Pummel","Rupture"],"picked":"Fire Breathing","floor":35.0},{"not_picked":["Blood for Blood+1","Body Slam+1"],"picked":"Warcry+1","floor":36.0},{"not_picked":["Headbutt+1","Perfected Strike"],"picked":"Armaments","floor":38.0}],"player_experience":123142,"relics_obtained":[{"floor":7.0,"key":"StoneCalendar"},{"floor":9.0,"key":"Torii"},{"floor":11.0,"key":"Blood Vial"},{"floor":13.0,"key":"Centennial Puzzle"},{"floor":24.0,"key":"Old Coin"},{"floor":26.0,"key":"Oddly Smooth Stone"},{"floor":26.0,"key":"Happy Flower"}],"event_choices":[{"damage_healed":0.0,"max_hp_gain":0.0,"max_hp_loss":0.0,"gold_gain":175.0,"event_name":"Liars Game","player_choice":"AGREE","floor":4.0,"gold_loss":0.0,"damage_taken":0.0,"cards_obtained":["Doubt"]},{"damage_healed":0.0,"max_hp_gain":0.0,"max_hp_loss":0.0,"gold_gain":0.0,"cards_transformed":["Strike_R"],"event_name":"Transmorgrifier","player_choice":"Transformed","floor":5.0,"gold_loss":0.0,"damage_taken":0.0,"cards_obtained":["Double Tap"]},{"damage_healed":0.0,"max_hp_gain":0.0,"max_hp_loss":0.0,"gold_gain":0.0,"event_name":"Dead Adventurer","player_choice":"Searched \u00271\u0027 times","floor":14.0,"gold_loss":0.0,"damage_taken":0.0},{"damage_healed":0.0,"max_hp_gain":0.0,"max_hp_loss":0.0,"gold_gain":0.0,"event_name":"Upgrade Shrine","player_choice":"Upgraded","floor":20.0,"gold_loss":0.0,"damage_taken":0.0,"cards_upgraded":["Seeing Red"]},{"damage_healed":0.0,"max_hp_gain":0.0,"max_hp_loss":0.0,"gold_gain":0.0,"cards_transformed":["Searing Blow"],"event_name":"Transmorgrifier","player_choice":"Transformed","floor":30.0,"gold_loss":0.0,"damage_taken":0.0,"cards_obtained":["Barricade"]},{"damage_healed":21.0,"max_hp_gain":0.0,"max_hp_loss":0.0,"gold_gain":0.0,"event_name":"Winding Halls","player_choice":"Writhe","floor":37.0,"gold_loss":0.0,"damage_taken":0.0,"cards_obtained":["Writhe"]},{"damage_healed":0,"gold_gain":0,"player_choice":"Fight","damage_taken":0,"max_hp_gain":0,"max_hp_loss":0,"event_name":"Mysterious Sphere","floor":39,"gold_loss":0}],"is_beta":false,"boss_relics":[{"not_picked":["Cursed Key","Busted Crown"],"picked":"Empty Cage"},{"not_picked":["Astrolabe","Runic Pyramid"],"picked":"Black Blood"}],"items_purged_floors":[],"is_endless":false,"potions_floor_spawned":[2,10,11,19,24,31,33,36],"killed_by":"2 Orb Walkers","ascension_level":1}}