{"host":"97k3n5kp0psabqmo","time":1613428286,"event":{"mods":["BaseMod","Colored Powertips","Minty Spire (QoL Compilation)","StSLib"],"gold_per_floor":[214,234,41,216,67,95,95,107,107,107,134,149,249,266,266,366,366,386,375,389,389,389,389,389,389,389],"floor_reached":25,"language":"ENG","playtime":996,"items_purged":["Doubt"],"score":277,"play_id":"bd924176-68db-418d-a94e-099620a0307a","local_time":"20210215173126","is_ascension_mode":true,"campfire_choices":[{"data":"Footwork","floor":7,"key":"SMITH"},{"floor":15,"key":"REST"},{"floor":24,"key":"REST"}],"circlet_count":0,"master_deck":["Strike_G","Strike_G","Strike_G","Strike_G","Strike_G","Defend_G","Defend_G","Defend_G","Defend_G","Defend_G","Survivor+1","Neutralize","Backstab","Poisoned Stab","Accuracy","Terror","Footwork+1","Poisoned Stab","After Image","Acrobatics","Bullet Time","Underhanded Strike","Noxious Fumes","Bouncing Flask+1"],"relics":["Ring of the Snake","Lantern","HornCleat","Bag of Preparation","Unceasing Top","HoveringKite","MutagenicStrength"],"acts_visited":["Exordium","TheCity"],"potions_floor_usage":[6,16,18,19,20,23,23],"damage_taken":[{"damage":1,"enemies":"2 Louse","floor":1,"turns":3},{"damage":0,"enemies":"Small Slimes","floor":2,"turns":3},{"damage":27,"enemies":"Lagavulin","floor":6,"turns":6},{"damage":10,"enemies":"Cultist","floor":8,"turns":4},{"damage":15,"enemies":"Gremlin Nob","floor":11,"turns":4},{"damage":0,"enemies":"Blue Slaver","floor":12,"turns":3},{"damage":0,"enemies":"Large Slime","floor":14,"turns":4},{"damage":5,"enemies":"Hexaghost","floor":16,"turns":12},{"damage":16,"enemies":"3 Byrds","floor":18,"turns":6},{"damage":10,"enemies":"2 Thieves","floor":19,"turns":4},{"damage":16,"enemies":"Sentry and Sphere","floor":20,"turns":7},{"damage":26,"enemies":"Slavers","floor":23,"turns":4},{"damage":33,"enemies":"Gremlin Leader","floor":25,"turns":6}],"seed_played":"2283343217299128567","potions_obtained":[{"floor":2,"key":"EssenceOfSteel"},{"floor":8,"key":"SmokeBomb"},{"floor":11,"key":"Strength Potion"},{"floor":14,"key":"SneckoOil"},{"floor":16,"key":"Fire Potion"},{"floor":19,"key":"AttackPotion"},{"floor":20,"key":"AttackPotion"}],"is_trial":false,"path_per_floor":["M","M","$","?","$","E","R","M","T","?","E","M","?","M","R","B",null,"M","M","M","?","?","E","R","E"],"character_chosen":"THE_SILENT","items_purchased":["Accuracy","Lantern","Terror"],"campfire_rested":2,"item_purchase_floors":[3,3,5],"current_hp_per_floor":[69,69,69,69,69,42,42,32,32,32,17,17,17,17,38,33,70,54,44,28,28,28,2,23,0,0],"gold":389,"neow_bonus":"HUNDRED_GOLD","is_daily":false,"chose_seed":false,"campfire_upgraded":1,"win_rate":0.0,"timestamp":1613428286,"path_taken":["M","M","$","?","$","E","R","M","T","?","E","M","?","M","R","BOSS","M","?","M","?","?","E","R","E"],"items_purchased_type":["Card","Relic","Card"],"build_version":"2020-12-22","purchased_purges":1,"victory":false,"max_hp_per_floor":[70,70,70,70,70,70,70,70,70,70,70,70,70,70,70,70,70,70,70,70,70,70,70,70,70,70],"card_choices":[{"not_picked":["Blade Dance","Poisoned Stab"],"picked":"Backstab","floor":1},{"not_picked":["Predator","Bane"],"picked":"Poisoned Stab","floor":2},{"not_picked":["Dagger Spray","Flechettes"],"picked":"Footwork","floor":6},{"not_picked":["Calculated Gamble","Well Laid Plans"],"picked":"Poisoned Stab","floor":8},{"not_picked":["Dodge and Roll","Quick Slash"],"picked":"After Image","floor":11},{"not_picked":["Poisoned Stab","Endless Agony","Outmaneuver"],"picked":"SKIP","floor":12},{"not_picked":["Riddle With Holes","Dagger Spray"],"picked":"Acrobatics","floor":14},{"not_picked":["Doppelganger","Unload"],"picked":"Bullet Time","floor":16},{"not_picked":["Sucker Punch","Dash+1"],"picked":"Underhanded Strike","floor":18},{"not_picked":["Predator","Blade Dance"],"picked":"Noxious Fumes","floor":19},{"not_picked":["Slice","Acrobatics"],"picked":"Bouncing Flask+1","floor":20}],"player_experience":69618,"relics_obtained":[{"floor":6,"key":"HornCleat"},{"floor":9,"key":"Bag of Preparation"},{"floor":11,"key":"Unceasing Top"}],"event_choices":[{"damage_healed":0,"gold_gain":175,"player_choice":"AGREE","damage_taken":0,"max_hp_gain":0,"max_hp_loss":0,"event_name":"Liars Game","floor":4,"gold_loss":0,"cards_obtained":["Doubt"]},{"damage_healed":0,"gold_gain":0,"player_choice":"Grow","damage_taken":0,"max_hp_gain":0,"max_hp_loss":0,"event_name":"Living Wall","floor":10,"gold_loss":0,"cards_upgraded":["Survivor"]},{"damage_healed":0,"gold_gain":100,"player_choice":"Gold","damage_taken":0,"max_hp_gain":0,"max_hp_loss":0,"event_name":"Wheel of Change","floor":13,"gold_loss":0},{"damage_healed":0,"gold_gain":0,"player_choice":"Inject Mutagens","damage_taken":0,"relics_obtained":["MutagenicStrength"],"max_hp_gain":0,"max_hp_loss":0,"event_name":"Drug Dealer","floor":21,"gold_loss":0},{"damage_healed":0,"gold_gain":0,"player_choice":"Ignored","damage_taken":0,"max_hp_gain":0,"max_hp_loss":0,"event_name":"Ghosts","floor":22,"gold_loss":0}],"is_beta":false,"boss_relics":[{"not_picked":["WristBlade","Empty Cage"],"picked":"HoveringKite"}],"items_purged_floors":[5],"is_endless":false,"potions_floor_spawned":[2,8,11,14,16,19,20],"killed_by":"Gremlin Leader","ascension_level":4}}