{"host":"3j24k6gtmfx6ynrk","time":1613427556,"event":{"mods":["AchievementEnabler","BaseMod","Block Reminder","Colored Powertips","Hermit","Highlight Path","Marisa????????","Minty Spire (QoL Compilation)","Quick Restart","Rare Cards Sparkle","StSLib","The Cursed","The Hierophant","The Servant 0.9.4"],"gold_per_floor":[119,119,139,139,22,51,51,63,144,206,206,218,237,7,7,105,155,170,190,90,90,90,90,124,140,140,140,140,150,169,169,169,267,267,278,296,271,321,50,84,9,21,115,127,186,208,235,263,275,287,287],"floor_reached":50,"language":"DEU","playtime":3879,"items_purged":["Strike_R","Defend_R","Defend_R+1"],"score":540,"play_id":"8b46b29f-c796-4fc6-b818-206d1e00db7b","local_time":"20210215231916","is_ascension_mode":false,"campfire_choices":[{"data":"Searing Blow","floor":7,"key":"SMITH"},{"data":"1","floor":11,"key":"LIFT"},{"data":"2","floor":15,"key":"LIFT"},{"data":"3","floor":23,"key":"LIFT"},{"data":"Searing Blow+1","floor":27,"key":"SMITH"},{"data":"Searing Blow+2","floor":32,"key":"SMITH"},{"floor":42,"key":"RECALL"},{"data":"Searing Blow+3","floor":44,"key":"SMITH"},{"data":"Searing Blow+4","floor":49,"key":"SMITH"}],"circlet_count":0,"master_deck":["Strike_R+1","Strike_R+1","Defend_R+1","Defend_R+1","Bash","Battle Trance","Searing Blow+5","Shrug It Off","Metallicize","Ghostly Armor","Spot Weakness","Pommel Strike","Cleave","Demon Form","Reaper","Flame Barrier","Flame Barrier","Heavy Blade","Burning Pact+1","Twin Strike","Sword Boomerang","Impervious+1","Shrug It Off+1","Impervious+1","Pommel Strike+1"],"relics":["Burning Blood","Whetstone","HornCleat","Girya","Tiny House","Juzu Bracelet","Shuriken","Toxic Egg 2","Sozu","Ice Cream","MawBank","Darkstone Periapt","Molten Egg 2","FossilizedHelix"],"acts_visited":["Exordium","TheCity","TheBeyond"],"potions_floor_usage":[24,24,33,33],"damage_taken":[{"damage":5,"enemies":"Jaw Worm","floor":1,"turns":6},{"damage":1,"enemies":"Cultist","floor":3,"turns":3},{"damage":22,"enemies":"Gremlin Nob","floor":6,"turns":5},{"damage":0,"enemies":"Small Slimes","floor":8,"turns":3},{"damage":9,"enemies":"Gremlin Nob","floor":10,"turns":5},{"damage":0,"enemies":"Looter","floor":12,"turns":3},{"damage":2,"enemies":"Blue Slaver","floor":13,"turns":3},{"damage":14,"enemies":"Slime Boss","floor":16,"turns":10},{"damage":17,"enemies":"Shell Parasite","floor":18,"turns":8},{"damage":22,"enemies":"2 Thieves","floor":19,"turns":4},{"damage":35,"enemies":"Gremlin Leader","floor":24,"turns":9},{"damage":0,"enemies":"Snake Plant","floor":25,"turns":4},{"damage":7,"enemies":"Snecko","floor":29,"turns":4},{"damage":14,"enemies":"Chosen and Byrds","floor":30,"turns":4},{"damage":105,"enemies":"Champ","floor":33,"turns":12},{"damage":12,"enemies":"Orb Walker","floor":35,"turns":4},{"damage":31,"enemies":"3 Shapes","floor":36,"turns":4},{"damage":8,"enemies":"Mind Bloom Boss Battle","floor":38,"turns":9},{"damage":18,"enemies":"Nemesis","floor":40,"turns":9},{"damage":36,"enemies":"2 Orb Walkers","floor":45,"turns":6},{"damage":0,"enemies":"Transient","floor":46,"turns":5},{"damage":0,"enemies":"4 Shapes","floor":47,"turns":6},{"damage":19,"enemies":"3 Darklings","floor":48,"turns":5},{"damage":104,"enemies":"Awakened One","floor":50,"turns":13}],"seed_played":"9108583104501305300","potions_obtained":[{"floor":1,"key":"ColorlessPotion"},{"floor":3,"key":"ElixirPotion"},{"floor":12,"key":"ElixirPotion"},{"floor":16,"key":"Energy Potion"},{"floor":17,"key":"SteroidPotion"},{"floor":24,"key":"LiquidBronze"},{"floor":30,"key":"FairyPotion"}],"is_trial":false,"path_per_floor":["M","?","M","?","$","E","R","M","T","?","R","M","M","$","R","B",null,"M","M","$","?","?","R","E","M","T","R","?","M","M","T","R","B",null,"M","M","$","?","$","E","?","R","T","R","?","M","M","M","R","B"],"character_chosen":"IRONCLAD","items_purchased":["Shrug It Off","Metallicize","Demon Form","Shrug It Off+1","Impervious+1"],"campfire_rested":0,"item_purchase_floors":[5,5,14,37,39],"current_hp_per_floor":[80,73,78,83,83,67,67,73,73,70,70,76,80,80,80,72,90,79,63,63,63,63,63,48,54,54,54,36,48,58,58,58,27,95,89,70,70,78,78,91,91,91,91,91,61,82,88,75,75,0,0],"gold":287,"neow_bonus":"REMOVE_CARD","is_daily":false,"chose_seed":false,"campfire_upgraded":5,"win_rate":0.0,"timestamp":1613427556,"path_taken":["M","?","M","?","?","E","R","?","T","?","R","M","M","$","R","BOSS","M","M","$","?","?","R","E","M","T","R","?","M","M","?","R","BOSS","M","M","$","?","$","E","?","R","T","R","?","M","M","M","R","BOSS"],"items_purchased_type":["Card","Card","Card","Card","Card"],"build_version":"2020-12-22","purchased_purges":3,"victory":false,"max_hp_per_floor":[80,80,80,85,85,85,85,85,85,85,85,85,85,85,85,85,90,90,90,90,90,90,90,90,90,90,90,95,95,95,95,95,95,95,95,95,95,95,95,95,95,95,95,95,95,95,95,95,95,95,95],"card_choices":[{"not_picked":["Feel No Pain","Combust"],"picked":"Battle Trance","floor":1},{"not_picked":["Clash","Headbutt"],"picked":"Searing Blow","floor":3},{"not_picked":["Clash","Offering"],"picked":"Ghostly Armor","floor":6},{"not_picked":["Sword Boomerang","Iron Wave","Thunderclap"],"picked":"SKIP","floor":8},{"not_picked":["Dropkick","Shockwave"],"picked":"Spot Weakness","floor":10},{"not_picked":["True Grit","Headbutt"],"picked":"Pommel Strike","floor":12},{"not_picked":["Iron Wave","Shockwave"],"picked":"Cleave","floor":13},{"not_picked":["Offering","Demon Form"],"picked":"Reaper","floor":16},{"not_picked":["Perfected Strike","Metallicize"],"picked":"Flame Barrier","floor":17},{"not_picked":["Armaments+1","Power Through+1"],"picked":"Flame Barrier","floor":18},{"not_picked":["Intimidate","Sever Soul"],"picked":"Heavy Blade","floor":19},{"not_picked":["Headbutt+1","Heavy Blade"],"picked":"Burning Pact+1","floor":24},{"not_picked":["Clash","Armaments"],"picked":"Twin Strike","floor":25},{"not_picked":["Body Slam","Cleave"],"picked":"Sword Boomerang","floor":29},{"not_picked":["Headbutt","Anger+1","Iron Wave"],"picked":"SKIP","floor":30},{"not_picked":["Double Tap+1","Bludgeon"],"picked":"Impervious+1","floor":33},{"not_picked":["Carnage+1","Iron Wave","Searing Blow+1"],"picked":"SKIP","floor":35},{"not_picked":["Flex+1","Anger","Pommel Strike"],"picked":"SKIP","floor":36},{"not_picked":["Cleave+1","Clash"],"picked":"Pommel Strike+1","floor":40},{"not_picked":["Clash+1","Rupture","Thunderclap+1"],"picked":"SKIP","floor":46},{"not_picked":["Perfected Strike+1","Cleave+1","Carnage+1"],"picked":"SKIP","floor":47},{"not_picked":["Berserk","Anger+1","Warcry+1"],"picked":"SKIP","floor":48}],"player_experience":90380,"relics_obtained":[{"floor":6,"key":"Whetstone"},{"floor":9,"key":"HornCleat"},{"floor":10,"key":"Girya"},{"floor":24,"key":"Shuriken"},{"floor":31,"key":"Toxic Egg 2"},{"floor":38,"key":"Ice Cream"},{"floor":40,"key":"MawBank"},{"floor":43,"key":"Molten Egg 2"},{"floor":45,"key":"FossilizedHelix"}],"event_choices":[{"cards_removed":["Strike_R"],"damage_healed":0,"gold_gain":0,"player_choice":"Card Removal","damage_taken":7,"max_hp_gain":0,"max_hp_loss":0,"event_name":"Golden Wing","floor":2,"gold_loss":0},{"damage_healed":0,"gold_gain":0,"player_choice":"Donut","damage_taken":0,"max_hp_gain":5,"max_hp_loss":0,"event_name":"Big Fish","floor":4,"gold_loss":0},{"damage_healed":0,"gold_gain":0,"player_choice":"Searched \u00271\u0027 times","damage_taken":0,"max_hp_gain":0,"max_hp_loss":0,"event_name":"Dead Adventurer","floor":10,"gold_loss":0},{"damage_healed":0,"gold_gain":0,"player_choice":"Simplicity","damage_taken":0,"max_hp_gain":0,"max_hp_loss":0,"event_name":"Back to Basics","floor":21,"gold_loss":0,"cards_upgraded":["Defend_R","Defend_R"]},{"damage_healed":0,"gold_gain":0,"player_choice":"Opened","damage_taken":0,"relics_obtained":["Juzu Bracelet"],"max_hp_gain":0,"max_hp_loss":0,"event_name":"The Mausoleum","floor":22,"gold_loss":0},{"damage_healed":0,"gold_gain":0,"player_choice":"Shed Blood","damage_taken":23,"max_hp_gain":5,"max_hp_loss":0,"event_name":"Forgotten Altar","floor":28,"gold_loss":0},{"damage_healed":0,"gold_gain":0,"player_choice":"Fight","damage_taken":0,"max_hp_gain":0,"max_hp_loss":0,"event_name":"MindBloom","floor":38,"gold_loss":0},{"damage_healed":0,"gold_gain":0,"player_choice":"Paid Gold","damage_taken":0,"relics_obtained":["Darkstone Periapt"],"max_hp_gain":0,"max_hp_loss":0,"event_name":"WeMeetAgain","floor":41,"gold_loss":87},{"damage_healed":0,"gold_gain":0,"player_choice":"Fight","damage_taken":0,"max_hp_gain":0,"max_hp_loss":0,"event_name":"Mysterious Sphere","floor":45,"gold_loss":0}],"is_beta":false,"boss_relics":[{"not_picked":["Runic Dome","Ectoplasm"],"picked":"Tiny House"},{"not_picked":["Runic Pyramid","SacredBark"],"picked":"Sozu"}],"items_purged_floors":[14,20,39],"is_endless":false,"potions_floor_spawned":[1,3,12,16,18,24,30,36,46,47,48],"killed_by":"Awakened One","ascension_level":0}}