{"host":"97k3n5kp0psabqmo","time":1613427272,"event":{"mods":["BaseMod","Colored Powertips","Minty Spire (QoL Compilation)","StSLib"],"gold_per_floor":[365,383,107,107,126,126,126,158,207,207,227,127,127,127,127,228,228,246,246,265,35,53,53,86,86,111,111,125,75,90,13,13,115,115,125,75,95,95,95,120,120,33,33,33,45,45,73,91,91,91],"floor_reached":51,"language":"ENG","playtime":2275,"items_purged":["Clumsy","Pain","Strike_G","Defend_G","Underhanded Strike","Strike_G","Strike_G"],"score":904,"play_id":"4649cbea-8751-4a55-a3e3-d7c124c2e402","local_time":"20210215171432","is_ascension_mode":true,"campfire_choices":[{"data":"Neutralize","floor":6,"key":"SMITH"},{"floor":10,"key":"REST"},{"floor":15,"key":"REST"},{"data":"Adrenaline","floor":23,"key":"SMITH"},{"data":"Adrenaline","floor":27,"key":"SMITH"},{"data":"Noxious Fumes","floor":32,"key":"SMITH"},{"data":"Catalyst","floor":41,"key":"SMITH"},{"data":"Footwork","floor":44,"key":"SMITH"},{"data":"Poisoned Stab","floor":49,"key":"SMITH"}],"circlet_count":0,"master_deck":["Strike_G","Defend_G","Defend_G","Defend_G","Defend_G","Survivor","Neutralize+1","Blur","PiercingWail","Footwork+1","Crippling Poison+1","Backflip","Catalyst+1","Die Die Die","Dagger Spray","Adrenaline+1","CurseOfTheBell","Dodge and Roll","Dodge and Roll","Adrenaline+1","Footwork+1","Heel Hook","Noxious Fumes+1","Dash","Poisoned Stab+1","Noxious Fumes+1","PiercingWail+1","Blur+1","Masterful Stab+1","Dodge and Roll"],"relics":["Ring of the Snake","WarpedTongs","Potion Belt","Orichalcum","Calling Bell","Smiling Mask","The Courier","Tingsha","MutagenicStrength","DollysMirror","Kunai","Oddly Smooth Stone","MealTicket","Busted Crown","Happy Flower","Paper Crane","Dream Catcher"],"acts_visited":["Exordium","TheCity","TheBeyond"],"potions_floor_usage":[8,8,18,24,24,40,40,50,50],"damage_taken":[{"damage":1,"enemies":"2 Louse","floor":1,"turns":3},{"damage":9,"enemies":"Cultist","floor":2,"turns":6},{"damage":12,"enemies":"Jaw Worm","floor":5,"turns":8},{"damage":31,"enemies":"3 Sentries","floor":8,"turns":10},{"damage":9,"enemies":"3 Louse","floor":11,"turns":3},{"damage":27,"enemies":"Hexaghost","floor":16,"turns":17},{"damage":6,"enemies":"Chosen","floor":18,"turns":8},{"damage":12,"enemies":"2 Thieves","floor":20,"turns":4},{"damage":4,"enemies":"Centurion and Healer","floor":22,"turns":14},{"damage":12,"enemies":"Book of Stabbing","floor":24,"turns":10},{"damage":1,"enemies":"Cultist and Chosen","floor":28,"turns":4},{"damage":0,"enemies":"Snecko","floor":30,"turns":6},{"damage":37,"enemies":"Automaton","floor":33,"turns":8},{"damage":14,"enemies":"3 Darklings","floor":35,"turns":5},{"damage":11,"enemies":"3 Shapes","floor":37,"turns":3},{"damage":6,"enemies":"Reptomancer","floor":40,"turns":8},{"damage":0,"enemies":"Maw","floor":45,"turns":6},{"damage":11,"enemies":"Nemesis","floor":47,"turns":7},{"damage":4,"enemies":"Spire Growth","floor":48,"turns":5},{"damage":0,"enemies":"Awakened One","floor":50,"turns":17}],"seed_played":"-1291723140712232960","potions_obtained":[{"floor":1,"key":"Swift Potion"},{"floor":2,"key":"Swift Potion"},{"floor":16,"key":"Swift Potion"},{"floor":18,"key":"GhostInAJar"},{"floor":22,"key":"Dexterity Potion"},{"floor":28,"key":"SpeedPotion"},{"floor":30,"key":"SteroidPotion"},{"floor":35,"key":"EssenceOfSteel"},{"floor":37,"key":"Energy Potion"}],"is_trial":false,"path_per_floor":["M","M","$","?","M","R","?","E","T","R","M","$","?","?","R","B",null,"M","?","M","$","M","R","E","?","T","R","M","$","M","$","R","B",null,"M","$","M","?","?","E","R","$","T","R","M","?","E","M","R","B",null],"character_chosen":"THE_SILENT","items_purchased":["Footwork","Crippling Poison","Backflip","DollysMirror","Footwork","Noxious Fumes","Dodge and Roll"],"campfire_rested":2,"item_purchase_floors":[3,3,3,21,21,31,42],"current_hp_per_floor":[69,60,60,60,48,48,48,17,17,38,29,29,34,19,41,14,75,69,69,57,57,53,53,41,41,41,41,40,55,55,70,70,33,75,61,75,64,64,85,79,79,85,85,85,85,85,74,70,70,70],"gold":91,"neow_bonus":"TWO_FIFTY_GOLD","is_daily":false,"chose_seed":false,"campfire_upgraded":7,"win_rate":0.0,"timestamp":1613427272,"path_taken":["M","M","$","?","?","R","?","E","T","R","M","?","?","?","R","BOSS","M","?","M","$","M","R","E","?","T","R","M","$","M","$","R","BOSS","M","$","M","?","?","E","R","$","T","R","?","?","E","M","R","BOSS"],"items_purchased_type":["Card","Card","Card","Relic","Card","Card","Card"],"build_version":"2020-12-22","purchased_purges":7,"victory":true,"max_hp_per_floor":[70,70,70,70,70,70,70,70,70,70,70,70,75,75,75,75,75,75,75,75,75,75,75,75,75,75,75,75,75,75,75,75,75,75,75,75,75,75,85,85,85,85,85,85,85,85,85,85,85,85],"card_choices":[{"not_picked":["Deadly Poison","Distraction"],"picked":"Blur","floor":1},{"not_picked":["Deflect","Setup"],"picked":"PiercingWail","floor":2},{"not_picked":["Poisoned Stab","Dodge and Roll"],"picked":"Catalyst","floor":5},{"not_picked":["Expertise","Prepared"],"picked":"Dagger Spray","floor":8},{"not_picked":["Dagger Throw","Prepared"],"picked":"Underhanded Strike","floor":11},{"not_picked":["A Thousand Cuts","Malaise"],"picked":"Adrenaline","floor":16},{"not_picked":["Backflip","PiercingWail"],"picked":"Dodge and Roll","floor":18},{"not_picked":["Flying Knee","Slice"],"picked":"Dodge and Roll","floor":20},{"not_picked":["Glass Knife","Quick Slash+1"],"picked":"Heel Hook","floor":22},{"not_picked":["Deadly Poison","Dagger Throw"],"picked":"Noxious Fumes+1","floor":24},{"not_picked":["Predator+1","Cloak And Dagger+1"],"picked":"Dash","floor":28},{"not_picked":["Flechettes+1","Backstab"],"picked":"Poisoned Stab","floor":30},{"not_picked":["Malaise","Grand Finale"],"picked":"Tools of the Trade","floor":33},{"not_picked":[],"picked":"PiercingWail+1","floor":35},{"not_picked":[],"picked":"Blur+1","floor":37},{"not_picked":[],"picked":"Masterful Stab+1","floor":40},{"not_picked":[],"picked":"Cloak And Dagger","floor":45},{"not_picked":["Dash+1"],"picked":"SKIP","floor":47},{"not_picked":["Masterful Stab+1"],"picked":"SKIP","floor":48}],"player_experience":67343,"relics_obtained":[{"floor":8,"key":"Potion Belt"},{"floor":9,"key":"Orichalcum"},{"floor":17,"key":"Smiling Mask"},{"floor":17,"key":"The Courier"},{"floor":17,"key":"Tingsha"},{"floor":24,"key":"Kunai"},{"floor":26,"key":"MealTicket"},{"floor":40,"key":"Happy Flower"},{"floor":43,"key":"Paper Crane"},{"floor":47,"key":"Dream Catcher"}],"event_choices":[{"damage_healed":0,"gold_gain":0,"player_choice":"Rummage","damage_taken":0,"relics_obtained":["WarpedTongs"],"max_hp_gain":0,"max_hp_loss":0,"event_name":"Accursed Blacksmith","floor":4,"gold_loss":0,"cards_obtained":["Pain"]},{"damage_healed":0,"gold_gain":0,"cards_transformed":["Strike_G"],"player_choice":"Change","damage_taken":0,"max_hp_gain":0,"max_hp_loss":0,"event_name":"Living Wall","floor":7,"gold_loss":0,"cards_obtained":["Die Die Die"]},{"damage_healed":0,"gold_gain":0,"player_choice":"Donut","damage_taken":0,"max_hp_gain":5,"max_hp_loss":0,"event_name":"Big Fish","floor":13,"gold_loss":0},{"damage_healed":0,"gold_gain":0,"player_choice":"Entered Light","damage_taken":15,"max_hp_gain":0,"max_hp_loss":0,"event_name":"Shining Light","floor":14,"gold_loss":0,"cards_upgraded":["Footwork","Crippling Poison"]},{"damage_healed":0,"gold_gain":0,"player_choice":"Inject Mutagens","damage_taken":0,"relics_obtained":["MutagenicStrength"],"max_hp_gain":0,"max_hp_loss":0,"event_name":"Drug Dealer","floor":19,"gold_loss":0},{"damage_healed":0,"gold_gain":0,"player_choice":"Opened","damage_taken":0,"relics_obtained":["Oddly Smooth Stone"],"max_hp_gain":0,"max_hp_loss":0,"event_name":"The Mausoleum","floor":25,"gold_loss":0},{"damage_healed":0,"gold_gain":0,"player_choice":"Memory 1","damage_taken":0,"max_hp_gain":0,"max_hp_loss":0,"event_name":"SensoryStone","floor":38,"gold_loss":0},{"cards_removed":["Tools of the Trade"],"damage_healed":11,"gold_gain":0,"player_choice":"Offered Rare","damage_taken":0,"max_hp_gain":10,"max_hp_loss":0,"event_name":"Bonfire Elementals","floor":39,"gold_loss":0},{"cards_removed":["Cloak And Dagger"],"damage_healed":0,"gold_gain":0,"player_choice":"Removed Skill","damage_taken":0,"max_hp_gain":0,"max_hp_loss":0,"event_name":"Falling","floor":46,"gold_loss":0}],"is_beta":false,"boss_relics":[{"not_picked":["SlaversCollar","HoveringKite"],"picked":"Calling Bell"},{"not_picked":["Tiny House","WristBlade"],"picked":"Busted Crown"}],"items_purged_floors":[3,12,21,29,31,36,42],"is_endless":false,"potions_floor_spawned":[1,2,16,18,22,28,30,35,37],"ascension_level":3}}