{"host":"kh6fvhxn285ncg0o","time":1613352811,"event":{"mods":["Act Like it!","BaseMod","Colored Map","Friendly Minions","Keyboard Shortcuts","Minty Spire (QoL Compilation)","Quick Restart","Relic Stats","StSLib","SuperFastMode","UnlockEverythingMod"],"gold_per_floor":[18,18,42,63,84,84,127,127,127,170,170,245,279,299,299,397,397,412,437,437,437,455,455,455],"floor_reached":23,"language":"KOR","playtime":1059,"items_purged":[],"score":472,"play_id":"a41dc421-8463-40c6-b3ac-07a2a8b26771","local_time":"20210215103331","is_ascension_mode":true,"campfire_choices":[{"data":"Blood for Blood","floor":6,"key":"SMITH"},{"floor":8,"key":"REST"},{"data":"Hemokinesis","floor":11,"key":"SMITH"},{"floor":15,"key":"REST"}],"circlet_count":0,"master_deck":["AscendersBane","Bash","Demon Form","Blood for Blood+1","Feel No Pain","Battle Trance","Evolve","Shockwave","Hemokinesis+1","Limit Break","Barricade","Heavy Blade","Hemokinesis","Hemokinesis","Body Slam","Flame Barrier","Havoc","Fire Breathing","Feel No Pain+1","Necronomicurse"],"relics":["Burning Blood","Golden Idol","Bronze Scales","Nunchaku","Mummified Hand","Question Card","Pandora\u0027s Box","Necronomicon"],"acts_visited":["Exordium","TheCity"],"potions_floor_usage":[7,13,22,23],"damage_taken":[{"damage":14,"enemies":"Jaw Worm","floor":1,"turns":4},{"damage":15,"enemies":"Small Slimes","floor":3,"turns":5},{"damage":0,"enemies":"2 Louse","floor":4,"turns":4},{"damage":42,"enemies":"Exordium Thugs","floor":5,"turns":7},{"damage":8,"enemies":"Gremlin Nob","floor":7,"turns":3},{"damage":20,"enemies":"3 Sentries","floor":10,"turns":6},{"damage":2,"enemies":"Lagavulin","floor":13,"turns":4},{"damage":16,"enemies":"Gremlin Gang","floor":14,"turns":4},{"damage":11,"enemies":"Hexaghost","floor":16,"turns":6},{"damage":17,"enemies":"2 Thieves","floor":18,"turns":3},{"damage":2,"enemies":"Chosen","floor":19,"turns":3},{"damage":8,"enemies":"Sentry and Sphere","floor":22,"turns":4},{"damage":22,"enemies":"Slavers","floor":23,"turns":1}],"seed_played":"8122891676694257153","potions_obtained":[{"floor":5,"key":"AttackPotion"},{"floor":7,"key":"DuplicationPotion"},{"floor":14,"key":"GamblersBrew"},{"floor":16,"key":"LiquidMemories"}],"is_trial":false,"path_per_floor":["M","?","M","M","M","R","E","R","T","E","R","?","E","M","R","B",null,"M","M","?","?","M","E"],"character_chosen":"IRONCLAD","items_purchased":[],"campfire_rested":2,"item_purchase_floors":[],"current_hp_per_floor":[60,60,51,57,21,21,19,39,39,25,25,14,18,8,28,23,57,46,50,29,19,17,0,0],"gold":455,"neow_bonus":"TRANSFORM_TWO_CARDS","is_daily":false,"chose_seed":false,"campfire_upgraded":2,"win_rate":0.0,"timestamp":1613352811,"path_taken":["M","?","M","M","M","R","E","R","T","E","R","?","E","M","R","BOSS","M","M","?","?","M","E"],"items_purchased_type":[],"build_version":"2020-12-22","purchased_purges":0,"victory":false,"max_hp_per_floor":[75,68,68,68,68,68,68,68,68,68,68,68,68,68,68,68,68,68,68,68,68,68,68,68],"relic_stats":{"Nunchaku":[4],"counters":[13,54],"Golden Idol":74,"Mummified Hand":[47],"Bronze Scales":[87],"Pandora\u0027s Box":["Heavy Blade","Hemokinesis","Hemokinesis","Body Slam","Flame Barrier","Havoc","Fire Breathing"],"Necronomicon":[2],"Question Card":5,"obtain_stats":[{"Nunchaku":9,"Golden Idol":2,"Mummified Hand":10,"Bronze Scales":7,"Pandora\u0027s Box":17,"Necronomicon":20,"Question Card":13,"Burning Blood":0},{"Nunchaku":5,"Golden Idol":1,"Mummified Hand":6,"Bronze Scales":5,"Pandora\u0027s Box":9,"Necronomicon":11,"Question Card":7,"Burning Blood":0},{"Nunchaku":23,"Golden Idol":4,"Mummified Hand":29,"Bronze Scales":23,"Pandora\u0027s Box":43,"Necronomicon":49,"Question Card":33,"Burning Blood":0}],"Burning Blood":72},"card_choices":[{"not_picked":["Perfected Strike","Havoc"],"picked":"Feel No Pain","floor":1},{"not_picked":["Iron Wave","Dark Embrace"],"picked":"Battle Trance","floor":3},{"not_picked":["Metallicize","Rage"],"picked":"Evolve","floor":4},{"not_picked":["Thunderclap","Clash","Dropkick"],"picked":"SKIP","floor":5},{"not_picked":["True Grit","Infernal Blade"],"picked":"Shockwave","floor":7},{"not_picked":["Sever Soul","Shockwave"],"picked":"Hemokinesis","floor":10},{"not_picked":["Twin Strike","Juggernaut"],"picked":"Limit Break","floor":13},{"not_picked":["Intimidate","Feel No Pain","Ghostly Armor","Blood for Blood"],"picked":"SKIP","floor":14},{"not_picked":["Corruption","Double Tap","Limit Break"],"picked":"Barricade","floor":16},{"not_picked":["Flex+1","Clothesline","Iron Wave"],"picked":"Feel No Pain+1","floor":19},{"not_picked":["Headbutt+1","Thunderclap","Havoc","Shockwave"],"picked":"SKIP","floor":22}],"player_experience":1417371,"relics_obtained":[{"floor":7,"key":"Bronze Scales"},{"floor":9,"key":"Nunchaku"},{"floor":10,"key":"Mummified Hand"},{"floor":13,"key":"Question Card"},{"floor":20,"key":"Necronomicon"}],"event_choices":[{"damage_healed":0,"gold_gain":0,"player_choice":"Lose Max HP","damage_taken":0,"relics_obtained":["Golden Idol"],"max_hp_gain":0,"max_hp_loss":7,"event_name":"Golden Idol","floor":2,"gold_loss":0},{"damage_healed":0,"gold_gain":75,"player_choice":"Gather Gold","damage_taken":11,"max_hp_gain":0,"max_hp_loss":0,"event_name":"World of Goop","floor":12,"gold_loss":0},{"damage_healed":0,"gold_gain":0,"player_choice":"Obtained Book","damage_taken":21,"max_hp_gain":0,"max_hp_loss":0,"event_name":"Cursed Tome","floor":20,"gold_loss":0},{"damage_healed":0,"gold_gain":0,"player_choice":"Damaged","damage_taken":10,"max_hp_gain":0,"max_hp_loss":0,"event_name":"Wheel of Change","floor":21,"gold_loss":0}],"is_beta":false,"boss_relics":[{"not_picked":["Tiny House","Ectoplasm"],"picked":"Pandora\u0027s Box"}],"items_purged_floors":[],"is_endless":false,"potions_floor_spawned":[5,7,14,16],"killed_by":"Slavers","ascension_level":20}}