{"host":"am0cr9xwekqmrere","time":1613349392,"event":{"mods":["AchievementEnabler","Act Like it!","BaseMod","Better Altar","Better Match","Better Note","Better Sensory Stone","Better Skull","Better Third Choice","BetterRewards","Conspire","Downfall","Hubris","Infinite Spire","Minty Spire (QoL Compilation)","Rare Cards Sparkle","Spicy Shops","StSLib","Unceasing Turn Reminder"],"gold_per_floor":[111,4,4,17,0,0,0,11,64,76,76,95,130,145,145,273,273,294,494,494,507,525,525,566,566,646,659,659,659,683,696,696,696,696],"floor_reached":33,"language":"ENG","playtime":1396,"items_purged":[],"score":369,"play_id":"ba9eb071-3444-4006-9ebb-5d948e800866","local_time":"20210214183632","is_ascension_mode":false,"campfire_choices":[{"data":"LikeWater","floor":6.0,"key":"SMITH"},{"floor":15,"key":"REST"},{"floor":23,"key":"REST"},{"floor":25,"key":"REST"},{"floor":32,"key":"REST"}],"circlet_count":0,"master_deck":["Strike_P","Strike_P+1","Strike_P","Strike_P","Defend_P","Defend_P","Defend_P","Defend_P","Eruption","Vigilance","LikeWater+1","FlurryOfBlows","Halt","MentalFortress","FearNoEvil","ThirdEye","Nirvana","Enlightenment","JustLucky","Perseverance","Injury","SandsOfTime","Wireheading","PathToVictory","Devotion","Protect","Adaptation","LessonLearned","WaveOfTheHand+1","Shame","TalkToTheHand","EmptyBody"],"relics":["PureWater","Mummified Hand","hubris:SphereOfDissonance","hubris:Icosahedron","Akabeko","Golden Idol","White Beast Statue","hubris:Backtick","Damaru","Orichalcum","Centennial Puzzle","Strawberry","Nunchaku","Gremlin Horn"],"acts_visited":["Exordium","TheCity"],"potions_floor_usage":[14,18,18,22,27,33],"damage_taken":[{"damage":3.0,"enemies":"Jaw Worm","floor":1.0,"turns":3.0},{"damage":0.0,"enemies":"Small Slimes","floor":4.0,"turns":2.0},{"damage":0.0,"enemies":"2 Louse","floor":8.0,"turns":3.0},{"damage":0.0,"enemies":"2 Fungi Beasts","floor":10.0,"turns":5.0},{"damage":0,"enemies":"3 Louse","floor":12,"turns":4},{"damage":32,"enemies":"Nightmare","floor":13,"turns":13},{"damage":3,"enemies":"Large Slime","floor":14,"turns":7},{"damage":10,"enemies":"Slime Boss","floor":16,"turns":15},{"damage":15,"enemies":"2 Thieves","floor":18,"turns":4},{"damage":0,"enemies":"Spheric Guardian","floor":21,"turns":2},{"damage":7,"enemies":"Cultist and Chosen","floor":22,"turns":4},{"damage":14,"enemies":"conspire:SneckoGhost","floor":24,"turns":7},{"damage":20,"enemies":"Snake Plant","floor":27,"turns":3},{"damage":26,"enemies":"Sentry and Sphere","floor":30,"turns":7},{"damage":3,"enemies":"Shelled Parasite and Fungi","floor":31,"turns":5},{"damage":38,"enemies":"Collector","floor":33,"turns":7}],"seed_played":"-7052547077654869123","potions_obtained":[{"floor":4.0,"key":"ColorlessPotion"},{"floor":10.0,"key":"Guardian:BlockOnCardUsePotion"},{"floor":13,"key":"Swift Potion"},{"floor":14,"key":"Block Potion"},{"floor":16,"key":"LiquidMemories"},{"floor":18,"key":"Energy Potion"},{"floor":21,"key":"Explosive Potion"},{"floor":22,"key":"Energy Potion"},{"floor":24,"key":"bronze:BurnAndBuffPotion"},{"floor":27,"key":"SneckoOil"},{"floor":30,"key":"Ancient Potion"},{"floor":31,"key":"Strength Potion"}],"is_trial":false,"path_per_floor":["M","$","?","M","?","R","$","M","T","M","?","M","NM","M","R","B",null,"M","?","?","M","M","R","E","R","T","M","?","?","M","M","R","B"],"character_chosen":"WATCHER","items_purchased":["Mummified Hand","hubris:SphereOfDissonance","LikeWater","FlurryOfBlows","Halt","FearNoEvil","ThirdEye"],"campfire_rested":4,"item_purchase_floors":[0,0,0,0,0,2,2],"current_hp_per_floor":[48,48,48,48,54,54,54,54,54,54,54,54,22,19,42,32,78,63,63,28,28,21,44,37,62,62,42,42,42,16,13,38,0,0],"gold":696,"neow_bonus":"","is_daily":false,"chose_seed":false,"campfire_upgraded":1,"win_rate":0.0,"timestamp":1613349392,"path_taken":["M","$","?","M","?","R","$","M","T","M","?","M","NM","M","R","BOSS","M","?","?","M","M","R","E","R","T","M","?","?","M","M","R","BOSS"],"items_purchased_type":["Relic","Relic","Card","Card","Card","Card","Card"],"build_version":"2020-12-22","purchased_purges":0,"victory":false,"max_hp_per_floor":[72,72,72,72,78,78,78,78,78,78,78,78,78,78,78,78,78,78,78,78,78,78,78,85,85,85,85,85,85,85,85,85,85,85],"card_choices":[{"not_picked":["Consecrate","Conclude"],"picked":"MentalFortress","floor":1.0},{"not_picked":["FlyingSleeves","SandsOfTime"],"picked":"Nirvana","floor":4.0},{"not_picked":["SashWhip","FlyingSleeves"],"picked":"JustLucky","floor":8.0},{"not_picked":["CrushJoints","ForeignInfluence"],"picked":"Perseverance","floor":10.0},{"not_picked":["Crescendo","FollowUp"],"picked":"SandsOfTime","floor":12},{"not_picked":["CrushJoints","WheelKick"],"picked":"Wireheading","floor":13},{"not_picked":["Perseverance","Conclude"],"picked":"PathToVictory","floor":14},{"not_picked":["Scrawl","Alpha"],"picked":"Devotion","floor":16},{"not_picked":["Prostrate","EmptyBody"],"picked":"Protect","floor":18},{"not_picked":["CrushJoints","SashWhip"],"picked":"Adaptation","floor":21},{"not_picked":["BowlingBash","Perseverance+1"],"picked":"LessonLearned","floor":22},{"not_picked":["ForeignInfluence","Halt+1","Protect"],"picked":"SKIP","floor":24},{"not_picked":["Tantrum+1","SashWhip"],"picked":"WaveOfTheHand+1","floor":27},{"not_picked":["JustLucky+1","SashWhip+1"],"picked":"TalkToTheHand","floor":30},{"not_picked":["JustLucky","SashWhip+1"],"picked":"EmptyBody","floor":31}],"player_experience":2792045,"relics_obtained":[{"floor":9.0,"key":"Akabeko"},{"floor":13,"key":"White Beast Statue"},{"floor":24,"key":"Strawberry"}],"event_choices":[{"damage_healed":0.0,"max_hp_gain":0.0,"max_hp_loss":0.0,"gold_gain":0.0,"event_name":"betterThird:BetterSerpent","player_choice":"RENOUNCE","floor":5.0,"gold_loss":17.0,"damage_taken":17.0,"cards_obtained":["Enlightenment"]},{"damage_healed":0.0,"max_hp_gain":0.0,"max_hp_loss":0.0,"gold_gain":0.0,"event_name":"Golden Idol","player_choice":"Take Wound","floor":11.0,"gold_loss":0.0,"damage_taken":0.0,"relics_obtained":["Golden Idol"],"cards_obtained":["Injury"]},{"damage_healed":0,"gold_gain":250,"player_choice":"Bet on Owner","damage_taken":0,"max_hp_gain":0,"max_hp_loss":0,"event_name":"The Joust","floor":19,"gold_loss":50},{"damage_healed":0,"gold_gain":0,"player_choice":"RE RE ","damage_taken":39,"relics_obtained":["Orichalcum","Centennial Puzzle"],"max_hp_gain":0,"max_hp_loss":0,"event_name":"betterSkull:BetterSkull","floor":20,"gold_loss":0,"cards_upgraded":[]},{"damage_healed":0,"gold_gain":0,"player_choice":"Gave Potion","damage_taken":0,"relics_obtained":["Nunchaku"],"max_hp_gain":0,"max_hp_loss":0,"event_name":"WeMeetAgain","floor":28,"gold_loss":0},{"damage_healed":0,"gold_gain":0,"player_choice":"Stole Relic","damage_taken":0,"relics_obtained":["Gremlin Horn"],"max_hp_gain":0,"max_hp_loss":0,"event_name":"Addict","floor":29,"gold_loss":0,"cards_obtained":["Shame"]}],"is_beta":false,"boss_relics":[{"not_picked":["Runic Dome","hubris:TerracottaHorce"],"picked":"hubris:Backtick"}],"items_purged_floors":[],"is_endless":false,"potions_floor_spawned":[4,10,13,14,16,18,21,22,24,27,30,31],"killed_by":"Collector","ascension_level":0}}