{"host":"pi8b3ffzwvxqztac","time":1613362926,"event":{"mods":["BaseMod","Colored Map","Custom Start","Downfall","Minty Spire (QoL Compilation)","StSLib"],"gold_per_floor":[99,99,99,159,159,169,195,195,212,225,125,151,51,84,102,102,102,102],"floor_reached":16,"language":"ENG","playtime":697,"items_purged":[],"score":187,"play_id":"f0499807-25d5-45ec-b450-3d9b413bcd83","local_time":"20210215172206","is_ascension_mode":true,"campfire_choices":[{"floor":1.0,"key":"RECALL"},{"data":"1","floor":11,"key":"LIFT"},{"floor":13,"key":"REST"}],"circlet_count":0,"master_deck":["AscendersBane","bronze:Strike","bronze:Strike","bronze:Strike","bronze:Strike","bronze:Defend","bronze:Defend","bronze:Defend","bronze:Defend","bronze:Replicate","bronze:Goto","bronze:Philosophize","bronze:Deprecate","bronze:Replicate","bronze:Verify","bronze:ChosenStrike","bronze:Deprecate","bronze:Repair"],"relics":["bronze:BronzeCore","downfall:HeartsMalice","Omamori","bronze:SilverBullet","Girya","downfall:HeartBlessingRed","Mango","downfall:HeartBlessingGreen","Lantern"],"acts_visited":["Exordium"],"potions_floor_usage":[],"damage_taken":[{"damage":0.0,"enemies":"2 Louse","floor":2.0,"turns":1.0},{"damage":0.0,"enemies":"Small Slimes","floor":3.0,"turns":1.0},{"damage":0.0,"enemies":"Gremlin Nob","floor":4.0,"turns":1.0},{"damage":1.0,"enemies":"Cultist","floor":6.0,"turns":3.0},{"damage":23,"enemies":"Large Slime","floor":9,"turns":8},{"damage":9,"enemies":"3 Louse","floor":10,"turns":4},{"damage":28,"enemies":"Lagavulin","floor":12,"turns":8},{"damage":21,"enemies":"3 Sentries","floor":14,"turns":5},{"damage":11,"enemies":"Gremlin Gang","floor":15,"turns":4},{"damage":26,"enemies":"IC_STATUS_ARCHETYPE","floor":16,"turns":2}],"seed_played":"400983365979548021","potions_obtained":[{"floor":4.0,"key":"Fruit Juice"},{"floor":6.0,"key":"AttackPotion"},{"floor":12,"key":"bronze:FreeFunctionsPotion"}],"is_trial":false,"path_per_floor":["R","M","M","?","?","M","T","?","M","M","R","E","R","E","M","B"],"character_chosen":"THE_AUTOMATON","items_purchased":[],"campfire_rested":1,"item_purchase_floors":[],"current_hp_per_floor":[63,63,63,68,68,67,67,64,41,32,32,18,44,23,12,0,0,0],"gold":102,"neow_bonus":"THREE_ENEMY_KILL","is_daily":false,"chose_seed":false,"campfire_upgraded":0,"win_rate":0.0,"timestamp":1613362926,"path_taken":["R","M","M","?","?","?","T","?","M","M","R","E","R","E","M","BOSS"],"items_purchased_type":[],"build_version":"2020-12-22","purchased_purges":0,"victory":false,"max_hp_per_floor":[70,70,70,75,75,75,75,75,75,75,75,89,89,89,89,89,89,89],"card_choices":[{"not_picked":["bronze:Invalidate","bronze:WhirlingStrike"],"picked":"bronze:Philosophize","floor":2.0},{"not_picked":["bronze:Separator","bronze:Refactor","bronze:Deprecate"],"picked":"SKIP","floor":3.0},{"not_picked":["bronze:Separator","bronze:Refactor"],"picked":"bronze:Deprecate","floor":3.0},{"not_picked":["bronze:Shield","bronze:CloningBeam","bronze:ClassDefault"],"picked":"SKIP","floor":6.0},{"not_picked":["bronze:WildBeam","bronze:DelayedSlice","bronze:Frontload"],"picked":"SKIP","floor":9},{"not_picked":["bronze:WildBeam","bronze:BugBarrage"],"picked":"bronze:Verify","floor":10},{"not_picked":["bronze:GetLatest","bronze:BugBarrage"],"picked":"bronze:ChosenStrike","floor":12},{"not_picked":["bronze:Overheat","bronze:Invalidate"],"picked":"bronze:Deprecate","floor":14},{"not_picked":["bronze:BugBarrage","bronze:Overheat"],"picked":"bronze:Repair","floor":15}],"player_experience":795164,"relics_obtained":[{"floor":4.0,"key":"Omamori"},{"floor":7.0,"key":"bronze:SilverBullet"},{"floor":12,"key":"Mango"},{"floor":14,"key":"Lantern"}],"event_choices":[{"damage_healed":0.0,"max_hp_gain":0.0,"max_hp_loss":0.0,"gold_gain":0.0,"event_name":"Scrap Ooze","player_choice":"Success","floor":8.0,"gold_loss":0.0,"damage_taken":3.0,"relics_obtained":["Girya"]}],"is_beta":false,"boss_relics":[],"items_purged_floors":[],"is_endless":false,"potions_floor_spawned":[4,6,12],"killed_by":"IC_STATUS_ARCHETYPE","ascension_level":10}}