{"host":"phy652c7lim9lcu2","time":1613385134,"event":{"mods":["BaseMod","Colored Powertips","Googly Eyes","Minty Spire (QoL Compilation)","Relic Stats","Spicy Shops","StSLib","everything is the same but u backflip on backflip"],"gold_per_floor":[17,33,52,52,77,77,77,120,120,12,12,12,45,45,45,45,45],"floor_reached":16,"language":"ENG","playtime":461,"items_purged":[],"score":173,"play_id":"0a733209-45d5-42d5-b4cb-7cbd8e3efbcb","local_time":"20210215203214","is_ascension_mode":true,"campfire_choices":[{"data":"Eruption","floor":6.0,"key":"SMITH"},{"floor":11,"key":"REST"},{"data":"Adaptation","floor":15,"key":"SMITH"}],"circlet_count":0,"master_deck":["AscendersBane","Strike_P","Strike_P","Strike_P","Defend_P","Defend_P","Defend_P","Defend_P","Eruption+1","Vigilance","CutThroughFate","CutThroughFate","FlyingSleeves","MentalFortress","MentalFortress","Adaptation+1"],"relics":["PureWater","Gambling Chip","Golden Idol","White Beast Statue","Toxic Egg 2","Letter Opener"],"acts_visited":["Exordium"],"potions_floor_usage":[],"damage_taken":[{"damage":0.0,"enemies":"Small Slimes","floor":1.0,"turns":3.0},{"damage":0.0,"enemies":"Jaw Worm","floor":2.0,"turns":3.0},{"damage":0.0,"enemies":"Cultist","floor":3.0,"turns":4.0},{"damage":3.0,"enemies":"Gremlin Gang","floor":5.0,"turns":9.0},{"damage":31,"enemies":"Gremlin Nob","floor":8,"turns":3},{"damage":19,"enemies":"Lagavulin","floor":13,"turns":6},{"damage":24,"enemies":"The Guardian","floor":16,"turns":8}],"seed_played":"7243714661743287227","potions_obtained":[{"floor":3.0,"key":"Fire Potion"},{"floor":8,"key":"DuplicationPotion"},{"floor":13,"key":"Ancient Potion"}],"is_trial":false,"path_per_floor":["M","M","M","?","M","R","?","E","T","$","R","$","E","?","R","B"],"character_chosen":"WATCHER","items_purchased":["MentalFortress"],"campfire_rested":1,"item_purchase_floors":[10],"current_hp_per_floor":[65,65,65,47,44,44,44,13,13,13,34,34,15,15,15,0,0],"gold":45,"neow_bonus":"ONE_RARE_RELIC","is_daily":false,"chose_seed":false,"campfire_upgraded":2,"win_rate":0.0,"timestamp":1613385134,"path_taken":["M","M","M","?","M","R","?","E","T","?","R","$","E","?","R","BOSS"],"items_purchased_type":["Card"],"build_version":"2020-12-22","purchased_purges":0,"victory":false,"max_hp_per_floor":[72,72,72,72,72,72,72,72,72,72,72,72,72,72,72,72,72],"relic_stats":{"counters":[7,36],"Golden Idol":21,"Gambling Chip":[21],"Letter Opener":[5],"obtain_stats":[{"Golden Idol":4,"Gambling Chip":0,"Letter Opener":13,"PureWater":0,"Toxic Egg 2":9,"White Beast Statue":8},{"Golden Idol":3,"Gambling Chip":0,"Letter Opener":6,"PureWater":0,"Toxic Egg 2":5,"White Beast Statue":5},{"Golden Idol":10,"Gambling Chip":0,"Letter Opener":28,"PureWater":0,"Toxic Egg 2":22,"White Beast Statue":22}]},"card_choices":[{"not_picked":["Crescendo","Protect"],"picked":"PathToVictory","floor":1.0},{"not_picked":["Indignation","Nirvana"],"picked":"CutThroughFate","floor":2.0},{"not_picked":["EmptyFist","Weave"],"picked":"CutThroughFate","floor":3.0},{"not_picked":["Indignation","SandsOfTime","Halt"],"picked":"SKIP","floor":5.0},{"not_picked":["SandsOfTime","PathToVictory"],"picked":"MentalFortress","floor":8},{"not_picked":["WheelKick","EmptyFist"],"picked":"Adaptation","floor":13}],"player_experience":333482,"relics_obtained":[{"floor":8,"key":"White Beast Statue"},{"floor":9,"key":"Toxic Egg 2"},{"floor":13,"key":"Letter Opener"}],"event_choices":[{"damage_healed":0.0,"max_hp_gain":0.0,"max_hp_loss":0.0,"gold_gain":0.0,"event_name":"Golden Idol","player_choice":"Take Damage","floor":4.0,"gold_loss":0.0,"damage_taken":18.0,"relics_obtained":["Golden Idol"]},{"damage_healed":0.0,"max_hp_gain":0.0,"max_hp_loss":0.0,"gold_gain":0.0,"cards_transformed":["PathToVictory"],"event_name":"Living Wall","player_choice":"Change","floor":7.0,"gold_loss":0.0,"damage_taken":0.0,"cards_obtained":["FlyingSleeves"]},{"cards_removed":["Strike_P"],"damage_healed":0,"gold_gain":0,"player_choice":"Offered Basic","damage_taken":0,"max_hp_gain":0,"max_hp_loss":0,"event_name":"Bonfire Elementals","floor":14,"gold_loss":0}],"is_beta":false,"boss_relics":[],"items_purged_floors":[],"is_endless":false,"potions_floor_spawned":[3,8,13],"killed_by":"The Guardian","ascension_level":12}}