{"host":"j5j96s76v36ug78u","time":1613412044,"event":{"mods":["BaseMod","Better Third Choice","Downfall","Highlight Path","Minty Spire (QoL Compilation)","Reliquary","StSLib","The Animator"],"gold_per_floor":[156,44,319,376,339,339,417,519,519,600,110,110,197,272,272,491,491,551,77,127,127,127,220,277,376,403,499,595,682,33,87,87,315,315,345,390,665,758,210,312,399,429,429,0,0,81,117,216,216,216,216],"floor_reached":52,"language":"ENG","playtime":4546,"items_purged":[],"score":3077,"play_id":"b31de2fe-69ab-41b5-8171-41425b1fc4cd","local_time":"20210215150044","daily_mods":["Draft","Diverse","Heirloom","Flight","DeadlyEvents","Cursed Run","Elite Swarm","Midas"],"is_ascension_mode":true,"campfire_choices":[{"floor":6,"key":"REST"},{"floor":12,"key":"REST"},{"floor":15,"key":"REST"},{"floor":32,"key":"REST"},{"floor":49,"key":"REST"}],"circlet_count":0,"master_deck":["AscendersBane","sneckomod:Unknown1Cost","hexamod:Firestarter","Calculated Gamble","animator:Vesta","sneckomod:UnknownClassTHE_ANIMATOR","Defragment","animator:Pride","sneckomod:SnekBeam","Worship","Feel No Pain","CutThroughFate","Blade Dance","Defragment","animator:Millim","Sanctity","sneckomod:UnknownClassPURPLE","bronze:Shield","Regret","Guardian:Repulse","animator:FeridBathory","sneckomod:Unknown3Cost","downfall:Aged","Guardian:Gem_Orange","sneckomod:UnknownClassTHE_BRONZE_AUTOMATON","Exhume","Doubt","bronze:FindAndReplace","Writhe","downfall:Bewildered","Unload","animator:Benimaru","Buffer","Regret","sneckomod:SerpentMind","Guardian:Repulse","bronze:Allocate","downfall:Haunted","animator:Curse_Greed","animator:FeridBathory","sneckomod:UnknownClassGREEN","sneckomod:UnknownDraw","Regret","Slimebound:Recycling","animator:MisaKurobane","Clumsy","Regret","Parasite"],"relics":["Cursed Key","Darkstone Periapt","Du-Vu Doll","bronze:AnalyticalCore","animator:PurgingStone","animator:HeavyHalberd","betterThird:SlimedRelic","Mummified Hand","Oddly Smooth Stone","reliquary:Firecrackers","InkBottle","DataDisk","Akabeko","Orichalcum","reliquary:TuningFork","Guardian:GemstoneGun","Runic Dome","Bird Faced Urn","reliquary:ExpiredCoupon","Bag of Preparation","sneckomod:BabySnecko","Calipers","reliquary:Vitrine","reliquary:PorcupineQuills","reliquary:Spinner","Vajra","animator:AlchemistGlove","Lizard Tail","TungstenRod","reliquary:Stiletto","animator:CursedBlade","reliquary:BallBearing","Eternal Feather","reliquary:Boomerang","reliquary:Sideboard","animator:WornHelmet","hexamod:CandleOfCauterizing","Red Mask","Gambling Chip","bronze:BronzeIdol"],"acts_visited":["Exordium","TheCity","TheBeyond"],"potions_floor_usage":[14,51,51],"damage_taken":[{"damage":0,"enemies":"Small Slimes","floor":1,"turns":3},{"damage":2,"enemies":"Cultist","floor":4,"turns":3},{"damage":27,"enemies":"Lagavulin","floor":7,"turns":5},{"damage":24,"enemies":"Gremlin Nob","floor":8,"turns":5},{"damage":0,"enemies":"Lagavulin","floor":10,"turns":5},{"damage":22,"enemies":"Gremlin Nob","floor":13,"turns":4},{"damage":2,"enemies":"Lagavulin","floor":14,"turns":4},{"damage":14,"enemies":"The Guardian","floor":16,"turns":8},{"damage":5,"enemies":"Shell Parasite","floor":18,"turns":4},{"damage":0,"enemies":"Gremlin Leader","floor":23,"turns":4},{"damage":0,"enemies":"Spheric Guardian","floor":24,"turns":1},{"damage":4,"enemies":"Slavers","floor":25,"turns":5},{"damage":0,"enemies":"Gremlin Leader","floor":27,"turns":3},{"damage":17,"enemies":"Slavers","floor":28,"turns":2},{"damage":0,"enemies":"Book of Stabbing","floor":29,"turns":3},{"damage":0,"enemies":"Automaton","floor":33,"turns":6},{"damage":10,"enemies":"3 Shapes","floor":35,"turns":4},{"damage":0,"enemies":"Orb Walker","floor":36,"turns":1},{"damage":0,"enemies":"Giant Head","floor":38,"turns":4},{"damage":24,"enemies":"Nemesis","floor":40,"turns":4},{"damage":23,"enemies":"Reptomancer","floor":41,"turns":3},{"damage":3,"enemies":"Transient","floor":42,"turns":6},{"damage":0,"enemies":"Giant Head","floor":46,"turns":4},{"damage":0,"enemies":"Spire Growth","floor":47,"turns":2},{"damage":32,"enemies":"Nemesis","floor":48,"turns":3},{"damage":92,"enemies":"Awakened One","floor":50,"turns":6},{"damage":0,"enemies":"Donu and Deca","floor":51,"turns":4}],"seed_played":"-4988034433190385769","potions_obtained":[{"floor":7,"key":"SpeedPotion"},{"floor":8,"key":"ColorlessPotion"},{"floor":13,"key":"DuplicationPotion"},{"floor":14,"key":"bronze:BurnAndBuffPotion"},{"floor":16,"key":"Guardian:BlockOnCardUsePotion"}],"is_trial":true,"path_per_floor":["M","$","?","M","?","R","E","E","T","E","$","R","E","E","R","B",null,"M","$","?","?","?","E","M","E","T","E","E","E","$","T","R","B",null,"M","M","?","E","$","E","E","M","T","?","$","E","M","E","R","B","B",null],"character_chosen":"THE_ANIMATOR","items_purchased":["sneckomod:UnknownClassPURPLE","bronze:Shield","DataDisk","Akabeko","Orichalcum","Bird Faced Urn","reliquary:ExpiredCoupon","Lizard Tail","TungstenRod","animator:MisaKurobane","Eternal Feather","reliquary:Boomerang"],"campfire_rested":5,"item_purchase_floors":[2,2,11,11,11,19,19,30,30,39,39,39],"current_hp_per_floor":[54,54,60,58,47,66,39,15,21,21,21,42,20,18,39,31,66,61,61,61,67,73,83,85,90,96,96,87,96,96,102,102,108,108,108,108,114,114,114,99,86,105,111,111,111,120,120,90,120,38,64],"gold":216,"neow_bonus":"","is_daily":false,"chose_seed":false,"campfire_upgraded":0,"win_rate":0.0,"timestamp":1613412044,"path_taken":["M","$","?","?","?","R","E","E","T","?","?","R","?","E","R","BOSS","M","$","?","?","?","E","?","E","T","E","?","E","$","?","R","BOSS","M","M","?","?","$","E","E","?","T","?","?","E","?","E","R","BOSS","BOSS"],"items_purchased_type":["Card","Card","Relic","Relic","Relic","Relic","Relic","Relic","Relic","Card","Relic","Relic"],"build_version":"2020-12-22","purchased_purges":0,"victory":true,"max_hp_per_floor":[60,60,66,66,66,66,66,66,72,72,72,72,72,72,72,78,78,78,78,78,84,90,90,90,90,96,96,96,96,96,102,102,108,108,108,108,114,114,114,114,114,114,120,120,120,120,120,120,120,126,132],"card_choices":[{"not_picked":["Clothesline","champ:CrownThrow"],"picked":"sneckomod:Unknown1Cost","floor":0},{"not_picked":["Slimebound:SplitMire","Slimebound:LeechEnergy"],"picked":"hexamod:Firestarter","floor":0},{"not_picked":["Wallop","hexamod:BurningTouch"],"picked":"Calculated Gamble","floor":0},{"not_picked":["bronze:Iterate","sneckomod:SerpentIdol"],"picked":"animator:Vesta","floor":0},{"not_picked":["Slimebound:LeadByExample","champ:ArenaPreparation"],"picked":"sneckomod:UnknownClassTHE_ANIMATOR","floor":0},{"not_picked":["All Out Attack","Guardian:Recover"],"picked":"Defragment","floor":0},{"not_picked":["Guardian:PrimingBeam","bronze:Iterate"],"picked":"animator:Pride","floor":0},{"not_picked":["Guardian:PiercingHide","animator:Verdia"],"picked":"sneckomod:SnekBeam","floor":0},{"not_picked":["bronze:Repair","animator:Hakurou"],"picked":"Worship","floor":0},{"not_picked":["champ:BerserkersShout","animator:Elsword"],"picked":"Feel No Pain","floor":0},{"not_picked":["Havoc","Wallop"],"picked":"CutThroughFate","floor":0},{"not_picked":["animator:DolaCouronne","champ:Shatter"],"picked":"Blade Dance","floor":0},{"not_picked":["animator:Raven","ReachHeaven"],"picked":"Defragment","floor":0},{"not_picked":["Slimebound:Gluttony","bronze:WildBeam"],"picked":"animator:Millim","floor":0},{"not_picked":["Halt","Slimebound:FinishingTackle"],"picked":"Sanctity","floor":0},{"not_picked":["animator:DolaCouronne","champ:IronFortress"],"picked":"Go for the Eyes","floor":1},{"not_picked":["Dropkick","Barrage"],"picked":"Guardian:Repulse","floor":4},{"not_picked":["Inflame","animator:Hans"],"picked":"animator:FeridBathory","floor":7},{"not_picked":["Limit Break","Ragnarok"],"picked":"sneckomod:Unknown3Cost","floor":8},{"not_picked":["Guardian:SphericShield","Slimebound:TagTeam"],"picked":"Guardian:Gem_Orange","floor":10},{"not_picked":["Guardian:StasisStrike","Guardian:Gem_Synthetic"],"picked":"sneckomod:UnknownClassTHE_BRONZE_AUTOMATON","floor":13},{"not_picked":["Rainbow","hexamod:UnleashSpirits"],"picked":"Exhume","floor":14},{"not_picked":["Slimebound:WasteNot","Judgement"],"picked":"bronze:FindAndReplace","floor":16},{"not_picked":["Shrug It Off","Tactician","Warcry"],"picked":"SKIP","floor":18},{"not_picked":["Guardian:TemporalStrike","Guardian:TimeSifter"],"picked":"Unload","floor":23},{"not_picked":["bronze:Branch","FollowUp"],"picked":"animator:Benimaru","floor":24},{"not_picked":["Blasphemy","Glass Knife"],"picked":"Buffer","floor":25},{"not_picked":["animator:ChaikaTrabant","hexamod:WildfireWeapon"],"picked":"sneckomod:SerpentMind","floor":27},{"not_picked":["sneckomod:UnknownClassBLUE","Slimebound:Teamwork"],"picked":"Guardian:Repulse","floor":28},{"not_picked":["Guardian:RevengeProtocol","Guardian:HyperBeam_Guardian"],"picked":"bronze:Allocate","floor":29},{"not_picked":["Slimebound:Darklings","animator:Guren"],"picked":"animator:FeridBathory","floor":33},{"not_picked":["sneckomod:DiceBlock","sneckomod:UnknownCommonAttack"],"picked":"sneckomod:UnknownClassGREEN","floor":35},{"not_picked":["Indignation","bronze:BugBarrage+1"],"picked":"sneckomod:UnknownDraw","floor":36},{"not_picked":["Reboot","animator:Wiz"],"picked":"Slimebound:Recycling","floor":38},{"not_picked":["Guardian:Planning","bronze:CleanCode"],"picked":"Berserk","floor":40},{"not_picked":["Alpha","Night Terror"],"picked":"Impervious","floor":41},{"not_picked":["champ:RecklessLeap","animator:Yoichi+1"],"picked":"sneckomod:UnknownClassSLIMEBOUND","floor":42},{"not_picked":["Wraith Form v2","Alpha"],"picked":"bronze:SpaghettiCode","floor":46},{"not_picked":["Second Wind","Prostrate"],"picked":"hexamod:Hexaguard","floor":47},{"not_picked":["Bullet Time","champ:UltimateStance"],"picked":"Tools of the Trade","floor":48}],"player_experience":252794,"relics_obtained":[{"floor":7,"key":"Mummified Hand"},{"floor":8,"key":"Oddly Smooth Stone"},{"floor":9,"key":"reliquary:Firecrackers"},{"floor":10,"key":"InkBottle"},{"floor":13,"key":"reliquary:TuningFork"},{"floor":14,"key":"Guardian:GemstoneGun"},{"floor":23,"key":"Calipers"},{"floor":25,"key":"reliquary:Vitrine"},{"floor":26,"key":"reliquary:PorcupineQuills"},{"floor":27,"key":"reliquary:Spinner"},{"floor":28,"key":"Vajra"},{"floor":29,"key":"animator:AlchemistGlove"},{"floor":31,"key":"reliquary:Stiletto"},{"floor":38,"key":"reliquary:BallBearing"},{"floor":40,"key":"reliquary:Sideboard"},{"floor":41,"key":"animator:WornHelmet"},{"floor":43,"key":"hexamod:CandleOfCauterizing"},{"floor":46,"key":"Gambling Chip"},{"floor":48,"key":"bronze:BronzeIdol"}],"event_choices":[{"damage_healed":0,"gold_gain":275,"player_choice":"Desecrate","damage_taken":0,"max_hp_gain":0,"max_hp_loss":0,"event_name":"Golden Shrine","floor":3,"gold_loss":0,"cards_obtained":["Regret"]},{"damage_healed":0,"gold_gain":0,"player_choice":"Slimed","damage_taken":11,"max_hp_gain":0,"max_hp_loss":0,"event_name":"betterThird:BetterGoop","floor":5,"gold_loss":37},{"damage_healed":0,"gold_gain":100,"player_choice":"Bet on Murderer","damage_taken":0,"max_hp_gain":0,"max_hp_loss":0,"event_name":"The Joust","floor":20,"gold_loss":50},{"damage_healed":0,"gold_gain":0,"player_choice":"Opened","damage_taken":0,"relics_obtained":["Bag of Preparation"],"max_hp_gain":0,"max_hp_loss":0,"event_name":"The Mausoleum","floor":21,"gold_loss":0,"cards_obtained":["Writhe"]},{"damage_healed":0,"gold_gain":275,"player_choice":"Desecrate","damage_taken":0,"max_hp_gain":0,"max_hp_loss":0,"event_name":"Golden Shrine","floor":37,"gold_loss":0,"cards_obtained":["Regret"]},{"damage_healed":0,"gold_gain":0,"player_choice":"Paid","damage_taken":0,"relics_obtained":["Red Mask"],"max_hp_gain":0,"max_hp_loss":0,"event_name":"Tomb of Lord Red Mask","floor":44,"gold_loss":429}],"is_beta":false,"boss_relics":[{"not_picked":["Velvet Choker","Empty Cage"],"picked":"Runic Dome"},{"not_picked":["animator:HolyGrailRelic","Tiny House"],"picked":"animator:CursedBlade"}],"items_purged_floors":[],"is_endless":false,"potions_floor_spawned":[7,8,10,13,14,16,23,24,28,33,35,36,40,46,47],"ascension_level":20}}