{"host":"wuernuywc9gl215o","time":1613395463,"event":{"mods":["2.2 Compatiblity","AchievementEnabler","BaseMod","Bestiary","Block Reminder","Displayed Cursed Tome","Highlight Path","Key Reminder","Minty Spire (QoL Compilation)","Permanent Neow","Potion Indicator Mod","Quick Restart","Rare Cards Sparkle","Relic Stats","ojb\u0027s Info Mod"],"gold_per_floor":[109,59,69,82,82,108,108,136,136,178,190,214,226,265,277,289,289],"floor_reached":16,"language":"ENG","playtime":795,"items_purged":[],"score":171,"play_id":"e2a2e345-51ed-4f45-885e-c89ede4f3c93","local_time":"20210215132423","is_ascension_mode":true,"campfire_choices":[{"floor":7,"key":"REST"},{"floor":11,"key":"REST"},{"data":"Sweeping Beam","floor":13,"key":"SMITH"},{"data":"Ball Lightning","floor":15,"key":"SMITH"}],"circlet_count":0,"master_deck":["Strike_B","Strike_B","Strike_B","Defend_B","Defend_B","Defend_B","Defend_B","Zap","Dualcast","Doom and Gloom","Ball Lightning+1","Loop","Pain","Ball Lightning","Leap","Loop+1","Sweeping Beam+1","Cold Snap"],"relics":["Black Star","WarpedTongs","Juzu Bracelet","Frozen Egg 2","Regal Pillow","Ancient Tea Set","MawBank","Odd Mushroom","Singing Bowl","Eternal Feather","keyreminder:keyreminder"],"acts_visited":["Exordium"],"potions_floor_usage":[8,10],"damage_taken":[{"damage":4,"enemies":"2 Louse","floor":1,"turns":2},{"damage":1,"enemies":"Jaw Worm","floor":3,"turns":4},{"damage":1,"enemies":"Cultist","floor":4,"turns":3},{"damage":38,"enemies":"Gremlin Nob","floor":6,"turns":4},{"damage":19,"enemies":"3 Sentries","floor":8,"turns":5},{"damage":9,"enemies":"The Mushroom Lair","floor":10,"turns":4},{"damage":4,"enemies":"Exordium Wildlife","floor":12,"turns":2},{"damage":20,"enemies":"Lagavulin","floor":14,"turns":5},{"damage":40,"enemies":"The Guardian","floor":16,"turns":5}],"seed_played":"-4071491859449433970","potions_obtained":[{"floor":1,"key":"AttackPotion"},{"floor":3,"key":"ColorlessPotion"},{"floor":6,"key":"Ancient Potion"}],"is_trial":false,"path_per_floor":["M","?","M","M","?","E","R","E","T","?","R","M","R","E","R","B"],"character_chosen":"DEFECT","items_purchased":[],"campfire_rested":2,"item_purchase_floors":[],"current_hp_per_floor":[64,64,63,62,62,24,46,27,27,18,55,51,51,31,40,0,0],"gold":289,"neow_bonus":"BOSS_RELIC","is_daily":false,"chose_seed":false,"campfire_upgraded":2,"win_rate":0.0,"timestamp":1613395463,"path_taken":["M","?","M","M","?","E","R","E","T","?","R","M","R","E","R","BOSS"],"items_purchased_type":[],"build_version":"2020-12-22","purchased_purges":0,"victory":false,"max_hp_per_floor":[75,75,75,75,75,75,75,75,75,75,75,75,75,75,75,75,75],"relic_stats":{"Regal Pillow":15,"Singing Bowl":0,"counters":[9,34],"Eternal Feather":9,"Black Star":3,"Juzu Bracelet":1,"MawBank":84,"obtain_stats":[{"keyreminder:keyreminder":14,"Regal Pillow":8,"Singing Bowl":14,"Eternal Feather":14,"Black Star":0,"Juzu Bracelet":6,"Frozen Egg 2":6,"Odd Mushroom":10,"Cracked Core":0,"Ancient Tea Set":8,"MawBank":9,"WarpedTongs":5},{"keyreminder:keyreminder":8,"Regal Pillow":5,"Singing Bowl":8,"Eternal Feather":8,"Black Star":0,"Juzu Bracelet":4,"Frozen Egg 2":4,"Odd Mushroom":6,"Cracked Core":0,"Ancient Tea Set":5,"MawBank":5,"WarpedTongs":3},{"keyreminder:keyreminder":29,"Regal Pillow":18,"Singing Bowl":29,"Eternal Feather":29,"Black Star":0,"Juzu Bracelet":13,"Frozen Egg 2":13,"Odd Mushroom":22,"Cracked Core":0,"Ancient Tea Set":18,"MawBank":18,"WarpedTongs":9}],"WarpedTongs":[25]},"card_choices":[{"not_picked":["Stack","Force Field"],"picked":"Doom and Gloom","floor":1},{"not_picked":["Sunder","Chill"],"picked":"Ball Lightning","floor":3},{"not_picked":["Redo","Gash"],"picked":"Loop","floor":4},{"not_picked":["Coolheaded","White Noise"],"picked":"Ball Lightning","floor":6},{"not_picked":["Redo","Reprogram"],"picked":"Leap","floor":8},{"not_picked":["Chaos","Tempest"],"picked":"Loop+1","floor":10},{"not_picked":["Force Field","Hologram"],"picked":"Sweeping Beam","floor":12},{"not_picked":["Reboot","Reinforced Body"],"picked":"Cold Snap","floor":14}],"player_experience":975637,"relics_obtained":[{"floor":6,"key":"Juzu Bracelet"},{"floor":6,"key":"Frozen Egg 2"},{"floor":8,"key":"Regal Pillow"},{"floor":8,"key":"Ancient Tea Set"},{"floor":9,"key":"MawBank"},{"floor":10,"key":"Odd Mushroom"},{"floor":14,"key":"Singing Bowl"},{"floor":14,"key":"Eternal Feather"}],"event_choices":[{"cards_removed":["Strike_B"],"damage_healed":0,"gold_gain":0,"player_choice":"Card Removal","damage_taken":0,"max_hp_gain":0,"max_hp_loss":0,"event_name":"The Cleric","floor":2,"gold_loss":50},{"damage_healed":0,"gold_gain":0,"player_choice":"Rummage","damage_taken":0,"relics_obtained":["WarpedTongs"],"max_hp_gain":0,"max_hp_loss":0,"event_name":"Accursed Blacksmith","floor":5,"gold_loss":0,"cards_obtained":["Pain"]},{"damage_healed":0,"gold_gain":0,"player_choice":"Fought Mushrooms","damage_taken":0,"max_hp_gain":0,"max_hp_loss":0,"event_name":"Mushrooms","floor":10,"gold_loss":0}],"is_beta":false,"boss_relics":[],"items_purged_floors":[],"is_endless":false,"potions_floor_spawned":[1,3,6],"killed_by":"The Guardian","ascension_level":9}}