{"host":"29uuqgkzqd703i93","time":1613420826,"event":{"mods":["BaseMod","Minty Spire (QoL Compilation)"],"gold_per_floor":[369,382,1,14,24,24,38,50,50,85,105,120,120,137,137,239,239,249,249,264,17,31,31,31,31,31,31,31,41,73,87,87,189,189,202,218,218,234,234,234,249,1,25,25,25,25,25],"floor_reached":46,"language":"ENG","playtime":4000,"items_purged":["Dagger Spray"],"score":496,"play_id":"ec44dd14-3404-4e1e-b505-dc3a4b7718f6","local_time":"20210215212706","is_ascension_mode":false,"campfire_choices":[{"data":"After Image","floor":6,"key":"SMITH"},{"data":"Blade Dance","floor":13,"key":"SMITH"},{"data":"Cloak And Dagger","floor":15,"key":"SMITH"},{"data":"Madness","floor":23,"key":"SMITH"},{"data":"Blade Dance","floor":25,"key":"SMITH"},{"floor":27,"key":"REST"},{"floor":32,"key":"REST"},{"data":"Apotheosis","floor":40,"key":"SMITH"}],"circlet_count":0,"master_deck":["Survivor","Underhanded Strike","Deflect","Cloak And Dagger+1","After Image+1","Dash","Quick Slash","Dodge and Roll","PiercingWail","Blade Dance+1","Concentrate","PiercingWail","Sucker Punch","Storm of Steel","Quick Slash","Distraction+1","Infinite Blades","Blade Dance+1","Madness+1","Backflip","Cloak And Dagger+1","Quick Slash","Cloak And Dagger","Cloak And Dagger+1","Adrenaline","Caltrops","Bullet Time","Venomology","Noxious Fumes","Crippling Poison","Blade Dance","Dodge and Roll","Backstab","Adrenaline","Backflip","Acrobatics","Dash+1","Apotheosis+1","Madness","Dark Shackles","Outmaneuver+1","Parasite","Flying Knee","Cloak And Dagger"],"relics":["Ring of the Snake","Anchor","StoneCalendar","War Paint","SacredBark","Pocketwatch","Ice Cream","Pandora\u0027s Box","TheAbacus","Oddly Smooth Stone"],"acts_visited":["Exordium","TheCity","TheBeyond"],"potions_floor_usage":[11,22,33,33,38],"damage_taken":[{"damage":0,"enemies":"Cultist","floor":1,"turns":4},{"damage":1,"enemies":"Jaw Worm","floor":2,"turns":4},{"damage":0,"enemies":"Small Slimes","floor":4,"turns":3},{"damage":0,"enemies":"Exordium Wildlife","floor":5,"turns":5},{"damage":0,"enemies":"3 Louse","floor":7,"turns":3},{"damage":2,"enemies":"Lots of Slimes","floor":8,"turns":7},{"damage":1,"enemies":"Lagavulin","floor":10,"turns":7},{"damage":0,"enemies":"Looter","floor":11,"turns":4},{"damage":0,"enemies":"Exordium Thugs","floor":12,"turns":7},{"damage":0,"enemies":"Large Slime","floor":14,"turns":6},{"damage":57,"enemies":"The Guardian","floor":16,"turns":20},{"damage":12,"enemies":"Chosen","floor":18,"turns":7},{"damage":0,"enemies":"Shell Parasite","floor":20,"turns":7},{"damage":0,"enemies":"Centurion and Healer","floor":22,"turns":6},{"damage":0,"enemies":"Colosseum Slavers","floor":28,"turns":5},{"damage":15,"enemies":"Chosen and Byrds","floor":29,"turns":7},{"damage":23,"enemies":"Book of Stabbing","floor":30,"turns":7},{"damage":12,"enemies":"Snake Plant","floor":31,"turns":7},{"damage":65,"enemies":"Automaton","floor":33,"turns":17},{"damage":0,"enemies":"3 Shapes","floor":35,"turns":4},{"damage":3,"enemies":"3 Darklings","floor":36,"turns":7},{"damage":0,"enemies":"Spire Growth","floor":38,"turns":6},{"damage":9,"enemies":"Writhing Mass","floor":41,"turns":7},{"damage":52,"enemies":"Reptomancer","floor":46,"turns":5}],"seed_played":"-149105135634581588","potions_obtained":[{"floor":5,"key":"ColorlessPotion"},{"floor":7,"key":"DistilledChaos"},{"floor":8,"key":"Strength Potion"},{"floor":11,"key":"LiquidBronze"},{"floor":12,"key":"BlessingOfTheForge"},{"floor":22,"key":"Weak Potion"},{"floor":29,"key":"FairyPotion"},{"floor":30,"key":"Energy Potion"},{"floor":36,"key":"LiquidBronze"},{"floor":38,"key":"Swift Potion"}],"is_trial":false,"path_per_floor":["M","M","$","M","M","R","M","M","T","E","M","M","R","M","R","B",null,"M","?","M","$","M","R","$","R","T","R","?","M","E","M","R","B",null,"M","M","?","M","?","R","M","$","T","$","?","E"],"character_chosen":"THE_SILENT","items_purchased":["Cloak And Dagger","After Image","Dash","Anchor","Infinite Blades","Blade Dance","Madness","Backflip","TheAbacus","Cloak And Dagger"],"campfire_rested":2,"item_purchase_floors":[3,3,3,3,21,21,21,21,42,42],"current_hp_per_floor":[70,69,69,69,69,69,69,67,67,66,66,66,66,66,66,9,70,58,58,58,58,58,58,58,58,58,70,70,55,32,20,41,18,70,70,67,57,57,57,57,48,48,48,48,48,0,0],"gold":25,"neow_bonus":"TWO_FIFTY_GOLD","is_daily":false,"chose_seed":false,"campfire_upgraded":6,"win_rate":0.0,"timestamp":1613420826,"path_taken":["M","M","$","M","M","R","M","?","T","E","M","M","R","?","R","BOSS","M","?","M","$","M","R","$","R","T","R","?","M","E","M","R","BOSS","M","M","?","M","?","R","?","$","T","$","?","E"],"items_purchased_type":["Card","Card","Card","Relic","Card","Card","Card","Card","Relic","Card"],"build_version":"2020-12-22","purchased_purges":1,"victory":false,"max_hp_per_floor":[70,70,70,70,70,70,70,70,70,70,70,70,70,70,70,70,70,70,70,70,70,70,70,70,70,70,70,70,70,70,70,70,70,70,70,70,70,70,70,70,70,70,70,70,70,70,70],"card_choices":[{"not_picked":["Deadly Poison","Tactician"],"picked":"Underhanded Strike","floor":1},{"not_picked":["Quick Slash","Reflex"],"picked":"Deflect","floor":2},{"not_picked":["Bane","Catalyst"],"picked":"Quick Slash","floor":4},{"not_picked":["Acrobatics","Skewer"],"picked":"Dodge and Roll","floor":5},{"not_picked":["Noxious Fumes","Eviscerate"],"picked":"PiercingWail","floor":7},{"not_picked":["Underhanded Strike","Deflect"],"picked":"Blade Dance","floor":8},{"not_picked":["Escape Plan","Adrenaline"],"picked":"Concentrate","floor":10},{"not_picked":["Concentrate","Riddle With Holes"],"picked":"PiercingWail","floor":11},{"not_picked":["Heel Hook","Eviscerate"],"picked":"Sucker Punch","floor":12},{"not_picked":["Masterful Stab","Tactician"],"picked":"Dagger Spray","floor":14},{"not_picked":["Malaise","Die Die Die"],"picked":"Storm of Steel","floor":16},{"not_picked":["Bouncing Flask+1","Underhanded Strike"],"picked":"Quick Slash","floor":18},{"not_picked":["Backstab","Outmaneuver+1"],"picked":"Distraction+1","floor":20},{"not_picked":["Eviscerate","Noxious Fumes"],"picked":"Cloak And Dagger+1","floor":22},{"not_picked":["Setup","Reflex+1"],"picked":"Quick Slash","floor":29},{"not_picked":["Deflect+1","Flechettes+1"],"picked":"Cloak And Dagger","floor":30},{"not_picked":["Underhanded Strike+1","Tactician+1"],"picked":"Cloak And Dagger+1","floor":31},{"not_picked":["Die Die Die","Doppelganger"],"picked":"Adrenaline","floor":33},{"not_picked":["Deadly Poison+1","All Out Attack+1"],"picked":"Acrobatics","floor":35},{"not_picked":["Dodge and Roll+1","Setup"],"picked":"Dash+1","floor":36},{"not_picked":["Blind","Deep Breath"],"picked":"Apotheosis","floor":37},{"not_picked":["Apotheosis","Deep Breath"],"picked":"Madness","floor":37},{"not_picked":["Mind Blast","Deep Breath"],"picked":"Dark Shackles","floor":37},{"not_picked":["Choke","Skewer+1"],"picked":"Outmaneuver+1","floor":38},{"not_picked":["Quick Slash+1","Underhanded Strike"],"picked":"Flying Knee","floor":41}],"player_experience":103420,"relics_obtained":[{"floor":9,"key":"StoneCalendar"},{"floor":10,"key":"War Paint"},{"floor":26,"key":"Pocketwatch"},{"floor":30,"key":"Ice Cream"},{"floor":43,"key":"Oddly Smooth Stone"}],"event_choices":[{"damage_healed":0,"gold_gain":0,"player_choice":"Ignored","damage_taken":0,"max_hp_gain":0,"max_hp_loss":0,"event_name":"Ghosts","floor":19,"gold_loss":0},{"damage_healed":0,"gold_gain":0,"player_choice":"Fight","damage_taken":0,"max_hp_gain":0,"max_hp_loss":0,"event_name":"Colosseum","floor":28,"gold_loss":0},{"damage_healed":0,"gold_gain":0,"player_choice":"Fled From Nobs","damage_taken":0,"max_hp_gain":0,"max_hp_loss":0,"event_name":"Colosseum","floor":28,"gold_loss":0},{"damage_healed":0,"gold_gain":0,"player_choice":"Memory 3","damage_taken":10,"max_hp_gain":0,"max_hp_loss":0,"event_name":"SensoryStone","floor":37,"gold_loss":0},{"cards_removed":["Clumsy"],"damage_healed":0,"gold_gain":0,"player_choice":"Purged","damage_taken":0,"max_hp_gain":0,"max_hp_loss":0,"event_name":"Purifier","floor":39,"gold_loss":0},{"cards_removed":["Neutralize"],"damage_healed":0,"gold_gain":0,"player_choice":"Removed Attack","damage_taken":0,"max_hp_gain":0,"max_hp_loss":0,"event_name":"Falling","floor":45,"gold_loss":0}],"is_beta":false,"boss_relics":[{"not_picked":["Coffee Dripper","Runic Dome"],"picked":"SacredBark"},{"not_picked":["Cursed Key","Empty Cage"],"picked":"Pandora\u0027s Box"}],"items_purged_floors":[42],"is_endless":false,"potions_floor_spawned":[5,7,8,11,12,16,22,29,30,31,36,38],"killed_by":"Reptomancer","ascension_level":0}}