{"host":"8ztb9kwpjc2zof9s","time":1613383143,"event":{"mods":["BaseMod","Block Reminder","Curses Come First","Minty Spire (QoL Compilation)","Relic Stats","StSLib"],"gold_per_floor":[118,137,153,53,53,78,43,43,43,60,75,75,0,11,11,82,82,101,101,101,119,119,119,34,34,34,53,53,71,83,2,2,75,75,87,87,87,87,102,131,131,14,68,95,111,136,136,191,191,191,191],"floor_reached":50,"language":"ENG","playtime":3673,"items_purged":["Strike_G"],"score":913,"play_id":"868c7b27-c9b3-47de-9463-5f593fe2b538","local_time":"20210215015903","is_ascension_mode":true,"campfire_choices":[{"data":"Accuracy","floor":15,"key":"SMITH"},{"data":"After Image","floor":23,"key":"SMITH"},{"data":"Footwork","floor":25,"key":"SMITH"},{"data":"Noxious Fumes","floor":28,"key":"SMITH"},{"data":"Envenom","floor":32,"key":"SMITH"},{"data":"Well Laid Plans","floor":41,"key":"SMITH"},{"data":"Accuracy","floor":47,"key":"SMITH"},{"data":"Prepared","floor":49,"key":"SMITH"}],"circlet_count":0,"master_deck":["AscendersBane","Strike_G","Strike_G","Defend_G","Defend_G","Defend_G","Defend_G","Defend_G","Survivor","Prepared+1","Well Laid Plans+1","Escape Plan","Cloak And Dagger","Accuracy+1","Catalyst+1","Footwork+1","Blade Dance+1","Parasite","Noxious Fumes+1","After Image+1","Blur+1","Decay","Cloak And Dagger+1","Leg Sweep+1","Prepared+1","Cloak And Dagger+1","Envenom+1","Blur+1","Prepared+1","Master of Strategy+1","Blade Dance+1","Accuracy+1","Tactician+1","Normality","PiercingWail+1","Night Terror+1","Caltrops"],"relics":["Ring of the Serpent","Toxic Egg 2","Oddly Smooth Stone","Darkstone Periapt","Art of War","Ornamental Fan","Cursed Key","Juzu Bracelet","Pen Nib","Tingsha","Thread and Needle","Du-Vu Doll"],"acts_visited":["Exordium","TheCity","TheBeyond"],"potions_floor_usage":[10,16,16,29,30,33,50],"damage_taken":[{"damage":2,"enemies":"Cultist","floor":1,"turns":4},{"damage":1,"enemies":"Jaw Worm","floor":2,"turns":8},{"damage":4,"enemies":"Small Slimes","floor":3,"turns":5},{"damage":38,"enemies":"3 Sentries","floor":6,"turns":19},{"damage":2,"enemies":"Looter","floor":10,"turns":3},{"damage":9,"enemies":"Exordium Wildlife","floor":11,"turns":7},{"damage":0,"enemies":"2 Fungi Beasts","floor":14,"turns":6},{"damage":11,"enemies":"Hexaghost","floor":16,"turns":10},{"damage":0,"enemies":"Chosen","floor":18,"turns":7},{"damage":6,"enemies":"Shell Parasite","floor":21,"turns":8},{"damage":21,"enemies":"Snake Plant","floor":27,"turns":6},{"damage":0,"enemies":"Centurion and Healer","floor":29,"turns":5},{"damage":5,"enemies":"3 Cultists","floor":30,"turns":7},{"damage":24,"enemies":"Automaton","floor":33,"turns":9},{"damage":0,"enemies":"3 Darklings","floor":35,"turns":6},{"damage":0,"enemies":"3 Shapes","floor":39,"turns":6},{"damage":0,"enemies":"Giant Head","floor":40,"turns":8},{"damage":22,"enemies":"Nemesis","floor":44,"turns":9},{"damage":0,"enemies":"Maw","floor":45,"turns":6},{"damage":0,"enemies":"Mind Bloom Boss Battle","floor":46,"turns":6},{"damage":4,"enemies":"2 Orb Walkers","floor":48,"turns":6},{"damage":45,"enemies":"Awakened One","floor":50,"turns":3}],"seed_played":"2996567008753055086","potions_obtained":[{"floor":1,"key":"FearPotion"},{"floor":6,"key":"SkillPotion"},{"floor":14,"key":"LiquidMemories"},{"floor":16,"key":"CultistPotion"},{"floor":27,"key":"Block Potion"},{"floor":29,"key":"Fire Potion"},{"floor":45,"key":"Ancient Potion"},{"floor":48,"key":"ColorlessPotion"}],"is_trial":false,"path_per_floor":["M","M","M","$","?","E","?","?","T","M","M","?","$","M","R","B",null,"M","?","?","M","?","R","$","R","T","M","R","M","M","$","R","B",null,"M","?","?","?","M","E","R","$","T","E","M","?","R","?","R","B"],"character_chosen":"THE_SILENT","items_purchased":["Cloak And Dagger","Accuracy","Cloak And Dagger+1","Leg Sweep+1","Blur+1","Accuracy","Tactician+1"],"campfire_rested":0,"item_purchase_floors":[4,4,24,24,31,42,42],"current_hp_per_floor":[61,60,56,56,49,11,28,28,28,26,17,40,40,40,40,29,64,64,64,64,58,64,64,64,64,64,43,43,43,38,38,38,14,65,65,65,65,65,65,65,65,65,71,49,49,49,49,45,45,0,0],"gold":191,"neow_bonus":"REMOVE_CARD","is_daily":false,"chose_seed":false,"campfire_upgraded":8,"win_rate":0.0,"timestamp":1613383143,"path_taken":["M","M","M","$","?","E","?","?","T","M","M","?","?","M","R","BOSS","M","?","?","M","?","R","$","R","T","M","R","M","M","$","R","BOSS","M","?","?","?","?","E","R","$","T","E","M","?","R","?","R","BOSS"],"items_purchased_type":["Card","Card","Card","Card","Card","Card","Card"],"build_version":"2020-12-22","purchased_purges":1,"victory":false,"max_hp_per_floor":[70,70,70,70,70,70,70,70,70,70,70,76,76,76,76,76,76,76,76,76,76,82,82,82,82,82,82,82,82,82,82,82,82,82,82,82,82,82,82,82,82,82,88,88,88,88,88,88,88,88,88],"relic_stats":{"Darkstone Periapt":18,"counters":[22,154],"Ornamental Fan":[184],"Tingsha":[69],"Pen Nib":[8],"Art of War":[19],"Juzu Bracelet":0,"Cursed Key":1,"obtain_stats":[{"Darkstone Periapt":9,"Oddly Smooth Stone":6,"Tingsha":44,"Thread and Needle":46,"Pen Nib":43,"Juzu Bracelet":40,"Cursed Key":34,"Du-Vu Doll":48,"Ornamental Fan":26,"Art of War":19,"Toxic Egg 2":5,"Ring of the Serpent":17,"Ring of the Snake":0},{"Darkstone Periapt":4,"Oddly Smooth Stone":4,"Tingsha":18,"Thread and Needle":20,"Pen Nib":17,"Juzu Bracelet":17,"Cursed Key":14,"Du-Vu Doll":21,"Ornamental Fan":10,"Art of War":9,"Toxic Egg 2":3,"Ring of the Serpent":8,"Ring of the Snake":0},{"Darkstone Periapt":36,"Oddly Smooth Stone":36,"Tingsha":133,"Thread and Needle":145,"Pen Nib":124,"Juzu Bracelet":124,"Cursed Key":104,"Du-Vu Doll":151,"Ornamental Fan":77,"Art of War":69,"Toxic Egg 2":17,"Ring of the Serpent":62,"Ring of the Snake":0}]},"card_choices":[{"not_picked":["All Out Attack","PiercingWail"],"picked":"Prepared","floor":1},{"not_picked":["Poisoned Stab","Prepared"],"picked":"Well Laid Plans","floor":2},{"not_picked":["Outmaneuver","Heel Hook"],"picked":"Escape Plan","floor":3},{"not_picked":["PiercingWail+1","Crippling Poison+1"],"picked":"Catalyst+1","floor":6},{"not_picked":["All Out Attack","Malaise+1"],"picked":"Footwork","floor":10},{"not_picked":["Endless Agony","Bouncing Flask+1"],"picked":"Blade Dance+1","floor":11},{"not_picked":["Calculated Gamble+1","Deflect+1"],"picked":"Noxious Fumes","floor":14},{"not_picked":["Tools of the Trade","Corpse Explosion+1"],"picked":"After Image","floor":16},{"not_picked":["Bane","Poisoned Stab"],"picked":"Blur+1","floor":18},{"not_picked":["Dodge and Roll+1","Poisoned Stab","Skewer"],"picked":"SKIP","floor":21},{"not_picked":["Leg Sweep+1","Outmaneuver+1"],"picked":"Prepared+1","floor":27},{"not_picked":["Dodge and Roll+1","Setup+1"],"picked":"Cloak And Dagger+1","floor":29},{"not_picked":["Dodge and Roll+1","Poisoned Stab"],"picked":"Envenom","floor":30},{"not_picked":["Concentrate+1","Dagger Throw"],"picked":"Prepared+1","floor":35},{"not_picked":["Secret Technique+1","Metamorphosis+1"],"picked":"Master of Strategy+1","floor":36},{"not_picked":["Deadly Poison+1","Quick Slash"],"picked":"Blade Dance+1","floor":39},{"not_picked":["Tools of the Trade","Backstab","Slice"],"picked":"SKIP","floor":40},{"not_picked":["Bane","Quick Slash+1"],"picked":"PiercingWail+1","floor":44},{"not_picked":["Sucker Punch","Deadly Poison+1","Bane"],"picked":"SKIP","floor":45},{"not_picked":["Crippling Poison+1","Eviscerate"],"picked":"Night Terror+1","floor":46},{"not_picked":["Slice+1","Underhanded Strike"],"picked":"Caltrops","floor":48}],"player_experience":347131,"relics_obtained":[{"floor":6,"key":"Oddly Smooth Stone"},{"floor":9,"key":"Darkstone Periapt"},{"floor":26,"key":"Ornamental Fan"},{"floor":40,"key":"Juzu Bracelet"},{"floor":43,"key":"Pen Nib"},{"floor":44,"key":"Tingsha"},{"floor":46,"key":"Thread and Needle"},{"floor":48,"key":"Du-Vu Doll"}],"event_choices":[{"damage_healed":0,"gold_gain":0,"player_choice":"Success","damage_taken":7,"relics_obtained":["Toxic Egg 2"],"max_hp_gain":0,"max_hp_loss":0,"event_name":"Scrap Ooze","floor":5,"gold_loss":0},{"damage_healed":17,"gold_gain":0,"player_choice":"Healed","damage_taken":0,"max_hp_gain":0,"max_hp_loss":0,"event_name":"The Cleric","floor":7,"gold_loss":35},{"damage_healed":0,"gold_gain":0,"player_choice":"Ignored","damage_taken":0,"max_hp_gain":0,"max_hp_loss":0,"event_name":"Golden Wing","floor":8,"gold_loss":0},{"damage_healed":17,"gold_gain":0,"player_choice":"Healed and dodged fight","damage_taken":0,"max_hp_gain":0,"max_hp_loss":0,"event_name":"Mushrooms","floor":12,"gold_loss":0,"cards_obtained":["Parasite"]},{"damage_healed":0,"gold_gain":0,"player_choice":"Opened","damage_taken":0,"relics_obtained":["Art of War"],"max_hp_gain":0,"max_hp_loss":0,"event_name":"The Mausoleum","floor":19,"gold_loss":0},{"cards_removed":["Strike_G"],"damage_healed":0,"gold_gain":0,"player_choice":"Elegance","damage_taken":0,"max_hp_gain":0,"max_hp_loss":0,"event_name":"Back to Basics","floor":20,"gold_loss":0},{"damage_healed":0,"gold_gain":0,"player_choice":"Smashed Altar","damage_taken":0,"max_hp_gain":0,"max_hp_loss":0,"event_name":"Forgotten Altar","floor":22,"gold_loss":0,"cards_obtained":["Decay"]},{"damage_healed":0,"gold_gain":0,"player_choice":"Memory 1","damage_taken":0,"max_hp_gain":0,"max_hp_loss":0,"event_name":"SensoryStone","floor":36,"gold_loss":0},{"cards_removed":["Neutralize"],"damage_healed":0,"gold_gain":0,"player_choice":"Removed Attack","damage_taken":0,"max_hp_gain":0,"max_hp_loss":0,"event_name":"Falling","floor":37,"gold_loss":0},{"damage_healed":0,"gold_gain":0,"player_choice":"0 cards matched","damage_taken":0,"max_hp_gain":0,"max_hp_loss":0,"event_name":"Match and Keep!","floor":38,"gold_loss":0,"cards_obtained":[]},{"damage_healed":0,"gold_gain":0,"player_choice":"Fight","damage_taken":0,"max_hp_gain":0,"max_hp_loss":0,"event_name":"MindBloom","floor":46,"gold_loss":0},{"damage_healed":0,"gold_gain":0,"player_choice":"Fight","damage_taken":0,"max_hp_gain":0,"max_hp_loss":0,"event_name":"Mysterious Sphere","floor":48,"gold_loss":0}],"is_beta":false,"boss_relics":[{"not_picked":["Astrolabe","Snecko Eye"],"picked":"Ring of the Serpent"},{"not_picked":["Sozu","Fusion Hammer"],"picked":"Cursed Key"}],"items_purged_floors":[13],"is_endless":false,"potions_floor_spawned":[1,6,14,16,27,29,45,48],"killed_by":"Awakened One","ascension_level":13}}