{"host":"vumwfieg2b2mnrfl","time":1613428795,"event":{"mods":["AchievementEnabler","BaseMod","Minty Spire (QoL Compilation)","Rare Cards Sparkle","Relic Stats"],"gold_per_floor":[113,188,153,153,171,202,214,240,275,313,325,349,389,61,61,136,136,148,127,146,71,71,71,108,108,108],"floor_reached":25,"language":"ENG","playtime":1000,"items_purged":["Pain"],"score":492,"play_id":"af7cb337-f72d-49f9-9487-015529892a39","local_time":"20210215163955","is_ascension_mode":true,"campfire_choices":[{"data":"Leg Sweep","floor":7,"key":"SMITH"},{"data":"Catalyst","floor":15,"key":"SMITH"},{"floor":23,"key":"REST"}],"circlet_count":0,"master_deck":["AscendersBane","Strike_G","Strike_G","Strike_G","Strike_G","Defend_G","Defend_G","Defend_G","Defend_G","Defend_G","Survivor","Neutralize","Leg Sweep+1","Catalyst+1","Backflip","Blade Dance","Envenom","Flying Knee","Catalyst","Malaise","Prepared","Accuracy","Leg Sweep","Poisoned Stab"],"relics":["Ring of the Snake","NeowsBlessing","WarpedTongs","MawBank","Happy Flower","Centennial Puzzle","InkBottle","Pantograph","SlaversCollar"],"acts_visited":["Exordium","TheCity"],"potions_floor_usage":[12,16,24],"damage_taken":[{"damage":0,"enemies":"Small Slimes","floor":1,"turns":1},{"damage":2,"enemies":"2 Louse","floor":5,"turns":1},{"damage":0,"enemies":"Gremlin Nob","floor":6,"turns":1},{"damage":2,"enemies":"Cultist","floor":8,"turns":5},{"damage":27,"enemies":"3 Sentries","floor":10,"turns":14},{"damage":2,"enemies":"Gremlin Gang","floor":12,"turns":4},{"damage":14,"enemies":"Lagavulin","floor":13,"turns":5},{"damage":3,"enemies":"Hexaghost","floor":16,"turns":9},{"damage":12,"enemies":"Chosen","floor":18,"turns":5},{"damage":8,"enemies":"2 Thieves","floor":19,"turns":4},{"damage":19,"enemies":"Shelled Parasite and Fungi","floor":20,"turns":11},{"damage":13,"enemies":"Snake Plant","floor":24,"turns":7},{"damage":32,"enemies":"Gremlin Leader","floor":25,"turns":6}],"seed_played":"-6074908403787656586","potions_obtained":[{"floor":6,"key":"CunningPotion"},{"floor":8,"key":"Swift Potion"},{"floor":18,"key":"ColorlessPotion"},{"floor":19,"key":"Ancient Potion"}],"is_trial":false,"path_per_floor":["M","?","?","?","M","E","R","M","T","E","$","M","E","$","R","B",null,"M","M","M","?","?","R","M","E"],"character_chosen":"THE_SILENT","items_purchased":["Pantograph"],"campfire_rested":1,"item_purchase_floors":[14],"current_hp_per_floor":[59,48,64,64,62,62,62,60,60,33,33,31,17,17,17,39,59,47,39,20,20,20,39,26,0,0],"gold":108,"neow_bonus":"THREE_ENEMY_KILL","is_daily":false,"chose_seed":false,"campfire_upgraded":2,"win_rate":0.0,"timestamp":1613428795,"path_taken":["M","?","?","?","M","E","R","?","T","E","$","?","E","?","R","BOSS","M","?","?","?","?","R","M","E"],"items_purchased_type":["Relic"],"build_version":"2020-12-22","purchased_purges":1,"victory":false,"max_hp_per_floor":[66,66,66,66,66,66,66,66,66,66,66,66,66,66,66,66,66,66,66,66,66,66,66,66,66,66],"relic_stats":{"Centennial Puzzle":[24],"Happy Flower":[21],"counters":[13,73],"Pantograph":25,"MawBank":96,"obtain_stats":[{"SlaversCollar":17,"Centennial Puzzle":10,"NeowsBlessing":0,"Happy Flower":9,"Pantograph":14,"MawBank":6,"InkBottle":13,"Ring of the Snake":0,"WarpedTongs":4},{"SlaversCollar":8,"Centennial Puzzle":5,"NeowsBlessing":0,"Happy Flower":4,"Pantograph":7,"MawBank":3,"InkBottle":7,"Ring of the Snake":0,"WarpedTongs":1},{"SlaversCollar":40,"Centennial Puzzle":22,"NeowsBlessing":0,"Happy Flower":8,"Pantograph":31,"MawBank":3,"InkBottle":31,"Ring of the Snake":0,"WarpedTongs":1}],"InkBottle":[17],"Ring of the Snake":[26],"WarpedTongs":[69]},"card_choices":[{"not_picked":["Blade Dance","Cloak And Dagger"],"picked":"Leg Sweep","floor":1},{"not_picked":["Endless Agony","Accuracy"],"picked":"Catalyst","floor":5},{"not_picked":["Slice","Flying Knee"],"picked":"Backflip","floor":6},{"not_picked":["Heel Hook","Concentrate"],"picked":"Blade Dance","floor":8},{"not_picked":["Doppelganger","Backstab"],"picked":"Envenom","floor":10},{"not_picked":["Acrobatics","Setup"],"picked":"Flying Knee","floor":12},{"not_picked":["Slice","Infinite Blades"],"picked":"Catalyst","floor":13},{"not_picked":["A Thousand Cuts","Wraith Form v2"],"picked":"Malaise","floor":16},{"not_picked":["Deflect","Setup"],"picked":"Prepared","floor":18},{"not_picked":["Backflip","Dagger Throw"],"picked":"Accuracy","floor":19},{"not_picked":["Grand Finale","Prepared"],"picked":"Leg Sweep","floor":20},{"not_picked":["Deflect","Quick Slash+1"],"picked":"Poisoned Stab","floor":24}],"player_experience":563553,"relics_obtained":[{"floor":6,"key":"MawBank"},{"floor":9,"key":"Happy Flower"},{"floor":10,"key":"Centennial Puzzle"},{"floor":13,"key":"InkBottle"}],"event_choices":[{"damage_healed":0,"gold_gain":75,"player_choice":"Gather Gold","damage_taken":11,"max_hp_gain":0,"max_hp_loss":0,"event_name":"World of Goop","floor":2,"gold_loss":0},{"damage_healed":16,"gold_gain":0,"player_choice":"Healed","damage_taken":0,"max_hp_gain":0,"max_hp_loss":0,"event_name":"The Cleric","floor":3,"gold_loss":35},{"damage_healed":0,"gold_gain":0,"player_choice":"Rummage","damage_taken":0,"relics_obtained":["WarpedTongs"],"max_hp_gain":0,"max_hp_loss":0,"event_name":"Accursed Blacksmith","floor":4,"gold_loss":0,"cards_obtained":["Pain"]},{"cards_removed":["Strike_G"],"damage_healed":0,"gold_gain":0,"player_choice":"Gave Gold","damage_taken":0,"max_hp_gain":0,"max_hp_loss":0,"event_name":"Beggar","floor":21,"gold_loss":75},{"damage_healed":0,"gold_gain":0,"player_choice":"Ignored","damage_taken":0,"max_hp_gain":0,"max_hp_loss":0,"event_name":"The Mausoleum","floor":22,"gold_loss":0}],"is_beta":false,"boss_relics":[{"not_picked":["Tiny House","Runic Dome"],"picked":"SlaversCollar"}],"items_purged_floors":[14],"is_endless":false,"potions_floor_spawned":[6,8,10,18,19],"killed_by":"Gremlin Leader","ascension_level":20}}