{"host":"981nlwu0905dw1bz","time":1613415275,"event":{"mods":["AchievementEnabler","BaseMod","DeckTracker","Minty Spire (QoL Compilation)","Rare Cards Sparkle","SuperFastMode"],"gold_per_floor":[112,112,132,132,57,83,83,102,102,102,133,133,59,88,88,190,190,206,206,305,305,55,81,81,81,81,81,94,109,141,151,151,249,249,267,267,283,137,154,154,154],"floor_reached":40,"language":"KOR","playtime":961,"items_purged":["Regret","Strike_G"],"score":809,"play_id":"bfe4f36d-839a-48a3-9324-975f5aae1606","local_time":"20210216035435","is_ascension_mode":true,"campfire_choices":[{"data":"Poisoned Stab","floor":7.0,"key":"SMITH"},{"data":"Noxious Fumes","floor":15.0,"key":"SMITH"},{"floor":25.0,"key":"DIG"},{"floor":27.0,"key":"DIG"},{"floor":32.0,"key":"REST"}],"circlet_count":0,"master_deck":["AscendersBane","Strike_G","Strike_G","Strike_G","Defend_G","Defend_G","Defend_G","Defend_G","Defend_G","Survivor","Neutralize","Poisoned Stab+1","Backflip","Dagger Spray","Acrobatics","Noxious Fumes+1","Glass Knife","CurseOfTheBell","Blur","Adrenaline","Bouncing Flask","Deadly Poison"],"relics":["Ring of the Snake","NeowsBlessing","TungstenRod","CaptainsWheel","Pear","FossilizedHelix","Bag of Preparation","Calling Bell","Du-Vu Doll","HornCleat","Centennial Puzzle","Shuriken","Shovel","Frozen Egg 2","Girya","Bottled Flame","Mercury Hourglass","Strawberry","Black Star"],"acts_visited":["Exordium","TheCity","TheBeyond"],"potions_floor_usage":[39,40],"damage_taken":[{"damage":0.0,"enemies":"Jaw Worm","floor":1.0,"turns":1.0},{"damage":0.0,"enemies":"2 Louse","floor":3.0,"turns":1.0},{"damage":0.0,"enemies":"Lagavulin","floor":6.0,"turns":1.0},{"damage":0.0,"enemies":"Cultist","floor":8.0,"turns":5.0},{"damage":21.0,"enemies":"3 Sentries","floor":11.0,"turns":8.0},{"damage":13.0,"enemies":"Lagavulin","floor":14.0,"turns":8.0},{"damage":23.0,"enemies":"The Guardian","floor":16.0,"turns":10.0},{"damage":0.0,"enemies":"Spheric Guardian","floor":18.0,"turns":3.0},{"damage":24.0,"enemies":"Slavers","floor":23.0,"turns":7.0},{"damage":0.0,"enemies":"Shell Parasite","floor":28.0,"turns":4.0},{"damage":5.0,"enemies":"Cultist and Chosen","floor":29.0,"turns":5.0},{"damage":0.0,"enemies":"Gremlin Leader","floor":30.0,"turns":6.0},{"damage":0.0,"enemies":"3 Cultists","floor":31.0,"turns":4.0},{"damage":63.0,"enemies":"Automaton","floor":33.0,"turns":11.0},{"damage":0.0,"enemies":"Orb Walker","floor":35.0,"turns":3.0},{"damage":12.0,"enemies":"3 Shapes","floor":37.0,"turns":5.0},{"damage":34,"enemies":"Writhing Mass","floor":39,"turns":6},{"damage":0,"enemies":"Reptomancer","floor":40,"turns":1}],"seed_played":"-5153821414831634266","potions_obtained":[{"floor":3.0,"key":"Weak Potion"},{"floor":8.0,"key":"GamblersBrew"},{"floor":18.0,"key":"Poison Potion"},{"floor":28.0,"key":"Swift Potion"},{"floor":30.0,"key":"GhostInAJar"},{"floor":37.0,"key":"ColorlessPotion"},{"floor":39,"key":"Poison Potion"}],"is_trial":false,"path_per_floor":["M","?","M","?","$","E","R","M","T","$","E","?","$","E","R","B",null,"M","$","?","?","$","E","T","R","T","R","M","M","E","M","R","B",null,"M","?","M","$","M","E"],"character_chosen":"THE_SILENT","items_purchased":["Noxious Fumes","Shuriken","Deadly Poison"],"campfire_rested":1,"item_purchase_floors":[13,22,38],"current_hp_per_floor":[63,63,63,70,70,70,70,70,80,80,59,59,59,46,46,23,66,66,66,66,66,66,42,42,42,42,42,42,37,44,44,70,7,67,67,67,55,55,21,21,21],"gold":154,"neow_bonus":"THREE_ENEMY_KILL","is_daily":false,"chose_seed":false,"campfire_upgraded":2,"win_rate":0.0,"timestamp":1613415275,"path_taken":["M","?","M","?","$","E","R","?","T","$","E","?","?","E","R","BOSS","M","$","?","?","?","E","?","R","T","R","M","M","E","M","R","BOSS","M","?","M","$","M","E"],"items_purchased_type":["Card","Relic","Card"],"build_version":"2020-12-22","purchased_purges":2,"victory":false,"max_hp_per_floor":[70,70,70,70,70,70,70,70,80,80,80,80,80,80,80,80,80,80,80,80,80,80,80,80,80,80,80,80,80,87,87,87,87,87,87,87,87,87,87,87,87],"card_choices":[{"not_picked":["Prepared","Catalyst"],"picked":"Poisoned Stab","floor":1.0},{"not_picked":["Flying Knee","Quick Slash"],"picked":"Backflip","floor":3.0},{"not_picked":["Skewer","Expertise"],"picked":"Dagger Spray","floor":6.0},{"not_picked":["Concentrate","Masterful Stab","Cloak And Dagger"],"picked":"SKIP","floor":8.0},{"not_picked":["Dagger Spray","Underhanded Strike"],"picked":"Acrobatics","floor":11.0},{"not_picked":["Acrobatics","Slice","Masterful Stab"],"picked":"SKIP","floor":14.0},{"not_picked":["Wraith Form v2","Doppelganger"],"picked":"Glass Knife","floor":16.0},{"not_picked":["Deadly Poison","Finisher"],"picked":"Blur","floor":18.0},{"not_picked":["Backstab","Dagger Spray"],"picked":"Adrenaline","floor":23.0},{"not_picked":["Poisoned Stab","Cloak And Dagger","Dagger Spray"],"picked":"SKIP","floor":28.0},{"not_picked":["Backflip","Predator+1","Leg Sweep"],"picked":"SKIP","floor":29.0},{"not_picked":["PiercingWail","Leg Sweep","Grand Finale"],"picked":"SKIP","floor":30.0},{"not_picked":["Poisoned Stab","Skewer","Well Laid Plans+1"],"picked":"SKIP","floor":31.0},{"not_picked":["PiercingWail+1","Flying Knee"],"picked":"Bouncing Flask","floor":35.0},{"not_picked":["Terror","Dagger Throw","Setup"],"picked":"SKIP","floor":37.0},{"not_picked":["PiercingWail","Dagger Spray","Cloak And Dagger+1"],"picked":"SKIP","floor":39}],"player_experience":565393,"relics_obtained":[{"floor":6.0,"key":"CaptainsWheel"},{"floor":9.0,"key":"Pear"},{"floor":11.0,"key":"FossilizedHelix"},{"floor":14.0,"key":"Bag of Preparation"},{"floor":17.0,"key":"Du-Vu Doll"},{"floor":17.0,"key":"HornCleat"},{"floor":17.0,"key":"Centennial Puzzle"},{"floor":23.0,"key":"Shovel"},{"floor":24.0,"key":"Frozen Egg 2"},{"floor":25.0,"key":"Girya"},{"floor":26.0,"key":"Bottled Flame"},{"floor":27.0,"key":"Mercury Hourglass"},{"floor":30.0,"key":"Strawberry"}],"event_choices":[{"damage_healed":0.0,"max_hp_gain":0.0,"max_hp_loss":0.0,"gold_gain":0.0,"event_name":"Big Fish","player_choice":"Box","floor":2.0,"gold_loss":0.0,"damage_taken":0.0,"relics_obtained":["TungstenRod"],"cards_obtained":["Regret"]},{"damage_healed":7.0,"max_hp_gain":0.0,"max_hp_loss":0.0,"gold_gain":0.0,"event_name":"Wheel of Change","player_choice":"Full Heal","floor":4.0,"gold_loss":0.0,"damage_taken":0.0},{"damage_healed":0.0,"max_hp_gain":0.0,"max_hp_loss":0.0,"gold_gain":0.0,"event_name":"Golden Idol","player_choice":"Ignored","floor":12.0,"gold_loss":0.0,"damage_taken":0.0},{"damage_healed":0.0,"max_hp_gain":0.0,"max_hp_loss":0.0,"gold_gain":99.0,"event_name":"Nest","player_choice":"Stole From Cult","floor":20.0,"gold_loss":0.0,"damage_taken":0.0},{"damage_healed":0.0,"max_hp_gain":0.0,"max_hp_loss":0.0,"gold_gain":0.0,"event_name":"Ghosts","player_choice":"Ignored","floor":21.0,"gold_loss":0.0,"damage_taken":0.0},{"cards_removed":["Strike_G"],"damage_healed":0.0,"max_hp_gain":0.0,"max_hp_loss":0.0,"gold_gain":0.0,"event_name":"Purifier","player_choice":"Purged","floor":36.0,"gold_loss":0.0,"damage_taken":0.0}],"is_beta":false,"boss_relics":[{"not_picked":["Pandora\u0027s Box","Cursed Key"],"picked":"Calling Bell"},{"not_picked":["Coffee Dripper","Runic Dome"],"picked":"Black Star"}],"items_purged_floors":[5,38],"is_endless":false,"potions_floor_spawned":[3,8,11,18,28,30,37,39],"killed_by":"Reptomancer","ascension_level":12}}