{"host":"b7dyfc527bmrkvbm","time":1613425342,"event":{"mods":["2.2 Compatiblity","Act Like it!","BaseMod","Better Altar","Better Match","Better Note","Better Sensory Stone","Better Skull","Better Third Choice","BetterRewards","Conspire","Downfall","Duelist Mod","Ekko","Elementarium","Hubris","Infinite Spire","Mimic Mod","Minty Spire (QoL Compilation)","Rare Cards Sparkle","Reliquary","Replay The Spire","Shop Mod","Smile Girya","Spire Arcade","StSLib","The Accelerator","The Animator","The Blackbeard","The Construct","The Cursed","The Disciple","The Jungle","The Runesmith","The Vixen"],"gold_per_floor":[114,114,125,125,125,125,151,226,275,295,75,90,90,109,109,214,214,230,230,230,248,259,288,300,312,337,337,337],"floor_reached":27,"language":"ENG","playtime":1577,"items_purged":["Runesmith:Strike_RS"],"score":310,"play_id":"c0a84095-5b6e-4d77-9ac9-00d1af7daf5c","local_time":"20210215164222","is_ascension_mode":false,"campfire_choices":[{"data":"Runesmith:CraftFirestone","floor":6,"key":"SMITH"},{"floor":15,"key":"RECALL"}],"circlet_count":0,"master_deck":["Runesmith:Strike_RS","Runesmith:Strike_RS","Runesmith:Strike_RS","Runesmith:Defend_RS","Runesmith:Defend_RS","Runesmith:Defend_RS","Runesmith:CraftFirestone+1","Runesmith:Fortify","Runesmith:UnstableHammer","Runesmith:Permafrost","Runesmith:HeatedChisel","Runesmith:CraftObretio","Runesmith:LightningRod","Runesmith:HammerThrow","Runesmith:ReplicatingBarrier","Runesmith:Grindstone","Runesmith:RuneHurl","Runesmith:PerfectChisel","Runesmith:PoweredAnvil","Runesmith:FrozenChisel","Runesmith:Firestorm","Runesmith:Reinforce+1"],"relics":["Runesmith:BrokenRuby","NeowsBlessing","Ornamental Fan","ReplayTheSpireMod:Lightbulb","Replay:Accelerometer","infinitespire:PuzzleCube","Runesmith:AutoHammer","Black Star","conspire:BottledYoYo","infinitespire:Bottled Soul"],"acts_visited":["Exordium","Exordium"],"potions_floor_usage":[16,16,25,25],"damage_taken":[{"damage":0,"enemies":"conspire:RoseBush","floor":1,"turns":1},{"damage":0,"enemies":"Cultist","floor":3,"turns":1},{"damage":0,"enemies":"Gremlin Nob","floor":7,"turns":1},{"damage":5,"enemies":"2 Louse","floor":10,"turns":3},{"damage":6,"enemies":"Looter","floor":12,"turns":4},{"damage":8,"enemies":"Red Slaver","floor":14,"turns":4},{"damage":0,"enemies":"Slime Boss","floor":16,"turns":6},{"damage":2,"enemies":"Elementarium:2_ELEMENTALS","floor":18,"turns":5},{"damage":9,"enemies":"Elementarium:MUD_AND_TAR_GOLEMS","floor":21,"turns":6},{"damage":19,"enemies":"Elementarium:CYCLONE_AND_LIVING_STORMCLOUD","floor":22,"turns":12},{"damage":44,"enemies":"Elementarium:WarGolem","floor":23,"turns":7},{"damage":12,"enemies":"Elementarium:STONE_GOLEMS","floor":24,"turns":7},{"damage":6,"enemies":"Elementarium:RubyGolem","floor":25,"turns":4},{"damage":5,"enemies":"Elementarium:3_ELEMENTALS","floor":27,"turns":1}],"seed_played":"4533488737637175636","potions_obtained":[{"floor":3,"key":"ColorlessPotion"},{"floor":10,"key":"Cursed Concoction"},{"floor":14,"key":"Elixir"},{"floor":18,"key":"FairyPotion"},{"floor":21,"key":"GamblersBrew"},{"floor":24,"key":"Block Potion"}],"is_trial":false,"path_per_floor":["M","?","M","T","?","R","E","?","T","M","$","M","$","M","R","B",null,"M","?","?","M","M","E","M","M","T","M"],"character_chosen":"RUNESMITH_CLASS","items_purchased":["Runesmith:AutoHammer"],"campfire_rested":0,"item_purchase_floors":[11],"current_hp_per_floor":[70,70,70,70,52,52,52,41,41,36,36,30,30,22,22,22,70,68,68,68,59,40,21,9,3,3,0,0],"gold":337,"neow_bonus":"THREE_ENEMY_KILL","is_daily":false,"chose_seed":false,"campfire_upgraded":1,"win_rate":0.0,"timestamp":1613425342,"path_taken":["M","?","?","?","?","R","E","?","T","M","?","?","$","?","R","BOSS","M","?","?","?","M","E","M","M","T","?"],"items_purchased_type":["Relic"],"build_version":"2020-12-22","purchased_purges":1,"victory":false,"max_hp_per_floor":[70,70,70,70,70,70,70,70,70,70,70,70,70,70,70,70,70,70,70,70,70,70,70,70,70,70,70,70],"card_choices":[{"not_picked":["Runesmith:Overpower","Runesmith:NegativeSpace"],"picked":"Runesmith:UnstableHammer","floor":1},{"not_picked":["Runesmith:CraftProtectio","Runesmith:BackupBattery"],"picked":"Runesmith:HeatedChisel","floor":3},{"not_picked":["Runesmith:Repurpose","Runesmith:BackupBattery"],"picked":"Runesmith:CraftObretio","floor":7},{"not_picked":["Runesmith:Attraction","Runesmith:HeatedChisel","Runesmith:MakeshiftArmor"],"picked":"SKIP","floor":10},{"not_picked":["Runesmith:CraftSpiculum","Runesmith:UnstableHammer"],"picked":"Runesmith:LightningRod","floor":12},{"not_picked":["Runesmith:CraftMagma","Runesmith:ShiftingStrike"],"picked":"Runesmith:HammerThrow","floor":14},{"not_picked":["Runesmith:GrandSlam","Runesmith:LightningRod"],"picked":"Runesmith:ReplicatingBarrier","floor":16},{"not_picked":["Runesmith:ChaoticBlast","Runesmith:Augment+1"],"picked":"Runesmith:Grindstone","floor":18},{"not_picked":["Runesmith:Prism+1","Runesmith:BackupBattery+1"],"picked":"Runesmith:PerfectChisel","floor":21},{"not_picked":["Runesmith:Augment","Runesmith:Prism+1"],"picked":"Runesmith:PoweredAnvil","floor":22},{"not_picked":["Runesmith:Grindstone+1","Runesmith:Augment+1"],"picked":"Runesmith:FrozenChisel","floor":23},{"not_picked":["Runesmith:NegativeSpace+1","Runesmith:HeatedChisel"],"picked":"Runesmith:Firestorm","floor":24},{"not_picked":["Runesmith:Duplicate","Runesmith:HeatExchange"],"picked":"Runesmith:Reinforce+1","floor":25}],"player_experience":621917,"relics_obtained":[{"floor":4,"key":"Ornamental Fan"},{"floor":7,"key":"Replay:Accelerometer"},{"floor":9,"key":"infinitespire:PuzzleCube"},{"floor":23,"key":"conspire:BottledYoYo"},{"floor":23,"key":"infinitespire:Bottled Soul"}],"event_choices":[{"damage_healed":0,"gold_gain":0,"cards_transformed":["Runesmith:Defend_RS"],"player_choice":"Transformed","damage_taken":0,"max_hp_gain":0,"max_hp_loss":0,"event_name":"Transmorgrifier","floor":2,"gold_loss":0,"cards_obtained":["Runesmith:Permafrost"]},{"damage_healed":0,"gold_gain":0,"player_choice":"Relic ","damage_taken":18,"max_hp_gain":0,"max_hp_loss":0,"event_name":"betterThird:BetterScrap","floor":5,"gold_loss":0,"cards_obtained":["Intimidate"]},{"damage_healed":0,"gold_gain":75,"player_choice":"Gold","damage_taken":11,"max_hp_gain":0,"max_hp_loss":0,"event_name":"betterThird:BetterGoop","floor":8,"gold_loss":0},{"damage_healed":0,"gold_gain":0,"player_choice":"2","damage_taken":0,"max_hp_gain":0,"max_hp_loss":0,"event_name":"betterMatch:BetterMatch","floor":20,"gold_loss":0,"cards_obtained":[]}],"is_beta":false,"boss_relics":[{"not_picked":["Replay:Bronze Core","Runesmith:PocketReactor"],"picked":"Black Star"}],"items_purged_floors":[11],"is_endless":false,"potions_floor_spawned":[3,10,14,18,21,24],"killed_by":"Elementarium:3_ELEMENTALS","ascension_level":0}}