{"host":"blhqr6uo32maonpv","time":1613374213,"event":{"mods":["BaseMod","Downfall","Minty Spire (QoL Compilation)","StSLib","The Bug Knight","The Marked"],"gold_per_floor":[109,109,34,34,0,31,31,45,45,59,59,74,74,74,74,74,74],"floor_reached":16,"language":"ENG","playtime":498,"items_purged":[],"score":123,"play_id":"52b3c9b8-6845-48a0-a99c-5177ac3b77e7","local_time":"20210215033013","is_ascension_mode":false,"campfire_choices":[{"data":"theMarked:ChainLightning","floor":7,"key":"SMITH"},{"floor":13,"key":"REST"},{"floor":15,"key":"REST"}],"circlet_count":0,"master_deck":["theMarked:Strike","theMarked:Strike","theMarked:Strike","theMarked:Strike","theMarked:Strike","theMarked:Defend","theMarked:Defend","theMarked:Defend","theMarked:Defend","theMarked:SoldierOfQuellstein","theMarked:ChainLightning+1","theMarked:WastefulAttack","theMarked:HeightenedSenses","theMarked:Generate","theMarked:Improvise","theMarked:Aftermath","theMarked:Opportunist","theMarked:SwordAndMagic"],"relics":["theMarked:ArtifactOfAir","NeowsBlessing","Blue Candle","Centennial Puzzle","Gremlin Horn","Meat on the Bone","Golden Idol"],"acts_visited":["Exordium"],"potions_floor_usage":[16],"damage_taken":[{"damage":0,"enemies":"Cultist","floor":1,"turns":1},{"damage":0,"enemies":"3 Sentries","floor":6,"turns":2},{"damage":0,"enemies":"Jaw Worm","floor":8,"turns":1},{"damage":2,"enemies":"2 Louse","floor":10,"turns":2},{"damage":22,"enemies":"Large Slime","floor":12,"turns":7},{"damage":39,"enemies":"Hexaghost","floor":16,"turns":5}],"seed_played":"3972112032184706396","potions_obtained":[{"floor":8,"key":"BlessingOfTheForge"},{"floor":10,"key":"sneckomod:MuddlingPotion"},{"floor":12,"key":"champ:CounterPotion"}],"is_trial":false,"path_per_floor":["M","?","$","?","$","E","R","M","T","M","?","M","R","?","R","B"],"character_chosen":"THE_DEFAULT","items_purchased":["theMarked:WastefulAttack","theMarked:HeightenedSenses","theMarked:Generate"],"campfire_rested":2,"item_purchase_floors":[3,3,5],"current_hp_per_floor":[70,65,65,70,70,70,70,70,70,68,56,46,68,50,72,33,33],"gold":74,"neow_bonus":"THREE_ENEMY_KILL","is_daily":false,"chose_seed":false,"campfire_upgraded":1,"win_rate":0.0,"timestamp":1613374213,"path_taken":["M","?","$","?","?","E","R","M","T","M","?","M","R","?","R","BOSS"],"items_purchased_type":["Card","Card","Card"],"build_version":"2020-12-22","purchased_purges":0,"victory":false,"max_hp_per_floor":[70,70,70,75,75,75,75,75,75,75,75,75,75,75,75,75,75],"card_choices":[{"not_picked":["theMarked:HeightenedSenses","theMarked:Memento"],"picked":"theMarked:ChainLightning","floor":1},{"not_picked":["theMarked:OneWithTheBlade","theMarked:PowerFlow"],"picked":"theMarked:Improvise","floor":6},{"not_picked":["theMarked:BanishingStrike","theMarked:LightningStrikesTwice"],"picked":"theMarked:Aftermath","floor":8},{"not_picked":["theMarked:ResourceFulStrike","theMarked:ElectricStrings"],"picked":"theMarked:Opportunist","floor":10},{"not_picked":["theMarked:ChannelForce","theMarked:Generate"],"picked":"theMarked:SwordAndMagic","floor":12}],"player_experience":15265,"relics_obtained":[{"floor":6,"key":"Centennial Puzzle"},{"floor":9,"key":"Gremlin Horn"}],"event_choices":[{"damage_healed":0,"gold_gain":0,"player_choice":"Donut","damage_taken":0,"max_hp_gain":5,"max_hp_loss":0,"event_name":"Big Fish","floor":4,"gold_loss":0},{"damage_healed":0,"gold_gain":0,"player_choice":"Success","damage_taken":12,"relics_obtained":["Meat on the Bone"],"max_hp_gain":0,"max_hp_loss":0,"event_name":"Scrap Ooze","floor":11,"gold_loss":0},{"damage_healed":0,"gold_gain":0,"player_choice":"Take Damage","damage_taken":18,"relics_obtained":["Golden Idol"],"max_hp_gain":0,"max_hp_loss":0,"event_name":"Golden Idol","floor":14,"gold_loss":0}],"is_beta":false,"boss_relics":[],"items_purged_floors":[],"is_endless":false,"potions_floor_spawned":[8,10,12],"killed_by":"Hexaghost","ascension_level":0}}