{"host":"s41rn2jhghpwfrvz","time":1613373416,"event":{"mods":["BaseMod","Minty Spire (QoL Compilation)","Quick Restart","Relic Stats","SuperFastMode"],"gold_per_floor":[111,111,111,135,135,153,177,102,156,156,191,191,204,220,220,316,316,336,336,356,99,115,115,148,148,148,148,161,200,28,28,28,118,118,133,133,8,27,47,83,137,168,168,219,275,16,16,47,47,47,47,47,47,47,88,88],"floor_reached":57,"language":"ENG","playtime":1530,"items_purged":["Entrench","Gash","Power Through"],"score":3872,"play_id":"06fe6880-b567-4998-a42a-f62e68dd2f18","local_time":"20210215091656","daily_mods":["SealedDeck","Diverse","DeadlyEvents"],"is_ascension_mode":true,"campfire_choices":[{"data":"Blade Dance","floor":10,"key":"SMITH"},{"data":"Backflip","floor":12,"key":"SMITH"},{"data":"Second Wind","floor":15,"key":"SMITH"},{"data":"Scrawl","floor":23,"key":"SMITH"},{"floor":25,"key":"RECALL"},{"data":"Undo","floor":27,"key":"SMITH"},{"data":"Collect","floor":32,"key":"SMITH"},{"data":"Offering","floor":47,"key":"SMITH"},{"data":"Shrug It Off","floor":49,"key":"SMITH"},{"floor":53,"key":"REST"}],"circlet_count":0,"master_deck":["AscendersBane","Collect+1","Flex+1","Pommel Strike+1","Shrug It Off+1","Blade Dance+1","Backflip+1","Second Wind+1","Scrawl+1","Offering+1","Body Slam+1"],"relics":["Burning Blood","Golden Idol","Nunchaku","Philosopher\u0027s Stone","TungstenRod","White Beast Statue","StoneCalendar","TheAbacus","Nilry\u0027s Codex","Black Star","Smiling Mask","PreservedInsect","Happy Flower","Eternal Feather","The Courier","MawBank","Letter Opener","Akabeko","Regal Pillow","Charon\u0027s Ashes","Turnip","Centennial Puzzle","Frozen Egg 2","Lantern","Pocketwatch"],"acts_visited":["Exordium","TheCity","TheBeyond","TheEnding"],"potions_floor_usage":[28,56,56],"damage_taken":[{"damage":0,"enemies":"Jaw Worm","floor":1,"turns":3},{"damage":0,"enemies":"Small Slimes","floor":4,"turns":2},{"damage":0,"enemies":"Cultist","floor":6,"turns":3},{"damage":0,"enemies":"2 Fungi Beasts","floor":7,"turns":2},{"damage":0,"enemies":"Lagavulin","floor":11,"turns":3},{"damage":0,"enemies":"Large Slime","floor":13,"turns":3},{"damage":0,"enemies":"Blue Slaver","floor":14,"turns":2},{"damage":0,"enemies":"Slime Boss","floor":16,"turns":5},{"damage":9,"enemies":"2 Thieves","floor":18,"turns":3},{"damage":0,"enemies":"3 Byrds","floor":20,"turns":3},{"damage":12,"enemies":"Snake Plant","floor":22,"turns":3},{"damage":7,"enemies":"Book of Stabbing","floor":24,"turns":4},{"damage":24,"enemies":"Snecko","floor":28,"turns":7},{"damage":0,"enemies":"Gremlin Leader","floor":29,"turns":3},{"damage":0,"enemies":"Collector","floor":33,"turns":5},{"damage":5,"enemies":"3 Darklings","floor":35,"turns":2},{"damage":5,"enemies":"Orb Walker","floor":38,"turns":1},{"damage":5,"enemies":"Transient","floor":39,"turns":5},{"damage":5,"enemies":"Giant Head","floor":40,"turns":3},{"damage":5,"enemies":"Nemesis","floor":42,"turns":3},{"damage":5,"enemies":"Reptomancer","floor":44,"turns":1},{"damage":5,"enemies":"Giant Head","floor":45,"turns":1},{"damage":5,"enemies":"Reptomancer","floor":48,"turns":1},{"damage":29,"enemies":"Time Eater","floor":50,"turns":4},{"damage":5,"enemies":"Awakened One","floor":51,"turns":2},{"damage":5,"enemies":"Shield and Spear","floor":55,"turns":1},{"damage":5,"enemies":"The Heart","floor":56,"turns":6}],"seed_played":"3981285985996712971","potions_obtained":[{"floor":7,"key":"DuplicationPotion"},{"floor":13,"key":"BloodPotion"},{"floor":28,"key":"ColorlessPotion"},{"floor":48,"key":"Ancient Potion"}],"is_trial":true,"path_per_floor":["M","?","?","M","?","M","M","$","T","R","E","R","M","M","R","B",null,"M","?","M","$","M","R","E","R","T","R","M","E","$","?","R","B",null,"M","?","$","M","M","E","T","E","T","E","E","$","R","E","R","B","B",null,"R","$","E","B",null],"character_chosen":"IRONCLAD","items_purchased":["Scrawl","TheAbacus","Turnip"],"campfire_rested":1,"item_purchase_floors":[21,30,46],"current_hp_per_floor":[74,48,48,54,54,60,66,66,66,66,72,72,75,75,75,75,75,72,72,75,75,69,69,68,68,68,68,65,71,71,54,54,60,71,72,72,72,73,74,75,75,75,75,75,75,75,75,75,75,52,53,70,75,75,75,75],"gold":88,"neow_bonus":"","is_daily":false,"chose_seed":false,"campfire_upgraded":8,"win_rate":0.0,"timestamp":1613373416,"path_taken":["M","?","?","?","?","M","M","$","T","R","E","R","M","M","R","BOSS","M","?","M","$","M","R","E","R","T","R","M","E","$","?","R","BOSS","M","?","$","M","M","E","?","?","T","?","E","?","R","E","R","BOSS","BOSS","R","$","E","BOSS"],"items_purchased_type":["Card","Relic","Relic"],"build_version":"2020-12-22","purchased_purges":3,"victory":true,"max_hp_per_floor":[75,75,75,75,75,75,75,75,75,75,75,75,75,75,75,75,75,75,75,75,75,75,75,75,75,75,75,75,75,75,75,75,75,75,75,75,75,75,75,75,75,75,75,75,75,75,75,75,75,75,75,75,75,75,75,75],"relic_stats":{"Regal Pillow":0,"Happy Flower":[6],"counters":[27,81],"Golden Idol":206,"StoneCalendar":[0],"Eternal Feather":5,"PreservedInsect":379,"Charon\u0027s Ashes":[87],"Letter Opener":[120],"Smiling Mask":0,"MawBank":36,"Burning Blood":138,"Nunchaku":[32],"Centennial Puzzle":[11],"TheAbacus":[1002],"Turnip":[2],"Black Star":6,"obtain_stats":[{"Regal Pillow":45,"Lantern":55,"Nilry\u0027s Codex":31,"StoneCalendar":29,"Smiling Mask":40,"Burning Blood":0,"Nunchaku":11,"Centennial Puzzle":48,"TheAbacus":30,"Philosopher\u0027s Stone":17,"Happy Flower":41,"Golden Idol":2,"Eternal Feather":42,"PreservedInsect":40,"The Courier":42,"Charon\u0027s Ashes":45,"Letter Opener":44,"Frozen Egg 2":48,"MawBank":43,"White Beast Statue":26,"Akabeko":44,"Turnip":46,"Black Star":34,"TungstenRod":24,"Pocketwatch":55},{"Regal Pillow":22,"Lantern":26,"Nilry\u0027s Codex":14,"StoneCalendar":14,"Smiling Mask":19,"Burning Blood":0,"Nunchaku":5,"Centennial Puzzle":23,"TheAbacus":14,"Philosopher\u0027s Stone":8,"Happy Flower":19,"Golden Idol":1,"Eternal Feather":20,"PreservedInsect":19,"The Courier":20,"Charon\u0027s Ashes":22,"Letter Opener":21,"Frozen Egg 2":23,"MawBank":20,"White Beast Statue":12,"Akabeko":21,"Turnip":22,"Black Star":15,"TungstenRod":12,"Pocketwatch":26},{"Regal Pillow":67,"Lantern":75,"Nilry\u0027s Codex":46,"StoneCalendar":46,"Smiling Mask":62,"Burning Blood":0,"Nunchaku":13,"Centennial Puzzle":68,"TheAbacus":46,"Philosopher\u0027s Stone":23,"Happy Flower":62,"Golden Idol":3,"Eternal Feather":65,"PreservedInsect":62,"The Courier":65,"Charon\u0027s Ashes":67,"Letter Opener":66,"Frozen Egg 2":68,"MawBank":65,"White Beast Statue":36,"Akabeko":66,"Turnip":67,"Black Star":51,"TungstenRod":36,"Pocketwatch":75}],"TungstenRod":23,"Pocketwatch":[0]},"card_choices":[{"not_picked":["Thunderclap","EmptyBody","Coolheaded"],"picked":"SKIP","floor":1},{"not_picked":["Scrape","Cloak And Dagger","Endless Agony"],"picked":"SKIP","floor":4},{"not_picked":["Cleave","Coolheaded","Pummel"],"picked":"SKIP","floor":6},{"not_picked":["Static Discharge","Skewer","Clash"],"picked":"SKIP","floor":7},{"not_picked":["Infinite Blades","Pray","Corpse Explosion"],"picked":"SKIP","floor":11},{"not_picked":["Prostrate","Rebound","Riddle With Holes"],"picked":"SKIP","floor":13},{"not_picked":["Bane","ClearTheMind"],"picked":"Second Wind","floor":14},{"not_picked":["Anger","Clash+1","Consecrate+1"],"picked":"SKIP","floor":18},{"not_picked":["Armaments","Well Laid Plans","Clothesline"],"picked":"SKIP","floor":20},{"not_picked":["Dagger Throw","Flame Barrier","Perfected Strike"],"picked":"SKIP","floor":22},{"not_picked":["Poisoned Stab","Rage","Beam Cell"],"picked":"SKIP","floor":24},{"not_picked":["Consecrate","Sweeping Beam","Night Terror"],"picked":"SKIP","floor":28},{"not_picked":["Leap","Fire Breathing+1","SashWhip"],"picked":"SKIP","floor":29},{"not_picked":["LessonLearned","Ragnarok"],"picked":"Offering","floor":33},{"not_picked":["Evaluate","ClearTheMind+1","Glacier"],"picked":"SKIP","floor":35},{"not_picked":["Melter","ClearTheMind"],"picked":"Body Slam+1","floor":38},{"not_picked":["Conserve Battery","Heavy Blade+1","Hyperbeam"],"picked":"SKIP","floor":39},{"not_picked":["Underhanded Strike","Sunder+1","Streamline"],"picked":"SKIP","floor":40},{"not_picked":["Sanctity","CutThroughFate","Immolate"],"picked":"SKIP","floor":42},{"not_picked":["Demon Form","Indignation+1","Wallop"],"picked":"SKIP","floor":44},{"not_picked":["Recycle","Expertise","Defragment"],"picked":"SKIP","floor":45},{"not_picked":["EmptyMind","EmptyFist","Go for the Eyes+1"],"picked":"SKIP","floor":48},{"not_picked":["Outmaneuver","Finisher","PiercingWail+1"],"picked":"SKIP","floor":55}],"player_experience":1917599,"relics_obtained":[{"floor":11,"key":"Nunchaku"},{"floor":24,"key":"TungstenRod"},{"floor":26,"key":"White Beast Statue"},{"floor":29,"key":"StoneCalendar"},{"floor":31,"key":"Nilry\u0027s Codex"},{"floor":40,"key":"Smiling Mask"},{"floor":40,"key":"PreservedInsect"},{"floor":41,"key":"Happy Flower"},{"floor":42,"key":"Eternal Feather"},{"floor":42,"key":"The Courier"},{"floor":43,"key":"MawBank"},{"floor":44,"key":"Letter Opener"},{"floor":44,"key":"Akabeko"},{"floor":45,"key":"Regal Pillow"},{"floor":45,"key":"Charon\u0027s Ashes"},{"floor":48,"key":"Centennial Puzzle"},{"floor":48,"key":"Frozen Egg 2"},{"floor":55,"key":"Lantern"},{"floor":55,"key":"Pocketwatch"}],"event_choices":[{"damage_healed":0,"gold_gain":0,"player_choice":"Take Damage","damage_taken":26,"relics_obtained":["Golden Idol"],"max_hp_gain":0,"max_hp_loss":0,"event_name":"Golden Idol","floor":2,"gold_loss":0},{"damage_healed":0,"gold_gain":0,"player_choice":"Forge","damage_taken":0,"max_hp_gain":0,"max_hp_loss":0,"event_name":"Accursed Blacksmith","floor":3,"gold_loss":0,"cards_upgraded":["Flex"]},{"damage_healed":0,"gold_gain":0,"player_choice":"Grow","damage_taken":0,"max_hp_gain":0,"max_hp_loss":0,"event_name":"Living Wall","floor":5,"gold_loss":0,"cards_upgraded":["Pommel Strike"]},{"damage_healed":0,"gold_gain":0,"player_choice":"Ignored","damage_taken":0,"max_hp_gain":0,"max_hp_loss":0,"event_name":"Ghosts","floor":19,"gold_loss":0},{"damage_healed":0,"gold_gain":0,"player_choice":"Obtained Book","damage_taken":21,"max_hp_gain":0,"max_hp_loss":0,"event_name":"Cursed Tome","floor":31,"gold_loss":0},{"cards_removed":["Undo"],"damage_healed":0,"gold_gain":0,"player_choice":"Removed Skill","damage_taken":0,"max_hp_gain":0,"max_hp_loss":0,"event_name":"Falling","floor":36,"gold_loss":0}],"is_beta":false,"boss_relics":[{"not_picked":["Cursed Key","Calling Bell"],"picked":"Philosopher\u0027s Stone"},{"not_picked":["Empty Cage","Busted Crown"],"picked":"Black Star"}],"items_purged_floors":[8,21,37],"is_endless":false,"potions_floor_spawned":[7,13,14,22,28,29,33,35,38,39,40,42,44,45,48,55],"ascension_level":20}}