{"host":"7rmsgc3rayi00cdt","time":1613416607,"event":{"mods":["BaseMod","Minty Spire (QoL Compilation)"],"gold_per_floor":[113,288,60,72,72,72,106,117,142,142,197,197,215,215,215,345,345,369,284,263,263,362,362,362,378,378,378,378,62,80,80,80,80,80],"floor_reached":33,"language":"ENG","playtime":892,"items_purged":["Doubt"],"score":337,"play_id":"88b9b126-91ad-4643-b997-613a030217c1","local_time":"20210215191647","is_ascension_mode":true,"campfire_choices":[{"data":"Power Through","floor":6,"key":"SMITH"},{"data":"Fire Breathing","floor":10,"key":"SMITH"},{"floor":15,"key":"REST"},{"floor":23,"key":"REST"},{"floor":32,"key":"REST"}],"circlet_count":0,"master_deck":["Strike_R","Strike_R","Strike_R","Strike_R","Strike_R","Defend_R","Defend_R","Defend_R","Defend_R","Bash","Bandage Up","True Grit","Fire Breathing+1","Power Through+1","Disarm","Wild Strike","Impervious","Shrug It Off+1","Fire Breathing+1"],"relics":["Burning Blood","Tiny Chest","Boot","Sundial","Juzu Bracelet","Vajra","Golden Idol","Self Forming Clay","Mark of Pain","Singing Bowl","White Beast Statue","Ice Cream","MutagenicStrength","Ornamental Fan"],"acts_visited":["Exordium","TheCity"],"potions_floor_usage":[13,16,33,33],"damage_taken":[{"damage":14,"enemies":"Cultist","floor":1,"turns":5},{"damage":4,"enemies":"Jaw Worm","floor":4,"turns":5},{"damage":18,"enemies":"3 Sentries","floor":7,"turns":5},{"damage":6,"enemies":"2 Louse","floor":8,"turns":4},{"damage":25,"enemies":"Exordium Thugs","floor":13,"turns":7},{"damage":34,"enemies":"The Guardian","floor":16,"turns":11},{"damage":21,"enemies":"Spheric Guardian","floor":18,"turns":7},{"damage":17,"enemies":"2 Thieves","floor":20,"turns":5},{"damage":20,"enemies":"Centurion and Healer","floor":25,"turns":6},{"damage":8,"enemies":"Snake Plant","floor":30,"turns":5},{"damage":97,"enemies":"Automaton","floor":33,"turns":12}],"seed_played":"-4397010372961594397","potions_obtained":[{"floor":8,"key":"Swift Potion"},{"floor":13,"key":"DistilledChaos"},{"floor":25,"key":"SpeedPotion"},{"floor":30,"key":"Block Potion"}],"is_trial":false,"path_per_floor":["M","?","$","M","?","R","E","M","T","R","T","?","M","T","R","B",null,"M","?","M","?","?","R","T","M","T","?","?","$","M","?","R","B"],"character_chosen":"IRONCLAD","items_purchased":["Tiny Chest","Fire Breathing","Ornamental Fan"],"campfire_rested":3,"item_purchase_floors":[3,3,29],"current_hp_per_floor":[68,68,68,74,62,62,54,58,58,58,58,38,23,23,47,23,66,55,55,48,33,33,58,58,50,50,50,50,50,54,54,80,0,0],"gold":80,"neow_bonus":"RANDOM_COLORLESS","is_daily":false,"chose_seed":false,"campfire_upgraded":2,"win_rate":0.0,"timestamp":1613416607,"path_taken":["M","?","$","M","?","R","E","M","T","R","?","?","M","?","R","BOSS","M","?","M","?","?","R","?","M","T","?","?","$","M","?","R","BOSS"],"items_purchased_type":["Relic","Card","Relic"],"build_version":"2020-12-22","purchased_purges":1,"victory":false,"max_hp_per_floor":[80,80,80,80,80,80,80,80,80,80,80,80,80,80,80,80,80,80,80,80,85,85,85,85,87,87,87,87,87,89,89,89,89,89],"card_choices":[{"not_picked":["Trip","Panacea"],"picked":"Bandage Up","floor":0},{"not_picked":["Havoc","Infernal Blade"],"picked":"True Grit","floor":1},{"not_picked":["Cleave","Perfected Strike"],"picked":"Power Through","floor":4},{"not_picked":["Brutality","Havoc"],"picked":"Disarm","floor":7},{"not_picked":["Rupture","Clash","Perfected Strike"],"picked":"SKIP","floor":8},{"not_picked":["Twin Strike","Seeing Red"],"picked":"Wild Strike","floor":13},{"not_picked":["Barricade","Brutality"],"picked":"Impervious","floor":16},{"not_picked":["Perfected Strike+1","Twin Strike"],"picked":"Shrug It Off","floor":18},{"not_picked":["Searing Blow","Flex"],"picked":"Fire Breathing+1","floor":20},{"not_picked":["Iron Wave+1","Body Slam","Rupture"],"picked":"Singing Bowl","floor":25},{"not_picked":["True Grit+1","Warcry","Feel No Pain"],"picked":"Singing Bowl","floor":30}],"player_experience":815096,"relics_obtained":[{"floor":7,"key":"Sundial"},{"floor":9,"key":"Juzu Bracelet"},{"floor":11,"key":"Vajra"},{"floor":14,"key":"Self Forming Clay"},{"floor":24,"key":"White Beast Statue"},{"floor":26,"key":"Ice Cream"}],"event_choices":[{"damage_healed":0,"gold_gain":175,"player_choice":"AGREE","damage_taken":0,"max_hp_gain":0,"max_hp_loss":0,"event_name":"Liars Game","floor":2,"gold_loss":0,"cards_obtained":["Doubt"]},{"damage_healed":0,"gold_gain":0,"player_choice":"Success","damage_taken":12,"relics_obtained":["Boot"],"max_hp_gain":0,"max_hp_loss":0,"event_name":"Scrap Ooze","floor":5,"gold_loss":0},{"damage_healed":0,"gold_gain":0,"player_choice":"Take Damage","damage_taken":20,"relics_obtained":["Golden Idol"],"max_hp_gain":0,"max_hp_loss":0,"event_name":"Golden Idol","floor":12,"gold_loss":0},{"damage_healed":0,"gold_gain":0,"player_choice":"Obtained Relic","damage_taken":0,"relics_obtained":["Singing Bowl"],"max_hp_gain":0,"max_hp_loss":0,"event_name":"Addict","floor":19,"gold_loss":85},{"damage_healed":0,"gold_gain":0,"player_choice":"Shed Blood","damage_taken":20,"max_hp_gain":5,"max_hp_loss":0,"event_name":"Forgotten Altar","floor":21,"gold_loss":0},{"damage_healed":0,"gold_gain":99,"player_choice":"Stole From Cult","damage_taken":0,"max_hp_gain":0,"max_hp_loss":0,"event_name":"Nest","floor":22,"gold_loss":0},{"damage_healed":0,"gold_gain":0,"player_choice":"Inject Mutagens","damage_taken":0,"relics_obtained":["MutagenicStrength"],"max_hp_gain":0,"max_hp_loss":0,"event_name":"Drug Dealer","floor":27,"gold_loss":0},{"damage_healed":0,"gold_gain":0,"player_choice":"Upgraded","damage_taken":0,"max_hp_gain":0,"max_hp_loss":0,"event_name":"Upgrade Shrine","floor":28,"gold_loss":0,"cards_upgraded":["Shrug It Off"]},{"damage_healed":0,"gold_gain":0,"player_choice":"Ignored","damage_taken":0,"max_hp_gain":0,"max_hp_loss":0,"event_name":"Cursed Tome","floor":31,"gold_loss":0}],"is_beta":false,"boss_relics":[{"not_picked":["SlaversCollar","Runic Cube"],"picked":"Mark of Pain"}],"items_purged_floors":[29],"is_endless":false,"potions_floor_spawned":[8,13,25,30],"killed_by":"Automaton","ascension_level":8}}