{"host":"rsal8t78l1a5jz1a","time":1613399958,"event":{"mods":["Act Like it!","BaseMod","GifTheSpireLib","Marked Mod","Minty Spire (QoL Compilation)","Remilia£®¿Ÿ√◊¿Ú—«£©","StSLib"],"gold_per_floor":[100000,100000,100010,100024,98994,99010,99021,99047,99047,98124,98152,97583,97683,97702,97702,97802,97802,97815,97396,97408,97225,97254,97254,97282,97315,97315,97331,97358,97368,97011,97041,97041,97149,97149,97173,97395,97395,97413,97429,97181,97181,97198,97198,97211,97211,97211,97237,97255,97255,97255],"floor_reached":51,"language":"ZHS","playtime":3673,"items_purged":["Defend_RM","Strike_RM","Strike_RM"],"score":1076,"play_id":"97dca083-4ea4-4e58-8e5c-4d1b9f5fb4e2","local_time":"20210215223917","is_ascension_mode":true,"campfire_choices":[{"data":"GlobalNightmare","floor":15,"key":"SMITH"},{"data":"DemonKingCradle","floor":23,"key":"SMITH"},{"data":"1","floor":32,"key":"LIFT"},{"data":"2","floor":45,"key":"LIFT"},{"data":"3","floor":49,"key":"LIFT"}],"circlet_count":0,"master_deck":["Defend_RM","RedMoon","ScarletShoot+1","ScarletNetherworld","DiffusionOfMisfortune","ScarletDream","BloodyHallows","NightDance","Stigmanizer+1","BombardNight","ChaoticDestiny","BloodyMagicSquare","ScarletSymphony","BloodyMagicSquare","BloodRain","GlobalNightmare+1","BlasphemousPunishment","DemonKingCradle+1","ChainGang+1","RedRainbow+1","ScarletDevilSign+1","BloodyCatastrophe","VampireClaw","ForbiddenFruit","UltimateOffering","RedMagic+1","BatForm","KillingBlow","TransientEternity","BloodHunter","BloodyHallows","DevilSight+1"],"relics":["ScarletHat","NeowsBlessing","Eternal Feather","Ginger","TheAbacus","Oddly Smooth Stone","Blood Vial","Bronze Scales","Turnip","Medical Kit","Vajra","PreservedInsect","Membership Card","Shuriken","Astrolabe","Chemical X","Potion Belt","Whetstone","CeramicFish","Orichalcum","Red Mask","HornCleat","Bottled Flame","Girya","Anchor","Lee\u0027s Waffle","StrikeDummy","Philosopher\u0027s Stone","White Beast Statue","Dream Catcher","Akabeko","Frozen Eye","Molten Egg 2"],"acts_visited":["Exordium","TheCity","TheBeyond"],"potions_floor_usage":[8,16,16,25,33,38,38,38,38,47,50,50,50,50],"damage_taken":[{"damage":0,"enemies":"2 Louse","floor":1,"turns":1},{"damage":0,"enemies":"Cultist","floor":3,"turns":1},{"damage":0,"enemies":"Jaw Worm","floor":4,"turns":1},{"damage":0,"enemies":"Lots of Slimes","floor":6,"turns":3},{"damage":0,"enemies":"Large Slime","floor":7,"turns":2},{"damage":28,"enemies":"3 Sentries","floor":8,"turns":3},{"damage":0,"enemies":"Gremlin Nob","floor":11,"turns":2},{"damage":8,"enemies":"Exordium Wildlife","floor":14,"turns":4},{"damage":63,"enemies":"Slime Boss","floor":16,"turns":3},{"damage":0,"enemies":"3 Byrds","floor":18,"turns":1},{"damage":4,"enemies":"Chosen","floor":20,"turns":1},{"damage":72,"enemies":"Shelled Parasite and Fungi","floor":22,"turns":1},{"damage":0,"enemies":"Masked Bandits","floor":24,"turns":2},{"damage":10,"enemies":"Slavers","floor":25,"turns":1},{"damage":0,"enemies":"Cultist and Chosen","floor":27,"turns":2},{"damage":5,"enemies":"Snake Plant","floor":28,"turns":1},{"damage":9,"enemies":"Centurion and Healer","floor":29,"turns":2},{"damage":0,"enemies":"Gremlin Leader","floor":31,"turns":1},{"damage":82,"enemies":"Champ","floor":33,"turns":1},{"damage":0,"enemies":"3 Shapes","floor":35,"turns":1},{"damage":0,"enemies":"Orb Walker","floor":38,"turns":1},{"damage":148,"enemies":"Transient","floor":39,"turns":5},{"damage":0,"enemies":"Jaw Worm Horde","floor":42,"turns":2},{"damage":12,"enemies":"3 Darklings","floor":44,"turns":1},{"damage":81,"enemies":"Maw","floor":47,"turns":1},{"damage":2,"enemies":"Sphere and 2 Shapes","floor":48,"turns":1},{"damage":104,"enemies":"Awakened One","floor":50,"turns":3}],"seed_played":"-1806207042073197672","potions_obtained":[{"floor":3,"key":"BlessingOfTheForge"},{"floor":4,"key":"Swift Potion"},{"floor":7,"key":"Strength Potion"},{"floor":16,"key":"Weak Potion"},{"floor":25,"key":"Fruit Juice"},{"floor":27,"key":"DistilledChaos"},{"floor":33,"key":"EssenceOfSteel"},{"floor":38,"key":"SteroidPotion"},{"floor":39,"key":"Weak Potion"},{"floor":42,"key":"Weak Potion"},{"floor":44,"key":"AttackPotion"},{"floor":47,"key":"Fire Potion"}],"is_trial":false,"path_per_floor":["M","?","M","M","$","M","M","E","T","$","E","$","?","M","R","B",null,"M","$","M","$","M","R","?","E","T","M","M","M","$","E","R","B",null,"M","?","T","M","M","$","?","M","T","M","R","?","M","M","R","B",null],"character_chosen":"REMILIA","items_purchased":["Eternal Feather","Ginger","TheAbacus","BloodyHallows","NightDance","Stigmanizer","CharismaGuard","Bronze Scales","Turnip","Medical Kit","ScarletSymphony","BloodyMagicSquare","BlessingOfTheForge","GlobalNightmare","PreservedInsect","Membership Card","Shuriken","BloodyCatastrophe","Chemical X","Potion Belt","Whetstone","Energy Potion","Dexterity Potion","SkillPotion","VampireClaw","CeramicFish","Orichalcum","UltimateOffering","Girya","Anchor","Lee\u0027s Waffle","KillingBlow","BloodyHallows","Dream Catcher","Akabeko","Frozen Eye"],"campfire_rested":0,"item_purchase_floors":[5,5,5,5,5,5,5,10,10,10,10,10,10,12,12,12,12,19,19,19,19,19,19,19,19,21,21,21,30,30,30,30,40,40,40,40],"current_hp_per_floor":[75,75,75,75,75,75,75,48,48,48,52,52,52,75,75,14,75,75,75,75,75,6,21,24,21,21,23,22,80,87,87,87,35,87,87,87,87,87,87,87,87,87,87,81,87,87,87,85,87,16],"gold":97255,"neow_bonus":"THREE_ENEMY_KILL","is_daily":false,"chose_seed":false,"campfire_upgraded":2,"win_rate":0.0,"timestamp":1613399957,"path_taken":["M","?","M","M","$","?","M","E","T","$","E","$","?","M","R","BOSS","M","?","M","$","M","R","?","E","T","M","M","M","$","E","R","BOSS","M","?","?","?","M","$","?","M","T","M","R","?","M","M","R","BOSS"],"items_purchased_type":["Relic","Relic","Relic","Card","Card","Card","Card","Relic","Relic","Relic","Card","Card","Potion","Card","Relic","Relic","Relic","Card","Relic","Relic","Relic","Potion","Potion","Potion","Card","Relic","Relic","Card","Relic","Relic","Relic","Card","Card","Relic","Relic","Relic"],"build_version":"2020-12-22","purchased_purges":3,"victory":true,"max_hp_per_floor":[75,75,75,75,75,75,75,75,75,75,75,75,75,75,75,75,75,75,75,75,75,75,75,75,80,80,80,80,80,87,87,87,87,87,87,87,87,87,87,87,87,87,87,87,87,87,87,87,87,87],"card_choices":[{"not_picked":["ScarletDevil","ScarletImprint"],"picked":"ScarletNetherworld","floor":1},{"not_picked":["MastersStateliness","UnstableMagic"],"picked":"DiffusionOfMisfortune","floor":3},{"not_picked":["VampireFantasy","EndlessAdversity"],"picked":"ScarletDream","floor":4},{"not_picked":["EndlessAdversity","AfternoonTea"],"picked":"BombardNight","floor":6},{"not_picked":["UnderTheZenith","BloodHunter"],"picked":"ChaoticDestiny","floor":7},{"not_picked":["ReincarnationDial","ForbiddenFruit"],"picked":"BloodyMagicSquare","floor":8},{"not_picked":["ScarletDevil","NightDance"],"picked":"BloodRain","floor":11},{"not_picked":["DiffusionOfMisfortune","StarOfDavid"],"picked":"BlasphemousPunishment","floor":14},{"not_picked":["BloodRain","CurseOfVladTepes"],"picked":"DemonKingCradle","floor":16},{"not_picked":["EndlessAdversity","DiffusionOfMisfortune","ScarletImprint+1"],"picked":"SKIP","floor":18},{"not_picked":["RedNightlessCastle","FitfulNightmare"],"picked":"ForbiddenFruit","floor":20},{"not_picked":["DiffusionOfMisfortune","ScarletImprint+1"],"picked":"RedMagic+1","floor":22},{"not_picked":["EmergencyRegeneration","RedRainbow","ScarletGensokyo"],"picked":"SKIP","floor":25},{"not_picked":["StarOfDavid","ChainGang+1","UnstableMagic+1"],"picked":"SKIP","floor":27},{"not_picked":["ChainGang","RedRainbow"],"picked":"BatForm","floor":28},{"not_picked":["ScarletDevil","RedNightlessCastle","UnstableMagic+1"],"picked":"SKIP","floor":29},{"not_picked":["ScarletDevilSign","BlasphemousPunishment+1","UltimateOffering+1"],"picked":"SKIP","floor":31},{"not_picked":["EquivalentExchange","HeartBreak"],"picked":"TransientEternity","floor":33},{"not_picked":["VampirishNight","FavorOfDestiny"],"picked":"BloodHunter","floor":35},{"not_picked":["BombardNight+1","DiffusionOfMisfortune","ScarletDevil+1"],"picked":"SKIP","floor":38},{"not_picked":["FavorOfDestiny","ReincarnationDial+1","BlasphemousPunishment+1"],"picked":"SKIP","floor":39},{"not_picked":["MastersStateliness+1","ScarletGensokyo+1","UnderTheZenith+1"],"picked":"SKIP","floor":42},{"not_picked":["BombardNight+1","UltimateOffering+1","FavorOfDestiny+1"],"picked":"SKIP","floor":44},{"not_picked":["EndlessAdversity+1","UnderTheZenith"],"picked":"DevilSight+1","floor":47},{"not_picked":["ScarletSymphony+1","ChainGang+1","BombardNight+1"],"picked":"SKIP","floor":48}],"player_experience":82622,"relics_obtained":[{"floor":8,"key":"Oddly Smooth Stone"},{"floor":9,"key":"Blood Vial"},{"floor":11,"key":"Vajra"},{"floor":24,"key":"Red Mask"},{"floor":25,"key":"HornCleat"},{"floor":26,"key":"Bottled Flame"},{"floor":31,"key":"StrikeDummy"},{"floor":37,"key":"White Beast Statue"},{"floor":43,"key":"Molten Egg 2"}],"event_choices":[{"cards_removed":["Defend_RM"],"damage_healed":0,"gold_gain":0,"player_choice":"Purged","damage_taken":0,"max_hp_gain":0,"max_hp_loss":0,"event_name":"Purifier","floor":2,"gold_loss":0},{"damage_healed":0,"gold_gain":100,"player_choice":"Pray","damage_taken":0,"max_hp_gain":0,"max_hp_loss":0,"event_name":"Golden Shrine","floor":13,"gold_loss":0},{"damage_healed":0,"gold_gain":0,"player_choice":"Fought Bandits","damage_taken":0,"max_hp_gain":0,"max_hp_loss":0,"event_name":"Masked Bandits","floor":24,"gold_loss":0},{"damage_healed":0,"gold_gain":222,"player_choice":"Wore Mask","damage_taken":0,"max_hp_gain":0,"max_hp_loss":0,"event_name":"Tomb of Lord Red Mask","floor":36,"gold_loss":0},{"cards_removed":["CharismaGuard"],"damage_healed":0,"gold_gain":0,"player_choice":"Removed Power","damage_taken":0,"max_hp_gain":0,"max_hp_loss":0,"event_name":"Falling","floor":41,"gold_loss":0},{"damage_healed":0,"gold_gain":0,"player_choice":"Memory 1","damage_taken":0,"max_hp_gain":0,"max_hp_loss":0,"event_name":"SensoryStone","floor":46,"gold_loss":0}],"is_beta":false,"boss_relics":[{"not_picked":["Snecko Eye","Cursed Key"],"picked":"Astrolabe"},{"not_picked":["Sozu","SlaversCollar"],"picked":"Philosopher\u0027s Stone"}],"items_purged_floors":[5,10,12],"is_endless":false,"potions_floor_spawned":[3,4,7,14,16,22,25,27,29,33,35,38,39,42,44,47,48],"ascension_level":1}}