{"host":"91blwi3hgehj6ch9","time":1613411742,"event":{"mods":["2.2 Compatiblity","AchievementEnabler","BaseMod","Colored Map","DeckTracker","Keyboard Shortcuts","Minty Spire (QoL Compilation)","Permanent Neow","StSLib","SuperFastMode","everything is the same but u backflip on backflip"],"gold_per_floor":[114,130,130,142,153,181,196,196,223,255,268,268,282,296,296,296,296],"floor_reached":16,"language":"KOR","playtime":460,"items_purged":[],"score":174,"play_id":"497714dd-f1b6-4553-9368-e4b1b4f71761","local_time":"20210216025542","is_ascension_mode":true,"campfire_choices":[{"floor":8,"key":"REST"},{"data":"Pommel Strike","floor":12,"key":"SMITH"},{"floor":15,"key":"REST"}],"circlet_count":0,"master_deck":["AscendersBane","Strike_R","Strike_R+1","Strike_R","Strike_R","Defend_R","Defend_R+1","Defend_R","Defend_R","Bash+1","Shockwave","Dropkick","Wild Strike+1","Pommel Strike+1","Feel No Pain"],"relics":["Burning Blood","Turnip","Whetstone","Boot"],"acts_visited":["Exordium"],"potions_floor_usage":[6,10,16],"damage_taken":[{"damage":4,"enemies":"Small Slimes","floor":1,"turns":5},{"damage":11,"enemies":"2 Louse","floor":2,"turns":3},{"damage":5,"enemies":"Cultist","floor":4,"turns":4},{"damage":4,"enemies":"2 Fungi Beasts","floor":5,"turns":3},{"damage":23,"enemies":"Lagavulin","floor":6,"turns":5},{"damage":17,"enemies":"3 Louse","floor":7,"turns":2},{"damage":12,"enemies":"3 Sentries","floor":10,"turns":4},{"damage":20,"enemies":"Exordium Thugs","floor":11,"turns":5},{"damage":2,"enemies":"2 Fungi Beasts","floor":13,"turns":4},{"damage":0,"enemies":"Large Slime","floor":14,"turns":5},{"damage":66,"enemies":"Slime Boss","floor":16,"turns":10}],"seed_played":"-881317038729259667","potions_obtained":[{"floor":1,"key":"AttackPotion"},{"floor":5,"key":"Block Potion"},{"floor":10,"key":"BlessingOfTheForge"},{"floor":11,"key":"Weak Potion"}],"is_trial":false,"path_per_floor":["M","M","?","M","M","E","M","R","T","E","M","R","M","M","R","B"],"character_chosen":"IRONCLAD","items_purchased":[],"campfire_rested":2,"item_purchase_floors":[],"current_hp_per_floor":[74,69,53,54,56,39,28,52,52,46,32,32,36,42,66,0,0],"gold":296,"neow_bonus":"TRANSFORM_CARD","is_daily":false,"chose_seed":false,"campfire_upgraded":1,"win_rate":0.0,"timestamp":1613411742,"path_taken":["M","M","?","M","M","E","M","R","T","E","M","R","M","M","R","BOSS"],"items_purchased_type":[],"build_version":"2020-12-22","purchased_purges":0,"victory":false,"max_hp_per_floor":[80,80,80,80,80,80,80,80,80,80,80,80,80,80,80,80,80],"card_choices":[{"not_picked":["Ghostly Armor","Perfected Strike"],"picked":"Dropkick","floor":1},{"not_picked":["Iron Wave","Warcry"],"picked":"Wild Strike","floor":2},{"not_picked":["Wild Strike","Headbutt"],"picked":"Pommel Strike","floor":4},{"not_picked":["Shockwave","Rupture","Cleave"],"picked":"SKIP","floor":5},{"not_picked":["Whirlwind","Cleave","Rupture"],"picked":"SKIP","floor":6},{"not_picked":["Anger","Pommel Strike","Flex"],"picked":"SKIP","floor":7},{"not_picked":["Exhume","Limit Break"],"picked":"Feel No Pain","floor":10},{"not_picked":["Iron Wave","Rupture","Carnage"],"picked":"SKIP","floor":11},{"not_picked":["Wild Strike","Thunderclap","Sword Boomerang"],"picked":"SKIP","floor":13},{"not_picked":["Pommel Strike","Headbutt","Warcry"],"picked":"SKIP","floor":14}],"player_experience":262729,"relics_obtained":[{"floor":6,"key":"Turnip"},{"floor":9,"key":"Whetstone"},{"floor":10,"key":"Boot"}],"event_choices":[{"damage_healed":0,"gold_gain":0,"player_choice":"Entered Light","damage_taken":16,"max_hp_gain":0,"max_hp_loss":0,"event_name":"Shining Light","floor":3,"gold_loss":0,"cards_upgraded":["Defend_R","Wild Strike"]}],"is_beta":false,"boss_relics":[],"items_purged_floors":[],"is_endless":false,"potions_floor_spawned":[1,5,10,11],"killed_by":"Slime Boss","ascension_level":10}}