{"host":"uafoej811sw8via1","time":1613421019,"event":{"mods":["BaseMod","Minty Spire (QoL Compilation)","Relic Stats","StSLib"],"gold_per_floor":[116,44,62,76,76,105,124,124,192,221,221,265,51,66,66,165,165,183,201,201,221,14,54,54,95,143,58,81,100,119,135,135,226,226,245,245,264,280,298,298,298,298],"floor_reached":41,"language":"ENG","playtime":2820,"items_purged":["Zap","Hello World"],"score":989,"play_id":"467029d6-dd56-4b00-a179-5f7afcd714c9","local_time":"20210215153019","is_ascension_mode":true,"campfire_choices":[{"data":"Beam Cell","floor":8,"key":"SMITH"},{"data":"Defragment","floor":15,"key":"SMITH"},{"floor":24,"key":"REST"},{"floor":32,"key":"REST"},{"floor":40,"key":"RECALL"}],"circlet_count":0,"master_deck":["AscendersBane","Dualcast","Sweeping Beam","Coolheaded","Beam Cell+1","Compile Driver+1","Chaos","Melter","Defragment+1","Cold Snap","Hyperbeam","Sunder+1","Bite","Bite","Bite","Bite","Bite","Beam Cell+1","Coolheaded+1","Core Surge+1","Electrodynamics","Hologram","Defragment+1","Coolheaded","All For One","Go for the Eyes","Hologram","Hyperbeam","Compile Driver","Go for the Eyes+1","Zap","Machine Learning","Hologram"],"relics":["SlaversCollar","CaptainsWheel","Smiling Mask","Blue Candle","Ornamental Fan","Pear","Golden Idol","Prayer Wheel","Lee\u0027s Waffle","Fusion Hammer","Orrery","Lantern","Whetstone","Bag of Marbles","Pandora\u0027s Box"],"acts_visited":["Exordium","TheCity","TheBeyond"],"potions_floor_usage":[6,12,23,25,33,41],"damage_taken":[{"damage":1,"enemies":"2 Louse","floor":1,"turns":3},{"damage":0,"enemies":"Cultist","floor":3,"turns":4},{"damage":0,"enemies":"Small Slimes","floor":4,"turns":4},{"damage":18,"enemies":"3 Sentries","floor":6,"turns":11},{"damage":9,"enemies":"Exordium Wildlife","floor":7,"turns":3},{"damage":6,"enemies":"Gremlin Nob","floor":10,"turns":4},{"damage":3,"enemies":"3 Sentries","floor":12,"turns":6},{"damage":1,"enemies":"Gremlin Gang","floor":14,"turns":5},{"damage":28,"enemies":"The Guardian","floor":16,"turns":12},{"damage":4,"enemies":"Chosen","floor":18,"turns":6},{"damage":18,"enemies":"2 Thieves","floor":19,"turns":3},{"damage":14,"enemies":"Sentry and Sphere","floor":21,"turns":3},{"damage":32,"enemies":"Book of Stabbing","floor":23,"turns":6},{"damage":0,"enemies":"Gremlin Leader","floor":25,"turns":4},{"damage":1,"enemies":"Snecko","floor":28,"turns":4},{"damage":10,"enemies":"Centurion and Healer","floor":29,"turns":5},{"damage":14,"enemies":"Snake Plant","floor":30,"turns":4},{"damage":12,"enemies":"Shelled Parasite and Fungi","floor":31,"turns":2},{"damage":60,"enemies":"Automaton","floor":33,"turns":11},{"damage":0,"enemies":"3 Shapes","floor":35,"turns":1},{"damage":5,"enemies":"Orb Walker","floor":37,"turns":3},{"damage":21,"enemies":"Jaw Worm Horde","floor":38,"turns":3},{"damage":0,"enemies":"4 Shapes","floor":39,"turns":8},{"damage":54,"enemies":"Nemesis","floor":41,"turns":4}],"seed_played":"7940003037379233683","potions_obtained":[{"floor":3,"key":"ColorlessPotion"},{"floor":7,"key":"ColorlessPotion"},{"floor":12,"key":"ColorlessPotion"},{"floor":14,"key":"FairyPotion"},{"floor":16,"key":"Ancient Potion"},{"floor":21,"key":"AttackPotion"},{"floor":23,"key":"Swift Potion"},{"floor":29,"key":"SpeedPotion"},{"floor":31,"key":"LiquidBronze"},{"floor":33,"key":"SpeedPotion"},{"floor":35,"key":"PowerPotion"},{"floor":39,"key":"Strength Potion"}],"is_trial":false,"path_per_floor":["M","?","M","M","?","E","M","R","T","E","?","E","$","M","R","B",null,"M","M","?","M","$","E","R","E","T","?","M","M","M","M","R","B",null,"M","?","M","M","M","R","E"],"character_chosen":"DEFECT","items_purchased":["Lee\u0027s Waffle","Orrery"],"campfire_rested":2,"item_purchase_floors":[13,22],"current_hp_per_floor":[63,63,63,63,52,34,25,25,25,29,29,26,80,79,79,51,73,69,51,51,43,43,27,43,49,49,49,56,56,46,36,52,14,46,46,46,45,30,34,34,0,0],"gold":298,"neow_bonus":"BOSS_RELIC","is_daily":false,"chose_seed":false,"campfire_upgraded":2,"win_rate":0.0,"timestamp":1613421019,"path_taken":["M","?","?","M","?","E","M","R","T","E","?","E","$","M","R","BOSS","M","M","?","M","$","E","R","E","T","?","M","M","M","M","R","BOSS","M","?","M","M","M","R","E"],"items_purchased_type":["Relic","Relic"],"build_version":"2020-12-22","purchased_purges":2,"victory":false,"max_hp_per_floor":[71,71,71,71,71,71,71,71,71,81,73,73,80,80,80,80,80,80,80,56,56,56,56,56,56,56,56,56,56,56,56,56,56,56,56,56,56,56,56,56,56,56],"relic_stats":{"Lee\u0027s Waffle":54,"counters":[24,119],"Ornamental Fan":[184],"Golden Idol":109,"Blue Candle":[0],"Prayer Wheel":12,"Pandora\u0027s Box":["Go for the Eyes","Hologram","Hyperbeam","Compile Driver"],"Whetstone":["Core Surge","Compile Driver"],"Smiling Mask":75,"obtain_stats":[{"Lee\u0027s Waffle":13,"Lantern":23,"Pear":10,"Golden Idol":11,"Blue Candle":6,"Whetstone":25,"Smiling Mask":5,"SlaversCollar":0,"CaptainsWheel":2,"Ornamental Fan":9,"Orrery":22,"Prayer Wheel":12,"Pandora\u0027s Box":34,"Fusion Hammer":17,"Bag of Marbles":27,"Cracked Core":0},{"Lee\u0027s Waffle":7,"Lantern":13,"Pear":6,"Golden Idol":6,"Blue Candle":4,"Whetstone":14,"Smiling Mask":3,"SlaversCollar":0,"CaptainsWheel":1,"Ornamental Fan":5,"Orrery":12,"Prayer Wheel":7,"Pandora\u0027s Box":19,"Fusion Hammer":9,"Bag of Marbles":14,"Cracked Core":0},{"Lee\u0027s Waffle":35,"Lantern":70,"Pear":29,"Golden Idol":29,"Blue Candle":22,"Whetstone":74,"Smiling Mask":11,"SlaversCollar":0,"CaptainsWheel":3,"Ornamental Fan":25,"Orrery":64,"Prayer Wheel":35,"Pandora\u0027s Box":100,"Fusion Hammer":52,"Bag of Marbles":74,"Cracked Core":0}]},"card_choices":[{"not_picked":["Tempest","Rebound"],"picked":"Sweeping Beam","floor":1},{"not_picked":["Blizzard","Heatsinks"],"picked":"Coolheaded","floor":3},{"not_picked":["Reinforced Body","Self Repair"],"picked":"Beam Cell","floor":4},{"not_picked":["Go for the Eyes","Hologram"],"picked":"Compile Driver","floor":6},{"not_picked":["Redo","Heatsinks"],"picked":"Chaos","floor":7},{"not_picked":["Conserve Battery","Defragment"],"picked":"Melter","floor":10},{"not_picked":["Reprogram","BootSequence"],"picked":"Hello World","floor":12},{"not_picked":["Steam","Double Energy"],"picked":"Defragment","floor":14},{"not_picked":["Stack","Compile Driver"],"picked":"Cold Snap","floor":14},{"not_picked":["Reboot","Rainbow"],"picked":"Hyperbeam","floor":16},{"not_picked":["Coolheaded","Doom and Gloom"],"picked":"Sunder+1","floor":18},{"not_picked":["White Noise","Chaos","Streamline"],"picked":"SKIP","floor":18},{"not_picked":["Turbo+1","Reprogram+1","Conserve Battery"],"picked":"SKIP","floor":19},{"not_picked":["Beam Cell","Conserve Battery","Steam"],"picked":"SKIP","floor":19},{"not_picked":["Ball Lightning","Redo"],"picked":"Beam Cell+1","floor":21},{"not_picked":["Rebound","Sweeping Beam","Barrage+1"],"picked":"SKIP","floor":21},{"not_picked":["Streamline","Thunder Strike"],"picked":"Coolheaded+1","floor":22},{"not_picked":["Cold Snap","Doom and Gloom"],"picked":"Core Surge","floor":22},{"not_picked":["Turbo","Sweeping Beam"],"picked":"Electrodynamics","floor":22},{"not_picked":["Storm","Stack","Conserve Battery"],"picked":"SKIP","floor":23},{"not_picked":["Go for the Eyes","Leap","Force Field"],"picked":"SKIP","floor":25},{"not_picked":["Rip and Tear","Gash","Recycle"],"picked":"SKIP","floor":28},{"not_picked":["Steam","Redo","Chaos"],"picked":"SKIP","floor":28},{"not_picked":["Reinforced Body","Conserve Battery"],"picked":"Hologram","floor":29},{"not_picked":["Turbo+1","Sunder","Ball Lightning"],"picked":"SKIP","floor":29},{"not_picked":["Aggregate","Conserve Battery"],"picked":"Defragment+1","floor":30},{"not_picked":["Go for the Eyes","Skim","Storm"],"picked":"SKIP","floor":30},{"not_picked":["Electrodynamics","Steam"],"picked":"Coolheaded","floor":31},{"not_picked":["Scrape","Go for the Eyes","Leap"],"picked":"SKIP","floor":31},{"not_picked":["Reboot","Core Surge"],"picked":"All For One","floor":33},{"not_picked":["Rebound","Cold Snap+1"],"picked":"Go for the Eyes+1","floor":35},{"not_picked":["Auto Shields","Fusion","Rebound"],"picked":"SKIP","floor":35},{"not_picked":["Redo","Darkness+1","Self Repair"],"picked":"SKIP","floor":37},{"not_picked":["Coolheaded","Aggregate","Ball Lightning"],"picked":"SKIP","floor":37},{"not_picked":["Chaos","Barrage"],"picked":"Machine Learning","floor":38},{"not_picked":["Rebound","Redo","Fusion"],"picked":"SKIP","floor":38},{"not_picked":["Heatsinks+1","Ball Lightning"],"picked":"Hologram","floor":39},{"not_picked":["Streamline","Go for the Eyes","Consume"],"picked":"SKIP","floor":39}],"player_experience":1046832,"relics_obtained":[{"floor":6,"key":"Blue Candle"},{"floor":9,"key":"Ornamental Fan"},{"floor":10,"key":"Pear"},{"floor":12,"key":"Prayer Wheel"},{"floor":23,"key":"Lantern"},{"floor":25,"key":"Whetstone"}],"event_choices":[{"damage_healed":0,"gold_gain":0,"player_choice":"Paid Gold","damage_taken":0,"relics_obtained":["CaptainsWheel"],"max_hp_gain":0,"max_hp_loss":0,"event_name":"WeMeetAgain","floor":2,"gold_loss":72},{"damage_healed":0,"gold_gain":0,"player_choice":"Success","damage_taken":11,"relics_obtained":["Smiling Mask"],"max_hp_gain":0,"max_hp_loss":0,"event_name":"Scrap Ooze","floor":5,"gold_loss":0},{"damage_healed":0,"gold_gain":0,"player_choice":"Lose Max HP","damage_taken":0,"relics_obtained":["Golden Idol"],"max_hp_gain":0,"max_hp_loss":8,"event_name":"Golden Idol","floor":11,"gold_loss":0},{"damage_healed":0,"gold_gain":0,"player_choice":"Became a vampire","damage_taken":0,"max_hp_gain":0,"max_hp_loss":24,"event_name":"Vampires","floor":20,"gold_loss":0,"cards_obtained":["Bite","Bite","Bite","Bite","Bite"]},{"damage_healed":0,"gold_gain":0,"player_choice":"Obtained Relic","damage_taken":0,"relics_obtained":["Bag of Marbles"],"max_hp_gain":0,"max_hp_loss":0,"event_name":"Addict","floor":27,"gold_loss":85},{"damage_healed":0,"gold_gain":0,"player_choice":"1 cards matched","damage_taken":0,"max_hp_gain":0,"max_hp_loss":0,"event_name":"Match and Keep!","floor":36,"gold_loss":0,"cards_obtained":["Zap"]}],"is_beta":false,"boss_relics":[{"not_picked":["Runic Dome","Ectoplasm"],"picked":"Fusion Hammer"},{"not_picked":["Sozu","Busted Crown"],"picked":"Pandora\u0027s Box"}],"items_purged_floors":[13,22],"is_endless":false,"potions_floor_spawned":[3,7,12,14,16,21,23,29,31,33,35,39],"killed_by":"Nemesis","ascension_level":20}}