{"host":"q8mjpf3krl0t4p3x","time":1613359616,"event":{"mods":["BaseMod","Colored Map","Colored Powertips","Googly Eyes","Minty Spire (QoL Compilation)","Quick Restart","StSLib","everything is the same but u backflip on backflip","slay the spire mod where everything is the same but ironclad has a cowboy hat"],"gold_per_floor":[111,128,147,147,162,190,190,215,242,203,303,303,336,354,354,354,354],"floor_reached":16,"language":"ENG","playtime":566,"items_purged":[],"score":145,"play_id":"4d0a9905-4291-46e8-9f7f-50145987c915","local_time":"20210214192656","is_ascension_mode":false,"campfire_choices":[{"data":"Crescendo","floor":7,"key":"SMITH"},{"data":"Blasphemy","floor":12,"key":"SMITH"},{"data":"ClearTheMind","floor":15,"key":"SMITH"}],"circlet_count":0,"master_deck":["Strike_P","Strike_P","Strike_P","Strike_P","Defend_P","Defend_P","Defend_P","Defend_P","Eruption","Vigilance","ClearTheMind+1","Crescendo+1","FlurryOfBlows","SandsOfTime","Consecrate","Blasphemy+1","EmptyBody"],"relics":["PureWater","Toy Ornithopter","Juzu Bracelet","Vajra","Omamori"],"acts_visited":["Exordium"],"potions_floor_usage":[8,8,8,16],"damage_taken":[{"damage":0,"enemies":"Small Slimes","floor":1,"turns":3},{"damage":1,"enemies":"Cultist","floor":2,"turns":3},{"damage":1,"enemies":"2 Louse","floor":3,"turns":2},{"damage":9,"enemies":"Red Slaver","floor":5,"turns":4},{"damage":10,"enemies":"3 Sentries","floor":6,"turns":5},{"damage":0,"enemies":"Lagavulin","floor":8,"turns":1},{"damage":11,"enemies":"Gremlin Nob","floor":13,"turns":3},{"damage":4,"enemies":"Large Slime","floor":14,"turns":3},{"damage":100032,"enemies":"Hexaghost","floor":16,"turns":5}],"seed_played":"-6417579064863490330","potions_obtained":[{"floor":2,"key":"SteroidPotion"},{"floor":5,"key":"AttackPotion"},{"floor":6,"key":"Strength Potion"},{"floor":14,"key":"Regen Potion"}],"is_trial":false,"path_per_floor":["M","M","M","?","M","E","R","E","T","?","?","R","E","M","R","B"],"character_chosen":"WATCHER","items_purchased":[],"campfire_rested":0,"item_purchase_floors":[],"current_hp_per_floor":[79,78,77,77,68,58,58,73,73,73,73,73,62,58,58,0,0],"gold":354,"neow_bonus":"TEN_PERCENT_HP_BONUS","is_daily":false,"chose_seed":false,"campfire_upgraded":3,"win_rate":0.0,"timestamp":1613359616,"path_taken":["M","M","M","?","M","E","R","E","T","?","?","R","E","M","R","BOSS"],"items_purchased_type":[],"build_version":"2020-12-22","purchased_purges":0,"victory":false,"max_hp_per_floor":[79,79,79,79,79,79,79,79,79,79,79,79,79,79,79,79,79],"card_choices":[{"not_picked":["EmptyFist","CutThroughFate"],"picked":"ClearTheMind","floor":1},{"not_picked":["Study","FearNoEvil"],"picked":"Crescendo","floor":2},{"not_picked":["Study","FlyingSleeves"],"picked":"FlurryOfBlows","floor":3},{"not_picked":["Protect","FlurryOfBlows"],"picked":"SandsOfTime","floor":5},{"not_picked":["FlurryOfBlows","Fasting2"],"picked":"Consecrate","floor":6},{"not_picked":["EmptyMind","SashWhip"],"picked":"Blasphemy","floor":8},{"not_picked":["BowlingBash","ReachHeaven"],"picked":"EmptyBody","floor":13},{"not_picked":["JustLucky","Fasting2","Consecrate"],"picked":"SKIP","floor":14}],"player_experience":114871,"relics_obtained":[{"floor":6,"key":"Toy Ornithopter"},{"floor":8,"key":"Juzu Bracelet"},{"floor":9,"key":"Vajra"},{"floor":13,"key":"Omamori"}],"event_choices":[{"damage_healed":0,"gold_gain":0,"player_choice":"Ignored","damage_taken":0,"max_hp_gain":0,"max_hp_loss":0,"event_name":"NoteForYourself","floor":4,"gold_loss":0},{"damage_healed":0,"gold_gain":0,"player_choice":"Left Gold","damage_taken":0,"max_hp_gain":0,"max_hp_loss":0,"event_name":"World of Goop","floor":10,"gold_loss":39},{"damage_healed":0,"gold_gain":100,"player_choice":"Pray","damage_taken":0,"max_hp_gain":0,"max_hp_loss":0,"event_name":"Golden Shrine","floor":11,"gold_loss":0}],"is_beta":false,"boss_relics":[],"items_purged_floors":[],"is_endless":false,"potions_floor_spawned":[2,5,6,14],"killed_by":"Hexaghost","ascension_level":0}}