{"host":"sl5hpy1jvdbpn5jq","time":1613421487,"event":{"mods":["Act Like it!","Ascension Reborn","BaseMod","Better Skull","Dota2Spire","Downfall","Elementarium","Filter the Spire","GifTheSpireLib","Halation","Hubris","Minty Spire (QoL Compilation)","Permanent Neow","Replay The Spire","Shop Mod","Spicy Shops","StSLib","The Jungle"],"gold_per_floor":[99,150,150,150,150,10,10,10,109,202,202,202,202],"floor_reached":11,"language":"ENG","playtime":421,"items_purged":[],"score":69,"play_id":"7b5ac0a5-7fce-43b4-8d1b-9327d70ff7f3","local_time":"20210215143807","daily_mods":["Vintage","Heirloom","Time Dilation","Flight","Elite Swarm","Lethality","Midas"],"is_ascension_mode":true,"campfire_choices":[{"floor":1,"key":"RECALL"}],"circlet_count":0,"master_deck":["hexamod:Strike+1","hexamod:Strike+1","hexamod:Strike+1","hexamod:Strike+1","hexamod:Defend+1","hexamod:Defend+1","hexamod:Defend+1","hexamod:Defend+1","hexamod:Sear+1","hexamod:Float+1","hexamod:FirstSeal","Voices","hexamod:SecondSeal","hexamod:SecondSeal","hexamod:TimeOfNeed"],"relics":["hexamod:SpiritBrand","Prayer Wheel","halation:AfternoonTea","ReplayTheSpireMod:Ring of Collecting","ReplayTheSpireMod:Ring of Sloth","Dota2Spire:DivineRapier","Ring of Misfortune","hubris:Reverence","Ring of Hypnosis","Lantern","halation:TwoAmDonut","Bag of Preparation"],"acts_visited":["Exordium"],"potions_floor_usage":[],"damage_taken":[{"damage":0,"enemies":"Small Slimes","floor":2,"turns":4},{"damage":25,"enemies":"downfall:FleeingMerchant","floor":6,"turns":4},{"damage":16,"enemies":"Gremlin Nob","floor":9,"turns":3},{"damage":18,"enemies":"Jaw Worm","floor":10,"turns":2},{"damage":18,"enemies":"3 Sentries","floor":11,"turns":3}],"seed_played":"7334839235743918231","potions_obtained":[{"floor":2,"key":"Ancient Potion"}],"is_trial":true,"path_per_floor":["R","M","?","?","?","$","T","T","E","M","E"],"character_chosen":"THE_SPIRIT","items_purchased":["Dota2Spire:DivineRapier","hexamod:SecondSeal"],"campfire_rested":0,"item_purchase_floors":[6,6],"current_hp_per_floor":[70,70,70,70,70,45,45,45,29,18,0,0,0],"gold":202,"neow_bonus":"","is_daily":false,"chose_seed":false,"campfire_upgraded":0,"win_rate":0.0,"timestamp":1613421487,"path_taken":["R","M","?","?","?","?","T","T","E","?","E"],"items_purchased_type":["Relic","Card"],"build_version":"2020-12-22","purchased_purges":0,"victory":false,"max_hp_per_floor":[70,70,70,70,70,70,70,70,70,70,70,70,70],"card_choices":[{"not_picked":["hexamod:Incineration","hexamod:BacktrackSmack","hexamod:ChargedBarrage"],"picked":"SKIP","floor":6},{"not_picked":["hexamod:ForkedFlame","hexamod:GhostOfSpirePresent"],"picked":"hexamod:TimeOfNeed","floor":9}],"player_experience":230594,"relics_obtained":[{"floor":2,"key":"halation:AfternoonTea"},{"floor":5,"key":"ReplayTheSpireMod:Ring of Collecting"},{"floor":5,"key":"ReplayTheSpireMod:Ring of Sloth"},{"floor":7,"key":"Ring of Misfortune"},{"floor":7,"key":"hubris:Reverence"},{"floor":8,"key":"Ring of Hypnosis"},{"floor":8,"key":"Lantern"},{"floor":9,"key":"halation:TwoAmDonut"},{"floor":10,"key":"Bag of Preparation"}],"event_choices":[],"is_beta":false,"boss_relics":[],"items_purged_floors":[],"is_endless":false,"potions_floor_spawned":[2],"killed_by":"3 Sentries","ascension_level":0}}