{"host":"3yynf0dn84873kbr","time":1613372210,"event":{"mods":["Act Like it!","Arknights","BaseMod","CapriCore","Downfall","Gensokyo","Minty Spire (QoL Compilation)","Robot Space Explorer","StSLib"],"gold_per_floor":[99,114,214,226,226,254,329,349,349,383,401,119,119,30,41,138,138,138,155,175,242,48,48,48,59,73,135,10,60,75,87,105,206,206,206,224,237,287,33,50,50,116,116,129,129,179,229,245,262,262],"floor_reached":51,"language":"ZHS","playtime":3467,"items_purged":[],"score":717,"play_id":"bf359c6d-184f-469f-8c15-d4742bc6e9b6","local_time":"20210215145650","is_ascension_mode":false,"campfire_choices":[{"data":"Guardian:TwinSlam","floor":1,"key":"SMITH"},{"data":"Guardian:SentryBeam","floor":9,"key":"SMITH"},{"data":"Guardian:SentryBeam","floor":13,"key":"SMITH"},{"data":"Guardian:PiercingHide","floor":18,"key":"SMITH"},{"data":"Guardian:SpikerProtocol","floor":23,"key":"SMITH"},{"data":"Guardian:DecasProtection","floor":35,"key":"SMITH"},{"data":"Guardian:PiercingHide","floor":43,"key":"SMITH"},{"data":"Guardian:SphericShield","floor":45,"key":"SMITH"}],"circlet_count":0,"master_deck":["Guardian:Strike_Guardian","Guardian:Strike_Guardian","Guardian:Strike_Guardian","Guardian:Defend_Guardian+1","Guardian:Defend_Guardian","Guardian:Defend_Guardian","Guardian:Defend_Guardian","Guardian:CurlUp","Guardian:TwinSlam+1","Guardian:SentryBeam+1","Guardian:SentryBeam+1","Guardian:TemporalShield","Guardian:PrimingBeam+1","Guardian:SphericShield+1","Guardian:PiercingHide+1","Guardian:Recover","Guardian:Reroute+1","Guardian:Reroute+1","Guardian:TemporalStrike+1","Guardian:SpikerProtocol+1","expansioncontent:Chronoboost","Guardian:TemporalStrike+1","Guardian:EvasiveProtocol+1","Guardian:ChargeCore+1","Guardian:RevengeProtocol","Guardian:TimeCapacitor+1","Guardian:Harden","Guardian:DecasProtection+1","Guardian:DonusPower+1","Guardian:Gem_Red","Guardian:PiercingHide+1","expansioncontent:DashGenerateEvil+1","expansioncontent:StudyTheSpire+1","Guardian:DecasProtection+1","Guardian:TemporalStrike+1","Guardian:TemporalStrike+1","Guardian:Gem_Yellow","Guardian:PiercingHide+1"],"relics":["Guardian:ModeShifter","SsserpentHead","Anchor","White Beast Statue","Omamori","Membership Card","Molten Egg 2","Blood Vial","Black Star","Bag of Marbles","Regal Pillow","Frozen Egg 2","Calling Bell","War Paint","The Courier","Gambling Chip","Letter Opener","Mercury Hourglass","Toxic Egg 2","Guardian:SackOfGems","Bronze Scales","HornCleat"],"acts_visited":["Exordium","TheCity","TheBeyond"],"potions_floor_usage":[33,50],"damage_taken":[{"damage":1,"enemies":"Jaw Worm","floor":2,"turns":5},{"damage":0,"enemies":"Cultist","floor":4,"turns":4},{"damage":28,"enemies":"3 Sentries","floor":6,"turns":9},{"damage":0,"enemies":"ats:Genji","floor":8,"turns":3},{"damage":12,"enemies":"Gremlin Nob","floor":10,"turns":5},{"damage":0,"enemies":"Red Slaver","floor":11,"turns":4},{"damage":10,"enemies":"downfall:FleeingMerchant","floor":12,"turns":4},{"damage":0,"enemies":"downfall:FleeingMerchant","floor":14,"turns":4},{"damage":0,"enemies":"downfall:LooterAlt","floor":15,"turns":3},{"damage":5,"enemies":"SI_SHIV_ARCHETYPE","floor":16,"turns":10},{"damage":0,"enemies":"Spheric Guardian","floor":19,"turns":4},{"damage":2,"enemies":"Chosen","floor":20,"turns":4},{"damage":1,"enemies":"Snake Plant","floor":21,"turns":4},{"damage":15,"enemies":"downfall:FleeingMerchant","floor":22,"turns":4},{"damage":9,"enemies":"Snecko","floor":25,"turns":5},{"damage":0,"enemies":"Cultist and Chosen","floor":26,"turns":7},{"damage":8,"enemies":"Shelled Parasite and Fungi","floor":27,"turns":5},{"damage":0,"enemies":"downfall:FleeingMerchant","floor":28,"turns":4},{"damage":2,"enemies":"Centurion and Healer","floor":30,"turns":6},{"damage":13,"enemies":"Snake Plant","floor":31,"turns":4},{"damage":12,"enemies":"Chosen and Byrds","floor":32,"turns":6},{"damage":32,"enemies":"DF_ARCHETYPE_CLAW","floor":33,"turns":9},{"damage":0,"enemies":"Orb Walker","floor":36,"turns":5},{"damage":2,"enemies":"3 Shapes","floor":37,"turns":4},{"damage":8,"enemies":"downfall:FleeingMerchant","floor":39,"turns":2},{"damage":7,"enemies":"Spire Growth","floor":40,"turns":6},{"damage":8,"enemies":"Jaw Worm Horde","floor":42,"turns":4},{"damage":7,"enemies":"Maw","floor":44,"turns":8},{"damage":0,"enemies":"Sphere and 2 Shapes","floor":48,"turns":4},{"damage":1,"enemies":"4 Shapes","floor":49,"turns":5},{"damage":58,"enemies":"WA_ARCHETYPE_DIVINITY","floor":50,"turns":15}],"seed_played":"7368002559127159651","potions_obtained":[{"floor":4,"key":"champ:CounterPotion"},{"floor":6,"key":"Explosive Potion"},{"floor":8,"key":"Fire Potion"},{"floor":10,"key":"AttackPotion"},{"floor":19,"key":"Strength Potion"},{"floor":36,"key":"FairyPotion"}],"is_trial":false,"path_per_floor":["R","M","?","M","?","E","T","M","R","E","M","$","R","$","M","B",null,"R","M","M","M","$","R","T","M","M","M","$","?","M","M","M","B",null,"R","M","M","?","$","M","T","M","R","M","R","?","?","M","M","B",null],"character_chosen":"GUARDIAN","items_purchased":["Membership Card","Molten Egg 2","Blood Vial","Guardian:SpikerProtocol","expansioncontent:Chronoboost","Bag of Marbles","Guardian:TemporalStrike+1","Frozen Egg 2","Guardian:TimeCapacitor+1","Letter Opener","Mercury Hourglass","Toxic Egg 2","expansioncontent:DashGenerateEvil","expansioncontent:StudyTheSpire+1","Guardian:SackOfGems","Bronze Scales"],"campfire_rested":0,"item_purchase_floors":[12,12,14,22,22,22,22,28,28,39,39,39,39,39,39,39],"current_hp_per_floor":[88,87,87,87,87,59,59,59,59,47,47,37,37,37,39,36,88,88,88,86,87,73,73,73,66,68,62,64,64,64,53,43,13,88,88,88,86,86,80,75,75,69,69,64,64,64,64,66,67,21],"gold":262,"neow_bonus":"TEN_PERCENT_HP_BONUS","is_daily":false,"chose_seed":false,"campfire_upgraded":8,"win_rate":0.0,"timestamp":1613372210,"path_taken":["R","M","?","M","?","E","T","M","R","E","M","$","R","$","M","BOSS","R","M","M","?","$","R","T","M","M","?","?","?","M","M","M","BOSS","R","M","M","?","$","M","T","?","R","M","R","?","?","M","M","BOSS"],"items_purchased_type":["Relic","Relic","Relic","Card","Card","Relic","Card","Relic","Card","Relic","Relic","Relic","Card","Card","Relic","Relic"],"build_version":"2020-12-22","purchased_purges":0,"victory":true,"max_hp_per_floor":[88,88,88,88,88,88,88,88,88,88,88,88,88,88,88,88,88,88,88,88,88,88,88,88,88,88,88,88,88,88,88,88,88,88,88,88,88,88,88,88,88,88,88,88,88,88,88,88,88,88],"card_choices":[{"not_picked":["Guardian:Planning","Guardian:MultiBeam"],"picked":"Guardian:SentryBeam","floor":2},{"not_picked":["Guardian:Planning","Guardian:PrismaticBarrier"],"picked":"Guardian:Gem_Red","floor":4},{"not_picked":["Guardian:PrimingBeam","Guardian:VentSteam"],"picked":"Guardian:SentryBeam","floor":6},{"not_picked":["Guardian:Gem_Lightblue","Guardian:Recover"],"picked":"Guardian:TemporalShield","floor":8},{"not_picked":["Guardian:Gem_Synthetic","Guardian:Gem_Yellow"],"picked":"Guardian:Gem_Fragmented","floor":10},{"not_picked":["Guardian:Recover","Guardian:SentryBeam"],"picked":"Guardian:PrimingBeam","floor":11},{"not_picked":["Guardian:ChargeCore","Guardian:MultiBeam"],"picked":"Guardian:SphericShield","floor":12},{"not_picked":["Guardian:CrystalBeam+1","Guardian:Incinerate+1"],"picked":"Guardian:PiercingHide","floor":14},{"not_picked":["Guardian:Suspension","Guardian:VentSteam"],"picked":"Guardian:Recover","floor":15},{"not_picked":["Guardian:Gem_Orange","Guardian:BaubleBeam+1"],"picked":"Guardian:Gem_Synthetic","floor":16},{"not_picked":["Guardian:Gem_Red","Guardian:Gem_Blue"],"picked":"Guardian:Reroute+1","floor":19},{"not_picked":["Guardian:Gem_Cyan","Guardian:PrismaticBarrier+1"],"picked":"Guardian:Reroute+1","floor":20},{"not_picked":["Guardian:Reroute+1","Guardian:Suspension","Guardian:SentryBeam+1"],"picked":"SKIP","floor":21},{"not_picked":["Guardian:WalkerClaw+1","Guardian:Recover"],"picked":"Guardian:TemporalStrike+1","floor":22},{"not_picked":["Guardian:ChargeCore+1","Guardian:Suspension"],"picked":"Guardian:EvasiveProtocol+1","floor":25},{"not_picked":["Guardian:PrimingBeam+1","Guardian:Clone"],"picked":"Guardian:ChargeCore+1","floor":26},{"not_picked":["Guardian:Gem_Yellow","Guardian:Gem_Red"],"picked":"Guardian:Gem_Lightblue","floor":27},{"not_picked":["Guardian:Gem_Red","Guardian:HyperBeam_Guardian+1"],"picked":"Guardian:RevengeProtocol","floor":28},{"not_picked":["Guardian:Gem_Green","Guardian:ShieldCharger","Guardian:PolyBeam+1"],"picked":"SKIP","floor":30},{"not_picked":["Guardian:CrystalBeam+1","Guardian:Recover"],"picked":"Guardian:DecasProtection","floor":31},{"not_picked":["Guardian:Recover","Guardian:MultiBeam+1"],"picked":"Guardian:DonusPower","floor":32},{"not_picked":["Guardian:BaubleBeam+1","Guardian:TimeSifter+1"],"picked":"Guardian:Gem_Synthetic","floor":33},{"not_picked":["Guardian:Emergency","Guardian:TimeCapacitor+1"],"picked":"Guardian:Gem_Red","floor":36},{"not_picked":["Guardian:CrystalBeam+1","Guardian:Harden"],"picked":"Guardian:PiercingHide","floor":37},{"not_picked":["Guardian:Repulse+1","Guardian:Clone"],"picked":"Guardian:Gem_Blue","floor":39},{"not_picked":["Guardian:TemporalShield+1","Guardian:PiercingHide+1"],"picked":"Guardian:DecasProtection+1","floor":40},{"not_picked":["Guardian:BronzeOrb+1","Guardian:Recover+1"],"picked":"Guardian:TemporalStrike+1","floor":42},{"not_picked":["Guardian:Gem_White","Guardian:Gem_Crimson"],"picked":"Guardian:TemporalStrike+1","floor":44},{"not_picked":["Guardian:Preprogram+1","Guardian:CrystalBeam+1"],"picked":"Guardian:PiercingHide+1","floor":48},{"not_picked":["Guardian:ShieldCharger+1","Guardian:VentSteam+1","Guardian:RollAttack+1"],"picked":"SKIP","floor":49}],"player_experience":151558,"relics_obtained":[{"floor":6,"key":"Anchor"},{"floor":7,"key":"White Beast Statue"},{"floor":10,"key":"Omamori"},{"floor":24,"key":"Regal Pillow"},{"floor":34,"key":"War Paint"},{"floor":34,"key":"The Courier"},{"floor":34,"key":"Gambling Chip"},{"floor":41,"key":"HornCleat"}],"event_choices":[{"damage_healed":0,"gold_gain":0,"player_choice":"Trade","damage_taken":0,"relics_obtained":["SsserpentHead"],"max_hp_gain":0,"max_hp_loss":0,"event_name":"FaceTrader","floor":5,"gold_loss":0},{"damage_healed":0,"gold_gain":0,"player_choice":"Read","damage_taken":0,"max_hp_gain":0,"max_hp_loss":0,"event_name":"The Library","floor":29,"gold_loss":0,"cards_obtained":["Guardian:Harden"]}],"is_beta":false,"boss_relics":[{"not_picked":["Coffee Dripper","SacredBark"],"picked":"Black Star"},{"not_picked":["Cursed Key","Snecko Eye"],"picked":"Calling Bell"}],"items_purged_floors":[],"is_endless":false,"potions_floor_spawned":[4,6,8,10,11,12,14,15,16,19,20,21,22,25,26,27,28,30,31,32,33,36,37,39,40,42,44,48,49],"ascension_level":0}}