{"host":"or8fr2mp0k3eluj8","time":1613391975,"event":{"mods":["AchievementEnabler","BaseMod","Colored Map","DeckTracker","Minty Spire (QoL Compilation)","SuperFastMode"],"gold_per_floor":[110,110,110,35,35,78,90,121,133,177,200,212,239,251,263,378,390,418,450,222,242,252,252,282,282,282,293,293,327,123,123,123],"floor_reached":31,"language":"KOR","playtime":1043,"items_purged":["Defend_B","Aggregate","Darkness"],"score":323,"play_id":"1aad7efe-1e91-4791-b321-b8b37d16dd38","local_time":"20210215212615","is_ascension_mode":true,"campfire_choices":[{"data":"Zap","floor":7,"key":"SMITH"},{"data":"Redo","floor":12,"key":"SMITH"},{"floor":15,"key":"REST"},{"floor":23,"key":"REST"},{"floor":25,"key":"REST"}],"circlet_count":0,"master_deck":["Zap+1","Dualcast+1","Hologram","Lockon","Redo+1","Creative AI+1","Machine Learning","Turbo","All For One","Cold Snap","Seek","Streamline+1","Conserve Battery+1","Loop"],"relics":["Cracked Core","NeowsBlessing","Singing Bowl","MawBank","Bag of Marbles","Orichalcum","Pandora\u0027s Box","Ornamental Fan","Regal Pillow","Torii"],"acts_visited":["Exordium","TheCity"],"potions_floor_usage":[21,24,24,24,29],"damage_taken":[{"damage":0,"enemies":"Cultist","floor":1,"turns":1},{"damage":0,"enemies":"Gremlin Nob","floor":6,"turns":1},{"damage":0,"enemies":"2 Louse","floor":8,"turns":1},{"damage":35,"enemies":"3 Sentries","floor":10,"turns":9},{"damage":1,"enemies":"Jaw Worm","floor":11,"turns":3},{"damage":0,"enemies":"Gremlin Gang","floor":13,"turns":5},{"damage":36,"enemies":"The Guardian","floor":16,"turns":11},{"damage":27,"enemies":"2 Thieves","floor":18,"turns":4},{"damage":32,"enemies":"Chosen","floor":19,"turns":5},{"damage":6,"enemies":"Centurion and Healer","floor":21,"turns":3},{"damage":13,"enemies":"Snake Plant","floor":22,"turns":2},{"damage":5,"enemies":"Gremlin Leader","floor":24,"turns":7},{"damage":17,"enemies":"Sentry and Sphere","floor":27,"turns":4},{"damage":33,"enemies":"Slavers","floor":29,"turns":4},{"damage":7,"enemies":"Shelled Parasite and Fungi","floor":31,"turns":1}],"seed_played":"1690178904894493288","potions_obtained":[{"floor":6,"key":"Weak Potion"},{"floor":13,"key":"Strength Potion"},{"floor":19,"key":"Swift Potion"},{"floor":21,"key":"SpeedPotion"},{"floor":27,"key":"DistilledChaos"}],"is_trial":false,"path_per_floor":["M","?","?","$","?","E","R","M","T","E","M","R","M","?","R","B",null,"M","M","$","M","M","R","E","R","T","M","?","E","$","M"],"character_chosen":"DEFECT","items_purchased":["Seek","Loop"],"campfire_rested":3,"item_purchase_floors":[20,30],"current_hp_per_floor":[75,75,63,63,63,65,65,65,65,30,29,29,31,31,54,18,79,54,24,24,18,7,32,29,55,55,38,38,7,7,0,0],"gold":123,"neow_bonus":"THREE_ENEMY_KILL","is_daily":false,"chose_seed":false,"campfire_upgraded":2,"win_rate":0.0,"timestamp":1613391975,"path_taken":["M","?","?","$","?","E","R","M","T","E","?","R","M","?","R","BOSS","M","M","$","?","M","R","E","R","T","M","?","E","?","?"],"items_purchased_type":["Card","Card"],"build_version":"2020-12-22","purchased_purges":3,"victory":false,"max_hp_per_floor":[75,75,75,75,75,77,77,77,77,77,77,77,79,79,79,79,79,81,83,83,83,85,85,87,87,87,87,87,89,89,89,89],"card_choices":[{"not_picked":["Hologram","Tempest"],"picked":"Ball Lightning","floor":1},{"not_picked":["Meteor Strike","Leap","Redo"],"picked":"Singing Bowl","floor":6},{"not_picked":["Fusion","Go for the Eyes"],"picked":"Hologram","floor":8},{"not_picked":["Stack","Steam"],"picked":"Lockon","floor":10},{"not_picked":["Reinforced Body","Beam Cell"],"picked":"Redo","floor":11},{"not_picked":["Leap","Consume","Stack"],"picked":"Singing Bowl","floor":13},{"not_picked":["Amplify","Biased Cognition"],"picked":"Creative AI","floor":16},{"not_picked":["Gash","Stack","Turbo"],"picked":"Singing Bowl","floor":18},{"not_picked":["Beam Cell+1","Redo+1","Steam+1"],"picked":"Singing Bowl","floor":19},{"not_picked":["Sweeping Beam","Rainbow"],"picked":"Streamline+1","floor":21},{"not_picked":["Rebound","Cold Snap","Compile Driver"],"picked":"Singing Bowl","floor":22},{"not_picked":["Rainbow","Steam","Rip and Tear"],"picked":"Singing Bowl","floor":24},{"not_picked":["Gash+1","Scrape+1"],"picked":"Conserve Battery+1","floor":27},{"not_picked":["Rip and Tear+1","Ball Lightning","Reprogram+1"],"picked":"Singing Bowl","floor":29}],"player_experience":336283,"relics_obtained":[{"floor":6,"key":"Bag of Marbles"},{"floor":10,"key":"Orichalcum"},{"floor":24,"key":"Ornamental Fan"},{"floor":26,"key":"Regal Pillow"},{"floor":29,"key":"Torii"}],"event_choices":[{"cards_removed":["Strike_B"],"damage_healed":0,"gold_gain":0,"player_choice":"Forget","damage_taken":0,"max_hp_gain":0,"max_hp_loss":0,"event_name":"Living Wall","floor":2,"gold_loss":0},{"damage_healed":0,"gold_gain":0,"player_choice":"Success","damage_taken":12,"relics_obtained":["Singing Bowl"],"max_hp_gain":0,"max_hp_loss":0,"event_name":"Scrap Ooze","floor":3,"gold_loss":0},{"cards_removed":["Ball Lightning"],"damage_healed":0,"gold_gain":0,"player_choice":"Gave Card","damage_taken":0,"relics_obtained":["MawBank"],"max_hp_gain":0,"max_hp_loss":0,"event_name":"WeMeetAgain","floor":5,"gold_loss":0},{"damage_healed":0,"gold_gain":0,"player_choice":"Upgraded","damage_taken":0,"max_hp_gain":0,"max_hp_loss":0,"event_name":"Upgrade Shrine","floor":14,"gold_loss":0,"cards_upgraded":["Dualcast"]},{"damage_healed":0,"gold_gain":0,"player_choice":"Upgraded","damage_taken":0,"max_hp_gain":0,"max_hp_loss":0,"event_name":"Upgrade Shrine","floor":28,"gold_loss":0,"cards_upgraded":["Creative AI"]}],"is_beta":false,"boss_relics":[{"not_picked":["Empty Cage","Calling Bell"],"picked":"Pandora\u0027s Box"}],"items_purged_floors":[4,20,30],"is_endless":false,"potions_floor_spawned":[6,13,19,21,22,27],"killed_by":"Shelled Parasite and Fungi","ascension_level":1}}