{"host":"wbn3xdfsa5pc2kse","time":1613412304,"event":{"mods":["AchievementEnabler","BaseMod","Bestiary","Colored Map","Colored Powertips","Curses Come First","Highlight Path","Minty Spire (QoL Compilation)","Permanent Neow","Rare Cards Sparkle","Relic Stats","StSLib"],"gold_per_floor":[119,119,14,28,42,68,68,95,95,95,113,123,151,151,151,228,228,248,248,173,21,21,46,46,61,86,86,86],"floor_reached":27,"language":"ZHT","playtime":821,"items_purged":["Strike_R","Strike_R"],"score":493,"play_id":"7fb87f8d-e140-4969-a01a-160c0f9ef2ab","local_time":"20210216020504","is_ascension_mode":true,"campfire_choices":[{"data":"Cleave","floor":7,"key":"SMITH"},{"data":"Disarm","floor":10,"key":"SMITH"},{"floor":15,"key":"REST"}],"circlet_count":0,"master_deck":["AscendersBane","Strike_R","Strike_R","Defend_R","Defend_R","Defend_R","Defend_R","Bash+1","Thunderclap","Iron Wave","Disarm+1","Cleave+1","Corruption","Feel No Pain","Burning Pact","Shrug It Off","Dual Wield","Fiend Fire","Armaments","RitualDagger","Shrug It Off","Pommel Strike","Shame"],"relics":["SlaversCollar","Orichalcum","Mercury Hourglass","Paper Frog","Kunai","Philosopher\u0027s Stone","StoneCalendar","InkBottle","Regal Pillow"],"acts_visited":["Exordium","TheCity"],"potions_floor_usage":[12,13,23,27],"damage_taken":[{"damage":0,"enemies":"Small Slimes","floor":1,"turns":3},{"damage":6,"enemies":"Jaw Worm","floor":4,"turns":4},{"damage":0,"enemies":"2 Louse","floor":5,"turns":3},{"damage":15,"enemies":"Gremlin Nob","floor":6,"turns":4},{"damage":21,"enemies":"Lagavulin","floor":8,"turns":6},{"damage":7,"enemies":"2 Fungi Beasts","floor":11,"turns":3},{"damage":8,"enemies":"Blue Slaver","floor":12,"turns":4},{"damage":0,"enemies":"Gremlin Nob","floor":13,"turns":2},{"damage":18,"enemies":"Hexaghost","floor":16,"turns":10},{"damage":18,"enemies":"Spheric Guardian","floor":18,"turns":6},{"damage":17,"enemies":"Book of Stabbing","floor":23,"turns":6},{"damage":8,"enemies":"Shell Parasite","floor":25,"turns":7},{"damage":11,"enemies":"Slavers","floor":27,"turns":2}],"seed_played":"5328131065263095826","potions_obtained":[{"floor":4,"key":"SteroidPotion"},{"floor":5,"key":"Ancient Potion"},{"floor":11,"key":"AttackPotion"},{"floor":13,"key":"Ancient Potion"},{"floor":16,"key":"Weak Potion"},{"floor":23,"key":"SkillPotion"}],"is_trial":false,"path_per_floor":["M","?","$","M","M","E","R","E","T","R","M","M","E","?","R","B",null,"M","?","?","$","?","E","?","M","T","E"],"character_chosen":"IRONCLAD","items_purchased":["Iron Wave","Shrug It Off"],"campfire_rested":1,"item_purchase_floors":[3,21],"current_hp_per_floor":[68,68,68,62,62,47,47,26,26,26,19,11,11,11,33,15,60,42,36,36,36,36,19,19,11,11,0,0],"gold":86,"neow_bonus":"BOSS_RELIC","is_daily":false,"chose_seed":false,"campfire_upgraded":2,"win_rate":0.0,"timestamp":1613412304,"path_taken":["M","?","$","M","M","E","R","E","T","R","M","M","E","?","R","BOSS","M","?","?","$","?","E","?","M","T","E"],"items_purchased_type":["Card","Card"],"build_version":"2020-12-22","purchased_purges":2,"victory":false,"max_hp_per_floor":[75,75,75,75,75,75,75,75,75,75,75,75,75,75,75,75,75,75,75,75,75,75,75,75,75,75,75,75],"relic_stats":{"Regal Pillow":0,"counters":[13,58],"StoneCalendar":[0],"Kunai":[10],"Orichalcum":[36],"obtain_stats":[{"SlaversCollar":0,"Regal Pillow":26,"Philosopher\u0027s Stone":17,"StoneCalendar":23,"Kunai":13,"Orichalcum":6,"Burning Blood":0,"InkBottle":24,"Mercury Hourglass":8,"Paper Frog":9},{"SlaversCollar":0,"Regal Pillow":12,"Philosopher\u0027s Stone":9,"StoneCalendar":11,"Kunai":8,"Orichalcum":4,"Burning Blood":0,"InkBottle":11,"Mercury Hourglass":5,"Paper Frog":5},{"SlaversCollar":0,"Regal Pillow":56,"Philosopher\u0027s Stone":38,"StoneCalendar":49,"Kunai":28,"Orichalcum":14,"Burning Blood":0,"InkBottle":49,"Mercury Hourglass":20,"Paper Frog":20}],"InkBottle":[3],"Mercury Hourglass":[96]},"card_choices":[{"not_picked":["Warcry","Hemokinesis"],"picked":"Thunderclap","floor":1},{"not_picked":["Feel No Pain","Dual Wield"],"picked":"Disarm","floor":4},{"not_picked":["Iron Wave","Whirlwind"],"picked":"Cleave","floor":5},{"not_picked":["Pommel Strike","Cleave"],"picked":"Corruption","floor":6},{"not_picked":["Body Slam","Rampage"],"picked":"Feel No Pain","floor":8},{"not_picked":["Anger","Iron Wave"],"picked":"Burning Pact","floor":11},{"not_picked":["Cleave","Dropkick"],"picked":"Shrug It Off","floor":12},{"not_picked":["Rage","Sword Boomerang"],"picked":"Dual Wield","floor":13},{"not_picked":["Juggernaut","Berserk"],"picked":"Fiend Fire","floor":16},{"not_picked":["Twin Strike","Headbutt"],"picked":"Armaments","floor":18},{"not_picked":["Heavy Blade+1","Wild Strike"],"picked":"Pommel Strike","floor":23},{"not_picked":["Body Slam","Shockwave","Juggernaut"],"picked":"SKIP","floor":25}],"player_experience":824138,"relics_obtained":[{"floor":6,"key":"Orichalcum"},{"floor":8,"key":"Mercury Hourglass"},{"floor":9,"key":"Paper Frog"},{"floor":13,"key":"Kunai"},{"floor":23,"key":"StoneCalendar"},{"floor":26,"key":"Regal Pillow"}],"event_choices":[{"damage_healed":0,"gold_gain":0,"player_choice":"Grow","damage_taken":0,"max_hp_gain":0,"max_hp_loss":0,"event_name":"Living Wall","floor":2,"gold_loss":0,"cards_upgraded":["Bash"]},{"damage_healed":0,"gold_gain":0,"player_choice":"Ignored","damage_taken":0,"max_hp_gain":0,"max_hp_loss":0,"event_name":"Liars Game","floor":14,"gold_loss":0},{"damage_healed":0,"gold_gain":0,"player_choice":"Joined the Cult","damage_taken":6,"max_hp_gain":0,"max_hp_loss":0,"event_name":"Nest","floor":19,"gold_loss":0,"cards_obtained":["RitualDagger"]},{"cards_removed":["Strike_R"],"damage_healed":0,"gold_gain":0,"player_choice":"Gave Gold","damage_taken":0,"max_hp_gain":0,"max_hp_loss":0,"event_name":"Beggar","floor":20,"gold_loss":75},{"damage_healed":0,"gold_gain":0,"player_choice":"Ignored","damage_taken":0,"max_hp_gain":0,"max_hp_loss":0,"event_name":"Ghosts","floor":22,"gold_loss":0},{"damage_healed":0,"gold_gain":0,"player_choice":"Stole Relic","damage_taken":0,"relics_obtained":["InkBottle"],"max_hp_gain":0,"max_hp_loss":0,"event_name":"Addict","floor":24,"gold_loss":0,"cards_obtained":["Shame"]}],"is_beta":false,"boss_relics":[{"not_picked":["Velvet Choker","Busted Crown"],"picked":"Philosopher\u0027s Stone"}],"items_purged_floors":[3,21],"is_endless":false,"potions_floor_spawned":[4,5,11,13,16,23],"killed_by":"Slavers","ascension_level":16}}