{"host":"gbgc43u9lfev3bcz","time":1613378257,"event":{"mods":["BaseMod","Better Note","Challenge The Spire","Colored Map","Downfall","Minty Spire (QoL Compilation)","StSLib"],"gold_per_floor":[115,135,210,223,233,233,266,20,20,20,20,63,63,404,404,502,502,522,45,63,63,63,63,102,102,126,150,183,208,248,267,267,361,361,384,384,409,427,260,260,303,303,328,378,393,413,451,466,466,466],"floor_reached":51,"language":"ENG","playtime":1646,"items_purged":["Strike_G+1"],"score":1807,"play_id":"be0ae1b8-6b40-48e1-9f51-b83e41ff90e7","local_time":"20210215023737","is_ascension_mode":true,"campfire_choices":[{"data":"Cloak And Dagger","floor":6,"key":"SMITH"},{"data":"Accuracy","floor":11,"key":"SMITH"},{"data":"Endless Agony","floor":13,"key":"SMITH"},{"data":"Cloak And Dagger","floor":15,"key":"SMITH"},{"data":"Expertise","floor":23,"key":"SMITH"},{"data":"Leg Sweep","floor":25,"key":"SMITH"},{"data":"Burst","floor":32,"key":"SMITH"},{"floor":40,"key":"REST"},{"floor":42,"key":"REST"},{"floor":49,"key":"REST"}],"circlet_count":0,"master_deck":["AscendersBane","Strike_G+1","Strike_G+1","Strike_G+1","Strike_G+1","Defend_G+1","Defend_G+1","Defend_G+1","Defend_G+1","Survivor+1","Neutralize","Blade Dance","Blade Dance","Cloak And Dagger+1","Leg Sweep+1","Dodge and Roll+1","Accuracy+1","Endless Agony+1","Cloak And Dagger+1","Wraith Form v2+1","Expertise+1","Panache+1","Endless Agony","Acrobatics","Footwork+1","Burst+1","After Image+1","Finesse","Crippling Poison"],"relics":["WristBlade","Art of War","Lee\u0027s Waffle","PreservedInsect","Golden Idol","Frozen Egg 2","Old Coin","Runic Dome","Vajra","Singing Bowl","War Paint","Ancient Tea Set","Ninja Scroll","Fusion Hammer","Pear","Potion Belt","Oddly Smooth Stone"],"acts_visited":["Exordium","TheCity","TheBeyond"],"potions_floor_usage":[7,12,50,50,50,50],"damage_taken":[{"damage":3,"enemies":"Cultist","floor":1,"turns":5},{"damage":7,"enemies":"Jaw Worm","floor":2,"turns":2},{"damage":3,"enemies":"Small Slimes","floor":4,"turns":3},{"damage":13,"enemies":"Exordium Thugs","floor":5,"turns":3},{"damage":5,"enemies":"3 Sentries","floor":7,"turns":7},{"damage":9,"enemies":"Lagavulin","floor":12,"turns":5},{"damage":0,"enemies":"Gremlin Nob","floor":14,"turns":3},{"damage":26,"enemies":"The Guardian","floor":16,"turns":10},{"damage":0,"enemies":"Chosen","floor":18,"turns":2},{"damage":2,"enemies":"2 Thieves","floor":20,"turns":3},{"damage":0,"enemies":"Gremlin Leader","floor":24,"turns":3},{"damage":15,"enemies":"Shelled Parasite and Fungi","floor":27,"turns":3},{"damage":9,"enemies":"Book of Stabbing","floor":28,"turns":3},{"damage":0,"enemies":"Snake Plant","floor":29,"turns":5},{"damage":0,"enemies":"Gremlin Leader","floor":30,"turns":5},{"damage":0,"enemies":"3 Cultists","floor":31,"turns":3},{"damage":0,"enemies":"Automaton","floor":33,"turns":5},{"damage":0,"enemies":"Orb Walker","floor":35,"turns":2},{"damage":8,"enemies":"3 Darklings","floor":37,"turns":3},{"damage":33,"enemies":"4 Shapes","floor":38,"turns":3},{"damage":0,"enemies":"Nemesis","floor":41,"turns":5},{"damage":0,"enemies":"Spire Growth","floor":45,"turns":2},{"damage":0,"enemies":"Maw","floor":46,"turns":5},{"damage":21,"enemies":"Reptomancer","floor":47,"turns":4},{"damage":0,"enemies":"4 Shapes","floor":48,"turns":3},{"damage":18,"enemies":"Donu and Deca","floor":50,"turns":8}],"seed_played":"-807204591655636888","potions_obtained":[{"floor":5,"key":"DuplicationPotion"},{"floor":12,"key":"Fruit Juice"},{"floor":16,"key":"Ancient Potion"},{"floor":24,"key":"Explosive Potion"},{"floor":28,"key":"BlessingOfTheForge"},{"floor":29,"key":"CunningPotion"},{"floor":45,"key":"Regen Potion"},{"floor":47,"key":"champ:CounterPotion"}],"is_trial":false,"path_per_floor":["M","M","?","M","M","R","E","$","T","?","R","E","R","E","R","B",null,"M","$","M","?","$","R","E","R","T","M","E","M","E","M","R","B",null,"M","?","M","M","$","R","E","R","T","?","M","M","E","M","R","B",null],"character_chosen":"THE_SILENT","items_purchased":["Lee\u0027s Waffle","Accuracy","Vajra","Panache+1","Endless Agony","Acrobatics","Finesse"],"campfire_rested":3,"item_purchase_floors":[8,8,19,19,19,19,39],"current_hp_per_floor":[56,49,38,35,22,22,17,73,73,48,48,44,44,44,44,18,63,63,63,61,61,61,61,61,61,61,48,41,41,43,45,45,45,76,78,78,72,41,41,68,80,104,104,104,106,108,87,89,110,107],"gold":466,"neow_bonus":"BOSS_RELIC","is_daily":false,"chose_seed":false,"campfire_upgraded":7,"win_rate":0.0,"timestamp":1613378257,"path_taken":["M","?","?","M","M","R","E","$","T","?","R","E","R","E","R","BOSS","M","$","M","?","?","R","E","R","T","M","E","?","E","M","R","BOSS","M","?","M","M","$","R","E","R","T","?","?","M","E","M","R","BOSS"],"items_purchased_type":["Relic","Card","Relic","Card","Card","Card","Card"],"build_version":"2020-12-22","purchased_purges":1,"victory":true,"max_hp_per_floor":[66,66,66,66,66,66,66,73,73,73,73,78,78,78,78,78,78,78,78,78,78,78,78,78,78,78,80,82,82,84,86,86,86,86,88,88,90,92,92,92,104,104,104,104,106,108,108,110,110,110],"card_choices":[{"not_picked":["Quick Slash","Deadly Poison"],"picked":"Blade Dance","floor":1},{"not_picked":["Bullet Time","Flying Knee"],"picked":"Blade Dance","floor":2},{"not_picked":["Slice","Poisoned Stab"],"picked":"Cloak And Dagger","floor":4},{"not_picked":["Deadly Poison","Finisher"],"picked":"Leg Sweep","floor":5},{"not_picked":["Riddle With Holes","Bullet Time"],"picked":"Dodge and Roll","floor":7},{"not_picked":["Bane","Leg Sweep"],"picked":"Endless Agony","floor":12},{"not_picked":["Reflex","Backflip"],"picked":"Cloak And Dagger","floor":14},{"not_picked":["Unload","Corpse Explosion"],"picked":"Wraith Form v2+1","floor":16},{"not_picked":["Dagger Throw+1","Prepared"],"picked":"Expertise","floor":18},{"not_picked":["Bane+1","Well Laid Plans+1","Acrobatics"],"picked":"SKIP","floor":20},{"not_picked":["Bouncing Flask","Setup"],"picked":"Footwork+1","floor":24},{"not_picked":["Poisoned Stab","Quick Slash","Masterful Stab+1"],"picked":"Singing Bowl","floor":27},{"not_picked":["Predator","Sucker Punch","Finisher"],"picked":"Singing Bowl","floor":28},{"not_picked":["Flying Knee","Underhanded Strike"],"picked":"Burst","floor":29},{"not_picked":["Finisher","PiercingWail+1","Bane"],"picked":"Singing Bowl","floor":30},{"not_picked":["Blade Dance","Eviscerate","Leg Sweep"],"picked":"Singing Bowl","floor":31},{"not_picked":["Night Terror","Burst"],"picked":"After Image+1","floor":33},{"not_picked":["Dash","Sucker Punch","Flying Knee"],"picked":"Singing Bowl","floor":35},{"not_picked":["Distraction","Sucker Punch","Dodge and Roll"],"picked":"Singing Bowl","floor":37},{"not_picked":["Outmaneuver+1","Masterful Stab","Eviscerate"],"picked":"Singing Bowl","floor":38},{"not_picked":["Well Laid Plans+1","Bane","Dagger Throw+1"],"picked":"Singing Bowl","floor":41},{"not_picked":["Poisoned Stab","Noxious Fumes+1","Prepared"],"picked":"Singing Bowl","floor":45},{"not_picked":["Quick Slash+1","Flechettes","Bane"],"picked":"Singing Bowl","floor":46},{"not_picked":["Underhanded Strike+1","Calculated Gamble"],"picked":"Crippling Poison","floor":47},{"not_picked":["Bane+1","Calculated Gamble","Endless Agony+1"],"picked":"Singing Bowl","floor":48}],"player_experience":580516,"relics_obtained":[{"floor":7,"key":"Art of War"},{"floor":9,"key":"PreservedInsect"},{"floor":12,"key":"Frozen Egg 2"},{"floor":14,"key":"Old Coin"},{"floor":24,"key":"Singing Bowl"},{"floor":26,"key":"War Paint"},{"floor":28,"key":"Ancient Tea Set"},{"floor":30,"key":"Ninja Scroll"},{"floor":41,"key":"Pear"},{"floor":43,"key":"Potion Belt"},{"floor":47,"key":"Oddly Smooth Stone"}],"event_choices":[{"damage_healed":0,"gold_gain":75,"player_choice":"Gather Gold","damage_taken":11,"max_hp_gain":0,"max_hp_loss":0,"event_name":"World of Goop","floor":3,"gold_loss":0},{"damage_healed":0,"gold_gain":0,"player_choice":"Take Damage","damage_taken":25,"relics_obtained":["Golden Idol"],"max_hp_gain":0,"max_hp_loss":0,"event_name":"Golden Idol","floor":10,"gold_loss":0},{"damage_healed":0,"gold_gain":0,"player_choice":"Simplicity","damage_taken":0,"max_hp_gain":0,"max_hp_loss":0,"event_name":"Back to Basics","floor":21,"gold_loss":0,"cards_upgraded":["Strike_G","Strike_G","Strike_G","Strike_G","Strike_G","Defend_G","Defend_G","Defend_G","Defend_G","Defend_G"]},{"cards_removed":["Defend_G"],"damage_healed":0,"gold_gain":0,"player_choice":"Removed Skill","damage_taken":0,"max_hp_gain":0,"max_hp_loss":0,"event_name":"Falling","floor":36,"gold_loss":0},{"damage_healed":0,"gold_gain":50,"player_choice":"Pray","damage_taken":0,"max_hp_gain":0,"max_hp_loss":0,"event_name":"Golden Shrine","floor":44,"gold_loss":0}],"is_beta":false,"boss_relics":[{"not_picked":["SacredBark","Calling Bell"],"picked":"Runic Dome"},{"not_picked":["Philosopher\u0027s Stone","Snecko Eye"],"picked":"Fusion Hammer"}],"items_purged_floors":[39],"is_endless":false,"potions_floor_spawned":[5,12,16,24,28,29,31,33,37,41,45,47],"ascension_level":18}}