{"host":"7r6bd5ce6zscnmwq","time":1613404977,"event":{"mods":["BaseMod","Block Reminder","Colored Map","Colored Powertips","Curses Come First","Downfall","Minty Spire (QoL Compilation)","Quick Restart","Reliquary","Shop Mod","Spicy Shops","StSLib"],"gold_per_floor":[0,20,20,20,39,39,39,139,149,149,164,164,164,192,206,306,306,306,320,336,62,81,16,16,28,28,55,133,153,173,184,198,299,299,299,319,336,356,366,385,385,385,396,158,158,170,188,188,204,204],"floor_reached":51,"language":"ENG","playtime":4757,"items_purged":["bronze:Defend","bronze:Strike","bronze:Explode"],"score":789,"play_id":"f85ea66e-ea3c-4092-961e-210e094ec1bd","local_time":"20210216010257","is_ascension_mode":true,"campfire_choices":[{"data":"bronze:Replicate","floor":1,"key":"SMITH"},{"data":"bronze:Optimize","floor":6,"key":"SMITH"},{"floor":12,"key":"REST"},{"data":"bronze:SpaghettiCode","floor":18,"key":"SMITH"},{"floor":35,"key":"DIG"},{"floor":42,"key":"DIG"},{"data":"Madness","floor":45,"key":"SMITH"}],"circlet_count":0,"master_deck":["bronze:Strike","bronze:Defend","bronze:Defend","bronze:Replicate+1","bronze:Goto","bronze:DelayedGuard","bronze:Spike","bronze:DigitalCarnage+1","bronze:Optimize+1","bronze:BronzeOrb","bronze:Repair","bronze:Shell","bronze:Return","bronze:SpaghettiCode+1","bronze:CutThrough","bronze:ChosenStrike","bronze:Constructor","bronze:InfiniteLoop","Ghostly","Ghostly","Ghostly","Ghostly","Ghostly","bronze:CloningBeam","bronze:HardenedForm","bronze:ForceShield+1","expansioncontent:DashGenerateEvil","Madness+1"],"relics":["bronze:BronzeCore","Bottled Tornado","Sundial","reliquary:WritOfMandamus","Membership Card","reliquary:RoseTintedGlasses","Mercury Hourglass","Shovel","Mercury Hourglass","Busted Crown","Lantern","Incense Burner","Blood Vial","Ginger","HornCleat","MerchantsRug","Ancient Tea Set"],"acts_visited":["Exordium","TheCity","TheBeyond"],"potions_floor_usage":[14,21,27,30,33,33,39,50],"damage_taken":[{"damage":1,"enemies":"Jaw Worm","floor":2,"turns":4},{"damage":22,"enemies":"Jaw Worm","floor":3,"turns":5},{"damage":0,"enemies":"2 Louse","floor":5,"turns":2},{"damage":0,"enemies":"Cultist","floor":9,"turns":2},{"damage":4,"enemies":"downfall:LooterAlt","floor":11,"turns":2},{"damage":3,"enemies":"3 Sentries","floor":14,"turns":3},{"damage":0,"enemies":"3 Louse","floor":15,"turns":2},{"damage":25,"enemies":"SI_SHIV_ARCHETYPE","floor":16,"turns":8},{"damage":9,"enemies":"Chosen","floor":19,"turns":3},{"damage":0,"enemies":"Shell Parasite","floor":20,"turns":1},{"damage":6,"enemies":"downfall:FleeingMerchant","floor":21,"turns":4},{"damage":6,"enemies":"Cultist and Chosen","floor":22,"turns":4},{"damage":12,"enemies":"downfall:FleeingMerchant","floor":23,"turns":4},{"damage":0,"enemies":"Snecko","floor":25,"turns":2},{"damage":0,"enemies":"Gremlin Leader","floor":27,"turns":5},{"damage":0,"enemies":"Centurion and Healer","floor":29,"turns":4},{"damage":0,"enemies":"3 Cultists","floor":30,"turns":3},{"damage":5,"enemies":"Cultist and Chosen","floor":31,"turns":2},{"damage":3,"enemies":"Centurion and Healer","floor":32,"turns":4},{"damage":24,"enemies":"IC_MUSHROOM_ARCHETYPE","floor":33,"turns":7},{"damage":3,"enemies":"3 Shapes","floor":36,"turns":3},{"damage":5,"enemies":"3 Darklings","floor":37,"turns":4},{"damage":0,"enemies":"Transient","floor":38,"turns":5},{"damage":0,"enemies":"4 Shapes","floor":39,"turns":4},{"damage":1,"enemies":"Maw","floor":40,"turns":5},{"damage":10,"enemies":"Sphere and 2 Shapes","floor":43,"turns":3},{"damage":0,"enemies":"downfall:FleeingMerchant","floor":44,"turns":3},{"damage":25,"enemies":"Spire Growth","floor":46,"turns":5},{"damage":0,"enemies":"Writhing Mass","floor":47,"turns":5},{"damage":0,"enemies":"Jaw Worm Horde","floor":49,"turns":2},{"damage":0,"enemies":"DF_ARCHETYPE_ORBS","floor":50,"turns":10}],"seed_played":"-8058330979150413216","potions_obtained":[{"floor":3,"key":"Fire Potion"},{"floor":5,"key":"Regen Potion"},{"floor":9,"key":"Weak Potion"},{"floor":15,"key":"Slimebound:ThreeZeroPotion"},{"floor":16,"key":"DuplicationPotion"},{"floor":22,"key":"PowerPotion"},{"floor":27,"key":"ColorlessPotion"},{"floor":30,"key":"GamblersBrew"},{"floor":33,"key":"SpeedPotion"},{"floor":36,"key":"AttackPotion"},{"floor":39,"key":"Strength Potion"},{"floor":43,"key":"FairyPotion"}],"is_trial":false,"path_per_floor":["R","M","?","?","M","R","T","?","M","?","M","R","?","E","M","B",null,"R","M","M","$","M","$","T","M","?","E","T","M","M","M","M","B",null,"R","M","M","M","M","M","T","R","M","$","R","M","M","?","M","B",null],"character_chosen":"THE_AUTOMATON","items_purchased":["Membership Card","reliquary:RoseTintedGlasses","Ginger","HornCleat","MerchantsRug","Ancient Tea Set","expansioncontent:DashGenerateEvil","Madness"],"campfire_rested":1,"item_purchase_floors":[21,21,44,44,44,44,44,44],"current_hp_per_floor":[70,69,47,47,47,47,47,47,47,47,43,64,70,67,70,52,70,70,61,61,64,65,60,60,70,35,35,35,35,35,35,32,21,35,35,32,30,35,35,35,35,35,32,35,35,10,32,32,34,35],"gold":204,"neow_bonus":"REMOVE_TWO","is_daily":false,"chose_seed":false,"campfire_upgraded":4,"win_rate":0.0,"timestamp":1613404977,"path_taken":["R","M","?","?","?","R","T","?","M","?","M","R","?","E","M","BOSS","R","M","M","$","M","?","T","M","?","E","?","M","M","M","M","BOSS","R","M","?","M","M","M","T","R","M","$","R","M","M","?","M","BOSS"],"items_purchased_type":["Relic","Relic","Relic","Relic","Relic","Relic","Card","Card"],"build_version":"2020-12-22","purchased_purges":3,"victory":true,"max_hp_per_floor":[70,70,70,70,70,70,70,70,70,70,70,70,70,70,70,70,70,70,70,70,70,70,70,70,70,35,35,35,35,35,35,35,35,35,35,35,35,35,35,35,35,35,35,35,35,35,35,35,35,35],"card_choices":[{"not_picked":["bronze:WildBeam","bronze:Frontload"],"picked":"bronze:DelayedGuard","floor":2},{"not_picked":[],"picked":"bronze:Spike","floor":3},{"not_picked":[],"picked":"bronze:Explode","floor":3},{"not_picked":["bronze:Backtrace","bronze:Invalidate"],"picked":"bronze:DigitalCarnage","floor":3},{"not_picked":["bronze:Overload","bronze:BuggyMess"],"picked":"bronze:Optimize","floor":5},{"not_picked":["bronze:Shield","bronze:BuggyMess"],"picked":"bronze:BronzeOrb","floor":9},{"not_picked":["bronze:ClassDefault","bronze:Overload"],"picked":"bronze:Repair","floor":11},{"not_picked":["bronze:ChildClass","bronze:CleanCode"],"picked":"bronze:Shell","floor":14},{"not_picked":["bronze:WhirlingStrike","bronze:Branch"],"picked":"bronze:Return","floor":15},{"not_picked":["bronze:FindAndReplace","bronze:RecursiveStrike"],"picked":"bronze:SpaghettiCode","floor":16},{"not_picked":["bronze:DelayedGuard","bronze:Turbo","bronze:DelayedSlice"],"picked":"SKIP","floor":19},{"not_picked":["bronze:Separator+1","bronze:Safeguard+1"],"picked":"bronze:CutThrough","floor":20},{"not_picked":["bronze:Overheat+1","bronze:Invalidate+1"],"picked":"bronze:ChosenStrike","floor":21},{"not_picked":["bronze:Shell","bronze:Shield"],"picked":"bronze:Constructor","floor":22},{"not_picked":["bronze:Refactor","bronze:CutThrough+1"],"picked":"bronze:InfiniteLoop","floor":23},{"not_picked":["bronze:Branch","bronze:BitShift","bronze:Constructor"],"picked":"SKIP","floor":25},{"not_picked":["bronze:Separator","bronze:CloningBeam","bronze:DelayedGuard"],"picked":"SKIP","floor":27},{"not_picked":["bronze:Separator","bronze:DelayedGuard"],"picked":"bronze:CloningBeam","floor":27},{"not_picked":["bronze:Repair+1","bronze:Shell+1","bronze:WhirlingStrike"],"picked":"SKIP","floor":29},{"not_picked":["bronze:Invalidate+1","bronze:Allocate+1","bronze:BurnOut"],"picked":"SKIP","floor":30},{"not_picked":["bronze:Iterate","bronze:Return","bronze:Repair"],"picked":"SKIP","floor":31},{"not_picked":["bronze:Invalidate","bronze:BitShift+1","bronze:DelayedGuard+1"],"picked":"SKIP","floor":32},{"not_picked":["bronze:InfiniteLoop","bronze:SpaghettiCode"],"picked":"bronze:HardenedForm","floor":33},{"not_picked":["bronze:OilSpill"],"picked":"SKIP","floor":36},{"not_picked":["bronze:Invalidate"],"picked":"SKIP","floor":37},{"not_picked":["bronze:Overheat"],"picked":"SKIP","floor":38},{"not_picked":[],"picked":"bronze:ForceShield+1","floor":39},{"not_picked":["bronze:ChosenStrike+1"],"picked":"SKIP","floor":40},{"not_picked":["bronze:Shell"],"picked":"SKIP","floor":43},{"not_picked":["bronze:Shell+1"],"picked":"SKIP","floor":44},{"not_picked":["bronze:Overheat"],"picked":"SKIP","floor":46},{"not_picked":["bronze:Constructor"],"picked":"SKIP","floor":47},{"not_picked":["bronze:Backtrace"],"picked":"SKIP","floor":49}],"player_experience":686461,"relics_obtained":[{"floor":7,"key":"Bottled Tornado"},{"floor":14,"key":"Sundial"},{"floor":24,"key":"Mercury Hourglass"},{"floor":27,"key":"Shovel"},{"floor":28,"key":"reliquary:SculptingSteel"},{"floor":35,"key":"Lantern"},{"floor":41,"key":"Incense Burner"},{"floor":42,"key":"Blood Vial"}],"event_choices":[{"cards_removed":["bronze:Strike"],"damage_healed":0,"gold_gain":0,"player_choice":"Card Removal","damage_taken":0,"max_hp_gain":0,"max_hp_loss":0,"event_name":"The Cleric","floor":10,"gold_loss":0},{"damage_healed":6,"gold_gain":0,"player_choice":"Full Heal","damage_taken":0,"max_hp_gain":0,"max_hp_loss":0,"event_name":"Wheel of Change","floor":13,"gold_loss":0},{"damage_healed":0,"gold_gain":0,"player_choice":"Became a Ghost","damage_taken":0,"max_hp_gain":0,"max_hp_loss":35,"event_name":"Ghosts","floor":26,"gold_loss":0,"cards_obtained":["Ghostly","Ghostly","Ghostly","Ghostly","Ghostly"]}],"is_beta":false,"boss_relics":[{"not_picked":["reliquary:RedCape","Tiny House"],"picked":"reliquary:WritOfMandamus"},{"not_picked":["Runic Pyramid","reliquary:Craggleroot"],"picked":"Busted Crown"}],"items_purged_floors":[21,23,44],"is_endless":false,"potions_floor_spawned":[3,5,9,15,16,22,25,27,30,32,33,36,39,43,47],"ascension_level":1}}