{"host":"clgpak7dimivr1r3","time":1613411930,"event":{"mods":["BaseMod","Colored Map","Colored Powertips","Curses Come First","Minty Spire (QoL Compilation)","Relic Stats","Say the Spire","StSLib"],"gold_per_floor":[111,111,261,275,275,302,320,320,320,194,194,227,227,249,249,249,249],"floor_reached":16,"language":"ENG","playtime":550,"items_purged":["Strike_R"],"score":186,"play_id":"5079dcb5-a853-40a2-98f3-79eff5ecef61","local_time":"20210215205850","is_ascension_mode":true,"campfire_choices":[{"data":"Metallicize","floor":8.0,"key":"SMITH"},{"data":"Cleave","floor":11.0,"key":"SMITH"},{"floor":15.0,"key":"REST"}],"circlet_count":0,"master_deck":["AscendersBane","Strike_R","Strike_R","Strike_R","Strike_R","Defend_R","Defend_R","Defend_R","Defend_R","Bash","Feed+1","Heavy Blade","Metallicize+1","Cleave+1","Pummel","Flex"],"relics":["Burning Blood","Ginger","Bottled Tornado","Shuriken","Odd Mushroom"],"acts_visited":["Exordium"],"potions_floor_usage":[],"damage_taken":[{"damage":10.0,"enemies":"2 Louse","floor":1.0,"turns":3.0},{"damage":12.0,"enemies":"Small Slimes","floor":4.0,"turns":4.0},{"damage":29.0,"enemies":"Gremlin Nob","floor":6.0,"turns":4.0},{"damage":10.0,"enemies":"Jaw Worm","floor":7.0,"turns":5.0},{"damage":13.0,"enemies":"3 Sentries","floor":12.0,"turns":10.0},{"damage":20.0,"enemies":"The Mushroom Lair","floor":14.0,"turns":4.0},{"damage":48,"enemies":"The Guardian","floor":16,"turns":6}],"seed_played":"-3151989868283892276","potions_obtained":[{"floor":1.0,"key":"Fire Potion"},{"floor":6.0,"key":"ElixirPotion"}],"is_trial":false,"path_per_floor":["M","?","?","M","?","E","M","R","T","$","R","E","?","?","R","B"],"character_chosen":"IRONCLAD","items_purchased":["Cleave"],"campfire_rested":1,"item_purchase_floors":[10],"current_hp_per_floor":[67,67,67,65,58,39,39,39,39,39,39,32,32,22,48,0,0],"gold":249,"neow_bonus":"THREE_RARE_CARDS","is_daily":false,"chose_seed":false,"campfire_upgraded":2,"win_rate":0.0,"timestamp":1613411930,"path_taken":["M","?","?","M","?","E","M","R","T","$","R","E","?","?","R","BOSS"],"items_purchased_type":["Card"],"build_version":"2020-12-22","purchased_purges":1,"victory":false,"max_hp_per_floor":[71,71,71,75,75,79,83,83,83,83,83,83,83,87,87,87,87],"relic_stats":{"counters":[7,36],"Shuriken":[1],"Ginger":[0],"obtain_stats":[{"Shuriken":12,"Ginger":6,"Bottled Tornado":9,"Odd Mushroom":14,"Burning Blood":0},{"Shuriken":5,"Ginger":3,"Bottled Tornado":4,"Odd Mushroom":6,"Burning Blood":0},{"Shuriken":26,"Ginger":11,"Bottled Tornado":16,"Odd Mushroom":30,"Burning Blood":0}],"Burning Blood":36},"card_choices":[{"not_picked":["Impervious","Berserk"],"picked":"Feed","floor":0.0},{"not_picked":["Sentinel","Entrench"],"picked":"Heavy Blade","floor":1.0},{"not_picked":["Dropkick","Entrench","Perfected Strike"],"picked":"SKIP","floor":4.0},{"not_picked":["Seeing Red","Iron Wave"],"picked":"Metallicize","floor":6.0},{"not_picked":["Clothesline","Metallicize","Burning Pact"],"picked":"SKIP","floor":7.0},{"not_picked":["Battle Trance","Havoc"],"picked":"Pummel","floor":12.0},{"not_picked":["Sword Boomerang","Havoc"],"picked":"Flex","floor":14.0}],"player_experience":136909,"relics_obtained":[{"floor":6.0,"key":"Ginger"},{"floor":9.0,"key":"Bottled Tornado"},{"floor":12.0,"key":"Shuriken"},{"floor":14.0,"key":"Odd Mushroom"}],"event_choices":[{"damage_healed":0.0,"max_hp_gain":0.0,"max_hp_loss":0.0,"gold_gain":0.0,"event_name":"Living Wall","player_choice":"Grow","floor":2.0,"gold_loss":0.0,"damage_taken":0.0,"cards_upgraded":["Feed"]},{"damage_healed":0.0,"max_hp_gain":0.0,"max_hp_loss":0.0,"gold_gain":150.0,"event_name":"Liars Game","player_choice":"AGREE","floor":3.0,"gold_loss":0.0,"damage_taken":0.0,"cards_obtained":["Doubt"]},{"cards_removed":["Doubt"],"damage_healed":0.0,"max_hp_gain":0.0,"max_hp_loss":0.0,"gold_gain":0.0,"event_name":"Golden Wing","player_choice":"Card Removal","floor":5.0,"gold_loss":0.0,"damage_taken":7.0},{"damage_healed":0.0,"max_hp_gain":0.0,"max_hp_loss":0.0,"gold_gain":0.0,"event_name":"Golden Idol","player_choice":"Ignored","floor":13.0,"gold_loss":0.0,"damage_taken":0.0},{"damage_healed":0.0,"max_hp_gain":0.0,"max_hp_loss":0.0,"gold_gain":0.0,"event_name":"Mushrooms","player_choice":"Fought Mushrooms","floor":14.0,"gold_loss":0.0,"damage_taken":0.0}],"is_beta":false,"boss_relics":[],"items_purged_floors":[10],"is_endless":false,"potions_floor_spawned":[1,6],"killed_by":"The Guardian","ascension_level":15}}