{"host":"7r6bd5ce6zscnmwq","time":1613383615,"event":{"mods":["BaseMod","Block Reminder","Colored Map","Colored Powertips","Curses Come First","Downfall","Minty Spire (QoL Compilation)","Quick Restart","Reliquary","Shop Mod","Spicy Shops","StSLib"],"gold_per_floor":[99,109,127,152,13,25,25,25,45,74,87,237,137,137,148,246,296,296,314,326,4,20,50,50,50,78,88,88,88,107,107,107,107,107],"floor_reached":32,"language":"ENG","playtime":4268,"items_purged":["hexamod:Defend","downfall:Icky"],"score":349,"play_id":"2746a22d-494a-4daa-9293-b47d129bcbc6","local_time":"20210215190655","is_ascension_mode":true,"campfire_choices":[{"data":"hexamod:GiftsFromTheDead","floor":1.0,"key":"SMITH"},{"data":"hexamod:FastForward","floor":13.0,"key":"SMITH"},{"floor":18.0,"key":"RECALL"}],"circlet_count":0,"master_deck":["hexamod:Strike","hexamod:Defend","hexamod:Defend","hexamod:Sear","hexamod:Float","hexamod:Incineration","hexamod:GiftsFromTheDead+1","hexamod:FastForward+1","hexamod:PhantomCloak","hexamod:GhostOfSpirePast","hexamod:FlamesFromBeyond","hexamod:ExtraCrispy","hexamod:Hexaguard","hexamod:CatchUp","hexamod:PowerFromBeyond+1","hexamod:VolcanoVisage","hexamod:BacktrackSmack+1","hexamod:InspiringFlames","hexamod:HeatShield","hexamod:ForkedFlame","expansioncontent:InvincibleStrength","hexamod:GiftsFromTheDead","hexamod:RecurringNightmare","hexamod:Firestarter"],"relics":["hexamod:SpiritBrand","Smiling Mask","Lee\u0027s Waffle","Pen Nib","Incense Burner","downfall:HeartBlessingGreen","Tiny House","Strawberry","reliquary:RosewoodLute","Gremlin Horn","Toy Ornithopter"],"acts_visited":["Exordium","TheCity"],"potions_floor_usage":[23,30,30,32,32],"damage_taken":[{"damage":1.0,"enemies":"Cultist","floor":2.0,"turns":3.0},{"damage":2.0,"enemies":"Small Slimes","floor":3.0,"turns":3.0},{"damage":5.0,"enemies":"downfall:FleeingMerchant","floor":5.0,"turns":4.0},{"damage":0.0,"enemies":"2 Louse","floor":6.0,"turns":3.0},{"damage":3.0,"enemies":"2 Fungi Beasts","floor":9.0,"turns":3.0},{"damage":0.0,"enemies":"Lagavulin","floor":10.0,"turns":4.0},{"damage":17.0,"enemies":"Lots of Slimes","floor":11.0,"turns":3.0},{"damage":10.0,"enemies":"Exordium Wildlife","floor":15.0,"turns":4.0},{"damage":21.0,"enemies":"IC_STATUS_ARCHETYPE","floor":16.0,"turns":7.0},{"damage":5.0,"enemies":"Chosen","floor":19.0,"turns":3.0},{"damage":3.0,"enemies":"downfall:LooterAlt2","floor":20.0,"turns":4.0},{"damage":2.0,"enemies":"downfall:FleeingMerchant","floor":21.0,"turns":4.0},{"damage":0.0,"enemies":"Snake Plant","floor":22.0,"turns":4.0},{"damage":0,"enemies":"Gremlin Leader","floor":23,"turns":7},{"damage":17,"enemies":"Book of Stabbing","floor":26,"turns":7},{"damage":41,"enemies":"3 Cultists","floor":27,"turns":6},{"damage":10,"enemies":"Snecko","floor":30,"turns":4},{"damage":23,"enemies":"Centurion and Healer","floor":32,"turns":4}],"seed_played":"1167452286057863088","potions_obtained":[{"floor":6.0,"key":"hexamod:SoulburnPotion"},{"floor":11.0,"key":"DuplicationPotion"},{"floor":15.0,"key":"Explosive Potion"},{"floor":17.0,"key":"PowerPotion"},{"floor":20.0,"key":"Guardian:BlockOnCardUsePotion"},{"floor":22.0,"key":"hexamod:DoubleChargePotion"},{"floor":23,"key":"Guardian:BlockOnCardUsePotion"},{"floor":30,"key":"LiquidBronze"}],"is_trial":false,"path_per_floor":["R","M","M","T","$","M","T","?","M","E","M","?","R","?","M","B",null,"R","M","M","$","M","E","T","?","E","M","?","?","M","?","M"],"character_chosen":"THE_SPIRIT","items_purchased":["Lee\u0027s Waffle","Strawberry","expansioncontent:InvincibleStrength"],"campfire_rested":0,"item_purchase_floors":[5,21,21],"current_hp_per_floor":[63,62,60,60,70,70,70,70,67,67,50,50,50,70,60,39,75,75,70,67,72,72,72,72,64,47,6,6,6,6,6,0,0,0],"gold":107,"neow_bonus":"TRANSFORM_TWO_CARDS","is_daily":false,"chose_seed":false,"campfire_upgraded":2,"win_rate":0.0,"timestamp":1613383615,"path_taken":["R","M","M","?","$","?","T","?","M","E","?","?","R","?","M","BOSS","R","M","M","$","M","E","T","?","E","?","?","?","?","?","M"],"items_purchased_type":["Relic","Relic","Card"],"build_version":"2020-12-22","purchased_purges":2,"victory":false,"max_hp_per_floor":[63,63,63,63,70,70,70,70,70,70,70,70,70,70,70,70,75,75,75,75,82,82,82,82,82,82,82,82,82,82,82,82,82,82],"card_choices":[{"not_picked":["hexamod:SwordOfDarkness","hexamod:HauntingEcho"],"picked":"hexamod:FastForward","floor":2.0},{"not_picked":["hexamod:NecessarySacrifice","hexamod:SwordOfDarkness"],"picked":"hexamod:PhantomCloak","floor":3.0},{"not_picked":["hexamod:HeatMetal","hexamod:BurningTouch"],"picked":"hexamod:GhostOfSpirePast","floor":5.0},{"not_picked":["hexamod:ChargedBarrage","hexamod:Firestarter"],"picked":"hexamod:FlamesFromBeyond","floor":6.0},{"not_picked":["hexamod:ShieldOfDarkness","hexamod:Haunt"],"picked":"hexamod:Hexaguard","floor":9.0},{"not_picked":["hexamod:ParanormalForm","hexamod:GhostLash"],"picked":"hexamod:CatchUp","floor":10.0},{"not_picked":["hexamod:Firestarter","hexamod:PhantomFireball"],"picked":"hexamod:PowerFromBeyond","floor":11.0},{"not_picked":["hexamod:HeatMetal","hexamod:FourthSeal","hexamod:BacktrackSmack"],"picked":"SKIP","floor":15.0},{"not_picked":["hexamod:UnleashSpirits","hexamod:SearingWound"],"picked":"hexamod:VolcanoVisage","floor":16.0},{"not_picked":["hexamod:HeatMetal","hexamod:NecessarySacrifice"],"picked":"hexamod:BacktrackSmack","floor":17.0},{"not_picked":["hexamod:CatchUp","hexamod:GhostShield"],"picked":"hexamod:InspiringFlames","floor":19.0},{"not_picked":["hexamod:GhostflameBarrier","hexamod:SpectralAdrenaline"],"picked":"hexamod:HeatShield","floor":20.0},{"not_picked":["hexamod:ChargedBarrage","hexamod:GhostOfSpireFuture"],"picked":"hexamod:ForkedFlame","floor":21.0},{"not_picked":["hexamod:GhostShield","hexamod:ShieldOfDarkness","hexamod:BurningTouch"],"picked":"SKIP","floor":22.0},{"not_picked":["hexamod:FastForward","hexamod:GhostOfSpireFuture"],"picked":"hexamod:GiftsFromTheDead","floor":23},{"not_picked":["hexamod:FlamesFromBeyond","hexamod:NightmareGuise"],"picked":"hexamod:RecurringNightmare","floor":26},{"not_picked":["hexamod:BurningTouch","hexamod:FlamesFromBeyond","hexamod:GhostShield+1"],"picked":"SKIP","floor":27},{"not_picked":["hexamod:HeatMetal","hexamod:GhostOfSpireFuture","hexamod:BacktrackSmack"],"picked":"SKIP","floor":30}],"player_experience":682193,"relics_obtained":[{"floor":4.0,"key":"Smiling Mask"},{"floor":7.0,"key":"Pen Nib"},{"floor":10.0,"key":"Incense Burner"},{"floor":23,"key":"reliquary:RosewoodLute"},{"floor":26,"key":"Gremlin Horn"}],"event_choices":[{"damage_healed":23.0,"max_hp_gain":0.0,"max_hp_loss":0.0,"gold_gain":0.0,"event_name":"Big Fish","player_choice":"Banana","floor":14.0,"gold_loss":0.0,"damage_taken":0.0},{"damage_healed":0,"gold_gain":0,"player_choice":"Stole Relic","damage_taken":0,"relics_obtained":["Toy Ornithopter"],"max_hp_gain":0,"max_hp_loss":0,"event_name":"Addict","floor":28,"gold_loss":0,"cards_obtained":["Pride"]}],"is_beta":false,"boss_relics":[{"not_picked":["reliquary:KinkedSpring","Coffee Dripper"],"picked":"Tiny House"}],"items_purged_floors":[5,21],"is_endless":false,"potions_floor_spawned":[6,11,15,20,22,23,26,30],"killed_by":"Centurion and Healer","ascension_level":1}}