{"host":"d6oxvn0vsgxeumax","time":1613412040,"event":{"mods":["BaseMod","Better Altar","Better Match","Better Note","Better Sensory Stone","Better Skull","Better Third Choice","BetterRewards","Bossed Relics","Colored Powertips","Defuse TimeMaze Blight","Downfall","Hubris","Infinite Spire","Minty Spire (QoL Compilation)","Relic Sorter","Replay The Spire","Shop Mod","Spicy Shops","Spire Arcade","StSLib","The Bug Knight"],"gold_per_floor":[99,99,99,99,111,111,111,136,61,83,68,95,95,119,146,250,259,259,270,281,295,595,595,595,630,430,443,475,484,505,529,546,653,653,653,670,685,711,720,720,746,485,514,514,239,248,274,283,304,304],"floor_reached":51,"language":"ENG","playtime":2574,"items_purged":["Pride"],"score":1016,"play_id":"5e57fbab-dbfe-46c6-8825-5fba495aeaab","local_time":"20210215120040","is_ascension_mode":true,"campfire_choices":[{"data":"Guardian:TwinSlam","floor":1,"key":"SMITH"},{"floor":13,"key":"REST"},{"data":"Guardian:CompilePackage","floor":18,"key":"SMITH"},{"floor":23,"key":"RECALL"},{"data":"Guardian:FloatingOrbs","floor":26,"key":"SMITH"},{"data":"Guardian:FierceBash","floor":35,"key":"SMITH"},{"data":"Guardian:RefractedBeam","floor":35,"key":"SMITH"},{"data":"Guardian:RefractedBeam+1","floor":40,"key":"SMITH"},{"data":"Guardian:RefractedBeam+2","floor":40,"key":"SMITH"}],"circlet_count":0,"master_deck":["Guardian:Strike_Guardian","Guardian:Strike_Guardian","Guardian:Strike_Guardian","Guardian:Strike_Guardian","Guardian:Defend_Guardian","Guardian:Defend_Guardian","Guardian:Defend_Guardian","Guardian:CurlUp","Guardian:TwinSlam+1","Guardian:Planning","Guardian:MultiBeam","Guardian:FloatingOrbs+1","Guardian:CompilePackage+1","CurseOfTheBell","ReplayTheSpireMod:Book of Names+1","Guardian:RefractedBeam+3","Guardian:PrismaticBeam","Guardian:FierceBash+1","Guardian:BronzeArmor+1","hubris:InfiniteBlow+654","Guardian:FastForward","Guardian:FastForward","Whirlwind","Doubt","Guardian:CompilePackage"],"relics":["Guardian:ModeShifter","ReplayTheSpireMod:Ring of Addiction","downfall:HeartsMalice","Chameleon Ring","CeramicFish","Turnip","bronze:BronzeIdol","hexamod:BolsterEngine","hubris:TinFlute","Unceasing Top","Guardian:ModeShifterPlus","Kunai","downfall:HeartBlessingRed","downfall:HeartBlessingBlue","Replay:Arrowhead","Runic Dome","Centennial Puzzle","Membership Card","MerchantsRug","PreservedInsect","Onion Ring","Chemical X","Boot","hubris:DisguiseKit","ReplayTheSpireMod:TigerMarble","hubris:Towel","Guardian:GemstoneGun","Lantern","Ring of Fury","Potion Belt","Toy Ornithopter"],"acts_visited":["Exordium","TheCity","TheBeyond"],"potions_floor_usage":[9,11,16,28,33],"damage_taken":[{"damage":0,"enemies":"Cultist","floor":2,"turns":1},{"damage":0,"enemies":"Jaw Worm","floor":3,"turns":1},{"damage":0,"enemies":"Small Slimes","floor":4,"turns":1},{"damage":0,"enemies":"3 Louse","floor":5,"turns":3},{"damage":26,"enemies":"3 Sentries","floor":8,"turns":13},{"damage":10,"enemies":"downfall:FleeingMerchant","floor":9,"turns":4},{"damage":3,"enemies":"Large Slime","floor":10,"turns":5},{"damage":5,"enemies":"downfall:FleeingMerchant","floor":11,"turns":4},{"damage":30,"enemies":"Lagavulin","floor":12,"turns":9},{"damage":5,"enemies":"Blue Slaver","floor":15,"turns":5},{"damage":7,"enemies":"SI_SHIV_ARCHETYPE","floor":16,"turns":7},{"damage":0,"enemies":"3 Byrds","floor":19,"turns":3},{"damage":4,"enemies":"Spheric Guardian","floor":20,"turns":4},{"damage":15,"enemies":"Chosen and Byrds","floor":21,"turns":6},{"damage":0,"enemies":"Gremlin Leader","floor":25,"turns":6},{"damage":0,"enemies":"Snecko","floor":27,"turns":3},{"damage":0,"enemies":"Slavers","floor":28,"turns":6},{"damage":0,"enemies":"3 Cultists","floor":30,"turns":4},{"damage":2,"enemies":"Shelled Parasite and Fungi","floor":31,"turns":3},{"damage":0,"enemies":"Snecko","floor":32,"turns":3},{"damage":23,"enemies":"WA_ARCHETYPE_CALM","floor":33,"turns":9},{"damage":0,"enemies":"3 Shapes","floor":36,"turns":3},{"damage":0,"enemies":"Orb Walker","floor":37,"turns":3},{"damage":6,"enemies":"Spire Growth","floor":38,"turns":4},{"damage":0,"enemies":"downfall:FleeingMerchant","floor":42,"turns":1},{"damage":0,"enemies":"Giant Head","floor":43,"turns":2},{"damage":0,"enemies":"4 Shapes","floor":47,"turns":1},{"damage":0,"enemies":"Sphere and 2 Shapes","floor":49,"turns":1},{"damage":0,"enemies":"IC_BLOCK_ARCHETYPE","floor":50,"turns":5}],"seed_played":"-5729417422898252392","potions_obtained":[{"floor":5,"key":"SkillPotion"},{"floor":10,"key":"ColorlessPotion"},{"floor":15,"key":"SteroidPotion"},{"floor":20,"key":"Dexterity Potion"},{"floor":25,"key":"Block Potion"},{"floor":30,"key":"Strength Potion"},{"floor":32,"key":"BlessingOfTheForge"},{"floor":33,"key":"Fruit Juice"},{"floor":37,"key":"Weak Potion"},{"floor":43,"key":"SteroidPotion"},{"floor":48,"key":"SkillPotion"},{"floor":48,"key":"champ:CounterPotion"}],"is_trial":false,"path_per_floor":["R","M","M","M","M","?","T","E","$","M","$","E","R","T","M","B",null,"R","M","M","M","AVR","R","T","E","R","M","E","?","M","M","M","B",null,"R","M","M","M","?","R","T","$","E","?","$","?","M","?","M","B",null],"character_chosen":"GUARDIAN","items_purchased":["Guardian:MultiBeam","Membership Card","MerchantsRug","PreservedInsect","Onion Ring","Chemical X","Boot","hubris:DisguiseKit","Guardian:FastForward","Guardian:GemstoneGun","Lantern"],"campfire_rested":1,"item_purchase_floors":[9,42,42,42,42,42,42,42,45,45,45],"current_hp_per_floor":[80,80,80,80,80,80,80,54,44,41,36,6,30,30,25,18,80,80,80,76,61,61,61,61,61,71,71,71,71,71,69,69,53,97,97,97,97,91,67,67,67,67,67,67,67,67,67,67,67,67],"gold":304,"neow_bonus":"THREE_ENEMY_KILL","is_daily":false,"chose_seed":false,"campfire_upgraded":7,"win_rate":0.0,"timestamp":1613412040,"path_taken":["R","M","M","M","?","?","T","E","$","?","$","E","R","?","M","BOSS","R","M","M","M","AVR","R","T","E","R","M","E","?","M","M","M","BOSS","R","M","M","M","?","R","T","$","E","?","?","?","M","?","M","BOSS"],"items_purchased_type":["Card","Relic","Relic","Relic","Relic","Relic","Relic","Relic","Card","Relic","Relic"],"build_version":"2020-12-22","purchased_purges":1,"victory":true,"max_hp_per_floor":[80,80,80,80,80,80,80,80,80,80,80,80,80,80,80,80,80,80,80,80,80,80,80,80,80,90,90,90,90,90,90,90,97,97,97,97,97,97,97,97,97,97,97,97,97,97,97,97,97,97],"card_choices":[{"not_picked":["Guardian:Gem_Yellow","Guardian:WalkerClaw"],"picked":"Guardian:Gem_Crimson","floor":2},{"not_picked":["Guardian:Suspension","Guardian:Repulse"],"picked":"Guardian:Gem_Purple","floor":3},{"not_picked":["Guardian:ArmoredProtocol","Guardian:Gem_Green","Guardian:Incinerate"],"picked":"SKIP","floor":4},{"not_picked":["Guardian:ChargeCore","Guardian:PiercingHide"],"picked":"Guardian:Planning","floor":5},{"not_picked":["Guardian:Reroute","Guardian:Suspension","Guardian:ShieldCharger"],"picked":"SKIP","floor":8},{"not_picked":["Guardian:WalkerClaw","Guardian:FuturePlans"],"picked":"Guardian:Gem_Red","floor":9},{"not_picked":["Guardian:Recover","Guardian:StasisEngine"],"picked":"Guardian:Gem_Yellow","floor":10},{"not_picked":["Guardian:WalkerClaw","Guardian:Reroute","Guardian:Gem_Cyan"],"picked":"SKIP","floor":11},{"not_picked":["Guardian:Reroute","Guardian:TimeCapacitor","Guardian:Clone"],"picked":"SKIP","floor":12},{"not_picked":["Guardian:RefractedBeam","Guardian:TemporalShield"],"picked":"Guardian:FloatingOrbs","floor":15},{"not_picked":["Guardian:Gem_Orange","Guardian:StasisStrike"],"picked":"Guardian:CompilePackage","floor":16},{"not_picked":["Guardian:ShieldCharger","Guardian:Gem_Green","Guardian:Incinerate"],"picked":"SKIP","floor":19},{"not_picked":["Guardian:SpikerProtocol","Guardian:ShieldCharger","Guardian:Incinerate"],"picked":"SKIP","floor":20},{"not_picked":["Guardian:Gem_Green","Guardian:ArmoredProtocol","Guardian:Gem_Lightblue"],"picked":"SKIP","floor":21},{"not_picked":["Guardian:Gem_Lightblue","Guardian:Gem_Yellow","Guardian:EvasiveProtocol+1"],"picked":"SKIP","floor":25},{"not_picked":["Guardian:Incinerate","Guardian:TimeCapacitor","Guardian:MultiBeam"],"picked":"SKIP","floor":27},{"not_picked":["Guardian:Planning","Guardian:Suspension","Guardian:Emergency+1"],"picked":"SKIP","floor":28},{"not_picked":["Guardian:Recover+1","Guardian:Suspension+1"],"picked":"Guardian:RefractedBeam","floor":30},{"not_picked":["Guardian:PrimingBeam+1","Guardian:PiercingHide+1"],"picked":"Guardian:PrismaticBeam","floor":31},{"not_picked":["Guardian:PrimingBeam","Guardian:StasisEngine","Guardian:ChargeCore"],"picked":"SKIP","floor":32},{"not_picked":["Guardian:GatlingBeam","Guardian:GemFire"],"picked":"Guardian:FierceBash","floor":33},{"not_picked":["Guardian:DecasProtection+1","Guardian:Gem_Lightblue","Guardian:PrimingBeam"],"picked":"SKIP","floor":36},{"not_picked":["Guardian:DecasProtection","Guardian:CrystalBeam+1","Guardian:ChargeCore+1"],"picked":"SKIP","floor":37},{"not_picked":["Guardian:ChargeUp","Guardian:MultiBeam"],"picked":"Guardian:BronzeArmor+1","floor":38},{"not_picked":["ReplayTheSpireMod:??????????????????????","hubris:Rewind"],"picked":"hubris:InfiniteBlow+654","floor":39},{"not_picked":["Guardian:PiercingHide+1","Guardian:Gem_Lightblue","Guardian:PrismaticBarrier"],"picked":"SKIP","floor":42},{"not_picked":["Guardian:ShieldCharger+1","Guardian:FuturePlans","Guardian:TemporalShield+1","Pommel Strike"],"picked":"SKIP","floor":43},{"not_picked":["Guardian:RollAttack+1","Guardian:Gem_White","Guardian:Gem_Green"],"picked":"Whirlwind","floor":47},{"not_picked":["Guardian:GuardianWhirl","Guardian:SpikerProtocol+1","Whirlwind"],"picked":"Guardian:CompilePackage","floor":49}],"player_experience":1092877,"relics_obtained":[{"floor":7,"key":"Chameleon Ring"},{"floor":8,"key":"CeramicFish"},{"floor":12,"key":"Turnip"},{"floor":14,"key":"bronze:BronzeIdol"},{"floor":17,"key":"hexamod:BolsterEngine"},{"floor":17,"key":"hubris:TinFlute"},{"floor":17,"key":"Unceasing Top"},{"floor":25,"key":"Kunai"},{"floor":28,"key":"Replay:Arrowhead"},{"floor":41,"key":"Centennial Puzzle"},{"floor":43,"key":"ReplayTheSpireMod:TigerMarble"},{"floor":48,"key":"Ring of Fury"},{"floor":48,"key":"ReplayTheSpireMod:Ring of Addiction"},{"floor":48,"key":"Potion Belt"},{"floor":48,"key":"Toy Ornithopter"}],"event_choices":[{"cards_removed":["ReplayTheSpireMod:Book of Names"],"damage_healed":0,"gold_gain":0,"player_choice":"Take \u0026 Give","damage_taken":0,"max_hp_gain":0,"max_hp_loss":0,"event_name":"betterNote:BetterNote","floor":29,"gold_loss":0,"cards_obtained":["ReplayTheSpireMod:Book of Names"]}],"is_beta":false,"boss_relics":[{"not_picked":["Tiny House","Painkiller Herb"],"picked":"Calling Bell"},{"not_picked":["hubris:RunicObelisk","ReplayTheSpireMod:SealedPack"],"picked":"Runic Dome"}],"items_purged_floors":[42],"is_endless":false,"potions_floor_spawned":[5,10,15,20,25,30,32,33,37,43,47],"ascension_level":1}}