{"host":"s0ikvqhe10eopvjn","time":1613402525,"event":{"mods":["Act Like it!","Bard","BaseMod","Better Third Choice","Block Reminder","Colored Map","Colored Powertips","Dark Map","DeckTracker","Downfall","GifTheSpireLib","Halation","Hallownest","Hermit","Highlight Path","Hubris","Infinite Spire","Mad Scientist","Minty Spire (QoL Compilation)","Permanent Neow","Random Character Button","Relic Stats","Reliquary","StSLib","The Blue Laboratory","The Bug Knight","The Construct","The Cursed","The Disciple","The Marked","The Necromancer","The Poker Player","The Runesmith","The Servant 0.9.4"],"gold_per_floor":[114,389,409,427,445,480,480,480,480],"floor_reached":8,"language":"ENG","playtime":481,"items_purged":[],"score":61,"play_id":"f4b42a26-43b6-4ee7-8fcf-6c1ea3031d93","local_time":"20210215152205","is_ascension_mode":true,"campfire_choices":[{"floor":7,"key":"REST"}],"circlet_count":0,"master_deck":["TheCursedMod:Strike_TheCursed","TheCursedMod:Strike_TheCursed","TheCursedMod:Strike_TheCursed","TheCursedMod:Strike_TheCursed","TheCursedMod:Defend_TheCursed","TheCursedMod:Defend_TheCursed","TheCursedMod:Defend_TheCursed","TheCursedMod:Defend_TheCursed","TheCursedMod:CursedWand","TheCursedMod:CleanUpWorkshop","TheCursedMod:Dregs","downfall:Aged","TheCursedMod:Hemoplague","Regret","TheCursedMod:ReleasedKnowledge","TheCursedMod:SurpriseAttack","TheCursedMod:SpitefulStrike","TheCursedMod:StunningStrike"],"relics":["TheCursedMod:BlackMagic101","hubris:FunFungus","Girya"],"acts_visited":["Exordium"],"potions_floor_usage":[8],"damage_taken":[{"damage":1,"enemies":"Jaw Worm","floor":1,"turns":4},{"damage":8,"enemies":"Cultist","floor":3,"turns":4},{"damage":8,"enemies":"Small Slimes","floor":4,"turns":4},{"damage":5,"enemies":"3 Louse","floor":5,"turns":3},{"damage":50,"enemies":"Gremlin Nob","floor":6,"turns":5},{"damage":34,"enemies":"3 Sentries","floor":8,"turns":9}],"seed_played":"-5195231880648522333","potions_obtained":[{"floor":3,"key":"blueLaboratory:CorrosionFlask"},{"floor":6,"key":"blueLaboratory:BubblePotion"}],"is_trial":false,"path_per_floor":["M","?","M","M","M","E","R","E"],"character_chosen":"THE_CURSED","items_purchased":[],"campfire_rested":1,"item_purchase_floors":[],"current_hp_per_floor":[74,74,66,59,54,4,26,0,0],"gold":480,"neow_bonus":"ONE_RARE_RELIC","is_daily":false,"chose_seed":false,"campfire_upgraded":0,"win_rate":0.0,"timestamp":1613402525,"path_taken":["M","?","M","M","?","E","R","E"],"items_purchased_type":[],"build_version":"2020-12-22","purchased_purges":0,"victory":false,"max_hp_per_floor":[75,75,75,75,75,75,75,75,75],"relic_stats":{"counters":[6,29],"obtain_stats":[{"TheCursedMod:BlackMagic101":0,"Girya":6,"hubris:FunFungus":0},{"TheCursedMod:BlackMagic101":0,"Girya":5,"hubris:FunFungus":0},{"TheCursedMod:BlackMagic101":0,"Girya":20,"hubris:FunFungus":0}]},"card_choices":[{"not_picked":["TheCursedMod:CursedAmulet","TheCursedMod:RavingStaff"],"picked":"TheCursedMod:Hemoplague","floor":1},{"not_picked":["TheCursedMod:CircleOfFocus","TheCursedMod:Stretching"],"picked":"TheCursedMod:ReleasedKnowledge","floor":3},{"not_picked":["TheCursedMod:CircleOfFlame","TheCursedMod:Obscuration"],"picked":"TheCursedMod:SurpriseAttack","floor":4},{"not_picked":["TheCursedMod:SaltUponWound","TheCursedMod:CursedBoomerang"],"picked":"TheCursedMod:SpitefulStrike","floor":5},{"not_picked":["TheCursedMod:CursedMace","TheCursedMod:AshesToAshes"],"picked":"TheCursedMod:StunningStrike","floor":6}],"player_experience":349896,"relics_obtained":[{"floor":6,"key":"Girya"}],"event_choices":[{"damage_healed":0,"gold_gain":275,"player_choice":"Desecrate","damage_taken":0,"max_hp_gain":0,"max_hp_loss":0,"event_name":"Golden Shrine","floor":2,"gold_loss":0,"cards_obtained":["Regret"]}],"is_beta":false,"boss_relics":[],"items_purged_floors":[],"is_endless":false,"potions_floor_spawned":[3,6],"killed_by":"3 Sentries","ascension_level":1}}