{"host":"yy1cu9q9bsxhflzi","time":1613411004,"event":{"mods":["BaseMod","DeckTracker","Minty Spire (QoL Compilation)","Quick Restart","StSLib","SuperFastMode","everything is the same but u backflip on backflip"],"gold_per_floor":[113,113,127,24,24,24,57,72,72,72,82,82,101,121,121,121,121],"floor_reached":16,"language":"KOR","playtime":178,"items_purged":["Strike_G"],"score":235,"play_id":"5bc60256-dc11-47b3-aaba-c13d35fd5f82","local_time":"20210216024324","is_ascension_mode":true,"campfire_choices":[{"data":"Deadly Poison","floor":6,"key":"SMITH"},{"data":"Dagger Spray","floor":12,"key":"SMITH"},{"data":"Envenom","floor":15,"key":"SMITH"}],"circlet_count":0,"master_deck":["AscendersBane","Strike_G","Strike_G","Strike_G+1","Strike_G","Defend_G","Defend_G","Defend_G+1","Defend_G","Defend_G","Survivor","Neutralize","Blade Dance","Reflex","Deadly Poison+1","Pain","Dagger Spray+1","Finisher","Envenom+1"],"relics":["Ring of the Snake","NeowsBlessing","StoneCalendar","Akabeko","Ninja Scroll","WarpedTongs"],"acts_visited":["Exordium"],"potions_floor_usage":[16],"damage_taken":[{"damage":0,"enemies":"2 Louse","floor":1,"turns":1},{"damage":0,"enemies":"Small Slimes","floor":3,"turns":1},{"damage":0,"enemies":"3 Sentries","floor":7,"turns":1},{"damage":0,"enemies":"Cultist","floor":8,"turns":3},{"damage":4,"enemies":"3 Louse","floor":11,"turns":3},{"damage":0,"enemies":"Gremlin Gang","floor":13,"turns":1},{"damage":6,"enemies":"Lots of Slimes","floor":14,"turns":3},{"damage":24,"enemies":"Hexaghost","floor":16,"turns":7}],"seed_played":"-5051205270645676575","potions_obtained":[{"floor":3,"key":"EntropicBrew"},{"floor":7,"key":"Weak Potion"},{"floor":8,"key":"BlessingOfTheForge"}],"is_trial":false,"path_per_floor":["M","?","M","$","?","R","E","M","T","?","M","R","M","M","R","B"],"character_chosen":"THE_SILENT","items_purchased":["Deadly Poison"],"campfire_rested":0,"item_purchase_floors":[4],"current_hp_per_floor":[59,54,54,54,34,34,34,34,34,34,30,30,30,24,24,0,0],"gold":121,"neow_bonus":"THREE_ENEMY_KILL","is_daily":false,"chose_seed":false,"campfire_upgraded":3,"win_rate":0.0,"timestamp":1613411004,"path_taken":["M","?","M","$","?","R","E","M","T","?","?","R","M","M","R","BOSS"],"items_purchased_type":["Card"],"build_version":"2020-12-22","purchased_purges":1,"victory":false,"max_hp_per_floor":[66,66,66,66,66,66,66,66,66,66,66,66,66,66,66,66,66],"card_choices":[{"not_picked":["Slice","Finisher"],"picked":"Blade Dance","floor":1},{"not_picked":["Deadly Poison","PiercingWail"],"picked":"Reflex","floor":3},{"not_picked":["Predator","Quick Slash","Deflect"],"picked":"SKIP","floor":7},{"not_picked":["Dodge and Roll","Expertise","Flying Knee"],"picked":"SKIP","floor":8},{"not_picked":["Masterful Stab","Poisoned Stab"],"picked":"Dagger Spray","floor":11},{"not_picked":["Backflip","Dodge and Roll"],"picked":"Finisher","floor":13},{"not_picked":["Accuracy","Flechettes"],"picked":"Envenom","floor":14}],"player_experience":3911799,"relics_obtained":[{"floor":7,"key":"Akabeko"},{"floor":9,"key":"Ninja Scroll"}],"event_choices":[{"damage_healed":0,"gold_gain":0,"player_choice":"Success","damage_taken":5,"relics_obtained":["StoneCalendar"],"max_hp_gain":0,"max_hp_loss":0,"event_name":"Scrap Ooze","floor":2,"gold_loss":0},{"damage_healed":0,"gold_gain":0,"player_choice":"Entered Light","damage_taken":20,"max_hp_gain":0,"max_hp_loss":0,"event_name":"Shining Light","floor":5,"gold_loss":0,"cards_upgraded":["Defend_G","Strike_G"]},{"damage_healed":0,"gold_gain":0,"player_choice":"Rummage","damage_taken":0,"relics_obtained":["WarpedTongs"],"max_hp_gain":0,"max_hp_loss":0,"event_name":"Accursed Blacksmith","floor":10,"gold_loss":0,"cards_obtained":["Pain"]}],"is_beta":false,"boss_relics":[],"items_purged_floors":[4],"is_endless":false,"potions_floor_spawned":[3,7,8],"killed_by":"Hexaghost","ascension_level":17}}