{"host":"Kdaddybrian","time":1613423873,"event":{"mods":["AchievementEnabler","BaseMod","Bestiary","Colored Map","Colored Powertips","Minty Spire (QoL Compilation)","Potion Indicator Mod","Quick Restart","Rare Cards Sparkle","Relic Stats","StSLib","Uncapped","Weighted Paths"],"gold_per_floor":[111,121,296,2,12,45,45,45,45,45,66,31,99,118,118,239,239,280,320,419,52,52,52],"floor_reached":22,"language":"ENG","playtime":907,"items_purged":["Doubt","Strike_P"],"score":301,"play_id":"d55ffe4a-256d-44c8-afdd-9a6fdc702c0d","local_time":"20210215161753","is_ascension_mode":true,"campfire_choices":[{"floor":7.0,"key":"REST"},{"floor":10.0,"key":"REST"},{"floor":15.0,"key":"REST"}],"circlet_count":0,"master_deck":["AscendersBane","Strike_P","Strike_P+1","Strike_P+1","Defend_P","Defend_P","Defend_P","Defend_P","Eruption","Vigilance+1","Conclude","CrushJoints","FearNoEvil","LessonLearned","EmptyBody","EmptyBody","EmptyFist","Evaluate+1","FollowUp","LikeWater","Wish","BattleHymn+1","WindmillStrike","Vault","MentalFortress+1","EmptyFist","MentalFortress","Crescendo"],"relics":["PureWater","NeowsBlessing","Orrery","Bird Faced Urn","Golden Idol","Lizard Tail","Sozu","Centennial Puzzle"],"acts_visited":["Exordium","TheCity"],"potions_floor_usage":[],"damage_taken":[{"damage":0.0,"enemies":"Cultist","floor":1.0,"turns":1.0},{"damage":0.0,"enemies":"Small Slimes","floor":2.0,"turns":1.0},{"damage":0.0,"enemies":"2 Louse","floor":5.0,"turns":2.0},{"damage":53.0,"enemies":"Gremlin Nob","floor":6.0,"turns":5.0},{"damage":24.0,"enemies":"Exordium Wildlife","floor":11.0,"turns":6.0},{"damage":18.0,"enemies":"3 Sentries","floor":13.0,"turns":10.0},{"damage":4.0,"enemies":"3 Louse","floor":14.0,"turns":4.0},{"damage":57.0,"enemies":"Hexaghost","floor":16.0,"turns":11.0},{"damage":28.0,"enemies":"2 Thieves","floor":18.0,"turns":4.0},{"damage":24,"enemies":"3 Byrds","floor":19,"turns":7},{"damage":20,"enemies":"Shelled Parasite and Fungi","floor":22,"turns":3}],"seed_played":"187318059127515849","potions_obtained":[{"floor":1.0,"key":"FearPotion"},{"floor":5.0,"key":"Strength Potion"},{"floor":13.0,"key":"Energy Potion"}],"is_trial":false,"path_per_floor":["M","M","?","$","M","E","R","?","T","R","M","?","E","M","R","B",null,"M","M","?","$","M"],"character_chosen":"WATCHER","items_purchased":["FearNoEvil","Orrery","Centennial Puzzle","MentalFortress","Crescendo"],"campfire_rested":3,"item_purchase_floors":[4,4,21,21,21],"current_hp_per_floor":[65,65,65,65,65,12,33,33,33,53,31,47,31,29,49,33,59,31,13,13,13,0,0],"gold":52,"neow_bonus":"THREE_ENEMY_KILL","is_daily":false,"chose_seed":false,"campfire_upgraded":0,"win_rate":0.0,"timestamp":1613423873,"path_taken":["M","M","?","$","M","E","R","?","T","R","M","?","E","?","R","BOSS","M","M","?","$","M"],"items_purchased_type":["Card","Relic","Relic","Card","Card"],"build_version":"2020-12-18","purchased_purges":2,"victory":false,"max_hp_per_floor":[72,72,72,72,72,72,72,67,67,67,67,67,67,67,67,67,67,67,67,67,67,67,67],"relic_stats":{"Sozu":0,"Lizard Tail":33,"Centennial Puzzle":[3],"counters":[11,54],"Golden Idol":47,"Bird Faced Urn":[22],"obtain_stats":[{"Sozu":17,"Lizard Tail":13,"Centennial Puzzle":21,"NeowsBlessing":0,"Golden Idol":8,"Bird Faced Urn":6,"Orrery":4,"PureWater":0},{"Sozu":8,"Lizard Tail":6,"Centennial Puzzle":10,"NeowsBlessing":0,"Golden Idol":4,"Bird Faced Urn":4,"Orrery":2,"PureWater":0},{"Sozu":40,"Lizard Tail":25,"Centennial Puzzle":51,"NeowsBlessing":0,"Golden Idol":9,"Bird Faced Urn":9,"Orrery":2,"PureWater":0}]},"card_choices":[{"not_picked":["Adaptation","SignatureMove"],"picked":"Conclude","floor":1.0},{"not_picked":["FlurryOfBlows","Perseverance"],"picked":"CrushJoints","floor":2.0},{"not_picked":["DeceiveReality","JustLucky"],"picked":"LessonLearned","floor":4.0},{"not_picked":["CrushJoints","WreathOfFlame"],"picked":"EmptyBody","floor":4.0},{"not_picked":["Protect","LikeWater"],"picked":"EmptyBody","floor":4.0},{"not_picked":["EmptyBody","Vengeance"],"picked":"EmptyFist","floor":4.0},{"not_picked":["Swivel","CutThroughFate"],"picked":"Evaluate","floor":4.0},{"not_picked":["JustLucky","Prostrate"],"picked":"FollowUp","floor":5.0},{"not_picked":["WreathOfFlame","Worship"],"picked":"LikeWater","floor":6.0},{"not_picked":["FollowUp","ClearTheMind"],"picked":"Wish","floor":11.0},{"not_picked":["Worship","FollowUp"],"picked":"BattleHymn","floor":13.0},{"not_picked":["Evaluate","EmptyBody"],"picked":"WindmillStrike","floor":14.0},{"not_picked":["Blasphemy","ConjureBlade"],"picked":"Vault","floor":16.0},{"not_picked":["EmptyBody+1","FlurryOfBlows+1"],"picked":"MentalFortress+1","floor":18.0},{"not_picked":["CutThroughFate+1","Evaluate"],"picked":"EmptyFist","floor":19}],"player_experience":3043924,"relics_obtained":[{"floor":6.0,"key":"Bird Faced Urn"},{"floor":13.0,"key":"Lizard Tail"}],"event_choices":[{"damage_healed":0.0,"max_hp_gain":0.0,"max_hp_loss":0.0,"gold_gain":175.0,"event_name":"Liars Game","player_choice":"AGREE","floor":3.0,"gold_loss":0.0,"damage_taken":0.0,"cards_obtained":["Doubt"]},{"damage_healed":0.0,"max_hp_gain":0.0,"max_hp_loss":5.0,"gold_gain":0.0,"event_name":"Golden Idol","player_choice":"Lose Max HP","floor":8.0,"gold_loss":0.0,"damage_taken":0.0,"relics_obtained":["Golden Idol"]},{"damage_healed":16.0,"max_hp_gain":0.0,"max_hp_loss":0.0,"gold_gain":0.0,"event_name":"The Cleric","player_choice":"Healed","floor":12.0,"gold_loss":35.0,"damage_taken":0.0},{"damage_healed":0,"gold_gain":99,"player_choice":"Stole From Cult","damage_taken":0,"max_hp_gain":0,"max_hp_loss":0,"event_name":"Nest","floor":20,"gold_loss":0}],"is_beta":true,"boss_relics":[{"not_picked":["Tiny House","Cursed Key"],"picked":"Sozu"}],"items_purged_floors":[4,21],"is_endless":false,"potions_floor_spawned":[1,5,13],"killed_by":"Shelled Parasite and Fungi","ascension_level":11}}