{"host":"kvo7eymyd21g9abd","time":1613406531,"event":{"mods":["AchievementEnabler","BaseMod","Bestiary","Colored Map","Minty Spire (QoL Compilation)","StSLib"],"gold_per_floor":[109,109,184,184,197,197,207,207,231,231,80,80,112,131,131,236,236,277,277,307,7,55,55,55],"floor_reached":23,"language":"ENG","playtime":611,"items_purged":[],"score":213,"play_id":"b4596832-5e8c-4b82-816d-3005fd6d49b9","local_time":"20210215112851","is_ascension_mode":true,"campfire_choices":[{"floor":6,"key":"REST"},{"floor":8,"key":"REST"},{"floor":10,"key":"RECALL"},{"data":"Eruption","floor":12,"key":"SMITH"},{"data":"ForeignInfluence","floor":15,"key":"SMITH"}],"circlet_count":0,"master_deck":["Strike_P","Strike_P","Strike_P","Strike_P","Defend_P","Defend_P","Defend_P","Defend_P","Eruption+1","Vigilance","MentalFortress","FlurryOfBlows","Prostrate","ForeignInfluence+1","Tantrum","MentalFortress","Prostrate","Wish","Consecrate","Wallop","ClearTheMind"],"relics":["PureWater","Dream Catcher","Potion Belt","Boot","Tiny Chest","Black Star","Red Mask","MealTicket"],"acts_visited":["Exordium","TheCity"],"potions_floor_usage":[13,23,23],"damage_taken":[{"damage":11,"enemies":"Jaw Worm","floor":1,"turns":4},{"damage":0,"enemies":"Small Slimes","floor":5,"turns":2},{"damage":2,"enemies":"2 Louse","floor":7,"turns":3},{"damage":16,"enemies":"Lagavulin","floor":13,"turns":3},{"damage":0,"enemies":"Exordium Thugs","floor":14,"turns":2},{"damage":24,"enemies":"Slime Boss","floor":16,"turns":8},{"damage":2,"enemies":"Spheric Guardian","floor":18,"turns":3},{"damage":24,"enemies":"Masked Bandits","floor":20,"turns":3},{"damage":50,"enemies":"Book of Stabbing","floor":23,"turns":6}],"seed_played":"1673043511792629305","potions_obtained":[{"floor":7,"key":"AttackPotion"},{"floor":14,"key":"Swift Potion"},{"floor":18,"key":"StancePotion"}],"is_trial":false,"path_per_floor":["M","?","?","?","M","R","M","R","T","R","$","R","E","M","R","B",null,"M","?","?","$","T","E"],"character_chosen":"WATCHER","items_purchased":["Boot","MealTicket","ClearTheMind","CultistPotion"],"campfire_rested":2,"item_purchase_floors":[11,21,21,21],"current_hp_per_floor":[61,61,50,32,32,53,51,72,72,72,72,72,56,56,56,32,72,70,70,46,46,46,0,0],"gold":55,"neow_bonus":"THREE_CARDS","is_daily":false,"chose_seed":false,"campfire_upgraded":2,"win_rate":0.0,"timestamp":1613406531,"path_taken":["M","?","?","?","M","R","M","R","T","R","$","R","E","M","R","BOSS","M","?","?","?","?","E"],"items_purchased_type":["Relic","Relic","Card","Potion"],"build_version":"2020-12-22","purchased_purges":0,"victory":false,"max_hp_per_floor":[72,72,72,72,72,72,72,72,72,72,72,72,72,72,72,72,72,72,72,72,72,72,72,72],"card_choices":[{"not_picked":["Wireheading","CutThroughFate"],"picked":"MentalFortress","floor":0},{"not_picked":["ClearTheMind","Wireheading"],"picked":"FlurryOfBlows","floor":1},{"not_picked":["CutThroughFate","Collect","SashWhip"],"picked":"SKIP","floor":5},{"not_picked":["FlyingSleeves","Pray"],"picked":"Prostrate","floor":6},{"not_picked":["Fasting2","FollowUp"],"picked":"ForeignInfluence","floor":7},{"not_picked":["SandsOfTime","BowlingBash"],"picked":"Tantrum","floor":8},{"not_picked":["Omniscience","EmptyBody"],"picked":"MentalFortress","floor":13},{"not_picked":["Pray","Conclude"],"picked":"Prostrate","floor":14},{"not_picked":["DeusExMachina","DevaForm"],"picked":"Wish","floor":16},{"not_picked":["SashWhip","ForeignInfluence"],"picked":"Consecrate","floor":18}],"player_experience":458979,"relics_obtained":[{"floor":9,"key":"Potion Belt"},{"floor":13,"key":"Tiny Chest"},{"floor":20,"key":"Red Mask"}],"event_choices":[{"damage_healed":0,"gold_gain":0,"player_choice":"Ignored","damage_taken":0,"max_hp_gain":0,"max_hp_loss":0,"event_name":"Golden Wing","floor":2,"gold_loss":0},{"damage_healed":0,"gold_gain":75,"player_choice":"Gather Gold","damage_taken":11,"max_hp_gain":0,"max_hp_loss":0,"event_name":"World of Goop","floor":3,"gold_loss":0},{"damage_healed":0,"gold_gain":0,"player_choice":"Success","damage_taken":18,"relics_obtained":["Dream Catcher"],"max_hp_gain":0,"max_hp_loss":0,"event_name":"Scrap Ooze","floor":4,"gold_loss":0},{"damage_healed":0,"gold_gain":0,"player_choice":"Read","damage_taken":0,"max_hp_gain":0,"max_hp_loss":0,"event_name":"The Library","floor":19,"gold_loss":0,"cards_obtained":["Wallop"]},{"damage_healed":0,"gold_gain":0,"player_choice":"Fought Bandits","damage_taken":0,"max_hp_gain":0,"max_hp_loss":0,"event_name":"Masked Bandits","floor":20,"gold_loss":0}],"is_beta":false,"boss_relics":[{"not_picked":["SlaversCollar","HolyWater"],"picked":"Black Star"}],"items_purged_floors":[],"is_endless":false,"potions_floor_spawned":[7,14,18],"killed_by":"Book of Stabbing","ascension_level":3}}