{"host":"q8mjpf3krl0t4p3x","time":1613373524,"event":{"mods":["BaseMod","Colored Map","Colored Powertips","Googly Eyes","Minty Spire (QoL Compilation)","Quick Restart","StSLib","everything is the same but u backflip on backflip","slay the spire mod where everything is the same but ironclad has a cowboy hat"],"gold_per_floor":[109,124,21,21,31,58,58,87,165,181,181,199,225,117,117,222,222,238,337,337,337,337,367,381,381,406,426,29,29,29,42,42,140,140,160,210,57,57,76,110,110,120,191,216,231,231,10,59,59,59],"floor_reached":51,"language":"ENG","playtime":2443,"items_purged":["Defend_P","Writhe"],"score":1098,"play_id":"469cb6b9-cf50-46cf-bd9e-7fa62949ebe3","local_time":"20210214231844","is_ascension_mode":true,"campfire_choices":[{"data":"Ragnarok","floor":7.0,"key":"SMITH"},{"data":"Eruption","floor":11.0,"key":"SMITH"},{"data":"BattleHymn","floor":15.0,"key":"SMITH"},{"data":"Vigilance","floor":25,"key":"SMITH"},{"data":"Consecrate","floor":30,"key":"SMITH"},{"data":"FlyingSleeves","floor":32,"key":"SMITH"},{"data":"Blasphemy","floor":41,"key":"SMITH"},{"data":"WheelKick","floor":46,"key":"SMITH"},{"floor":49,"key":"REST"}],"circlet_count":0,"master_deck":["Strike_P","Strike_P","Strike_P","Strike_P","Defend_P","Defend_P","Defend_P","Eruption+1","Vigilance+1","Ragnarok+1","BattleHymn+1","FlyingSleeves+1","Consecrate+1","WheelKick+1","EmptyFist+1","Protect+1","Blasphemy+1","MentalFortress"],"relics":["PureWater","FossilizedHelix","Orichalcum","Singing Bowl","Odd Mushroom","Busted Crown","Matryoshka","Ice Cream","Toy Ornithopter","Nunchaku","HornCleat","Vajra","Snecko Eye","StoneCalendar","Anchor","Bronze Scales","Dream Catcher","Mercury Hourglass","Question Card","Mango"],"acts_visited":["Exordium","TheCity","TheBeyond"],"potions_floor_usage":[33,33,40,40,40,44,50,50],"damage_taken":[{"damage":1.0,"enemies":"2 Louse","floor":1.0,"turns":2.0},{"damage":0.0,"enemies":"Cultist","floor":2.0,"turns":3.0},{"damage":1.0,"enemies":"Jaw Worm","floor":5.0,"turns":2.0},{"damage":0.0,"enemies":"Gremlin Nob","floor":6.0,"turns":3.0},{"damage":18.0,"enemies":"3 Sentries","floor":8.0,"turns":3.0},{"damage":0.0,"enemies":"Exordium Wildlife","floor":10.0,"turns":3.0},{"damage":0.0,"enemies":"Blue Slaver","floor":12.0,"turns":2.0},{"damage":9.0,"enemies":"The Mushroom Lair","floor":13.0,"turns":4.0},{"damage":40.0,"enemies":"Hexaghost","floor":16.0,"turns":3.0},{"damage":4.0,"enemies":"3 Byrds","floor":18.0,"turns":4.0},{"damage":0,"enemies":"Gremlin Leader","floor":23,"turns":4},{"damage":6,"enemies":"Shell Parasite","floor":24,"turns":2},{"damage":0,"enemies":"Snecko","floor":27,"turns":3},{"damage":0,"enemies":"Chosen and Byrds","floor":31,"turns":4},{"damage":0,"enemies":"Automaton","floor":33,"turns":4},{"damage":20,"enemies":"3 Shapes","floor":35,"turns":2},{"damage":21,"enemies":"Mind Bloom Boss Battle","floor":36,"turns":3},{"damage":0,"enemies":"3 Darklings","floor":39,"turns":3},{"damage":0,"enemies":"Reptomancer","floor":40,"turns":4},{"damage":0,"enemies":"Spire Growth","floor":42,"turns":2},{"damage":0,"enemies":"Giant Head","floor":44,"turns":3},{"damage":0,"enemies":"Jaw Worm Horde","floor":45,"turns":1},{"damage":0,"enemies":"2 Orb Walkers","floor":48,"turns":2},{"damage":60,"enemies":"Awakened One","floor":50,"turns":11}],"seed_played":"-5608415769257497920","potions_obtained":[{"floor":5.0,"key":"FearPotion"},{"floor":8.0,"key":"Swift Potion"},{"floor":10.0,"key":"GamblersBrew"},{"floor":18.0,"key":"ColorlessPotion"},{"floor":27,"key":"CultistPotion"},{"floor":36,"key":"FearPotion"},{"floor":38,"key":"FairyPotion"},{"floor":38,"key":"EntropicBrew"},{"floor":38,"key":"Fire Potion"},{"floor":40,"key":"Weak Potion"},{"floor":45,"key":"SpeedPotion"}],"is_trial":false,"path_per_floor":["M","M","$","?","M","E","R","E","T","M","R","M","?","$","R","B",null,"M","?","?","?","?","E","M","R","T","M","$","$","R","M","R","B",null,"M","?","$","?","M","E","R","M","T","E","M","R","$","?","R","B",null],"character_chosen":"WATCHER","items_purchased":["Fruit Juice","WheelKick","HornCleat","Vajra","Anchor","Block Potion","DistilledChaos"],"campfire_rested":1,"item_purchase_floors":[3,14,28,28,37,47,47],"current_hp_per_floor":[64,64,69,69,68,68,68,50,50,52,52,54,47,47,47,9,78,76,76,76,61,61,63,59,59,59,61,61,61,61,63,63,75,95,75,54,54,54,56,71,71,73,73,80,82,82,82,98,119,59],"gold":59,"neow_bonus":"THREE_RARE_CARDS","is_daily":false,"chose_seed":false,"campfire_upgraded":8,"win_rate":0.0,"timestamp":1613373524,"path_taken":["M","M","$","?","?","E","R","E","T","?","R","M","?","?","R","BOSS","M","?","?","?","?","E","M","R","T","?","?","$","R","M","R","BOSS","M","?","$","?","M","E","R","M","T","E","?","R","$","?","R","BOSS"],"items_purchased_type":["Potion","Card","Relic","Relic","Relic","Potion","Potion"],"build_version":"2020-12-22","purchased_purges":2,"victory":true,"max_hp_per_floor":[65,65,70,70,70,70,70,70,70,72,72,74,76,76,76,78,78,80,80,80,85,85,87,89,89,89,91,91,91,91,93,93,95,95,95,95,95,95,97,97,97,99,99,101,103,103,103,119,119,119],"card_choices":[{"not_picked":["ConjureBlade","DevaForm"],"picked":"Ragnarok","floor":0.0},{"not_picked":["CrushJoints","Evaluate"],"picked":"BattleHymn","floor":1.0},{"not_picked":["Pray","CutThroughFate","Sanctity"],"picked":"SKIP","floor":2.0},{"not_picked":["CrushJoints","FlyingSleeves"],"picked":"Consecrate","floor":5.0},{"not_picked":["ThirdEye","ConjureBlade","CutThroughFate"],"picked":"SKIP","floor":6.0},{"not_picked":["ClearTheMind","Consecrate","JustLucky"],"picked":"SKIP","floor":8.0},{"not_picked":["FlurryOfBlows","Fasting2","Protect"],"picked":"Singing Bowl","floor":10.0},{"not_picked":["Prostrate","Crescendo","Fasting2"],"picked":"Singing Bowl","floor":12.0},{"not_picked":["FollowUp","Prostrate","Study"],"picked":"Singing Bowl","floor":13.0},{"not_picked":["Vault","ConjureBlade","DeusExMachina"],"picked":"Singing Bowl","floor":16.0},{"not_picked":["SashWhip+1"],"picked":"Singing Bowl","floor":18.0},{"not_picked":["LikeWater"],"picked":"Singing Bowl","floor":23},{"not_picked":["Prostrate"],"picked":"Singing Bowl","floor":24},{"not_picked":["Protect"],"picked":"Singing Bowl","floor":27},{"not_picked":["Evaluate"],"picked":"Singing Bowl","floor":31},{"not_picked":["Vault"],"picked":"Singing Bowl","floor":33},{"not_picked":[],"picked":"EmptyFist+1","floor":35},{"not_picked":[],"picked":"Protect+1","floor":36},{"not_picked":["EmptyFist"],"picked":"Singing Bowl","floor":39},{"not_picked":[],"picked":"Blasphemy","floor":40},{"not_picked":["Swivel"],"picked":"Singing Bowl","floor":42},{"not_picked":["FlyingSleeves+1"],"picked":"Singing Bowl","floor":44},{"not_picked":["EmptyFist+1","Protect"],"picked":"Singing Bowl","floor":45},{"not_picked":["Protect","Worship+1"],"picked":"Singing Bowl","floor":48},{"not_picked":["InnerPeace"],"picked":"MentalFortress","floor":49}],"player_experience":176474,"relics_obtained":[{"floor":6.0,"key":"FossilizedHelix"},{"floor":8.0,"key":"Orichalcum"},{"floor":9.0,"key":"Singing Bowl"},{"floor":13.0,"key":"Odd Mushroom"},{"floor":23,"key":"Ice Cream"},{"floor":26,"key":"Toy Ornithopter"},{"floor":26,"key":"Nunchaku"},{"floor":36,"key":"StoneCalendar"},{"floor":40,"key":"Bronze Scales"},{"floor":43,"key":"Dream Catcher"},{"floor":43,"key":"Mercury Hourglass"},{"floor":44,"key":"Question Card"},{"floor":48,"key":"Mango"}],"event_choices":[{"damage_healed":0.0,"max_hp_gain":0.0,"max_hp_loss":0.0,"gold_gain":0.0,"event_name":"Match and Keep!","player_choice":"1 cards matched","floor":4.0,"gold_loss":0.0,"damage_taken":0.0,"cards_obtained":["FlyingSleeves"]},{"damage_healed":0.0,"max_hp_gain":0.0,"max_hp_loss":0.0,"gold_gain":0.0,"event_name":"Mushrooms","player_choice":"Fought Mushrooms","floor":13.0,"gold_loss":0.0,"damage_taken":0.0},{"damage_healed":0.0,"max_hp_gain":0.0,"max_hp_loss":0.0,"gold_gain":99.0,"event_name":"Nest","player_choice":"Stole From Cult","floor":19.0,"gold_loss":0.0,"damage_taken":0.0},{"damage_healed":0.0,"max_hp_gain":0.0,"max_hp_loss":0.0,"gold_gain":0.0,"event_name":"Ghosts","player_choice":"Ignored","floor":20.0,"gold_loss":0.0,"damage_taken":0.0},{"damage_healed":0.0,"max_hp_gain":5.0,"max_hp_loss":0.0,"gold_gain":0.0,"event_name":"Forgotten Altar","player_choice":"Shed Blood","floor":21.0,"gold_loss":0.0,"damage_taken":20.0},{"damage_healed":0.0,"max_hp_gain":0.0,"max_hp_loss":0.0,"gold_gain":0.0,"event_name":"The Mausoleum","player_choice":"Opened","floor":22.0,"gold_loss":0.0,"damage_taken":0.0,"relics_obtained":["Matryoshka"],"cards_obtained":["Writhe"]},{"damage_healed":0,"gold_gain":0,"player_choice":"Fight","damage_taken":0,"max_hp_gain":0,"max_hp_loss":0,"event_name":"MindBloom","floor":36,"gold_loss":0},{"damage_healed":0,"gold_gain":0,"player_choice":"Got Potions","damage_taken":0,"max_hp_gain":0,"max_hp_loss":0,"event_name":"Lab","floor":38,"gold_loss":0},{"damage_healed":0,"gold_gain":0,"player_choice":"Fight","damage_taken":0,"max_hp_gain":0,"max_hp_loss":0,"event_name":"Mysterious Sphere","floor":48,"gold_loss":0}],"is_beta":false,"boss_relics":[{"not_picked":["Tiny House","SacredBark"],"picked":"Busted Crown"},{"not_picked":["Empty Cage","Coffee Dripper"],"picked":"Snecko Eye"}],"items_purged_floors":[14,47],"is_endless":false,"potions_floor_spawned":[5,8,10,18,27,36,40,45],"ascension_level":1}}