{"host":"ex9ev9v5sog028vn","time":1613381869,"event":{"mods":["Act Like it!","BaseMod","Block Reminder","Minty Spire (QoL Compilation)","Quick Restart","Relic Stats","StSLib"],"gold_per_floor":[110,44,56,73,89,89,117,117,117,151,29,29,46,66,66,141,141,153,166,201,201,201,201,218,243,243,243,243,259,259,259,259,259,259],"floor_reached":33,"language":"ENG","playtime":1020,"items_purged":["Regret"],"score":550,"play_id":"3ba0cf49-4007-4e0c-a2f0-963b40b48696","local_time":"20210215063749","is_ascension_mode":true,"campfire_choices":[{"floor":6.0,"key":"REST"},{"data":"Doom and Gloom","floor":8.0,"key":"SMITH"},{"floor":15.0,"key":"REST"},{"data":"Turbo","floor":23,"key":"SMITH"},{"floor":27,"key":"REST"},{"data":"Capacitor","floor":30,"key":"SMITH"},{"data":"Electrodynamics","floor":32,"key":"SMITH"}],"circlet_count":0,"master_deck":["AscendersBane","Strike_B","Defend_B","Defend_B","Defend_B","Defend_B","Zap","Dualcast","Cold Snap","Sweeping Beam","Streamline","Doom and Gloom+1","Turbo+1","Electrodynamics+1","Go for the Eyes","Rainbow","Undo","Self Repair+1","Coolheaded","Capacitor+1","Doom and Gloom"],"relics":["Cracked Core","StoneCalendar","The Courier","Gremlin Horn","Singing Bowl","Bronze Scales","Runic Pyramid","Red Mask","Blue Candle","Symbiotic Virus","TungstenRod"],"acts_visited":["Exordium","TheCity"],"potions_floor_usage":[25,25],"damage_taken":[{"damage":3.0,"enemies":"Cultist","floor":1.0,"turns":3.0},{"damage":6.0,"enemies":"Small Slimes","floor":3.0,"turns":3.0},{"damage":12.0,"enemies":"2 Louse","floor":4.0,"turns":3.0},{"damage":9.0,"enemies":"Exordium Wildlife","floor":5.0,"turns":3.0},{"damage":4.0,"enemies":"Gremlin Nob","floor":7.0,"turns":3.0},{"damage":28.0,"enemies":"3 Sentries","floor":10.0,"turns":4.0},{"damage":7.0,"enemies":"2 Fungi Beasts","floor":13.0,"turns":2.0},{"damage":0.0,"enemies":"Gremlin Gang","floor":14.0,"turns":1.0},{"damage":13.0,"enemies":"The Guardian","floor":16.0,"turns":9.0},{"damage":8.0,"enemies":"3 Byrds","floor":18.0,"turns":2.0},{"damage":17.0,"enemies":"2 Thieves","floor":19.0,"turns":3.0},{"damage":7,"enemies":"Masked Bandits","floor":20,"turns":3},{"damage":0,"enemies":"3 Cultists","floor":24,"turns":2},{"damage":30,"enemies":"Book of Stabbing","floor":25,"turns":5},{"damage":13,"enemies":"Snake Plant","floor":29,"turns":4},{"damage":73,"enemies":"Collector","floor":33,"turns":8}],"seed_played":"613702412072052121","potions_obtained":[{"floor":4.0,"key":"SkillPotion"},{"floor":7.0,"key":"Weak Potion"},{"floor":10.0,"key":"FearPotion"},{"floor":13.0,"key":"Energy Potion"},{"floor":20,"key":"Energy Potion"}],"is_trial":false,"path_per_floor":["M","?","M","M","M","R","E","R","T","E","$","?","M","M","R","B",null,"M","M","?","T","?","R","M","E","T","R","?","M","R","?","R","B"],"character_chosen":"DEFECT","items_purchased":["Electrodynamics"],"campfire_rested":3,"item_purchase_floors":[11],"current_hp_per_floor":[61,61,55,43,34,55,51,51,51,25,25,18,11,13,35,22,62,54,39,32,32,32,32,42,22,22,45,45,44,44,44,44,0,0],"gold":259,"neow_bonus":"ONE_RARE_RELIC","is_daily":false,"chose_seed":false,"campfire_upgraded":4,"win_rate":0.0,"timestamp":1613381869,"path_taken":["M","?","M","?","M","R","E","R","T","E","$","?","M","M","R","BOSS","M","M","?","?","?","R","?","E","T","R","?","M","R","?","R","BOSS"],"items_purchased_type":["Card"],"build_version":"2020-12-22","purchased_purges":1,"victory":false,"max_hp_per_floor":[71,71,71,71,71,71,71,71,71,73,73,73,73,75,75,75,75,75,77,77,77,77,77,77,77,77,77,77,79,79,79,79,79,79],"relic_stats":{"Gremlin Horn":[15,15],"Singing Bowl":8,"counters":[16,58],"Bronze Scales":[148],"Blue Candle":[0],"StoneCalendar":[104],"obtain_stats":[{"Gremlin Horn":7,"Singing Bowl":9,"Bronze Scales":10,"Blue Candle":21,"StoneCalendar":0,"The Courier":2,"Red Mask":20,"Cracked Core":0,"Symbiotic Virus":25,"TungstenRod":26,"Runic Pyramid":17},{"Gremlin Horn":5,"Singing Bowl":5,"Bronze Scales":6,"Blue Candle":12,"StoneCalendar":0,"The Courier":1,"Red Mask":12,"Cracked Core":0,"Symbiotic Virus":14,"TungstenRod":14,"Runic Pyramid":9},{"Gremlin Horn":15,"Singing Bowl":15,"Bronze Scales":19,"Blue Candle":39,"StoneCalendar":0,"The Courier":3,"Red Mask":39,"Cracked Core":0,"Symbiotic Virus":46,"TungstenRod":46,"Runic Pyramid":31}],"TungstenRod":8},"card_choices":[{"not_picked":["Skim","Redo"],"picked":"Cold Snap","floor":1.0},{"not_picked":["Compile Driver","Lockon"],"picked":"Sweeping Beam","floor":3.0},{"not_picked":["Skim","Sweeping Beam"],"picked":"Streamline","floor":4.0},{"not_picked":["Scrape","Aggregate"],"picked":"Doom and Gloom","floor":5.0},{"not_picked":["Cold Snap","Rebound"],"picked":"Turbo","floor":7.0},{"not_picked":["Fusion","Leap","Force Field"],"picked":"Singing Bowl","floor":10.0},{"not_picked":["Storm","Rainbow"],"picked":"Go for the Eyes","floor":13.0},{"not_picked":["Recycle","Beam Cell","Hologram"],"picked":"Singing Bowl","floor":14.0},{"not_picked":["Amplify","Hyperbeam"],"picked":"Rainbow","floor":16.0},{"not_picked":["Recycle","Ball Lightning"],"picked":"Undo","floor":18.0},{"not_picked":["Blizzard+1","Compile Driver","Chaos"],"picked":"Singing Bowl","floor":19.0},{"not_picked":["Redo","Leap"],"picked":"Self Repair+1","floor":20},{"not_picked":["Rebound","Cold Snap"],"picked":"Coolheaded","floor":24},{"not_picked":["Thunder Strike","Chaos"],"picked":"Capacitor","floor":25},{"not_picked":["Ball Lightning","Hologram","Static Discharge"],"picked":"Singing Bowl","floor":29}],"player_experience":711607,"relics_obtained":[{"floor":7.0,"key":"Gremlin Horn"},{"floor":9.0,"key":"Singing Bowl"},{"floor":10.0,"key":"Bronze Scales"},{"floor":20,"key":"Red Mask"},{"floor":21,"key":"Blue Candle"},{"floor":25,"key":"Symbiotic Virus"},{"floor":26,"key":"TungstenRod"}],"event_choices":[{"damage_healed":0.0,"max_hp_gain":0.0,"max_hp_loss":0.0,"gold_gain":0.0,"event_name":"WeMeetAgain","player_choice":"Paid Gold","floor":2.0,"gold_loss":66.0,"damage_taken":0.0,"relics_obtained":["The Courier"]},{"cards_removed":["Strike_B"],"damage_healed":0.0,"max_hp_gain":0.0,"max_hp_loss":0.0,"gold_gain":0.0,"event_name":"Golden Wing","player_choice":"Card Removal","floor":12.0,"gold_loss":0.0,"damage_taken":7.0},{"damage_healed":0,"gold_gain":0,"player_choice":"Fought Bandits","damage_taken":0,"max_hp_gain":0,"max_hp_loss":0,"event_name":"Masked Bandits","floor":20,"gold_loss":0},{"cards_removed":["Strike_B"],"damage_healed":0,"gold_gain":0,"player_choice":"Purged","damage_taken":0,"max_hp_gain":0,"max_hp_loss":0,"event_name":"Purifier","floor":22,"gold_loss":0},{"damage_healed":0,"gold_gain":0,"player_choice":"Ignored","damage_taken":0,"max_hp_gain":0,"max_hp_loss":0,"event_name":"The Mausoleum","floor":28,"gold_loss":0},{"damage_healed":0,"gold_gain":0,"cards_transformed":["Strike_B"],"player_choice":"Transformed","damage_taken":0,"max_hp_gain":0,"max_hp_loss":0,"event_name":"Transmorgrifier","floor":31,"gold_loss":0,"cards_obtained":["Doom and Gloom"]}],"is_beta":false,"boss_relics":[{"not_picked":["Black Star","Tiny House"],"picked":"Runic Pyramid"}],"items_purged_floors":[11],"is_endless":false,"potions_floor_spawned":[4,7,10,13,14,20],"killed_by":"Collector","ascension_level":20}}