{"host":"2lo6hma6kymb0g9i","time":1613410625,"event":{"mods":["BaseMod","Colored Map","DeckTracker","Minty Spire (QoL Compilation)"],"gold_per_floor":[115,127,127,52,73,73,113,131,131,164,189,114,149,168,168,264,264,289,308,308,308,331,375,375,416,484,509,509,221,244,264,264,359,359,374,707,214,230,255,288,288,313,313,338,338,310,325,339,339,339,339,339,339,75,101,101],"floor_reached":57,"language":"JPN","playtime":6490,"items_purged":["Strike_R","Strike_R","Defend_R","Defend_R"],"score":3004,"play_id":"6fe687e0-62a1-43c3-9e69-97c6f127073d","local_time":"20210216023705","is_ascension_mode":true,"campfire_choices":[{"data":"Metamorphosis","floor":6.0,"key":"SMITH"},{"data":"Bash","floor":15.0,"key":"SMITH"},{"data":"Pommel Strike","floor":24.0,"key":"SMITH"},{"floor":28.0,"key":"REST"},{"floor":32.0,"key":"REST"},{"floor":45.0,"key":"RECALL"},{"data":"Barricade","floor":49.0,"key":"SMITH"},{"data":"Metallicize","floor":53.0,"key":"SMITH"}],"circlet_count":0,"master_deck":["AscendersBane","Defend_R","Defend_R","Bash+1","Metamorphosis+1","Pommel Strike+1","Shrug It Off","Corruption","Shrug It Off","Shockwave+1","Offering+1","Battle Trance+1","Armaments+1","Battle Trance+1","Armaments+1","Rage+1","Body Slam","Berserk","Entrench+1","Barricade+1","Metallicize+1","Violence+1","Clothesline","Headbutt","Impervious+1","Finesse+1","Secret Technique+1","Enlightenment+1","Offering+1","Burning Pact+1","True Grit+1","Shrug It Off+1","Headbutt+1","Violence+1","Flame Barrier+1"],"relics":["Burning Blood","Thread and Needle","Question Card","Letter Opener","Toxic Egg 2","SacredBark","Art of War","InkBottle","Incense Burner","Shuriken","OrangePellets","SlaversCollar","Membership Card","Ice Cream","Magic Flower","Meat on the Bone","Ornamental Fan","Paper Frog","Anchor","Centennial Puzzle"],"acts_visited":["Exordium","TheCity","TheBeyond","TheEnding"],"potions_floor_usage":[],"damage_taken":[{"damage":13.0,"enemies":"Small Slimes","floor":1.0,"turns":3.0},{"damage":9.0,"enemies":"Jaw Worm","floor":2.0,"turns":3.0},{"damage":0.0,"enemies":"Cultist","floor":5.0,"turns":2.0},{"damage":11.0,"enemies":"Gremlin Nob","floor":7.0,"turns":3.0},{"damage":0.0,"enemies":"2 Fungi Beasts","floor":8.0,"turns":2.0},{"damage":28.0,"enemies":"3 Sentries","floor":10.0,"turns":7.0},{"damage":6.0,"enemies":"Blue Slaver","floor":11.0,"turns":6.0},{"damage":20.0,"enemies":"Gremlin Nob","floor":13.0,"turns":4.0},{"damage":7.0,"enemies":"Looter","floor":14.0,"turns":3.0},{"damage":4.0,"enemies":"Hexaghost","floor":16.0,"turns":6.0},{"damage":15.0,"enemies":"Spheric Guardian","floor":18.0,"turns":4.0},{"damage":10.0,"enemies":"Chosen","floor":19.0,"turns":4.0},{"damage":18.0,"enemies":"Sentry and Sphere","floor":22.0,"turns":5.0},{"damage":10.0,"enemies":"Book of Stabbing","floor":23.0,"turns":4.0},{"damage":30.0,"enemies":"Gremlin Leader","floor":25.0,"turns":5.0},{"damage":6.0,"enemies":"Centurion and Healer","floor":27.0,"turns":3.0},{"damage":4.0,"enemies":"3 Cultists","floor":30.0,"turns":3.0},{"damage":6.0,"enemies":"Cultist and Chosen","floor":31.0,"turns":6.0},{"damage":22.0,"enemies":"Collector","floor":33.0,"turns":6.0},{"damage":15.0,"enemies":"3 Shapes","floor":35.0,"turns":4.0},{"damage":0.0,"enemies":"Orb Walker","floor":38.0,"turns":2.0},{"damage":0.0,"enemies":"Mind Bloom Boss Battle","floor":39.0,"turns":4.0},{"damage":6.0,"enemies":"Reptomancer","floor":40.0,"turns":3.0},{"damage":0.0,"enemies":"Giant Head","floor":42.0,"turns":4.0},{"damage":2.0,"enemies":"Nemesis","floor":44.0,"turns":3.0},{"damage":12.0,"enemies":"Transient","floor":47.0,"turns":5.0},{"damage":12.0,"enemies":"Sphere and 2 Shapes","floor":48.0,"turns":2.0},{"damage":21.0,"enemies":"Donu and Deca","floor":50.0,"turns":5.0},{"damage":9.0,"enemies":"Awakened One","floor":51.0,"turns":7.0},{"damage":24.0,"enemies":"Shield and Spear","floor":55.0,"turns":7.0},{"damage":29,"enemies":"The Heart","floor":56,"turns":9}],"seed_played":"8452813875939834593","potions_obtained":[{"floor":2.0,"key":"ElixirPotion"},{"floor":7.0,"key":"Regen Potion"},{"floor":10.0,"key":"LiquidBronze"},{"floor":11.0,"key":"BloodPotion"},{"floor":13.0,"key":"CultistPotion"},{"floor":16.0,"key":"GamblersBrew"},{"floor":19.0,"key":"EssenceOfSteel"},{"floor":25.0,"key":"SteroidPotion"},{"floor":38.0,"key":"Swift Potion"},{"floor":48.0,"key":"Block Potion"}],"is_trial":false,"path_per_floor":["M","M","?","?","M","R","E","M","T","E","M","$","E","M","R","B",null,"M","M","?","?","M","E","R","E","T","M","R","$","M","M","R","B",null,"M","?","$","M","?","E","?","E","T","E","R","$","M","M","R","B","B",null,"R","$","E","B",null],"character_chosen":"IRONCLAD","items_purchased":["OrangePellets","Body Slam","Membership Card","Ice Cream","Violence+1","True Grit+1","Anchor","Violence+1"],"campfire_rested":2,"item_purchase_floors":[29,29,37,37,37,46,54,54],"current_hp_per_floor":[43,40,40,40,46,46,41,47,47,25,40,40,39,38,38,40,61,52,48,48,48,36,32,32,8,8,8,28,28,30,30,50,34,60,51,51,51,57,63,66,56,65,65,68,68,68,65,62,62,50,50,64,64,64,49,47],"gold":101,"neow_bonus":"RANDOM_COLORLESS_2","is_daily":false,"chose_seed":false,"campfire_upgraded":5,"win_rate":0.0,"timestamp":1613410625,"path_taken":["M","M","?","?","M","R","E","M","T","E","M","$","E","?","R","BOSS","M","M","?","?","M","E","R","E","T","M","R","$","M","?","R","BOSS","BOSS","M","?","$","M","?","E","?","E","T","E","R","?","?","M","R","BOSS","BOSS","R","$","E","BOSS"],"items_purchased_type":["Relic","Card","Relic","Relic","Card","Card","Relic","Card"],"build_version":"2020-12-22","purchased_purges":4,"victory":true,"max_hp_per_floor":[75,75,68,68,68,68,68,68,68,68,68,68,68,68,68,68,68,68,68,68,68,68,68,68,68,68,68,68,68,68,68,68,68,68,68,68,68,68,68,68,68,68,68,68,68,68,68,68,68,68,68,68,68,68,68,68],"card_choices":[{"not_picked":["Mayhem","Violence"],"picked":"Metamorphosis","floor":0.0},{"not_picked":["Clothesline","Iron Wave","Intimidate"],"picked":"SKIP","floor":1.0},{"not_picked":["True Grit","Twin Strike"],"picked":"Seeing Red","floor":2.0},{"not_picked":["Heavy Blade","Headbutt"],"picked":"Pommel Strike","floor":5.0},{"not_picked":["Reckless Charge","Pommel Strike","Perfected Strike"],"picked":"SKIP","floor":7.0},{"not_picked":["Perfected Strike","Wild Strike"],"picked":"Shrug It Off","floor":8.0},{"not_picked":["Entrench","Clothesline","Dark Embrace"],"picked":"Corruption","floor":10.0},{"not_picked":["Armaments","Power Through","Pommel Strike"],"picked":"Shrug It Off","floor":11.0},{"not_picked":["Juggernaut","Twin Strike","Rupture"],"picked":"Shockwave+1","floor":13.0},{"not_picked":["Thunderclap","Cleave","Twin Strike","Clash"],"picked":"SKIP","floor":14.0},{"not_picked":["Corruption","Bludgeon","Juggernaut"],"picked":"Offering+1","floor":16.0},{"not_picked":["Sword Boomerang","Pummel","Havoc+1"],"picked":"Battle Trance+1","floor":18.0},{"not_picked":["Clothesline","Wild Strike","Body Slam"],"picked":"Armaments+1","floor":19.0},{"not_picked":["Fire Breathing","Shockwave+1","Sentinel+1"],"picked":"Rage+1","floor":22.0},{"not_picked":["Thunderclap","Clothesline+1","Searing Blow","Bloodletting+1"],"picked":"SKIP","floor":23.0},{"not_picked":["Sword Boomerang","Clothesline","Limit Break+1","Wild Strike"],"picked":"SKIP","floor":25.0},{"not_picked":["Heavy Blade","Clothesline","Sword Boomerang","Warcry+1"],"picked":"SKIP","floor":27.0},{"not_picked":["True Grit+1","Sentinel+1","Armaments+1"],"picked":"Berserk","floor":30.0},{"not_picked":["Twin Strike","Armaments+1","Shrug It Off+1"],"picked":"Entrench+1","floor":31.0},{"not_picked":["Exhume+1","Demon Form","Feed"],"picked":"Barricade","floor":33.0},{"not_picked":["Flex+1","Twin Strike","Anger"],"picked":"Metallicize","floor":35.0},{"not_picked":["Headbutt+1","Dark Embrace+1","Wild Strike"],"picked":"Clothesline","floor":38.0},{"not_picked":["Rupture","Reckless Charge+1","Dropkick"],"picked":"Headbutt","floor":39.0},{"not_picked":["Uppercut","Battle Trance+1","Twin Strike+1"],"picked":"Impervious+1","floor":40.0},{"not_picked":["Swift Strike","Bandage Up+1","Discovery+1"],"picked":"Finesse+1","floor":41.0},{"not_picked":["Bandage Up+1","Panacea+1","Sadistic Nature"],"picked":"Secret Technique+1","floor":41.0},{"not_picked":["Finesse+1","Thinking Ahead+1","Swift Strike"],"picked":"Enlightenment+1","floor":41.0},{"not_picked":["Shrug It Off+1","Perfected Strike","Metallicize"],"picked":"Offering+1","floor":42.0},{"not_picked":["Clash","Wild Strike","Power Through+1"],"picked":"Burning Pact+1","floor":44.0},{"not_picked":["Twin Strike+1","Anger+1","Clothesline"],"picked":"Shrug It Off+1","floor":47.0},{"not_picked":["Clothesline","Armaments+1","Flame Barrier+1"],"picked":"Headbutt+1","floor":48.0},{"not_picked":["Brutality","Combust","Pommel Strike"],"picked":"Flame Barrier+1","floor":55.0}],"player_experience":1203444,"relics_obtained":[{"floor":7.0,"key":"Thread and Needle"},{"floor":9.0,"key":"Question Card"},{"floor":10.0,"key":"Letter Opener"},{"floor":13.0,"key":"Toxic Egg 2"},{"floor":23.0,"key":"InkBottle"},{"floor":25.0,"key":"Incense Burner"},{"floor":26.0,"key":"Shuriken"},{"floor":39.0,"key":"Magic Flower"},{"floor":40.0,"key":"Meat on the Bone"},{"floor":42.0,"key":"Ornamental Fan"},{"floor":44.0,"key":"Paper Frog"},{"floor":55.0,"key":"Centennial Puzzle"}],"event_choices":[{"damage_healed":0.0,"max_hp_gain":0.0,"max_hp_loss":7.0,"gold_gain":0.0,"event_name":"Golden Idol","player_choice":"Lose Max HP","floor":3.0,"gold_loss":0.0,"damage_taken":0.0,"relics_obtained":["Golden Idol"]},{"cards_removed":["Strike_R"],"damage_healed":0.0,"max_hp_gain":0.0,"max_hp_loss":0.0,"gold_gain":0.0,"event_name":"The Cleric","player_choice":"Card Removal","floor":4.0,"gold_loss":75.0,"damage_taken":0.0},{"damage_healed":0.0,"max_hp_gain":0.0,"max_hp_loss":0.0,"gold_gain":0.0,"cards_transformed":["Strike_R","Strike_R"],"event_name":"Drug Dealer","player_choice":"Became Test Subject","floor":20.0,"gold_loss":0.0,"damage_taken":0.0,"cards_obtained":["Battle Trance","Armaments"]},{"cards_removed":["Seeing Red"],"damage_healed":0.0,"max_hp_gain":0.0,"max_hp_loss":0.0,"gold_gain":0.0,"event_name":"WeMeetAgain","player_choice":"Gave Card","floor":21.0,"gold_loss":0.0,"damage_taken":0.0,"relics_obtained":["Art of War"]},{"damage_healed":0.0,"max_hp_gain":0.0,"max_hp_loss":0.0,"gold_gain":333.0,"event_name":"The Moai Head","player_choice":"Gave Idol","floor":36.0,"relics_lost":["Golden Idol"],"gold_loss":0.0,"damage_taken":0.0},{"damage_healed":0.0,"max_hp_gain":0.0,"max_hp_loss":0.0,"gold_gain":0.0,"event_name":"MindBloom","player_choice":"Fight","floor":39.0,"gold_loss":0.0,"damage_taken":0.0},{"damage_healed":0.0,"max_hp_gain":0.0,"max_hp_loss":0.0,"gold_gain":0.0,"event_name":"SensoryStone","player_choice":"Memory 3","floor":41.0,"gold_loss":0.0,"damage_taken":10.0}],"is_beta":false,"boss_relics":[{"not_picked":["Tiny House","Ectoplasm"],"picked":"SacredBark"},{"not_picked":["Black Star","Pandora\u0027s Box"],"picked":"SlaversCollar"}],"items_purged_floors":[12,29,37,54],"is_endless":false,"potions_floor_spawned":[2,7,10,11,13,16,19,25,30,38,42,48],"ascension_level":20}}