{"host":"d2gh6suihlstufn7","time":1613417341,"event":{"mods":["AchievementEnabler","BaseMod","Colored Map","Colored Powertips","Minty Spire (QoL Compilation)","Permanent Neow","Quick Restart"],"gold_per_floor":[114,43,43,62,80,80,90,90,90,107,107,32,43,43,43,138,138,153,169,184,194,154,154,173,184,184,184,34,49,49,63,63,63,63],"floor_reached":33,"language":"KOR","playtime":1147,"items_purged":["Decay"],"score":243,"play_id":"0ba8327b-4876-46c2-9a42-0892cfc915e1","local_time":"20210216042901","is_ascension_mode":false,"campfire_choices":[{"floor":6,"key":"RECALL"},{"data":"Sunder","floor":8,"key":"SMITH"},{"data":"Capacitor","floor":15,"key":"SMITH"},{"floor":23,"key":"REST"},{"floor":27,"key":"REST"},{"floor":30,"key":"REST"},{"floor":32,"key":"REST"}],"circlet_count":0,"master_deck":["Strike_B","Strike_B","Strike_B","Strike_B","Defend_B","Defend_B","Defend_B","Defend_B","Zap","Dualcast","Capacitor+1","Sunder+1","Static Discharge","Meteor Strike+1","Machine Learning+1","Heatsinks+1","Force Field","Melter","Buffer"],"relics":["Nuclear Battery","Snecko Eye","Matryoshka"],"acts_visited":["Exordium","TheCity"],"potions_floor_usage":[7,7,16,16,16,21,33,33,33],"damage_taken":[{"damage":7,"enemies":"Jaw Worm","floor":1,"turns":5},{"damage":0,"enemies":"Cultist","floor":4,"turns":2},{"damage":5,"enemies":"Small Slimes","floor":5,"turns":3},{"damage":10,"enemies":"Gremlin Gang","floor":7,"turns":4},{"damage":9,"enemies":"Blue Slaver","floor":10,"turns":4},{"damage":0,"enemies":"3 Louse","floor":13,"turns":3},{"damage":27,"enemies":"Slime Boss","floor":16,"turns":8},{"damage":10,"enemies":"3 Byrds","floor":18,"turns":4},{"damage":5,"enemies":"Chosen","floor":19,"turns":3},{"damage":24,"enemies":"Centurion and Healer","floor":20,"turns":4},{"damage":31,"enemies":"Snake Plant","floor":21,"turns":3},{"damage":21,"enemies":"Shelled Parasite and Fungi","floor":24,"turns":3},{"damage":0,"enemies":"3 Cultists","floor":25,"turns":4},{"damage":9,"enemies":"Snake Plant","floor":29,"turns":3},{"damage":10,"enemies":"Sentry and Sphere","floor":31,"turns":4},{"damage":65,"enemies":"Collector","floor":33,"turns":6}],"seed_played":"-1029210211858620525","potions_obtained":[{"floor":3,"key":"CultistPotion"},{"floor":3,"key":"Dexterity Potion"},{"floor":3,"key":"Dexterity Potion"},{"floor":5,"key":"AttackPotion"},{"floor":7,"key":"Swift Potion"},{"floor":10,"key":"Strength Potion"},{"floor":16,"key":"Energy Potion"},{"floor":18,"key":"FearPotion"},{"floor":19,"key":"Weak Potion"},{"floor":20,"key":"LiquidBronze"},{"floor":29,"key":"PotionOfCapacity"}],"is_trial":false,"path_per_floor":["M","$","?","M","M","R","M","R","T","M","?","$","M","?","R","B",null,"M","M","M","M","?","R","M","M","T","R","$","M","R","M","R","B"],"character_chosen":"DEFECT","items_purchased":["Sunder","Melter","Buffer"],"campfire_rested":4,"item_purchase_floors":[2,28,28],"current_hp_per_floor":[68,68,68,68,63,63,53,53,53,44,44,44,44,44,44,17,75,65,60,36,5,5,27,6,6,6,28,28,19,41,31,53,0,0],"gold":63,"neow_bonus":"BOSS_RELIC","is_daily":false,"chose_seed":false,"campfire_upgraded":2,"win_rate":0.0,"timestamp":1613417341,"path_taken":["M","$","?","?","M","R","M","R","T","M","?","$","?","?","R","BOSS","M","M","M","M","?","R","M","?","T","R","$","M","R","?","R","BOSS"],"items_purchased_type":["Card","Card","Card"],"build_version":"2020-12-22","purchased_purges":1,"victory":false,"max_hp_per_floor":[75,75,75,75,75,75,75,75,75,75,75,75,75,75,75,75,75,75,75,75,75,75,75,75,75,75,75,75,75,75,75,75,75,75],"card_choices":[{"not_picked":["Barrage","Turbo"],"picked":"Capacitor","floor":1},{"not_picked":["Double Energy","Scrape"],"picked":"Static Discharge","floor":4},{"not_picked":["Beam Cell","Hologram","Loop"],"picked":"SKIP","floor":5},{"not_picked":["Ball Lightning","Steam","Beam Cell"],"picked":"SKIP","floor":7},{"not_picked":["Auto Shields","Beam Cell"],"picked":"Meteor Strike","floor":10},{"not_picked":["Darkness","Conserve Battery","Go for the Eyes"],"picked":"SKIP","floor":13},{"not_picked":["Amplify","Reboot"],"picked":"Machine Learning","floor":16},{"not_picked":["Ball Lightning+1","Sweeping Beam","Beam Cell"],"picked":"SKIP","floor":18},{"not_picked":["Turbo","Consume+1"],"picked":"Heatsinks+1","floor":19},{"not_picked":["Hello World","Consume","BootSequence"],"picked":"SKIP","floor":20},{"not_picked":["Stack","Streamline+1","Rebound"],"picked":"SKIP","floor":21},{"not_picked":["Streamline","Reprogram+1","Beam Cell+1"],"picked":"SKIP","floor":24},{"not_picked":["Compile Driver","FTL"],"picked":"Force Field","floor":25},{"not_picked":["Steam+1","Aggregate","Biased Cognition"],"picked":"SKIP","floor":29},{"not_picked":["Compile Driver","Loop+1","Gash"],"picked":"SKIP","floor":31}],"player_experience":262536,"relics_obtained":[{"floor":26,"key":"Matryoshka"}],"event_choices":[{"damage_healed":0,"gold_gain":0,"player_choice":"Got Potions","damage_taken":0,"max_hp_gain":0,"max_hp_loss":0,"event_name":"Lab","floor":3,"gold_loss":0},{"damage_healed":0,"gold_gain":0,"player_choice":"Cursed","damage_taken":0,"max_hp_gain":0,"max_hp_loss":0,"event_name":"Wheel of Change","floor":11,"gold_loss":0,"cards_obtained":["Decay"]},{"damage_healed":0,"gold_gain":0,"player_choice":"Grow","damage_taken":0,"max_hp_gain":0,"max_hp_loss":0,"event_name":"Living Wall","floor":14,"gold_loss":0,"cards_upgraded":["Meteor Strike"]},{"damage_healed":0,"gold_gain":0,"player_choice":"Upgrade","damage_taken":0,"max_hp_gain":0,"max_hp_loss":0,"event_name":"Designer","floor":22,"gold_loss":40,"cards_upgraded":["Machine Learning"]}],"is_beta":false,"boss_relics":[{"not_picked":["Calling Bell","SlaversCollar"],"picked":"Snecko Eye"}],"items_purged_floors":[12],"is_endless":false,"potions_floor_spawned":[5,7,10,16,18,19,20,29],"killed_by":"Collector","ascension_level":0}}