{"host":"350rh84kbmtekt58","time":1613417740,"event":{"mods":["AchievementEnabler","Act Like it!","BaseMod","Better Synergies","Block Reminder","CapriCore","Challenge The Spire","Colored Map","Colored Powertips","Communication Mod","Downfall","Energized Spire","Friendly Minions","GifTheSpireLib","Highlight Path","Minty Spire (QoL Compilation)","Quick Restart","Replay The Spire","Shop Mod","StSLib","The Animator","The Disciple","The Immortal","The Marked","The Runesmith","The Servant 0.9.4","The Wild Card","Transform Curses","yUi"],"gold_per_floor":[116,128,138,108,126,157,157,191,217,217,217],"floor_reached":10,"language":"ENG","playtime":797,"items_purged":[],"score":82,"play_id":"5a37ab30-92ae-4b18-bf10-ace5284a9312","local_time":"20210215133540","is_ascension_mode":true,"campfire_choices":[{"floor":7,"key":"REST"}],"circlet_count":0,"master_deck":["Strike_B","Strike_B","Strike_B","Strike_B","Defend_B","Defend_B","Defend_B","Defend_B","Zap","Dualcast","Ball Lightning","Chaos","Consume","Seek","Turbo","Double Energy"],"relics":["Runic Pyramid","Replay:Bottled Flurry","Replay:Rubber Ducky","Tiny Chest"],"acts_visited":["Exordium"],"potions_floor_usage":[5,6,10,10],"damage_taken":[{"damage":6,"enemies":"2 Louse","floor":1,"turns":3},{"damage":1,"enemies":"Cultist","floor":2,"turns":3},{"damage":10,"enemies":"Small Slimes","floor":3,"turns":3},{"damage":12,"enemies":"2 Fungi Beasts","floor":5,"turns":3},{"damage":16,"enemies":"3 Sentries","floor":6,"turns":7},{"damage":9,"enemies":"Replay:BlueRogue","floor":8,"turns":6},{"damage":93,"enemies":"Gremlin Nob","floor":10,"turns":4}],"seed_played":"-4585173013049119304","potions_obtained":[{"floor":3,"key":"SpeedPotion"},{"floor":4,"key":"PowerPotion"},{"floor":4,"key":"Reflective Coating"},{"floor":8,"key":"PowerPotion"}],"is_trial":false,"path_per_floor":["M","M","M","?","M","E","R","E","T","E"],"character_chosen":"DEFECT","items_purchased":[],"campfire_rested":1,"item_purchase_floors":[],"current_hp_per_floor":[69,68,58,58,46,30,52,43,43,0,0],"gold":217,"neow_bonus":"BOSS_RELIC","is_daily":false,"chose_seed":false,"campfire_upgraded":0,"win_rate":0.0,"timestamp":1613417740,"path_taken":["M","M","M","?","M","E","R","E","T","E"],"items_purchased_type":[],"build_version":"2020-12-22","purchased_purges":0,"victory":false,"max_hp_per_floor":[75,75,75,75,75,75,75,75,75,75,75],"card_choices":[{"not_picked":["Leap","Compile Driver"],"picked":"Ball Lightning","floor":1},{"not_picked":["Leap","Cold Snap"],"picked":"Chaos","floor":2},{"not_picked":["Panic Button","Coolheaded"],"picked":"Consume","floor":3},{"not_picked":["Leap","Beam Cell"],"picked":"Seek","floor":5},{"not_picked":["Barrage","ReplaySort"],"picked":"Turbo","floor":6},{"not_picked":["Beam Cell","Leap"],"picked":"Double Energy","floor":8}],"player_experience":249224,"relics_obtained":[{"floor":6,"key":"Replay:Bottled Flurry"},{"floor":8,"key":"Replay:Rubber Ducky"},{"floor":9,"key":"Tiny Chest"}],"event_choices":[{"damage_healed":0,"gold_gain":0,"player_choice":"Bought 2 Potions","damage_taken":0,"max_hp_gain":0,"max_hp_loss":0,"event_name":"The Woman in Blue","floor":4,"gold_loss":0}],"is_beta":false,"boss_relics":[],"items_purged_floors":[],"is_endless":false,"potions_floor_spawned":[3,8],"killed_by":"Gremlin Nob","ascension_level":1}}