{"host":"qswkx8hggytna0kc","time":1613371691,"event":{"mods":["Aspiration","BaseMod","BetterRewards","Colored Map","Colored Powertips","Highlight Path","Hubris","Mimic Mod","Minty Spire (QoL Compilation)","MostiFishMod","Quick Restart","Replay The Spire","StSLib","SuperFastMode"],"gold_per_floor":[15,29,79,94,111,111,140,158,158,173,183,197,226,301,301,372,372,384,403,418,431,449,482,482,482,482,513,513,547,384,384,384,460,460,475,491,501,501,520,555,555,572,624,652,652,652,577,611,611,611,611,611,811,837,837],"floor_reached":56,"language":"ZHS","playtime":1231,"items_purged":["Strike_R","Pain"],"score":3568,"play_id":"8e51cc8b-5d48-49a2-acb8-edc23a45b598","local_time":"20210215144811","is_ascension_mode":true,"campfire_choices":[{"floor":6,"key":"DIG"},{"floor":15,"key":"RECALL"},{"data":"MostiFishMod:RacingGame","floor":24,"key":"SMITH"},{"floor":28,"key":"DIG"},{"data":"Double Tap","floor":32,"key":"SMITH"},{"floor":41,"key":"DIG"},{"data":"MostiFishMod:PerfectStrikeMKII","floor":46,"key":"SMITH"},{"floor":52,"key":"DIG"}],"circlet_count":0,"master_deck":["AscendersBane","Strike_R","Strike_R","Strike_R","Defend_R+1","Defend_R+1","Defend_R","Defend_R","Bash","Replay:Undeath\u0027s Touch","Havoc","Havoc","MostiFishMod:RacingGame+1","Thunderclap","Clash","Havoc","Thunderclap","Pummel","Feed","ReplayTheSpireMod:Limb From Limb","Heavy Blade","Replay:Undeath\u0027s Touch","Cleave","Shrug It Off","MostiFishMod:FireWorks","Necronomicurse","Double Tap+1","Abandon","MostiFishMod:CullingBlade+1","Thunderclap","Perfected Strike","Havoc","MostiFishMod:PerfectStrikeMKII+1","ReplayTheSpireMod:Limb From Limb+1","MostiFishMod:OneDayCity","MostiFishMod:SupremeArchaeology","Replay:Undeath\u0027s Touch"],"relics":["Burning Blood","DaveBox","Civilization","Replay:Multitool","SynthV:TestCard","Anchor","hubris:CuriousFeather","aspiration:StickyExplosives_weak","aspiration:FetidBarrel","aspiration:RandomNobGenerator","Unceasing Top","Necronomicon","War Paint","ImprovedEquipment","Akabeko","Brimstone","Runic Cube","Bottled Flame","hubris:FunFungus","Nunchaku","Replay:Rubber Ducky","WarpedTongs","Iron Hammer","hubris:NiceRug","Blood Vial","Oddly Smooth Stone","TheAbacus","White Beast Statue"],"acts_visited":["Exordium","TheCity","TheBeyond","TheEnding"],"potions_floor_usage":[23,55,55],"damage_taken":[{"damage":9,"enemies":"Jaw Worm","floor":1,"turns":3},{"damage":6,"enemies":"Cultist","floor":2,"turns":3},{"damage":0,"enemies":"Small Slimes","floor":4,"turns":2},{"damage":0,"enemies":"2 Fungi Beasts","floor":5,"turns":2},{"damage":8,"enemies":"Gremlin Nob","floor":7,"turns":3},{"damage":0,"enemies":"Lots of Slimes","floor":8,"turns":4},{"damage":0,"enemies":"Exordium Thugs","floor":10,"turns":2},{"damage":4,"enemies":"Exordium Wildlife","floor":11,"turns":3},{"damage":0,"enemies":"Blue Slaver","floor":12,"turns":2},{"damage":3,"enemies":"Replay:BlueRogue","floor":13,"turns":4},{"damage":22,"enemies":"The Guardian","floor":16,"turns":6},{"damage":0,"enemies":"Shell Parasite","floor":18,"turns":1},{"damage":0,"enemies":"Spheric Guardian","floor":19,"turns":2},{"damage":0,"enemies":"Snake Plant","floor":20,"turns":1},{"damage":2,"enemies":"Cultist and Chosen","floor":21,"turns":3},{"damage":0,"enemies":"Chosen and Byrds","floor":22,"turns":2},{"damage":9,"enemies":"Slavers","floor":23,"turns":3},{"damage":23,"enemies":"Gremlin Leader","floor":27,"turns":4},{"damage":8,"enemies":"Book of Stabbing","floor":29,"turns":2},{"damage":0,"enemies":"Pondfish","floor":33,"turns":5},{"damage":9,"enemies":"3 Shapes","floor":35,"turns":2},{"damage":4,"enemies":"3 Darklings","floor":36,"turns":1},{"damage":3,"enemies":"Spire Growth","floor":37,"turns":3},{"damage":4,"enemies":"Transient","floor":39,"turns":3},{"damage":0,"enemies":"Reptomancer","floor":40,"turns":1},{"damage":0,"enemies":"Jaw Worm Horde","floor":42,"turns":1},{"damage":0,"enemies":"Nemesis","floor":44,"turns":2},{"damage":0,"enemies":"Giant Head","floor":48,"turns":1},{"damage":7,"enemies":"hubris:GrandSnecko","floor":50,"turns":2},{"damage":4,"enemies":"hubris:Merchant","floor":53,"turns":2},{"damage":4,"enemies":"Shield and Spear","floor":54,"turns":1},{"damage":82,"enemies":"The Heart","floor":55,"turns":4}],"seed_played":"-6163206399292297030","potions_obtained":[{"floor":4,"key":"HeartOfIron"},{"floor":8,"key":"Swift Potion"},{"floor":23,"key":"SpeedPotion"},{"floor":27,"key":"LifebloodPotion"}],"is_trial":false,"path_per_floor":["M","M","?","M","M","R","E","M","T","M","M","M","E","?","R_BF","B",null,"M","M","M","M","M","E","R","?","T","E","R","E","$","?","R","B",null,"M","M","M","?","M","E","R","M","T","E","?","R","$","E","R","B",null,"R","$","E","B",null],"character_chosen":"IRONCLAD","items_purchased":["Brimstone"],"campfire_rested":0,"item_purchase_floors":[30],"current_hp_per_floor":[66,68,68,78,87,87,90,97,97,102,107,112,117,106,106,95,115,126,132,137,142,150,152,152,131,131,119,119,122,122,130,130,141,163,168,175,183,183,190,198,198,206,206,211,211,211,211,216,216,220,221,221,226,235,164],"gold":837,"neow_bonus":"ONE_RARE_RELIC","is_daily":false,"chose_seed":false,"campfire_upgraded":3,"win_rate":0.0,"timestamp":1613371691,"path_taken":["M","M","?","?","M","R","E","M","T","M","M","M","E","?","R_BF","BOSS","M","M","M","M","M","E","R","?","T","E","R","E","$","?","R","BOSS","M","?","M","?","M","E","R","?","T","E","?","R","$","E","R","BOSS","R","$","E","BOSS"],"items_purchased_type":["Relic"],"build_version":"2020-12-22","purchased_purges":2,"victory":true,"max_hp_per_floor":[76,78,78,82,87,87,92,97,97,102,107,112,117,117,117,122,122,127,132,137,142,150,155,155,155,155,160,160,165,165,165,165,170,170,178,183,188,188,193,198,198,206,206,211,211,211,211,216,216,221,221,221,226,235,240],"card_choices":[{"not_picked":["Thunderclap","Dropkick"],"picked":"Replay:Undeath\u0027s Touch","floor":1},{"not_picked":["Feel No Pain","Iron Wave","Spot Weakness","Flame Barrier"],"picked":"Havoc","floor":2},{"not_picked":["Second Wind","Hemokinesis","Metallicize","Replay:Undeath\u0027s Touch"],"picked":"Havoc","floor":4},{"not_picked":["Dropkick","ReplayReversal","Searing Blow","Iron Wave","Disarm"],"picked":"SKIP","floor":5},{"not_picked":["Anger","Body Slam","Iron Wave","Burning Pact"],"picked":"MostiFishMod:RacingGame","floor":7},{"not_picked":["Clothesline","Heavy Blade","Sword Boomerang","hubris:CleavingFinish"],"picked":"Thunderclap","floor":8},{"not_picked":["Twin Strike","Shockwave","MostiFishMod:TemporaryOutbreak","Bloodletting"],"picked":"Clash","floor":10},{"not_picked":["Warcry","Defy Death","Battle Trance","Anger"],"picked":"Havoc","floor":11},{"not_picked":["Hemokinesis","Flex","Disarm","hubris:SharpeningStone"],"picked":"Thunderclap","floor":12},{"not_picked":["Sword Boomerang","Headbutt","Pommel Strike","MostiFishMod:BrandingRite"],"picked":"Pummel","floor":13},{"not_picked":["Impervious","MostiFishMod:UltimateDefense","Demonic Infusion","Eclipse"],"picked":"Feed","floor":16},{"not_picked":["True Grit","Iron Wave","hubris:SharpeningStone+1","Inflame+1"],"picked":"ReplayTheSpireMod:Limb From Limb","floor":18},{"not_picked":["Sentinel","Dark Embrace","Clash","hubris:CleavingFinish"],"picked":"Heavy Blade","floor":19},{"not_picked":["Twin Strike+1","Pommel Strike","ReplayReversal","Carnage"],"picked":"Replay:Undeath\u0027s Touch","floor":20},{"not_picked":["Rage","ReplayTheSpireMod:Corrosion Curse","hubris:SharpeningStone","MostiFishMod:#F4004"],"picked":"Cleave","floor":21},{"not_picked":["ReplayTheSpireMod:LeadingStrike","Sword Boomerang","Twin Strike+1","ReplayTheSpireMod:Stacked+1"],"picked":"Shrug It Off","floor":22},{"not_picked":["Inflame","Twin Strike+1","hubris:ReadiedAction","Impervious"],"picked":"MostiFishMod:FireWorks","floor":23},{"not_picked":["Warcry","Whirlwind","Flame Barrier","Clothesline"],"picked":"Double Tap","floor":27},{"not_picked":["MostiFishMod:#F4004","Rage","Limit Break","MostiFishMod:BrandingRite"],"picked":"Abandon","floor":29},{"not_picked":["Impervious","Reaper","Double Tap","Limit Break"],"picked":"MostiFishMod:CullingBlade","floor":33},{"not_picked":["Headbutt","Armaments","ReplayTheSpireMod:LeadingStrike","Dropkick"],"picked":"Thunderclap","floor":35},{"not_picked":["Flex","Reckless Charge","hubris:CleavingFinish+1","Sword Boomerang"],"picked":"Perfected Strike","floor":36},{"not_picked":["Whirlwind","Sever Soul","MostiFishMod:#F4004","Twin Strike+1","Feel No Pain"],"picked":"SKIP","floor":37},{"not_picked":["MostiFishMod:TemporaryOutbreak","Warcry","Sword Boomerang","Run Through","Infernal Blade"],"picked":"SKIP","floor":39},{"not_picked":["Flex","Dual Wield","Thunderclap","Rupture"],"picked":"Havoc","floor":40},{"not_picked":["MostiFishMod:#F4004","Perfected Strike","hubris:CleavingFinish+1","Massacre+1"],"picked":"MostiFishMod:PerfectStrikeMKII","floor":42},{"not_picked":["Metallicize+1","Dropkick+1","Heavy Blade","Flex","Warcry"],"picked":"SKIP","floor":44},{"not_picked":["Body Slam","hubris:StunningStrike","Whirlwind","Intimidate"],"picked":"ReplayTheSpireMod:Limb From Limb+1","floor":48},{"not_picked":[],"picked":"MostiFishMod:OneDayCity","floor":53},{"not_picked":[],"picked":"MostiFishMod:SupremeArchaeology","floor":53},{"not_picked":["Sever Soul"],"picked":"SKIP","floor":53},{"not_picked":["Massacre"],"picked":"SKIP","floor":53},{"not_picked":["hubris:ReadiedAction"],"picked":"SKIP","floor":53},{"not_picked":["Demonic Infusion"],"picked":"SKIP","floor":53},{"not_picked":["Evolve"],"picked":"SKIP","floor":53},{"not_picked":["ReplayTheSpireMod:Stacked","Sword Boomerang","ReplayTheSpireMod:Corrosion Curse","Flex"],"picked":"Replay:Undeath\u0027s Touch","floor":54}],"player_experience":409129,"relics_obtained":[{"floor":1,"key":"SynthV:TestCard"},{"floor":6,"key":"Anchor"},{"floor":7,"key":"hubris:CuriousFeather"},{"floor":9,"key":"aspiration:StickyExplosives_weak"},{"floor":13,"key":"aspiration:FetidBarrel"},{"floor":23,"key":"Unceasing Top"},{"floor":25,"key":"Necronomicon"},{"floor":27,"key":"War Paint"},{"floor":28,"key":"ImprovedEquipment"},{"floor":29,"key":"Akabeko"},{"floor":40,"key":"Bottled Flame"},{"floor":41,"key":"hubris:FunFungus"},{"floor":43,"key":"Nunchaku"},{"floor":44,"key":"Replay:Rubber Ducky"},{"floor":52,"key":"Iron Hammer"},{"floor":53,"key":"Blood Vial"},{"floor":53,"key":"Oddly Smooth Stone"},{"floor":53,"key":"TheAbacus"},{"floor":54,"key":"White Beast Statue"}],"event_choices":[{"damage_healed":0,"gold_gain":50,"player_choice":"Pray","damage_taken":0,"max_hp_gain":0,"max_hp_loss":0,"event_name":"Golden Shrine","floor":3,"gold_loss":0},{"damage_healed":0,"gold_gain":75,"player_choice":"Gather Gold","damage_taken":11,"max_hp_gain":0,"max_hp_loss":0,"event_name":"World of Goop","floor":14,"gold_loss":0},{"damage_healed":0,"gold_gain":0,"player_choice":"Obtained Book","damage_taken":21,"max_hp_gain":0,"max_hp_loss":0,"event_name":"Cursed Tome","floor":25,"gold_loss":0},{"cards_removed":["Strike_R"],"damage_healed":0,"gold_gain":0,"player_choice":"Purged","damage_taken":0,"max_hp_gain":0,"max_hp_loss":0,"event_name":"Purifier","floor":38,"gold_loss":0},{"damage_healed":0,"gold_gain":0,"player_choice":"Upgraded","damage_taken":0,"max_hp_gain":0,"max_hp_loss":0,"event_name":"Upgrade Shrine","floor":45,"gold_loss":0,"cards_upgraded":["MostiFishMod:CullingBlade"]},{"damage_healed":0,"gold_gain":0,"player_choice":"Rummage","damage_taken":0,"relics_obtained":["WarpedTongs"],"max_hp_gain":0,"max_hp_loss":0,"event_name":"Accursed Blacksmith","floor":49,"gold_loss":0,"cards_obtained":["Pain"]}],"is_beta":false,"boss_relics":[{"not_picked":["xbg","Velvet Choker"],"picked":"aspiration:RandomNobGenerator"},{"not_picked":["Painkiller Herb","Calling Bell"],"picked":"Runic Cube"}],"items_purged_floors":[47,53],"is_endless":false,"potions_floor_spawned":[4,8,10,12,18,20,23,27,29,36,40,42,48,54],"ascension_level":19}}