{"host":"Tonhão","time":1613370187,"event":{"mods":["Aspiration","BaseMod","Better Third Choice","Conspire","Downfall","Friendly Minions","Halation","Hermit","Highlight Path","Hubris","Infinite Spire","Jedi Mod","Minty Spire (QoL Compilation)","Relic Sorter","Reliquary","Replay The Spire","Spicy Shops","StSLib","The Animator","The Construct","The Cursed","The Jester","The Senshi","The Servant 0.9.4"],"gold_per_floor":[109,28,28,42,42,69,69,88,133,161,161,161,181,214,214,316,316,329,343,39,39,39],"floor_reached":22,"language":"ENG","playtime":1039,"items_purged":["hubris:Gluttony"],"score":277,"play_id":"b1dd554a-5f0e-432e-9a7a-c6404f4fe28f","local_time":"20210215032307","is_ascension_mode":false,"campfire_choices":[{"data":"TheCursedMod:CursedWand","floor":7.0,"key":"SMITH"},{"data":"TheCursedMod:CleanUpWorkshop","floor":15.0,"key":"SMITH"}],"circlet_count":0,"master_deck":["TheCursedMod:Strike_TheCursed","TheCursedMod:Strike_TheCursed","TheCursedMod:Strike_TheCursed","TheCursedMod:Strike_TheCursed","TheCursedMod:Defend_TheCursed","TheCursedMod:Defend_TheCursed","TheCursedMod:Defend_TheCursed","TheCursedMod:Defend_TheCursed","TheCursedMod:CursedWand+1","TheCursedMod:CleanUpWorkshop+1","TheCursedMod:Dregs","TheCursedMod:CursedMace+1","TheCursedMod:HellsGateOpen","TheCursedMod:SpitefulStrike","TheCursedMod:SurpriseAttack","TheCursedMod:SpitefulPray","TheCursedMod:Neurasthenia","TheCursedMod:WearCloak","TheCursedMod:Hemoplague","TheCursedMod:ReleasedKnowledge"],"relics":["TheCursedMod:BlackMagic101","NeowsBlessing","reliquary:PartyBalloon","Calipers","hubris:Teleporter","Philosopher\u0027s Stone","BargainBundle","reliquary:Stiletto","conspire:TreasureMap"],"acts_visited":["Exordium","TheCity"],"potions_floor_usage":[18],"damage_taken":[{"damage":0.0,"enemies":"Jaw Worm","floor":1.0,"turns":1.0},{"damage":0.0,"enemies":"conspire:RoseBush","floor":4.0,"turns":1.0},{"damage":0.0,"enemies":"Gremlin Nob","floor":6.0,"turns":1.0},{"damage":4.0,"enemies":"Cultist","floor":8.0,"turns":4.0},{"damage":8.0,"enemies":"Replay:BlueRogue","floor":10.0,"turns":5.0},{"damage":2.0,"enemies":"conspire:2 RoseBushes","floor":13.0,"turns":3.0},{"damage":6.0,"enemies":"Gremlin Nob","floor":14.0,"turns":3.0},{"damage":0.0,"enemies":"Slime Boss","floor":16.0,"turns":5.0},{"damage":16,"enemies":"2 Thieves","floor":18,"turns":4},{"damage":35,"enemies":"conspire:FuzzyDice","floor":19,"turns":10}],"seed_played":"-1992885848719787324","potions_obtained":[{"floor":4.0,"key":"jedi:wingpotion"},{"floor":13.0,"key":"ColorlessPotion"},{"floor":14.0,"key":"PowerPotion"},{"floor":16.0,"key":"PowerPotion"},{"floor":19,"key":"FearPotion"}],"is_trial":false,"path_per_floor":["M","$","?","M","$","E","R","M","T","E","?","?","M","E","R","B",null,"M","M","$","?"],"character_chosen":"THE_CURSED","items_purchased":["TheCursedMod:HellsGateOpen","BargainBundle","reliquary:Stiletto","conspire:TreasureMap","TheCursedMod:Hemoplague","TheCursedMod:ReleasedKnowledge"],"campfire_rested":0,"item_purchase_floors":[2,20,20,20,20,20],"current_hp_per_floor":[75,75,75,75,75,75,75,71,71,63,63,75,73,67,67,67,75,59,24,24,0,0],"gold":39,"neow_bonus":"THREE_ENEMY_KILL","is_daily":false,"chose_seed":false,"campfire_upgraded":2,"win_rate":0.0,"timestamp":1613370187,"path_taken":["M","$","?","M","$","E","R","M","T","E","?","?","M","E","R","BOSS","M","?","$","?"],"items_purchased_type":["Card","Relic","Relic","Relic","Card","Card"],"build_version":"2020-11-17","purchased_purges":1,"victory":false,"max_hp_per_floor":[75,75,75,75,75,75,75,75,75,75,75,75,75,75,75,75,75,75,75,75,75,75],"card_choices":[{"not_picked":["TheCursedMod:CursedArmor","TheCursedMod:Obscuration"],"picked":"TheCursedMod:CursedMace","floor":1.0},{"not_picked":["TheCursedMod:ReleasedStrength","TheCursedMod:SoulReap","TheCursedMod:Obscuration"],"picked":"SKIP","floor":4.0},{"not_picked":["TheCursedMod:SurpriseAttack","TheCursedMod:VitalStrike","TheCursedMod:ParallelWorld"],"picked":"SKIP","floor":6.0},{"not_picked":["TheCursedMod:CursedBlade","TheCursedMod:SurpriseAttack"],"picked":"TheCursedMod:SpitefulStrike","floor":8.0},{"not_picked":["TheCursedMod:CircleOfCorruption","TheCursedMod:FuryStrike"],"picked":"TheCursedMod:SurpriseAttack","floor":10.0},{"not_picked":["TheCursedMod:RavingStaff","TheCursedMod:FleshFromBone"],"picked":"TheCursedMod:SpitefulPray","floor":13.0},{"not_picked":["TheCursedMod:SpitefulPray","TheCursedMod:Stretching","TheCursedMod:CursedMace"],"picked":"SKIP","floor":14.0},{"not_picked":["TheCursedMod:ForbiddenAlchemy","TheCursedMod:StunningStrike"],"picked":"TheCursedMod:Neurasthenia","floor":16.0},{"not_picked":["TheCursedMod:CircleOfFocus+1","TheCursedMod:SurpriseAttack"],"picked":"TheCursedMod:WearCloak","floor":18},{"not_picked":["TheCursedMod:Obscuration","TheCursedMod:CursedArmor","TheCursedMod:CursedMace+1"],"picked":"SKIP","floor":19}],"player_experience":154716,"relics_obtained":[{"floor":6.0,"key":"reliquary:PartyBalloon"},{"floor":10.0,"key":"Calipers"},{"floor":14.0,"key":"hubris:Teleporter"}],"event_choices":[{"damage_healed":0.0,"max_hp_gain":0.0,"max_hp_loss":0.0,"gold_gain":0.0,"event_name":"Living Wall","player_choice":"Grow","floor":3.0,"gold_loss":0.0,"damage_taken":0.0,"cards_upgraded":["TheCursedMod:CursedMace"]},{"damage_healed":12.0,"max_hp_gain":0.0,"max_hp_loss":0.0,"gold_gain":0.0,"event_name":"Wheel of Change","player_choice":"Full Heal","floor":12.0,"gold_loss":0.0,"damage_taken":0.0}],"is_beta":true,"boss_relics":[{"not_picked":["Velvet Choker","Sozu"],"picked":"Philosopher\u0027s Stone"}],"items_purged_floors":[20],"is_endless":false,"potions_floor_spawned":[4,13,14,16,19],"ascension_level":0}}