{"host":"zgdag062zrknap1a","time":1613366243,"event":{"mods":["AchievementEnabler","Act Like it!","Aspiration","Bard","BaseMod","BetterRewards","Colored Map","Colored Powertips","Conspire","Downfall","Gensokyo","Hallownest","Hermit","Highlight Path","Hubris","Infinite Spire","Jorbs\u0027s Wanderer Trilogy","Marisa????????","Minty Spire (QoL Compilation)","Quick Restart","Rare Cards Sparkle","Replay The Spire","Shop Mod","StSLib","The Bug Knight","The Cursed","The Hierophant","The Necromancer","The Runesmith","The Servant 0.9.4"],"gold_per_floor":[116,127,139,152,170,170,170,203,203,203,277,288,288,363,363,376,376,473,473,484,399,399,399,415,415,415],"floor_reached":25,"language":"ENG","playtime":2313,"items_purged":["Strike_W","Defend_W"],"score":303,"play_id":"73600ee8-c95b-4fe9-964c-d2941e5bf08c","local_time":"20210214211723","is_ascension_mode":false,"campfire_choices":[{"floor":9,"key":"RECALL"},{"floor":13,"key":"REST"},{"data":"Blood_Is_Power","floor":15,"key":"SMITH"},{"data":"Blood_for_Blood","floor":17,"key":"SMITH"}],"circlet_count":0,"master_deck":["Strike_W","Strike_W","Defend_W","Defend_W","Negative_Energy_Arrows","Bone_Wall","Blood_Shield","Consume_Illness","Blood_for_Blood+1","Spectral_Walk","Blood_Is_Power+1","Blood_Curse","Blood_Curse","Summon_Vampire_Lady","Scare+1","Life_Tap+1"],"relics":["Vampire_Amulet","MerchantsRug","aspiration:ChemicalBlood","Empty Cage","Art of War","Regal Pillow"],"acts_visited":["Exordium","TheCity"],"potions_floor_usage":[8,18,18,20,24,24,25,25],"damage_taken":[{"damage":14,"enemies":"infinitespire:Voidling","floor":1,"turns":5},{"damage":5,"enemies":"Jaw Worm","floor":2,"turns":5},{"damage":0,"enemies":"2 Louse","floor":3,"turns":2},{"damage":5,"enemies":"Red Slaver","floor":4,"turns":5},{"damage":6,"enemies":"3 Louse","floor":5,"turns":4},{"damage":13,"enemies":"Lagavulin","floor":8,"turns":8},{"damage":15,"enemies":"conspire:2 RoseBushes","floor":12,"turns":6},{"damage":2,"enemies":"Large Slime","floor":16,"turns":5},{"damage":33,"enemies":"Slime Boss","floor":18,"turns":13},{"damage":19,"enemies":"Chosen","floor":20,"turns":7},{"damage":24,"enemies":"3 Byrds","floor":24,"turns":6},{"damage":43,"enemies":"Gremlin Leader","floor":25,"turns":7}],"seed_played":"-8069999256453821909","potions_obtained":[{"floor":1,"key":"Strength Potion"},{"floor":8,"key":"Adrenaline Potion"},{"floor":16,"key":"Reflective Coating"},{"floor":18,"key":"BlessingOfTheForge"},{"floor":20,"key":"Fire Potion"},{"floor":24,"key":"SteroidPotion"}],"is_trial":false,"path_per_floor":["M","M","M","M","M","PTL","PTL","E","R","?","T","M","R","?","R","M","R","B",null,"M","?","AVR","?","M","E"],"character_chosen":"NECROMANCER","items_purchased":["Blood_Shield","Consume_Illness","Blood_for_Blood","Spectral_Walk","Blood_Is_Power","MerchantsRug"],"campfire_rested":1,"item_purchase_floors":[0,0,0,0,0,0],"current_hp_per_floor":[32,29,33,30,30,30,30,22,22,22,22,14,36,29,29,34,34,12,75,65,65,65,65,59,36,36],"gold":415,"neow_bonus":"","is_daily":false,"chose_seed":false,"campfire_upgraded":2,"win_rate":0.0,"timestamp":1613366243,"path_taken":["M","?","M","M","M","PTL","PTL","E","R","?","T","M","R","?","R","M","R","BOSS","M","?","AVR","?","M","E"],"items_purchased_type":["Card","Card","Card","Card","Card","Relic"],"build_version":"2020-12-22","purchased_purges":2,"victory":false,"max_hp_per_floor":[75,75,75,75,75,75,75,75,75,75,75,75,75,75,75,75,75,75,75,75,75,75,75,75,75,75],"card_choices":[{"not_picked":["Death_March_Dance","Blood_for_Blood"],"picked":"Blood_Curse","floor":1},{"not_picked":["Death_Coil","Scare"],"picked":"Blood_Curse","floor":2},{"not_picked":["Plague_Bolt","Stop_Heart","Finger_Of_Death"],"picked":"SKIP","floor":3},{"not_picked":["Negative_Energy_Shield","Shackles_Of_Pain","Scare"],"picked":"SKIP","floor":4},{"not_picked":["Shackles_Of_Pain","Strike_from_Beyond","Reap_The_Weak"],"picked":"SKIP","floor":5},{"not_picked":["Blood_Curse","Summon_Lich","Shackles_Of_Pain"],"picked":"SKIP","floor":8},{"not_picked":["Slay_Living","Death_March_Dance","Bones_to_Steel"],"picked":"SKIP","floor":12},{"not_picked":["Chill_Blood","Blood_Curse","Spectral_Walk"],"picked":"SKIP","floor":16},{"not_picked":["Hellfire","Summon_Death_Knight"],"picked":"Summon_Vampire_Lady","floor":18},{"not_picked":["Shackles_Of_Pain+1","Negative_Energy_Burst"],"picked":"Scare+1","floor":20},{"not_picked":["Bone_Prison","Bone_Bullets+1"],"picked":"Life_Tap+1","floor":24}],"player_experience":443483,"relics_obtained":[{"floor":8,"key":"aspiration:ChemicalBlood"}],"event_choices":[{"damage_healed":0,"gold_gain":0,"player_choice":"Ignored","damage_taken":0,"max_hp_gain":0,"max_hp_loss":0,"event_name":"Shining Light","floor":10,"gold_loss":0},{"damage_healed":0,"gold_gain":75,"player_choice":"Touch","damage_taken":7,"max_hp_gain":0,"max_hp_loss":0,"event_name":"FaceTrader","floor":14,"gold_loss":0},{"damage_healed":0,"gold_gain":0,"player_choice":"Obtained Relic","damage_taken":0,"relics_obtained":["Art of War"],"max_hp_gain":0,"max_hp_loss":0,"event_name":"Addict","floor":21,"gold_loss":85}],"is_beta":false,"boss_relics":[{"not_picked":["Ring of Chaos","aspiration:WatcherSkillbook"],"picked":"Empty Cage"}],"items_purged_floors":[0,22],"is_endless":false,"potions_floor_spawned":[1,8,16,18,20,24],"killed_by":"Gremlin Leader","ascension_level":0}}