{"host":"8is2j71l4wmybkoi","time":1613395934,"event":{"mods":["AchievementEnabler","BaseMod","Colored Map","DeckTracker","Minty Spire (QoL Compilation)","Rare Cards Sparkle","Relic Stats","StSLib","SuperFastMode"],"gold_per_floor":[115,115,115,125,125,125,154,154,154,205,238,18,18,32,32,108,108,124,124,136,147,163,196,196,76,76,108,198,198,198,19,19,98,98,118,118,172,192,67,98,98,110,110,110,124,158,158,158,158,158,158,158,9,39,39],"floor_reached":56,"language":"KOR","playtime":3015,"items_purged":["Strike_R","Strike_R","Twin Strike+1"],"score":1982,"play_id":"a84185dd-3c69-48ef-b3c6-7103e88fd334","local_time":"20210215223214","is_ascension_mode":true,"campfire_choices":[{"data":"Feed","floor":6.0,"key":"SMITH"},{"data":"Twin Strike","floor":8.0,"key":"SMITH"},{"floor":13.0,"key":"REST"},{"data":"Flame Barrier","floor":15.0,"key":"SMITH"},{"data":"Bludgeon","floor":24.0,"key":"SMITH"},{"floor":29.0,"key":"REST"},{"data":"Body Slam","floor":32.0,"key":"SMITH"},{"floor":41.0,"key":"RECALL"},{"data":"Evolve","floor":49,"key":"SMITH"},{"data":"Double Tap","floor":52,"key":"SMITH"}],"circlet_count":0,"master_deck":["AscendersBane","Defend_R","Defend_R","Defend_R","Bash+1","Feed+1","Power Through","Flame Barrier+1","Berserk","Metallicize","Bludgeon+1","Evolve+1","Flame Barrier+1","Second Wind+1","Shrug It Off+1","Body Slam+1","Double Tap+1","Dark Embrace","Corruption","Master of Strategy","Dark Shackles","Flash of Steel","Burning Pact+1","Disarm+1"],"relics":["Burning Blood","Omamori","Ornamental Fan","Oddly Smooth Stone","CaptainsWheel","OrangePellets","Cursed Key","Question Card","Pen Nib","Juzu Bracelet","Empty Cage","Mango","Bag of Marbles","Calipers","Toy Ornithopter","ClockworkSouvenir","Letter Opener"],"acts_visited":["Exordium","TheCity","TheBeyond","TheEnding"],"potions_floor_usage":[55],"damage_taken":[{"damage":12.0,"enemies":"Jaw Worm","floor":1.0,"turns":2.0},{"damage":8.0,"enemies":"Small Slimes","floor":4.0,"turns":4.0},{"damage":33.0,"enemies":"3 Sentries","floor":7.0,"turns":10.0},{"damage":28.0,"enemies":"Gremlin Nob","floor":11.0,"turns":4.0},{"damage":1.0,"enemies":"2 Louse","floor":14.0,"turns":3.0},{"damage":46.0,"enemies":"The Guardian","floor":16.0,"turns":17.0},{"damage":6.0,"enemies":"Chosen","floor":18.0,"turns":3.0},{"damage":0.0,"enemies":"Spheric Guardian","floor":20.0,"turns":4.0},{"damage":9.0,"enemies":"3 Cultists","floor":21.0,"turns":7.0},{"damage":2.0,"enemies":"Centurion and Healer","floor":22.0,"turns":7.0},{"damage":6.0,"enemies":"Book of Stabbing","floor":23.0,"turns":7.0},{"damage":62.0,"enemies":"Gremlin Leader","floor":27.0,"turns":10.0},{"damage":40.0,"enemies":"Automaton","floor":33.0,"turns":9.0},{"damage":0.0,"enemies":"Orb Walker","floor":35.0,"turns":2.0},{"damage":31.0,"enemies":"2 Orb Walkers","floor":37.0,"turns":4.0},{"damage":0.0,"enemies":"3 Shapes","floor":38.0,"turns":4.0},{"damage":22.0,"enemies":"Nemesis","floor":40.0,"turns":5.0},{"damage":0,"enemies":"Maw","floor":42,"turns":5},{"damage":0,"enemies":"Sphere and 2 Shapes","floor":45,"turns":5},{"damage":1,"enemies":"Reptomancer","floor":46,"turns":4},{"damage":18,"enemies":"Awakened One","floor":50,"turns":8},{"damage":26,"enemies":"Shield and Spear","floor":54,"turns":3},{"damage":3,"enemies":"The Heart","floor":55,"turns":6}],"seed_played":"6766321267049410939","potions_obtained":[{"floor":1.0,"key":"FearPotion"},{"floor":4.0,"key":"Block Potion"},{"floor":11.0,"key":"Explosive Potion"},{"floor":14.0,"key":"SpeedPotion"},{"floor":21.0,"key":"Energy Potion"},{"floor":22.0,"key":"Block Potion"},{"floor":27.0,"key":"Regen Potion"},{"floor":35.0,"key":"Dexterity Potion"},{"floor":38.0,"key":"ElixirPotion"}],"is_trial":false,"path_per_floor":["M","?","T","M","?","R","E","R","T","T","E","$","R","M","R","B",null,"M","?","M","M","M","E","R","$","T","E","?","R","$","$","R","B",null,"M","?","?","M","$","E","R","M","T","?","M","E","$","?","R","B",null,"R","$","E","B",null],"character_chosen":"IRONCLAD","items_purchased":["Berserk","OrangePellets","Body Slam","Dark Embrace","ClockworkSouvenir"],"campfire_rested":2,"item_purchase_floors":[12,12,25,31,53],"current_hp_per_floor":[62,67,67,65,58,58,35,35,35,35,13,13,38,47,47,11,72,76,76,82,83,91,91,91,91,91,35,15,47,47,47,47,28,89,95,85,74,80,80,64,64,74,74,74,84,89,89,89,89,77,118,118,118,98,106],"gold":39,"neow_bonus":"UPGRADE_CARD","is_daily":false,"chose_seed":false,"campfire_upgraded":7,"win_rate":0.0,"timestamp":1613395934,"path_taken":["M","?","?","M","?","R","E","R","T","?","E","?","R","M","R","BOSS","M","?","M","M","M","E","R","$","T","E","?","R","?","$","R","BOSS","M","?","?","M","?","E","R","M","T","?","M","E","?","?","R","BOSS","R","$","E","BOSS"],"items_purchased_type":["Card","Relic","Card","Card","Relic"],"build_version":"2020-12-22","purchased_purges":3,"victory":true,"max_hp_per_floor":[75,80,80,80,80,80,84,84,84,84,84,84,84,88,88,92,92,96,96,96,100,104,104,104,104,104,104,109,109,109,109,109,109,109,109,109,123,123,123,123,123,127,127,127,131,131,131,131,131,131,131,131,131,131,131],"relic_stats":{"OrangePellets":[24],"counters":[23,133],"Ornamental Fan":[116],"Pen Nib":[12],"Juzu Bracelet":2,"Letter Opener":[10],"Cursed Key":2,"Question Card":13,"obtain_stats":[{"Calipers":43,"Oddly Smooth Stone":10,"Mango":37,"Pen Nib":26,"Omamori":7,"Juzu Bracelet":27,"Letter Opener":54,"Cursed Key":17,"Question Card":23,"Empty Cage":34,"Burning Blood":0,"ClockworkSouvenir":53,"OrangePellets":12,"CaptainsWheel":11,"Ornamental Fan":9,"Bag of Marbles":40,"Toy Ornithopter":46},{"Calipers":18,"Oddly Smooth Stone":3,"Mango":15,"Pen Nib":11,"Omamori":3,"Juzu Bracelet":12,"Letter Opener":22,"Cursed Key":6,"Question Card":11,"Empty Cage":13,"Burning Blood":0,"ClockworkSouvenir":21,"OrangePellets":4,"CaptainsWheel":4,"Ornamental Fan":3,"Bag of Marbles":17,"Toy Ornithopter":20},{"Calipers":107,"Oddly Smooth Stone":16,"Mango":93,"Pen Nib":68,"Omamori":16,"Juzu Bracelet":78,"Letter Opener":127,"Cursed Key":40,"Question Card":68,"Empty Cage":87,"Burning Blood":0,"ClockworkSouvenir":124,"OrangePellets":20,"CaptainsWheel":20,"Ornamental Fan":16,"Bag of Marbles":102,"Toy Ornithopter":116}],"Burning Blood":138,"Toy Ornithopter":5},"card_choices":[{"not_picked":["Iron Wave","Sever Soul"],"picked":"Twin Strike","floor":1.0},{"not_picked":["Flame Barrier","Perfected Strike"],"picked":"Feed","floor":4.0},{"not_picked":["Seeing Red","Perfected Strike"],"picked":"Power Through","floor":7.0},{"not_picked":["Fire Breathing","Shrug It Off"],"picked":"Flame Barrier","floor":11.0},{"not_picked":["Clothesline","Havoc"],"picked":"Metallicize","floor":14.0},{"not_picked":["Demon Form","Corruption"],"picked":"Bludgeon","floor":16.0},{"not_picked":["Reckless Charge","Cleave+1"],"picked":"Evolve","floor":18.0},{"not_picked":["Sever Soul","Heavy Blade+1","Anger"],"picked":"SKIP","floor":20.0},{"not_picked":["Warcry","Perfected Strike+1","Whirlwind"],"picked":"SKIP","floor":21.0},{"not_picked":["Whirlwind","Thunderclap"],"picked":"Second Wind+1","floor":22.0},{"not_picked":["Thunderclap","True Grit+1"],"picked":"Shrug It Off+1","floor":23.0},{"not_picked":["Fire Breathing","Pommel Strike","Clash"],"picked":"Double Tap","floor":27.0},{"not_picked":["Immolate","Reaper","Juggernaut"],"picked":"Corruption","floor":33.0},{"not_picked":["Twin Strike+1","Flex","Inflame","Flame Barrier"],"picked":"SKIP","floor":35.0},{"not_picked":["The Bomb","Deep Breath","Discovery"],"picked":"Master of Strategy","floor":36.0},{"not_picked":["Bandage Up","Chrysalis","Deep Breath"],"picked":"Dark Shackles","floor":36.0},{"not_picked":["Dramatic Entrance","Mind Blast","Panacea"],"picked":"Flash of Steel","floor":36.0},{"not_picked":["Thunderclap","Fire Breathing","Cleave","Heavy Blade"],"picked":"SKIP","floor":38.0},{"not_picked":["True Grit+1","Dual Wield","Hemokinesis"],"picked":"Burning Pact+1","floor":40.0},{"not_picked":["Dual Wield","Clash","Seeing Red"],"picked":"Disarm+1","floor":42},{"not_picked":["Dual Wield","Headbutt+1","Rupture+1","Wild Strike"],"picked":"SKIP","floor":45},{"not_picked":["Searing Blow+1","Evolve","Feed","Cleave"],"picked":"SKIP","floor":46},{"not_picked":["Heavy Blade","Dark Embrace","Reckless Charge","Seeing Red+1"],"picked":"SKIP","floor":54}],"player_experience":1223525,"relics_obtained":[{"floor":7.0,"key":"Omamori"},{"floor":9.0,"key":"Ornamental Fan"},{"floor":10.0,"key":"Oddly Smooth Stone"},{"floor":11.0,"key":"CaptainsWheel"},{"floor":23.0,"key":"Question Card"},{"floor":26.0,"key":"Pen Nib"},{"floor":27.0,"key":"Juzu Bracelet"},{"floor":37.0,"key":"Mango"},{"floor":40.0,"key":"Bag of Marbles"},{"floor":43,"key":"Calipers"},{"floor":46,"key":"Toy Ornithopter"},{"floor":54,"key":"Letter Opener"}],"event_choices":[{"damage_healed":0.0,"max_hp_gain":5.0,"max_hp_loss":0.0,"gold_gain":0.0,"event_name":"Big Fish","player_choice":"Donut","floor":2.0,"gold_loss":0.0,"damage_taken":0.0},{"cards_removed":["Strike_R"],"damage_healed":0.0,"max_hp_gain":0.0,"max_hp_loss":0.0,"gold_gain":0.0,"event_name":"Golden Wing","player_choice":"Card Removal","floor":5.0,"gold_loss":0.0,"damage_taken":7.0},{"damage_healed":0.0,"max_hp_gain":0.0,"max_hp_loss":0.0,"gold_gain":0.0,"event_name":"Duplicator","player_choice":"Copied","floor":19.0,"gold_loss":0.0,"damage_taken":0.0,"cards_obtained":["Flame Barrier"]},{"damage_healed":0.0,"max_hp_gain":0.0,"max_hp_loss":0.0,"gold_gain":90.0,"event_name":"Knowing Skull","player_choice":"POTION POTION GOLD ","floor":28.0,"potions_obtained":["Fruit Juice","AttackPotion"],"gold_loss":0.0,"damage_taken":25.0,"cards_obtained":[]},{"damage_healed":0.0,"max_hp_gain":0.0,"max_hp_loss":0.0,"gold_gain":0.0,"event_name":"SensoryStone","player_choice":"Memory 3","floor":36.0,"gold_loss":0.0,"damage_taken":10.0},{"damage_healed":0.0,"max_hp_gain":0.0,"max_hp_loss":0.0,"gold_gain":0.0,"event_name":"Mysterious Sphere","player_choice":"Fight","floor":37.0,"gold_loss":0.0,"damage_taken":0.0},{"cards_removed":["Defend_R"],"damage_healed":0,"gold_gain":0,"player_choice":"Purged","damage_taken":0,"max_hp_gain":0,"max_hp_loss":0,"event_name":"Purifier","floor":44,"gold_loss":0},{"damage_healed":0,"gold_gain":0,"player_choice":"Ignored","damage_taken":0,"max_hp_gain":0,"max_hp_loss":0,"event_name":"Tomb of Lord Red Mask","floor":48,"gold_loss":0}],"is_beta":false,"boss_relics":[{"not_picked":["Fusion Hammer","Black Star"],"picked":"Cursed Key"},{"not_picked":["Philosopher\u0027s Stone","Runic Dome"],"picked":"Empty Cage"}],"items_purged_floors":[25,31,39],"is_endless":false,"potions_floor_spawned":[1,4,11,14,21,22,27,35,38,46,54],"ascension_level":15}}