{"host":"npxtnt8cx4pm3si6","time":1613356968,"event":{"mods":["BaseMod","Downfall","Hubris","Infinite Spire","Minty Spire (QoL Compilation)","Replay The Spire","StSLib"],"gold_per_floor":[99,113,127,127,139,164,464,464,493,393,407,442,442,458,473,577,577,577,587,587,587,601,630,655,682,682,582,615,634,659,659,659,659],"floor_reached":31,"language":"ENG","playtime":2315,"items_purged":["Guardian:Defend_Guardian"],"score":428,"play_id":"adf3b443-7aef-4d84-8b49-08a37417f354","local_time":"20210214194248","is_ascension_mode":true,"campfire_choices":[{"floor":1,"key":"RECALL"},{"data":"Guardian:PrismaticBeam","floor":10,"key":"SMITH"},{"floor":13,"key":"REST"},{"data":"Guardian:SphericShield","floor":18,"key":"SMITH"},{"data":"Guardian:PrismaticBeam","floor":27,"key":"SMITH"}],"circlet_count":0,"master_deck":["Guardian:Strike_Guardian","Guardian:Strike_Guardian","Guardian:Defend_Guardian","Guardian:Defend_Guardian","Guardian:Defend_Guardian","Guardian:CurlUp","Guardian:TwinSlam","Guardian:PiercingHide","Guardian:PrismaticBeam+1","Guardian:CrystalBeam","Guardian:SphericShield+1","infinitespire:Gouge","Guardian:PrismaticBeam+1","Guardian:Recover+1","Guardian:Repulse+1","Guardian:Gem_White","Guardian:ShieldSpikes+1"],"relics":["Guardian:ModeShifter","WingedGreaves","Old Coin","Garlic","downfall:HeartBlessingRed","Philosopher\u0027s Stone","hubris:BundleOfHerbs","downfall:RedIOU","infinitespire:Lucky Rock","Shovel","hubris:BottledHeart","downfall:HeartBlessingBlue","Bag of Marbles","MealTicket"],"acts_visited":["Exordium","TheCity"],"potions_floor_usage":[3,16,16,23],"damage_taken":[{"damage":0,"enemies":"2 Louse","floor":2,"turns":4},{"damage":7,"enemies":"Jaw Worm","floor":3,"turns":5},{"damage":0,"enemies":"Cultist","floor":5,"turns":5},{"damage":41,"enemies":"Gremlin Nob","floor":6,"turns":7},{"damage":3,"enemies":"Replay:BlueRogue","floor":9,"turns":12},{"damage":1,"enemies":"downfall:LooterAlt","floor":11,"turns":3},{"damage":8,"enemies":"Gremlin Nob","floor":12,"turns":5},{"damage":0,"enemies":"Red Slaver","floor":14,"turns":3},{"damage":2,"enemies":"Blue Slaver","floor":15,"turns":2},{"damage":15,"enemies":"DF_ARCHETYPE_STREAMLINE","floor":16,"turns":13},{"damage":8,"enemies":"Shell Parasite","floor":19,"turns":3},{"damage":0,"enemies":"Spheric Guardian","floor":22,"turns":3},{"damage":0,"enemies":"Gremlin Leader","floor":23,"turns":4},{"damage":14,"enemies":"Book of Stabbing","floor":25,"turns":5},{"damage":0,"enemies":"Slavers","floor":28,"turns":8},{"damage":0,"enemies":"Shelled Parasite and Fungi","floor":29,"turns":4},{"damage":0,"enemies":"Nightmare","floor":30,"turns":8}],"seed_played":"1089747153360079157","potions_obtained":[{"floor":3,"key":"Fruit Juice"},{"floor":9,"key":"BlessingOfTheForge"},{"floor":11,"key":"Adrenaline Potion"},{"floor":12,"key":"BlessingOfTheForge"},{"floor":14,"key":"Elixir"},{"floor":16,"key":"Fruit Juice"},{"floor":19,"key":"SteroidPotion"},{"floor":22,"key":"Toxic Potion"},{"floor":28,"key":"Adrenaline Potion"},{"floor":30,"key":"Elixir"}],"is_trial":false,"path_per_floor":["R","M","M","?","M","E","T","?","E","R","M","E","R","M","M","B",null,"R","M","AVR","?","M","E","T","E","?","R","E","M","NM","?"],"character_chosen":"GUARDIAN","items_purchased":[],"campfire_rested":1,"item_purchase_floors":[],"current_hp_per_floor":[80,80,78,78,78,37,37,37,34,34,33,25,50,50,48,38,90,90,82,82,82,82,82,82,73,1,1,1,1,1,0,0,0],"gold":659,"neow_bonus":"REMOVE_CARD","is_daily":false,"chose_seed":false,"campfire_upgraded":3,"win_rate":0.0,"timestamp":1613356968,"path_taken":["R","M","M","?","M","E","T","?","E","R","M","E","R","M","M","BOSS","R","M","AVR","?","M","E","T","E","?","R","E","M","NM","?"],"items_purchased_type":[],"build_version":"2020-12-22","purchased_purges":1,"victory":false,"max_hp_per_floor":[80,80,85,85,85,85,85,85,85,85,85,85,85,85,85,90,90,90,90,90,90,90,90,90,90,1,1,1,1,1,1,1,1],"card_choices":[{"not_picked":["Guardian:Emergency","Guardian:Suspension"],"picked":"Guardian:PiercingHide","floor":2},{"not_picked":["Guardian:Incinerate","Guardian:RefractedBeam"],"picked":"Guardian:PrismaticBeam","floor":3},{"not_picked":["Guardian:WalkerClaw","Guardian:TimeBomb"],"picked":"Guardian:CrystalBeam","floor":5},{"not_picked":["Guardian:Incinerate","Guardian:RollAttack"],"picked":"Guardian:SphericShield","floor":6},{"not_picked":["Guardian:Suspension","Guardian:PiercingHide"],"picked":"Guardian:Gem_Green","floor":9},{"not_picked":["Guardian:ChargeCore","Guardian:TimeBomb"],"picked":"Guardian:Gem_Green","floor":11},{"not_picked":["Guardian:Gem_Lightblue","Guardian:BronzeOrb"],"picked":"Guardian:Gem_Crimson","floor":12},{"not_picked":["Guardian:Orbwalk","Guardian:Incinerate"],"picked":"Guardian:Gem_Synthetic","floor":14},{"not_picked":["Guardian:TimeBomb","Guardian:Suspension","Guardian:TemporalShield"],"picked":"SKIP","floor":15},{"not_picked":["Guardian:ChargeCore+1","Guardian:TemporalStrike","Guardian:Reroute"],"picked":"SKIP","floor":19},{"not_picked":["Guardian:Incinerate","Guardian:Planning"],"picked":"Guardian:PrismaticBeam","floor":22},{"not_picked":["Guardian:TemporalShield","Guardian:Suspension"],"picked":"Guardian:Gem_Cyan","floor":23},{"not_picked":["Guardian:TemporalStrike+1","Guardian:Planning"],"picked":"Guardian:Recover+1","floor":25},{"not_picked":["Guardian:WalkerClaw+1","Guardian:RollAttack+1"],"picked":"Guardian:Repulse+1","floor":28},{"not_picked":["Guardian:StasisStrike","Guardian:Reroute"],"picked":"Guardian:Gem_White","floor":29},{"not_picked":["Guardian:Planning","Guardian:GuardianWhirl"],"picked":"Guardian:ShieldSpikes+1","floor":30}],"player_experience":227371,"relics_obtained":[{"floor":6,"key":"WingedGreaves"},{"floor":7,"key":"Old Coin"},{"floor":9,"key":"Garlic"},{"floor":12,"key":"Art of War"},{"floor":23,"key":"infinitespire:Lucky Rock"},{"floor":25,"key":"Shovel"},{"floor":28,"key":"Bag of Marbles"},{"floor":30,"key":"MealTicket"}],"event_choices":[],"is_beta":false,"boss_relics":[{"not_picked":["Runic Pyramid","hubris:HollowSoul"],"picked":"Philosopher\u0027s Stone"}],"items_purged_floors":[20],"is_endless":false,"potions_floor_spawned":[3,9,11,12,14,16,19,22,28,30],"ascension_level":1}}