{"host":"iudiqz5bwex5meyb","time":1613416695,"event":{"mods":["AchievementEnabler","BaseMod","Block Reminder","Colored Map","Minty Spire (QoL Compilation)","StSLib","ojb\u0027s Better Paths Mod","ojb\u0027s Info Mod"],"gold_per_floor":[115,130,150,167,181,181,181,181,208,82,82,109,34,68,68,68,68],"floor_reached":16,"language":"ENG","playtime":2090,"items_purged":["Strike_G"],"score":144,"play_id":"f77b14c4-6a70-4277-b8d5-9a7e43ae0a8c","local_time":"20210215131815","is_ascension_mode":true,"campfire_choices":[{"data":"Crippling Poison","floor":6,"key":"SMITH"},{"data":"Catalyst","floor":11,"key":"SMITH"},{"data":"Deadly Poison","floor":15,"key":"SMITH"}],"circlet_count":0,"master_deck":["Strike_G","Strike_G","Strike_G","Strike_G","Defend_G+1","Defend_G","Defend_G","Defend_G","Defend_G","Survivor","Neutralize","Crippling Poison+1","Dodge and Roll","Doppelganger+1","Catalyst+1","Deadly Poison+1","Acrobatics"],"relics":["Ring of the Snake","Bronze Scales","War Paint"],"acts_visited":["Exordium"],"potions_floor_usage":[4,7,7,16,16],"damage_taken":[{"damage":0,"enemies":"2 Louse","floor":1,"turns":3},{"damage":2,"enemies":"Cultist","floor":2,"turns":4},{"damage":9,"enemies":"Small Slimes","floor":3,"turns":5},{"damage":27,"enemies":"Gremlin Gang","floor":4,"turns":5},{"damage":4,"enemies":"2 Fungi Beasts","floor":5,"turns":5},{"damage":13,"enemies":"Gremlin Nob","floor":7,"turns":5},{"damage":31,"enemies":"3 Sentries","floor":12,"turns":11},{"damage":13,"enemies":"Gremlin Nob","floor":14,"turns":4},{"damage":42,"enemies":"Slime Boss","floor":16,"turns":10}],"seed_played":"4769355017430667550","potions_obtained":[{"floor":1,"key":"Weak Potion"},{"floor":2,"key":"Poison Potion"},{"floor":4,"key":"SmokeBomb"},{"floor":12,"key":"Strength Potion"}],"is_trial":false,"path_per_floor":["M","M","M","M","M","R","E","?","T","$","R","E","$","E","R","B"],"character_chosen":"THE_SILENT","items_purchased":["PowerPotion","Catalyst"],"campfire_rested":0,"item_purchase_floors":[10,10],"current_hp_per_floor":[70,68,59,32,28,28,15,80,80,80,80,49,49,36,36,0,0],"gold":68,"neow_bonus":"ONE_RANDOM_RARE_CARD","is_daily":false,"chose_seed":false,"campfire_upgraded":3,"win_rate":0.0,"timestamp":1613416695,"path_taken":["M","M","M","M","M","R","E","?","T","$","R","E","?","E","R","BOSS"],"items_purchased_type":["Potion","Card"],"build_version":"2020-12-22","purchased_purges":1,"victory":false,"max_hp_per_floor":[70,70,70,70,70,70,70,80,80,80,80,80,80,80,80,80,80],"card_choices":[{"not_picked":["Outmaneuver","Prepared"],"picked":"Crippling Poison","floor":1},{"not_picked":["All Out Attack","Flying Knee"],"picked":"Dodge and Roll","floor":2},{"not_picked":["Distraction","Sucker Punch","Dagger Spray"],"picked":"SKIP","floor":3},{"not_picked":["Dagger Throw","Accuracy"],"picked":"Doppelganger","floor":4},{"not_picked":["Blade Dance","Sucker Punch","Endless Agony"],"picked":"SKIP","floor":5},{"not_picked":["Glass Knife","Quick Slash"],"picked":"Deadly Poison","floor":12},{"not_picked":["Infinite Blades","Dodge and Roll"],"picked":"Acrobatics","floor":14}],"player_experience":268450,"relics_obtained":[{"floor":12,"key":"Bronze Scales"},{"floor":14,"key":"War Paint"}],"event_choices":[{"cards_removed":["Wraith Form v2"],"damage_healed":55,"gold_gain":0,"player_choice":"Offered Rare","damage_taken":0,"max_hp_gain":10,"max_hp_loss":0,"event_name":"Bonfire Elementals","floor":8,"gold_loss":0}],"is_beta":false,"boss_relics":[],"items_purged_floors":[13],"is_endless":false,"potions_floor_spawned":[1,2,4,12],"killed_by":"Slime Boss","ascension_level":4}}