{"host":"0rn20prxkpuv2e47","time":1613394187,"event":{"mods":["100% Spire Juice","ATMod(阿瑾Mod)","Act Like it!","Arknights","Aspiration","BaseMod","Challenge The Spire","Downfall","Friendly Minions","Gensokyo","GungeonMod","Hallownest","Hermit","Koishi","KomeijiMod","Luminous","Marisa（F雨　魔理沙）","Minty Spire (QoL Compilation)","MostiFishMod","Prisma Mod","Quick Restart","Reimu（博丽灵梦）","Remilia（蕾米莉亚）","Robot Space Explorer","SIMod","StSLib","The Administrix","The Alterego","The Animator","The Blackbeard","The Bug Knight","The Construct","The Cursed","The Jungle","The Mystic","The Runesmith","The Senshi","The Servant 0.9.4","WarShipGirlsR/战舰少女R mod","Warlord Emblem","Wide Potions","Youmu（魂魄妖梦）","Yuyuko","[GremlinLeader]The Maniac","[IsaacMod]以撒尖塔","[功能]功能增强和修复MOD","noobMod","【功能Mod】聪明的最终Boss","【遗物卡牌】REMEMod"],"gold_per_floor":[114,127,82,82,93,93,93,93,93,108,108,108,188,243,243,344,344,360,310,325,320,337,337,362,362,387,387,387,399,369,369,369,369,369],"floor_reached":33,"language":"ZHS","playtime":1341,"items_purged":["Strike_YM","Strike_YM","Defend_YM","Defend_YM","Defend_YM","Defend_YM","Strike_YM","Strike_YM","WheelOfPainOfLivingAndDead","HeartExcerptSlash","FourBirthsSword","FastingOfTheYoungPreta","HeavenlyHaloSlash","ThoughtCuttingSword","SpiritCuttingSword","DoubleWheelOfPain","LightFlashOfTheNetherworld","ASingleThoughtAndInfiniteKalpas","SpiritMediumsBind","LotusPostureSlash","SpiderLilyBurial","SpiderLilyBurial","LifeCuttingSword","FiveSignsOfTheDyingDeva+1","HumanGodSword","EchoesOfTheInclemencyOfAllBeings"],"score":461,"play_id":"9bd0f230-c201-4d8f-8669-8b861558555d","local_time":"20210215210307","is_ascension_mode":false,"campfire_choices":[{"data":"Magnetism","floor":6,"key":"SMITH"},{"data":"FiveSignsOfTheDyingDeva","floor":8,"key":"SMITH"},{"data":"AT_DarkMatter","floor":11,"key":"SMITH"},{"data":"HumanGodSword","floor":15,"key":"SMITH"},{"data":"FiveSignsOfTheDyingDeva","floor":23,"key":"SMITH"},{"data":"HellRealmSword","floor":25,"key":"SMITH"},{"floor":27,"key":"REST"},{"data":"SanzenSekai","floor":32,"key":"SMITH"}],"circlet_count":0,"master_deck":["CherryBlossomFlashing","MatsuyoiReflectingSatelliteSlash","HellRealmSword+1","SanzenSekai+1"],"relics":["HalfPhantom","ice","AT_ATBox","REME_ComplimentaryCards","HushsDoor","DaveBox","ExusiaiGun","MoneyPower","SynthV:TestCard","AT_Manta","Ying","PokeGo","Nunchaku","DemoMod:AgedBell","Orrery","WarlordEmblem:BrokenMantle","Strawberry","WarlordEmblem:KitchenKnife","FixedStarFall","Question Card","DemoMod:WhiteGuonStone","ClockworkSouvenir","Art of War","RuthlessExorcism:ReiMu","HandDrill","DemoMod:JetPack","Dream Catcher","theJungle:SpiritDisease","AT_Kusabimaru","Happy Flower","MostiFishMod:AdaptiveDefenses","theJungle:BirthdayCake"],"acts_visited":["Gensokyo:Gensokyo","theJungle:Jungle"],"potions_floor_usage":[14,14,29],"damage_taken":[{"damage":0,"enemies":"Gensokyo:3_Fairies","floor":1,"turns":3},{"damage":0,"enemies":"Gensokyo:Python","floor":2,"turns":1},{"damage":0,"enemies":"Gensokyo:Gryphon","floor":5,"turns":1},{"damage":3,"enemies":"Gensokyo:LivingMonolith","floor":10,"turns":2},{"damage":0,"enemies":"Gensokyo:Mamizou","floor":14,"turns":1},{"damage":9,"enemies":"Gensokyo:Reimu","floor":16,"turns":1},{"damage":15,"enemies":"theJungle:5_Spyders","floor":18,"turns":4},{"damage":2,"enemies":"theJungle:MUSHROOMGANG","floor":20,"turns":3},{"damage":10,"enemies":"theJungle:Snecko_Cultist_And_Trap","floor":22,"turns":1},{"damage":3,"enemies":"theJungle:2_Phrogs","floor":24,"turns":2},{"damage":0,"enemies":"Snake Plant","floor":29,"turns":1},{"damage":18,"enemies":"theJungle:FunGuy","floor":33,"turns":4}],"seed_played":"6514243041163848553","potions_obtained":[{"floor":1,"key":"SteroidPotion"},{"floor":2,"key":"Energy Potion"},{"floor":5,"key":"REME_GoldPotion"},{"floor":24,"key":"Fire Potion"},{"floor":29,"key":"Fruit Juice"}],"is_trial":false,"path_per_floor":["M","M","$","?","M","R","$","R","T","M","R","?","?","E","R","B",null,"M","$","M","$","M","R","E","R","T","R","?","M","$","?","R","B"],"character_chosen":"YOUMU","items_purchased":["AT_Manta","Ying","PokeGo","SwordExtraction","Nunchaku","DemoMod:AgedBell","Orrery","MatsuyoiReflectingSatelliteSlash","FiveSignsOfTheDyingDeva","Question Card","DemoMod:WhiteGuonStone","ClockworkSouvenir","HellRealmSword","Art of War","RuthlessExorcism:ReiMu","HandDrill","EchoesOfTheInclemencyOfAllBeings","AT_Kusabimaru","Happy Flower","MostiFishMod:AdaptiveDefenses"],"campfire_rested":1,"item_purchase_floors":[3,3,3,3,7,7,7,19,19,19,19,19,21,21,21,21,21,30,30,30],"current_hp_per_floor":[54,54,54,39,39,39,39,39,39,36,36,33,33,33,33,26,82,77,77,81,81,75,75,76,76,76,82,82,94,94,114,114,96,96],"gold":369,"neow_bonus":"RANDOM_COLORLESS_2","is_daily":false,"chose_seed":false,"campfire_upgraded":7,"win_rate":0.0,"timestamp":1613394187,"path_taken":["M","M","$","?","M","R","$","R","T","?","R","?","?","E","R","BOSS","M","$","M","$","M","R","E","R","T","R","?","?","$","?","R","BOSS"],"items_purchased_type":["Relic","Relic","Relic","Card","Relic","Relic","Relic","Card","Card","Relic","Relic","Relic","Card","Relic","Relic","Relic","Card","Relic","Relic","Relic"],"build_version":"2020-12-22","purchased_purges":26,"victory":false,"max_hp_per_floor":[75,75,75,75,75,75,75,75,75,75,75,82,82,82,82,82,82,82,82,82,82,82,82,82,82,82,82,82,94,94,114,114,114,114],"card_choices":[{"not_picked":["MostiFishMod:Awakening","MostiFishMod:Kaleido"],"picked":"Magnetism","floor":0},{"not_picked":["SlashOfAscensionToBuddhahood","LowerRealmReflectionSlash"],"picked":"EchoesOfTheInclemencyOfAllBeings","floor":1},{"not_picked":["PreachingAvici","LowerRealmReflectionSlash","HellGodSword","EchoesOfTheInclemencyOfAllBeings"],"picked":"HumanGodSword","floor":2},{"not_picked":["ObsessionSword","ConstancyOfTheConventionalTruth","SlashOfMeditation","DispleasureOfTheSevenHakus"],"picked":"SlashOfDepartureFromHesitation","floor":5},{"not_picked":["HumanKnowledgeSword","FourBirthsSword","SlashOfMeditation","SuddenPhantomFormationSlashOfKarmicWind"],"picked":"CrescentMoonSlash","floor":7},{"not_picked":["AsuraSword","SlashOfDelusionalInnerEye","HumanKnowledgeSword","SpiritCuttingSword"],"picked":"HeavenGodSword","floor":7},{"not_picked":["SanzenSekai","HumanGodSword","IrresoluteSoul","PhosphoricSlash"],"picked":"FiveSignsOfTheDyingDeva","floor":7},{"not_picked":["HesitationCuttingSword","ObsessionSword","CrescentMoonSlash","RapidSlash"],"picked":"HeavenlyHaloSlash","floor":10},{"not_picked":["DispleasureOfTheSevenHakus","SlashOfAscensionToBuddhahood","SlashOfMeditation","ThreeKonsSevenHakus","HiganSword"],"picked":"SKIP","floor":14},{"not_picked":["WickedSoul","DeadlyForm","HellRealmSword","FastingOfTheYoungPreta"],"picked":"CherryBlossomSword","floor":16},{"not_picked":["SpiritCuttingSword","FlashingScatteredFlowers","SwordExtraction","SlashOfMeditation"],"picked":"CherryBlossomFlashing","floor":18},{"not_picked":["CrescentMoonSlash+1","HeavenlyHaloSlash+1","KarmicPunishmentOfTheIdleAndUnfocused","PretaSword","TwoHundredYojanaInOneSlash","HeavenSword"],"picked":"SKIP","floor":20},{"not_picked":["SlashClearingTheSixSenses+1","GhostSword","SwordExtraction","TwoHundredYojanaInOneSlash","HumanKnowledgeSword"],"picked":"LifeCuttingSword","floor":22},{"not_picked":["HeavenGodSword","CrescentMoonSlash","TurningAngelCut","CherryBlossomFlashing","FourBirthsSword","SuddenPhantomFormationSlashOfKarmicWind"],"picked":"SKIP","floor":24},{"not_picked":["SlashOfMeditation","CherryBlossomFlashing+1","PreachingAvici","SwordExtraction+1","BizarrenessOfSixRealms"],"picked":"SpiderLilyBurial","floor":27},{"not_picked":["LifeCuttingSword","SpiderLilyBurial","DeadlyForm","ConstancyOfTheConventionalTruth","SwordExtraction"],"picked":"SanzenSekai","floor":29}],"player_experience":194078,"relics_obtained":[{"floor":1,"key":"SynthV:TestCard"},{"floor":9,"key":"WarlordEmblem:BrokenMantle"},{"floor":14,"key":"WarlordEmblem:KitchenKnife"},{"floor":24,"key":"DemoMod:JetPack"},{"floor":26,"key":"Dream Catcher"}],"event_choices":[],"is_beta":false,"boss_relics":[{"not_picked":["WarlordEmblem:HeavyShield","construct:WeddingRing"],"picked":"FixedStarFall"},{"not_picked":[]}],"items_purged_floors":[3,3,3,3,3,3,3,3,3,19,19,19,19,19,19,19,19,19,19,21,30,30,30,30,30,30],"is_endless":false,"potions_floor_spawned":[1,2,5,5,10,14,14,14,16,18,20,20,22,24,24,29],"killed_by":"theJungle:FunGuy","ascension_level":0}}