{"host":"8lvnnmfamkc2d31d","time":1613426148,"event":{"mods":["2.2 Compatiblity","Act Like it!","Arknights","BaseMod","Colored Map","Minty Spire (QoL Compilation)","Relic Stats","StSLib"],"gold_per_floor":[111,211,228,228,228,261,292,327,352,383,414,414,414,454,454,549,549,563,214,241,253,215,260,308,353,390,440,452,464,391,442,454,561,573,609,954,966,997,831,861,892,933,933,942,982,420,438,466,466,466,466,466,466,142,174,174],"floor_reached":57,"language":"ENG","playtime":3612,"items_purged":[],"score":3635,"play_id":"56cd9e71-fab2-4922-a110-ebcd7ca0fa26","local_time":"20210215155548","daily_mods":["SealedDeck","Vintage","Heirloom","Time Dilation","Flight","Lethality"],"is_ascension_mode":true,"campfire_choices":[{"data":"ats:Demon Strength","floor":12,"key":"SMITH"},{"data":"ats:Demon Strength","floor":15,"key":"SMITH"},{"floor":28,"key":"RECALL"},{"data":"ats:Nebulous Foxfire","floor":32,"key":"SMITH"},{"data":"RitualDagger","floor":49,"key":"SMITH"},{"data":"ats:Rat Pack","floor":53,"key":"SMITH"}],"circlet_count":0,"master_deck":["AscendersBane","ats:Cat Scratch","ats:Guard Mode","ats:Closed Bolt Burst Fire","ats:Closed Bolt Burst Fire+1","ats:Consecutive Shot Auto+1","ats:Consecutive Shot Auto","ats:Demon Strength+1","ats:Composite Medical Shells","ats:Shell Defense","ats:Directed Diagnosis","ats:Explosion Area Strengthen","ats:Demon Strength+1","ats:Wolf Pack","Apotheosis+1","RitualDagger+1","ats:Hammer On","ats:Revitalization","ats:Nebulous Foxfire+1","ats:Rat Pack+1","ats:Wolf Pack","CurseOfTheBell","ats:Composite Medical Shells","Panacea+1","ats:Healing Drone+1","ats:Sashimi Platter","ats:Demon Strength+1","ats:Guard Mode+1","ats:Soul Absorption+1","ats:Revitalization+1","Jack Of All Trades+1","Madness+1","Madness+1","Madness+1","ats:Shell Defense+1","RitualDagger+1","ats:Red Shift"],"relics":["ats:Sanity","FossilizedHelix","Kunai","Nunchaku","Matryoshka","ats:Originium","Bag of Preparation","Centennial Puzzle","Darkstone Periapt","Blood Vial","ats:Berate","Juzu Bracelet","Vajra","Gambling Chip","Coffee Dripper","ats:Spiritual Recovery","Whetstone","MawBank","Potion Belt","Pear","Lizard Tail","ats:Bonebreaker","ats:Ability Aura","Orichalcum","Bag of Marbles","Calling Bell","Strawberry","Mercury Hourglass","TungstenRod","CaptainsWheel","Toxic Egg 2","ats:Remnant Ash","Omamori","CeramicFish","ats:Lavender","StrikeDummy","PreservedInsect","Bottled Lightning","Regal Pillow","DollysMirror","Oddly Smooth Stone"],"acts_visited":["Exordium","TheCity","TheBeyond","TheEnding"],"potions_floor_usage":[6,10,25,27,31,50,55,56,56,56],"damage_taken":[{"damage":0,"enemies":"Small Slimes","floor":1,"turns":1},{"damage":0,"enemies":"ats:Genji","floor":3,"turns":2},{"damage":13,"enemies":"3 Sentries","floor":6,"turns":5},{"damage":0,"enemies":"Gremlin Nob","floor":7,"turns":2},{"damage":0,"enemies":"Lagavulin","floor":8,"turns":4},{"damage":0,"enemies":"3 Sentries","floor":10,"turns":1},{"damage":0,"enemies":"Lagavulin","floor":11,"turns":4},{"damage":0,"enemies":"Gremlin Nob","floor":14,"turns":3},{"damage":33,"enemies":"Hexaghost","floor":16,"turns":4},{"damage":0,"enemies":"Shell Parasite","floor":18,"turns":2},{"damage":11,"enemies":"Book of Stabbing","floor":23,"turns":4},{"damage":12,"enemies":"Gremlin Leader","floor":24,"turns":3},{"damage":13,"enemies":"Book of Stabbing","floor":25,"turns":3},{"damage":0,"enemies":"Slavers","floor":27,"turns":2},{"damage":0,"enemies":"Book of Stabbing","floor":31,"turns":3},{"damage":41,"enemies":"Collector","floor":33,"turns":8},{"damage":31,"enemies":"Orb Walker","floor":35,"turns":6},{"damage":0,"enemies":"3 Darklings","floor":38,"turns":5},{"damage":81,"enemies":"Giant Head","floor":40,"turns":9},{"damage":36,"enemies":"Nemesis","floor":41,"turns":10},{"damage":81,"enemies":"Giant Head","floor":42,"turns":8},{"damage":0,"enemies":"Nemesis","floor":45,"turns":7},{"damage":0,"enemies":"Reptomancer","floor":48,"turns":5},{"damage":79,"enemies":"Time Eater","floor":50,"turns":14},{"damage":53,"enemies":"Donu and Deca","floor":51,"turns":8},{"damage":0,"enemies":"Shield and Spear","floor":55,"turns":5},{"damage":139,"enemies":"The Heart","floor":56,"turns":9}],"seed_played":"8484671071097553576","potions_obtained":[{"floor":3,"key":"Ancient Potion"},{"floor":6,"key":"Explosive Potion"},{"floor":10,"key":"ats:Burn Small Potion"},{"floor":16,"key":"ColorlessPotion"},{"floor":23,"key":"SkillPotion"},{"floor":25,"key":"SneckoOil"},{"floor":33,"key":"Fire Potion"},{"floor":42,"key":"Energy Potion"},{"floor":45,"key":"Fire Potion"},{"floor":48,"key":"SpeedPotion"},{"floor":55,"key":"SpeedPotion"}],"is_trial":true,"path_per_floor":["M","?","M","?","T","E","E","E","T","E","E","R","?","E","R","B",null,"M","$","T","?","?","E","E","E","T","E","R","?","?","E","R","B",null,"M","?","?","M","$","E","E","E","T","?","E","$","?","E","R","B","B",null,"R","$","E","B",null],"character_chosen":"DOCTOR_CLASS","items_purchased":["Apotheosis","Whetstone","ats:Composite Medical Shells","Panacea+1","ats:Revitalization+1","PreservedInsect","Bottled Lightning","Jack Of All Trades+1","Madness+1","ats:Shell Defense+1","DollysMirror","ats:Red Shift"],"campfire_rested":0,"item_purchase_floors":[19,19,39,39,46,46,46,46,54,54,54,54],"current_hp_per_floor":[65,65,65,40,40,27,27,32,32,34,46,46,46,56,56,27,61,63,63,63,57,57,61,56,45,45,49,49,49,49,53,53,79,94,73,73,73,83,83,64,77,51,51,51,89,89,73,90,90,73,77,91,91,91,95,34],"gold":174,"neow_bonus":"","is_daily":false,"chose_seed":false,"campfire_upgraded":5,"win_rate":0.0,"timestamp":1613426148,"path_taken":["M","?","?","?","?","E","E","E","T","E","E","R","?","E","R","BOSS","M","$","?","?","?","E","E","E","T","E","R","?","?","E","R","BOSS","M","?","?","M","$","E","E","E","T","?","E","$","?","E","R","BOSS","BOSS","R","$","E","BOSS"],"items_purchased_type":["Card","Relic","Card","Card","Card","Relic","Relic","Card","Card","Card","Relic","Card"],"build_version":"2020-12-22","purchased_purges":0,"victory":true,"max_hp_per_floor":[72,72,72,72,72,72,72,72,72,72,72,72,72,72,72,72,72,72,72,72,72,72,82,82,82,82,82,82,82,82,82,82,82,95,95,95,95,95,95,95,95,95,95,95,95,95,95,95,95,95,95,95,95,95,95,95],"relic_stats":{"Darkstone Periapt":6,"Regal Pillow":0,"counters":[27,136],"CeramicFish":99,"PreservedInsect":139,"Bag of Preparation":[48],"Juzu Bracelet":4,"Whetstone":["ats:Consecutive Shot Auto","ats:Closed Bolt Burst Fire"],"Orichalcum":[246],"MawBank":228,"Mercury Hourglass":[253],"Blood Vial":41,"Nunchaku":[17],"Centennial Puzzle":[36],"Lizard Tail":0,"Gambling Chip":[45],"Kunai":[9],"obtain_stats":[{"Darkstone Periapt":8,"ats:Spiritual Recovery":18,"ats:Ability Aura":27,"Regal Pillow":48,"CeramicFish":42,"Vajra":11,"Bag of Preparation":6,"Juzu Bracelet":10,"Whetstone":19,"ats:Remnant Ash":40,"Blood Vial":9,"Nunchaku":3,"Centennial Puzzle":7,"Lizard Tail":24,"Matryoshka":5,"DollysMirror":54,"ats:Berate":9,"Gambling Chip":14,"Strawberry":34,"ats:Sanity":0,"Kunai":1,"ats:Bonebreaker":25,"Toxic Egg 2":38,"Potion Belt":20,"Pear":23,"Golden Idol":4,"ats:Lavender":43,"Oddly Smooth Stone":55,"PreservedInsect":46,"Omamori":41,"Orichalcum":30,"MawBank":20,"Mercury Hourglass":34,"Calling Bell":34,"CaptainsWheel":35,"ats:Originium":6,"Coffee Dripper":17,"Bag of Marbles":31,"Bottled Lightning":46,"StrikeDummy":45,"FossilizedHelix":0,"TungstenRod":34},{"Darkstone Periapt":5,"ats:Spiritual Recovery":10,"ats:Ability Aura":14,"Regal Pillow":23,"CeramicFish":21,"Vajra":7,"Bag of Preparation":3,"Juzu Bracelet":6,"Whetstone":10,"ats:Remnant Ash":19,"Blood Vial":5,"Nunchaku":2,"Centennial Puzzle":4,"Lizard Tail":12,"Matryoshka":2,"DollysMirror":25,"ats:Berate":5,"Gambling Chip":8,"Strawberry":16,"ats:Sanity":0,"Kunai":1,"ats:Bonebreaker":13,"Toxic Egg 2":18,"Potion Belt":10,"Pear":11,"Golden Idol":2,"ats:Lavender":21,"Oddly Smooth Stone":26,"PreservedInsect":22,"Omamori":20,"Orichalcum":14,"MawBank":10,"Mercury Hourglass":16,"Calling Bell":16,"CaptainsWheel":17,"ats:Originium":3,"Coffee Dripper":9,"Bag of Marbles":15,"Bottled Lightning":22,"StrikeDummy":22,"FossilizedHelix":0,"TungstenRod":16},{"Darkstone Periapt":14,"ats:Spiritual Recovery":28,"ats:Ability Aura":40,"Regal Pillow":100,"CeramicFish":88,"Vajra":19,"Bag of Preparation":8,"Juzu Bracelet":15,"Whetstone":28,"ats:Remnant Ash":70,"Blood Vial":14,"Nunchaku":3,"Centennial Puzzle":10,"Lizard Tail":35,"Matryoshka":3,"DollysMirror":122,"ats:Berate":14,"Gambling Chip":22,"Strawberry":51,"ats:Sanity":0,"Kunai":1,"ats:Bonebreaker":38,"Toxic Egg 2":62,"Potion Belt":28,"Pear":32,"Golden Idol":3,"ats:Lavender":88,"Oddly Smooth Stone":127,"PreservedInsect":95,"Omamori":80,"Orichalcum":40,"MawBank":28,"Mercury Hourglass":51,"Calling Bell":51,"CaptainsWheel":57,"ats:Originium":8,"Coffee Dripper":26,"Bag of Marbles":43,"Bottled Lightning":95,"StrikeDummy":95,"FossilizedHelix":0,"TungstenRod":51}],"TungstenRod":67},"card_choices":[{"not_picked":["ats:Leaping Hammer","ats:Demon Strength"],"picked":"ats:Shell Defense","floor":6},{"not_picked":["ats:Soul Rend","ats:Consecutive Shot Auto"],"picked":"ats:Closed Bolt Burst Fire","floor":7},{"not_picked":["ats:Very Hot Blade","ats:Spore Proliferation","ats:Thermite Blade"],"picked":"SKIP","floor":8},{"not_picked":["ats:Poison Spread","ats:Hammer On"],"picked":"ats:Directed Diagnosis","floor":10},{"not_picked":["ats:Collapsing Strike","ats:Mental Burst"],"picked":"ats:Explosion Area Strengthen","floor":11},{"not_picked":["ats:Flexible Camouflage","ats:Literary Storm"],"picked":"ats:Demon Strength","floor":14},{"not_picked":["ats:Volcano","ats:Roar Of Ursus"],"picked":"ats:Wolf Pack","floor":16},{"not_picked":["ats:Steam Pump","ats:Hook Shot","ats:Flame Of Heaven"],"picked":"SKIP","floor":23},{"not_picked":["ats:Burning Ground","ats:Rapid Magazine"],"picked":"ats:Hammer On","floor":24},{"not_picked":["ats:Disruption Kick","ats:Closed Bolt Burst Fire"],"picked":"ats:Revitalization","floor":25},{"not_picked":["ats:Sashimi Platter","ats:Closed Bolt Burst Fire"],"picked":"ats:Nebulous Foxfire","floor":27},{"not_picked":["ats:Thorns","ats:Defend Order"],"picked":"ats:Rat Pack","floor":31},{"not_picked":["ats:Volcano","ats:Nebulous Foxfire"],"picked":"ats:Wolf Pack","floor":33},{"not_picked":["ats:Very Hot Blade+1","ats:Wolf Pack"],"picked":"ats:Healing Drone+1","floor":40},{"not_picked":["ats:Support Order+1","ats:Closed Bolt Burst Fire"],"picked":"ats:Sashimi Platter","floor":41},{"not_picked":["ats:Sword Rain","ats:Very Hot Blade"],"picked":"ats:Demon Strength+1","floor":42},{"not_picked":["ats:Flame Of Heaven+1","ats:Beaten Up+1"],"picked":"ats:Soul Absorption+1","floor":45},{"not_picked":["ats:Very Hot Blade","ats:Guard Mode+1","ats:Poison Spread"],"picked":"SKIP","floor":48},{"not_picked":["ats:Absolute Focus+1","ats:Explosion Area Strengthen","ats:Phantom+1"],"picked":"SKIP","floor":55}],"player_experience":442910,"relics_obtained":[{"floor":1,"key":"Kunai"},{"floor":3,"key":"Nunchaku"},{"floor":5,"key":"Matryoshka"},{"floor":6,"key":"ats:Originium"},{"floor":6,"key":"Bag of Preparation"},{"floor":7,"key":"ats:Originium"},{"floor":7,"key":"Centennial Puzzle"},{"floor":8,"key":"ats:Originium"},{"floor":8,"key":"Darkstone Periapt"},{"floor":9,"key":"Blood Vial"},{"floor":9,"key":"ats:Berate"},{"floor":10,"key":"ats:Originium"},{"floor":10,"key":"Juzu Bracelet"},{"floor":11,"key":"Vajra"},{"floor":14,"key":"Gambling Chip"},{"floor":18,"key":"ats:Spiritual Recovery"},{"floor":20,"key":"MawBank"},{"floor":20,"key":"Potion Belt"},{"floor":23,"key":"Pear"},{"floor":24,"key":"Lizard Tail"},{"floor":25,"key":"ats:Bonebreaker"},{"floor":27,"key":"ats:Ability Aura"},{"floor":31,"key":"Bag of Marbles"},{"floor":34,"key":"Strawberry"},{"floor":34,"key":"Mercury Hourglass"},{"floor":34,"key":"TungstenRod"},{"floor":35,"key":"CaptainsWheel"},{"floor":38,"key":"Toxic Egg 2"},{"floor":40,"key":"ats:Remnant Ash"},{"floor":41,"key":"Omamori"},{"floor":42,"key":"CeramicFish"},{"floor":43,"key":"ats:Lavender"},{"floor":45,"key":"StrikeDummy"},{"floor":48,"key":"Regal Pillow"},{"floor":55,"key":"Oddly Smooth Stone"}],"event_choices":[{"damage_healed":0,"gold_gain":100,"player_choice":"Gold","damage_taken":0,"max_hp_gain":0,"max_hp_loss":0,"event_name":"Wheel of Change","floor":2,"gold_loss":0},{"damage_healed":0,"gold_gain":0,"player_choice":"Take Damage","damage_taken":25,"relics_obtained":["Golden Idol"],"max_hp_gain":0,"max_hp_loss":0,"event_name":"Golden Idol","floor":4,"gold_loss":0},{"cards_removed":["ats:Consecutive Shot Auto"],"damage_healed":0,"gold_gain":0,"player_choice":"Purged","damage_taken":0,"max_hp_gain":0,"max_hp_loss":0,"event_name":"Purifier","floor":13,"gold_loss":0},{"damage_healed":0,"gold_gain":0,"player_choice":"Joined the Cult","damage_taken":6,"max_hp_gain":0,"max_hp_loss":0,"event_name":"Nest","floor":21,"gold_loss":0,"cards_obtained":["RitualDagger"]},{"damage_healed":0,"gold_gain":0,"player_choice":"Upgrade","damage_taken":0,"max_hp_gain":0,"max_hp_loss":0,"event_name":"Designer","floor":22,"gold_loss":50,"cards_upgraded":["Apotheosis"]},{"damage_healed":0,"gold_gain":0,"player_choice":"Ignored","damage_taken":0,"max_hp_gain":0,"max_hp_loss":0,"event_name":"Ghosts","floor":29,"gold_loss":0},{"damage_healed":0,"gold_gain":0,"player_choice":"Obtained Relic","damage_taken":0,"relics_obtained":["Orichalcum"],"max_hp_gain":0,"max_hp_loss":0,"event_name":"Addict","floor":30,"gold_loss":85},{"damage_healed":0,"gold_gain":333,"player_choice":"Gave Idol","damage_taken":0,"max_hp_gain":0,"max_hp_loss":0,"event_name":"The Moai Head","floor":36,"relics_lost":["Golden Idol"],"gold_loss":0},{"cards_removed":["ats:Closed Bolt Burst Fire"],"damage_healed":0,"gold_gain":0,"player_choice":"Removed Attack","damage_taken":0,"max_hp_gain":0,"max_hp_loss":0,"event_name":"Falling","floor":37,"gold_loss":0},{"damage_healed":0,"gold_gain":0,"cards_transformed":["ats:Assault Order"],"player_choice":"Transformed","damage_taken":0,"max_hp_gain":0,"max_hp_loss":0,"event_name":"Transmorgrifier","floor":44,"gold_loss":0,"cards_obtained":["ats:Guard Mode"]},{"damage_healed":0,"gold_gain":0,"player_choice":"Embrace Madness","damage_taken":17,"max_hp_gain":0,"max_hp_loss":0,"event_name":"Winding Halls","floor":47,"gold_loss":0,"cards_obtained":["Madness","Madness"]}],"is_beta":false,"boss_relics":[{"not_picked":["Runic Dome","Snecko Eye"],"picked":"Coffee Dripper"},{"not_picked":["Astrolabe","Busted Crown"],"picked":"Calling Bell"}],"items_purged_floors":[],"is_endless":false,"potions_floor_spawned":[3,6,10,16,23,25,33,42,45,48,55],"ascension_level":20}}