{"host":"ydg0vn0pu4pubmdt","time":1613377511,"event":{"mods":["AchievementEnabler","BaseMod","Colored Map","Gold Saver","Minty Spire (QoL Compilation)","Quick Restart","SuperFastMode"],"gold_per_floor":[368,368,95,95,115,145,145,161,236,236,93,110,125,152,152,226,226,239,251,40,40,40,40],"floor_reached":22,"language":"KOR","playtime":476,"items_purged":["Strike_G","Strike_G","Defend_G"],"score":418,"play_id":"b570f800-6701-44dc-9e71-e9bece348feb","local_time":"20210215172511","is_ascension_mode":true,"campfire_choices":[{"data":"Apotheosis","floor":7,"key":"SMITH"},{"floor":15,"key":"REST"}],"circlet_count":0,"master_deck":["AscendersBane","Strike_G","Strike_G+1","Defend_G+1","Defend_G","Survivor","Neutralize","Acrobatics","Apotheosis+1","Bouncing Flask","Blade Dance","Masterful Stab","Dagger Throw","Footwork","Prepared","Die Die Die","Blade Dance","Blur","Pain"],"relics":["Ring of the Snake","NeowsBlessing","Pen Nib","Question Card","Art of War","Odd Mushroom","Empty Cage","WarpedTongs"],"acts_visited":["Exordium","TheCity"],"potions_floor_usage":[14,16],"damage_taken":[{"damage":0,"enemies":"Cultist","floor":1,"turns":1},{"damage":0,"enemies":"2 Louse","floor":5,"turns":1},{"damage":0,"enemies":"Lagavulin","floor":6,"turns":1},{"damage":0,"enemies":"Small Slimes","floor":8,"turns":2},{"damage":1,"enemies":"Blue Slaver","floor":12,"turns":4},{"damage":0,"enemies":"2 Fungi Beasts","floor":13,"turns":1},{"damage":7,"enemies":"The Mushroom Lair","floor":14,"turns":4},{"damage":15,"enemies":"The Guardian","floor":16,"turns":9},{"damage":8,"enemies":"Spheric Guardian","floor":18,"turns":5},{"damage":17,"enemies":"2 Thieves","floor":19,"turns":4},{"damage":0,"enemies":"3 Cultists","floor":22,"turns":1}],"seed_played":"1306749162707893235","potions_obtained":[{"floor":5,"key":"LiquidBronze"},{"floor":8,"key":"Fruit Juice"},{"floor":19,"key":"ColorlessPotion"}],"is_trial":false,"path_per_floor":["M","?","$","?","M","E","R","M","T","?","$","M","M","?","R","B",null,"M","M","$","?","M"],"character_chosen":"THE_SILENT","items_purchased":["Apotheosis","Masterful Stab","Blur"],"campfire_rested":1,"item_purchase_floors":[3,11,20],"current_hp_per_floor":[59,39,39,39,39,39,39,39,39,21,21,20,20,18,39,24,59,51,34,34,34,34,34],"gold":40,"neow_bonus":"THREE_ENEMY_KILL","is_daily":false,"chose_seed":false,"campfire_upgraded":1,"win_rate":0.0,"timestamp":1613377511,"path_taken":["M","?","$","?","M","E","R","M","T","?","?","M","?","?","R","BOSS","M","M","$","?","?"],"items_purchased_type":["Card","Card","Card"],"build_version":"2020-12-22","purchased_purges":3,"victory":false,"max_hp_per_floor":[66,66,66,66,66,66,66,66,66,66,66,66,66,71,71,71,71,71,71,71,71,71,71],"card_choices":[{"not_picked":["Deflect","Caltrops"],"picked":"Acrobatics","floor":1},{"not_picked":["Acrobatics","Quick Slash"],"picked":"Bouncing Flask","floor":5},{"not_picked":["Footwork","Riddle With Holes"],"picked":"Blade Dance","floor":6},{"not_picked":["Bouncing Flask","Backflip","Bane"],"picked":"SKIP","floor":8},{"not_picked":["Setup","Flechettes","Cloak And Dagger"],"picked":"Dagger Throw","floor":12},{"not_picked":["Underhanded Strike","Quick Slash","Phantasmal Killer"],"picked":"Footwork","floor":13},{"not_picked":["Outmaneuver","Dodge and Roll","Riddle With Holes"],"picked":"Prepared","floor":14},{"not_picked":["Malaise","Phantasmal Killer","A Thousand Cuts"],"picked":"Die Die Die","floor":16},{"not_picked":["Dodge and Roll","Flechettes","Blade Dance","Underhanded Strike"],"picked":"SKIP","floor":18},{"not_picked":["Dodge and Roll","Flechettes","Underhanded Strike"],"picked":"Blade Dance","floor":18},{"not_picked":["Prepared","Poisoned Stab","Blade Dance","Backflip+1"],"picked":"SKIP","floor":19}],"player_experience":561995,"relics_obtained":[{"floor":6,"key":"Pen Nib"},{"floor":9,"key":"Question Card"},{"floor":14,"key":"Odd Mushroom"}],"event_choices":[{"damage_healed":0,"gold_gain":0,"player_choice":"Entered Light","damage_taken":20,"max_hp_gain":0,"max_hp_loss":0,"event_name":"Shining Light","floor":2,"gold_loss":0,"cards_upgraded":["Strike_G","Defend_G"]},{"cards_removed":["Defend_G"],"damage_healed":0,"gold_gain":0,"player_choice":"Forget","damage_taken":0,"max_hp_gain":0,"max_hp_loss":0,"event_name":"Living Wall","floor":4,"gold_loss":0},{"damage_healed":0,"gold_gain":0,"player_choice":"Success","damage_taken":18,"relics_obtained":["Art of War"],"max_hp_gain":0,"max_hp_loss":0,"event_name":"Scrap Ooze","floor":10,"gold_loss":0},{"damage_healed":0,"gold_gain":0,"player_choice":"Fought Mushrooms","damage_taken":0,"max_hp_gain":0,"max_hp_loss":0,"event_name":"Mushrooms","floor":14,"gold_loss":0},{"damage_healed":0,"gold_gain":0,"player_choice":"Rummage","damage_taken":0,"relics_obtained":["WarpedTongs"],"max_hp_gain":0,"max_hp_loss":0,"event_name":"Accursed Blacksmith","floor":21,"gold_loss":0,"cards_obtained":["Pain"]}],"is_beta":false,"boss_relics":[{"not_picked":["HoveringKite","Tiny House"],"picked":"Empty Cage"}],"items_purged_floors":[3,11,20],"is_endless":false,"potions_floor_spawned":[5,8,19],"killed_by":"3 Cultists","ascension_level":20}}