{"host":"q786d26vp7h4gpli","time":1613360802,"event":{"mods":["BaseMod","Downfall","Minty Spire (QoL Compilation)","Quick Restart","Remove Card Discount Mod","StSLib","Td1madao Mod"],"gold_per_floor":[99,274,274,284,298,61,61,61,61,71,84,84,184,44,58,158,158,158,158,172,192,192,21,21,21,36,53,53,66,77,112,123,219,219,219,269,316,329,355,370,370,5,5,5,24,96,96,25,39,39],"floor_reached":51,"language":"ENG","playtime":4155,"items_purged":["Doubt","Regret"],"score":712,"play_id":"c7f22cd9-550e-493d-b756-9b2ebdf1a94f","local_time":"20210215114642","is_ascension_mode":false,"campfire_choices":[{"data":"bronze:Replicate","floor":1.0,"key":"SMITH"},{"data":"bronze:Goto","floor":9.0,"key":"SMITH"},{"data":"bronze:Overload","floor":12.0,"key":"SMITH"},{"data":"bronze:Mutator","floor":18.0,"key":"SMITH"},{"data":"bronze:Allocate","floor":25,"key":"SMITH"},{"data":"bronze:Repulsor","floor":28,"key":"SMITH"},{"data":"bronze:ClassDefault","floor":35,"key":"SMITH"},{"data":"bronze:Flail","floor":44,"key":"SMITH"},{"floor":47,"key":"REST"}],"circlet_count":0,"master_deck":["bronze:Strike","bronze:Strike","bronze:Strike","bronze:Strike","bronze:Defend","bronze:Defend","bronze:Defend","bronze:Defend","bronze:Replicate+1","bronze:Goto+1","bronze:Shield","bronze:Repair","bronze:OilSpill","bronze:DelayedGuard","bronze:WildBeam","bronze:DelayedSlice","bronze:Overload+1","bronze:DelayedSlice","bronze:Branch","bronze:ClassDefault+1","bronze:Iterate","bronze:Mutator+1","bronze:Shell","bronze:GetLatest","bronze:BitShift","bronze:Repair","bronze:Allocate+1","bronze:Overheat","bronze:Repulsor+1","bronze:ChosenStrike","bronze:AlphaBuild","bronze:Repair","bronze:WhirlingStrike","bronze:BuggyMess+1","bronze:NullPointer+1","bronze:Repair","bronze:Flail+1","bronze:Invalidate+1","bronze:WhirlingStrike","bronze:ItsAFeature+1","bronze:OilSpill","bronze:BronzeArmor","bronze:Repair+1"],"relics":["bronze:BronzeCore","Orichalcum","Darkstone Periapt","Pen Nib","Velvet Choker","Turnip","Red Mask","Philosopher\u0027s Stone","Mango","Bag of Preparation","Lantern","Art of War","CaptainsWheel","Bottled Tornado"],"acts_visited":["Exordium","TheCity","TheBeyond"],"potions_floor_usage":[23,32,33,36,49,50,50,50],"damage_taken":[{"damage":2.0,"enemies":"2 Louse","floor":4.0,"turns":3.0},{"damage":0.0,"enemies":"Jaw Worm","floor":5.0,"turns":4.0},{"damage":0.0,"enemies":"downfall:FleeingMerchant","floor":6.0,"turns":4.0},{"damage":2.0,"enemies":"Small Slimes","floor":10.0,"turns":3.0},{"damage":4.0,"enemies":"Exordium Wildlife","floor":11.0,"turns":5.0},{"damage":8.0,"enemies":"downfall:FleeingMerchant","floor":14.0,"turns":4.0},{"damage":0.0,"enemies":"3 Louse","floor":15.0,"turns":2.0},{"damage":31.0,"enemies":"SI_SHIV_ARCHETYPE","floor":16.0,"turns":9.0},{"damage":4.0,"enemies":"Chosen","floor":20.0,"turns":4.0},{"damage":10,"enemies":"Shell Parasite","floor":21,"turns":3},{"damage":0,"enemies":"downfall:FleeingMerchant","floor":23,"turns":4},{"damage":10,"enemies":"Snake Plant","floor":26,"turns":4},{"damage":20,"enemies":"Sentry and Sphere","floor":27,"turns":6},{"damage":25,"enemies":"Snecko","floor":29,"turns":7},{"damage":6,"enemies":"Centurion and Healer","floor":30,"turns":4},{"damage":15,"enemies":"Masked Bandits","floor":31,"turns":5},{"damage":4,"enemies":"3 Cultists","floor":32,"turns":4},{"damage":75,"enemies":"WA_ARCHETYPE_CALM","floor":33,"turns":13},{"damage":20,"enemies":"WA_ARCHETYPE_CALM","floor":36,"turns":6},{"damage":4,"enemies":"Orb Walker","floor":38,"turns":3},{"damage":22,"enemies":"3 Darklings","floor":40,"turns":5},{"damage":24,"enemies":"downfall:FleeingMerchant","floor":42,"turns":4},{"damage":0,"enemies":"Jaw Worm Horde","floor":45,"turns":2},{"damage":0,"enemies":"downfall:FleeingMerchant","floor":46,"turns":2},{"damage":40,"enemies":"4 Shapes","floor":49,"turns":3},{"damage":77,"enemies":"DF_ARCHETYPE_ORBS","floor":50,"turns":12}],"seed_played":"-8022470447233311202","potions_obtained":[{"floor":4.0,"key":"SkillPotion"},{"floor":11.0,"key":"PowerPotion"},{"floor":21,"key":"AttackPotion"},{"floor":26,"key":"SteroidPotion"},{"floor":27,"key":"Swift Potion"},{"floor":40,"key":"SteroidPotion"},{"floor":45,"key":"FearPotion"},{"floor":49,"key":"EssenceOfSteel"}],"is_trial":false,"path_per_floor":["R","?","?","M","M","$","T","?","R","M","M","R","?","$","M","B",null,"R","?","M","M","?","$","T","R","M","M","R","M","M","?","M","B",null,"R","?","?","M","T","M","T","$","?","R","M","$","R","$","M","B",null],"character_chosen":"THE_AUTOMATON","items_purchased":["bronze:DelayedGuard","Orichalcum","bronze:WildBeam","bronze:Branch","bronze:ClassDefault","bronze:Repair","bronze:Allocate","bronze:Overheat","CaptainsWheel","bronze:WhirlingStrike","Bottled Tornado","Explosive Potion","bronze:BronzeArmor"],"campfire_rested":1,"item_purchase_floors":[6,6,6,14,14,23,23,23,42,42,46,46,48],"current_hp_per_floor":[77,77,77,75,75,77,77,83,83,83,83,83,83,77,83,52,83,83,67,70,67,67,67,67,67,71,65,65,61,69,68,78,21,88,88,82,82,92,92,91,91,78,78,78,78,85,102,102,69,30],"gold":39,"neow_bonus":"TEN_PERCENT_HP_BONUS","is_daily":false,"chose_seed":false,"campfire_upgraded":8,"win_rate":0.0,"timestamp":1613360802,"path_taken":["R","?","?","M","M","$","T","?","R","M","M","R","?","$","M","BOSS","R","?","M","M","?","$","T","R","M","M","R","M","M","?","M","BOSS","R","?","?","M","?","M","T","?","?","R","M","$","R","$","M","BOSS"],"items_purchased_type":["Card","Relic","Card","Card","Card","Card","Card","Card","Relic","Card","Relic","Potion","Card"],"build_version":"2020-12-22","purchased_purges":2,"victory":true,"max_hp_per_floor":[77,77,77,77,77,77,77,83,83,83,83,83,83,83,83,83,83,83,88,88,88,88,88,88,88,88,88,88,88,88,88,88,88,88,88,102,102,102,102,102,102,102,102,102,102,102,102,102,102,102],"card_choices":[{"not_picked":["bronze:DarkDash","bronze:NullPointer"],"picked":"bronze:Shield","floor":4.0},{"not_picked":["bronze:Frontload","bronze:Return"],"picked":"bronze:Repair","floor":5.0},{"not_picked":["bronze:BitShift","bronze:Return"],"picked":"bronze:OilSpill","floor":6.0},{"not_picked":["bronze:Safeguard","bronze:BugBarrage"],"picked":"bronze:DelayedSlice","floor":10.0},{"not_picked":["bronze:MaxOutput","bronze:Safeguard"],"picked":"bronze:Overload","floor":11.0},{"not_picked":["bronze:ThunderWave","bronze:Overload"],"picked":"bronze:DelayedSlice","floor":14.0},{"not_picked":["bronze:Deprecate","bronze:WildBeam"],"picked":"bronze:Iterate","floor":15.0},{"not_picked":["bronze:Break","bronze:AlphaBuild"],"picked":"bronze:Mutator","floor":16.0},{"not_picked":["bronze:WildBeam","bronze:Frontload+1"],"picked":"bronze:Shell","floor":20.0},{"not_picked":["bronze:WildBeam","bronze:DelayedGuard"],"picked":"bronze:GetLatest","floor":21},{"not_picked":["bronze:SpaghettiCode","bronze:NullPointer"],"picked":"bronze:BitShift","floor":23},{"not_picked":["bronze:DelayedSlice","bronze:ClassDefault+1"],"picked":"bronze:Repulsor","floor":26},{"not_picked":["bronze:Frontload","bronze:Iterate"],"picked":"bronze:ChosenStrike","floor":27},{"not_picked":["bronze:Deprecate+1","bronze:NullPointer"],"picked":"bronze:AlphaBuild","floor":29},{"not_picked":["bronze:Invalidate","bronze:ChosenStrike"],"picked":"bronze:Repair","floor":30},{"not_picked":["bronze:DelayedGuard","bronze:Turbo"],"picked":"bronze:WhirlingStrike","floor":31},{"not_picked":["bronze:Turbo","bronze:Deprecate"],"picked":"bronze:BuggyMess+1","floor":32},{"not_picked":["bronze:SpaghettiCode","bronze:Break"],"picked":"bronze:HardenedForm","floor":33},{"not_picked":["bronze:DelayedGuard+1","bronze:DarkDash+1"],"picked":"bronze:NullPointer+1","floor":36},{"not_picked":["bronze:CutThrough+1","bronze:DelayedSlice"],"picked":"bronze:Repair","floor":38},{"not_picked":["bronze:BronzeOrb","bronze:MaxOutput+1"],"picked":"bronze:Flail","floor":40},{"not_picked":["bronze:Turbo","bronze:Safeguard+1"],"picked":"bronze:Invalidate+1","floor":42},{"not_picked":["bronze:Deprecate","bronze:Overheat"],"picked":"bronze:ItsAFeature+1","floor":45},{"not_picked":["bronze:CutThrough","bronze:DelayedGuard+1"],"picked":"bronze:OilSpill","floor":46},{"not_picked":["bronze:DelayedGuard","bronze:WhirlingStrike"],"picked":"bronze:Repair+1","floor":49}],"player_experience":592780,"relics_obtained":[{"floor":7.0,"key":"Darkstone Periapt"},{"floor":24,"key":"Turnip"},{"floor":31,"key":"Red Mask"},{"floor":36,"key":"Mango"},{"floor":37,"key":"Bag of Preparation"},{"floor":39,"key":"Lantern"},{"floor":41,"key":"Art of War"}],"event_choices":[{"damage_healed":0.0,"max_hp_gain":0.0,"max_hp_loss":0.0,"gold_gain":0.0,"event_name":"Big Fish","player_choice":"Box","floor":8.0,"gold_loss":0.0,"damage_taken":0.0,"relics_obtained":["Pen Nib"],"cards_obtained":["Regret"]},{"damage_healed":0,"gold_gain":0,"player_choice":"Fought Bandits","damage_taken":0,"max_hp_gain":0,"max_hp_loss":0,"event_name":"Masked Bandits","floor":31,"gold_loss":0},{"cards_removed":["bronze:HardenedForm"],"damage_healed":0,"gold_gain":0,"player_choice":"Removed Power","damage_taken":0,"max_hp_gain":0,"max_hp_loss":0,"event_name":"Falling","floor":43,"gold_loss":0}],"is_beta":false,"boss_relics":[{"not_picked":["Fusion Hammer","Runic Dome"],"picked":"Velvet Choker"},{"not_picked":["Cursed Key","Sozu"],"picked":"Philosopher\u0027s Stone"}],"items_purged_floors":[6,14],"is_endless":false,"potions_floor_spawned":[4,11,21,26,27,40,45,49],"ascension_level":0}}