{"host":"pjgcdp3h1plnbocs","time":1613409818,"event":{"mods":["AchievementEnabler","BaseMod","Colored Map","Downfall","Highlight Path","Minty Spire (QoL Compilation)","StSLib"],"gold_per_floor":[113,131,131,142,155,187,187,218,218,228,9,39,52,81,81,179,179,195,87,12,12,12,41,41,67,67,67,101,0,12,12,12,112,112,125,25,75,75,101,128,128,162,187,198,198,225,225,225,225,225,225,225,15,47,47],"floor_reached":56,"language":"ENG","playtime":4213,"items_purged":["Strike_G","Strike_G","Strike_G"],"score":1964,"play_id":"47c28005-f3b6-4c81-949e-48c72b936dea","local_time":"20210215182338","is_ascension_mode":true,"campfire_choices":[{"data":"Blade Dance","floor":7.0,"key":"SMITH"},{"floor":15.0,"key":"REST"},{"floor":24,"key":"REST"},{"floor":27,"key":"REST"},{"floor":32,"key":"REST"},{"floor":41,"key":"RECALL"},{"data":"Neutralize","floor":45,"key":"SMITH"},{"data":"Cloak And Dagger","floor":47,"key":"SMITH"},{"data":"Acrobatics","floor":49,"key":"SMITH"},{"data":"Finisher","floor":52,"key":"SMITH"}],"circlet_count":0,"master_deck":["AscendersBane","Strike_G","Strike_G","Defend_G","Defend_G","Defend_G","Survivor","Neutralize+1","Blade Dance+1","Acrobatics+1","Finisher+1","Tools of the Trade+1","Well Laid Plans+1","Noxious Fumes+1","Accuracy+1","After Image+1","Blur","Footwork+1","A Thousand Cuts+1","Tools of the Trade+1","Cloak And Dagger+1","Blade Dance+1","Finesse","Flash of Steel"],"relics":["Ring of the Snake","NeowsBlessing","Frozen Egg 2","White Beast Statue","Pear","Sling","Lizard Tail","Slimebound:StickyStick","Black Star","Blue Candle","PreservedInsect","Ornamental Fan","Omamori","Happy Flower","Nunchaku","Matryoshka","MutagenicStrength","HoveringKite","TungstenRod","Potion Belt","Toy Ornithopter","Mercury Hourglass","Bronze Scales","Art of War","MealTicket","Vajra","Dream Catcher","Oddly Smooth Stone","Blood Vial","Tough Bandages","Shuriken"],"acts_visited":["Exordium","TheCity","TheBeyond","TheEnding"],"potions_floor_usage":[23,25,25,33,54,55,55,55,55,55,55,55,55],"damage_taken":[{"damage":0.0,"enemies":"Small Slimes","floor":1.0,"turns":1.0},{"damage":0.0,"enemies":"Cultist","floor":2.0,"turns":1.0},{"damage":0.0,"enemies":"Jaw Worm","floor":4.0,"turns":1.0},{"damage":13.0,"enemies":"Large Slime","floor":5.0,"turns":9.0},{"damage":17.0,"enemies":"Lagavulin","floor":6.0,"turns":5.0},{"damage":9.0,"enemies":"Gremlin Nob","floor":8.0,"turns":3.0},{"damage":0.0,"enemies":"2 Fungi Beasts","floor":10.0,"turns":3.0},{"damage":15.0,"enemies":"3 Sentries","floor":12.0,"turns":6.0},{"damage":3.0,"enemies":"Looter","floor":13.0,"turns":2.0},{"damage":10.0,"enemies":"Lagavulin","floor":14.0,"turns":5.0},{"damage":14.0,"enemies":"Hexaghost","floor":16.0,"turns":8.0},{"damage":7.0,"enemies":"3 Byrds","floor":18.0,"turns":7.0},{"damage":35,"enemies":"Slavers","floor":23,"turns":6},{"damage":13,"enemies":"Gremlin Leader","floor":25,"turns":4},{"damage":40,"enemies":"Slavers","floor":28,"turns":5},{"damage":11,"enemies":"Shell Parasite","floor":30,"turns":4},{"damage":15,"enemies":"Collector","floor":33,"turns":9},{"damage":31,"enemies":"3 Shapes","floor":35,"turns":5},{"damage":7,"enemies":"Mind Bloom Boss Battle","floor":37,"turns":7},{"damage":0,"enemies":"Nemesis","floor":40,"turns":5},{"damage":0,"enemies":"Giant Head","floor":42,"turns":6},{"damage":0,"enemies":"3 Darklings","floor":44,"turns":5},{"damage":1,"enemies":"Nemesis","floor":46,"turns":5},{"damage":29,"enemies":"Awakened One","floor":50,"turns":7},{"damage":18,"enemies":"Shield and Spear","floor":54,"turns":4},{"damage":61,"enemies":"The Heart","floor":55,"turns":6}],"seed_played":"5057859856844857956","potions_obtained":[{"floor":1.0,"key":"Explosive Potion"},{"floor":2.0,"key":"AttackPotion"},{"floor":10.0,"key":"Swift Potion"},{"floor":12.0,"key":"bronze:BurnAndBuffPotion"},{"floor":13.0,"key":"Guardian:BlockOnCardUsePotion"},{"floor":16.0,"key":"Strength Potion"},{"floor":23,"key":"Explosive Potion"},{"floor":25,"key":"Fire Potion"},{"floor":28,"key":"Fire Potion"},{"floor":30,"key":"DuplicationPotion"},{"floor":33,"key":"EntropicBrew"},{"floor":40,"key":"EssenceOfSteel"},{"floor":42,"key":"champ:CounterPotion"},{"floor":44,"key":"EssenceOfSteel"},{"floor":46,"key":"Slimebound:ThreeZeroPotion"},{"floor":54,"key":"FearPotion"}],"is_trial":false,"path_per_floor":["M","M","?","M","M","E","R","E","T","M","$","E","M","E","R","B",null,"M","$","?","?","$","E","R","E","T","R","E","?","M","?","R","B",null,"M","$","?","?","T","E","R","E","T","M","R","E","R","?","R","B",null,"R","$","E","B",null],"character_chosen":"THE_SILENT","items_purchased":["Well Laid Plans+1","Sling","Footwork+1","Flash of Steel"],"campfire_rested":4,"item_purchase_floors":[11,11,19,53],"current_hp_per_floor":[63,63,63,63,50,33,33,24,34,34,34,19,16,6,30,16,64,57,57,57,52,52,17,41,28,28,52,12,12,1,1,25,10,63,32,32,25,70,70,70,70,70,70,70,70,69,69,69,69,41,63,63,70,52,14],"gold":47,"neow_bonus":"THREE_ENEMY_KILL","is_daily":false,"chose_seed":false,"campfire_upgraded":5,"win_rate":0.0,"timestamp":1613409818,"path_taken":["M","M","?","M","M","E","R","E","T","?","$","E","?","E","R","BOSS","M","$","?","?","$","E","R","E","T","R","E","?","M","?","R","BOSS","M","$","?","?","?","E","R","E","T","M","R","E","R","?","R","BOSS","R","$","E","BOSS"],"items_purchased_type":["Card","Relic","Card","Card"],"build_version":"2020-12-22","purchased_purges":3,"victory":true,"max_hp_per_floor":[70,70,70,70,70,70,70,70,80,80,80,80,80,80,80,80,80,80,80,80,80,80,80,80,80,80,80,80,80,80,80,80,80,80,80,80,80,70,70,70,70,70,70,70,70,70,70,70,70,70,70,70,70,70,70],"card_choices":[{"not_picked":["Deflect","Prepared"],"picked":"Blade Dance","floor":1.0},{"not_picked":["Expertise","Riddle With Holes","Choke"],"picked":"SKIP","floor":2.0},{"not_picked":["Riddle With Holes","Leg Sweep"],"picked":"Acrobatics","floor":4.0},{"not_picked":["Sucker Punch","Dodge and Roll"],"picked":"Finisher","floor":5.0},{"not_picked":["Endless Agony","Unload"],"picked":"Tools of the Trade+1","floor":6.0},{"not_picked":["Backflip","Expertise","Prepared"],"picked":"SKIP","floor":8.0},{"not_picked":["Bane","PiercingWail","Deadly Poison"],"picked":"SKIP","floor":10.0},{"not_picked":["Catalyst","Backflip"],"picked":"Noxious Fumes+1","floor":12.0},{"not_picked":["Dodge and Roll","Acrobatics","Predator"],"picked":"SKIP","floor":13.0},{"not_picked":["Predator","Reflex"],"picked":"Accuracy+1","floor":14.0},{"not_picked":["Burst","A Thousand Cuts+1"],"picked":"After Image+1","floor":16.0},{"not_picked":["PiercingWail","Underhanded Strike"],"picked":"Blur","floor":18.0},{"not_picked":["Poisoned Stab","Dodge and Roll"],"picked":"A Thousand Cuts+1","floor":23},{"not_picked":["Deflect","Slice","Unload"],"picked":"SKIP","floor":25},{"not_picked":["Dagger Throw","Backflip+1","Acrobatics+1"],"picked":"SKIP","floor":28},{"not_picked":["Dagger Spray","Predator","Poisoned Stab"],"picked":"SKIP","floor":30},{"not_picked":["Phantasmal Killer","Bullet Time"],"picked":"Tools of the Trade+1","floor":33},{"not_picked":["Crippling Poison","Sucker Punch","Dagger Spray"],"picked":"SKIP","floor":35},{"not_picked":["Quick Slash","Deadly Poison+1"],"picked":"Cloak And Dagger","floor":40},{"not_picked":["Crippling Poison+1","Blur","Endless Agony+1"],"picked":"SKIP","floor":42},{"not_picked":["Catalyst","Dagger Throw","A Thousand Cuts+1"],"picked":"SKIP","floor":44},{"not_picked":["Riddle With Holes+1","Blur+1"],"picked":"Blade Dance+1","floor":46},{"not_picked":["Chrysalis","Swift Strike"],"picked":"Finesse","floor":48},{"not_picked":["Outmaneuver","Flying Knee","Blur"],"picked":"SKIP","floor":54}],"player_experience":240750,"relics_obtained":[{"floor":6.0,"key":"Frozen Egg 2"},{"floor":8.0,"key":"White Beast Statue"},{"floor":9.0,"key":"Pear"},{"floor":12.0,"key":"Lizard Tail"},{"floor":14.0,"key":"Slimebound:StickyStick"},{"floor":23,"key":"PreservedInsect"},{"floor":23,"key":"Ornamental Fan"},{"floor":25,"key":"Omamori"},{"floor":25,"key":"Happy Flower"},{"floor":28,"key":"Nunchaku"},{"floor":28,"key":"Matryoshka"},{"floor":37,"key":"TungstenRod"},{"floor":39,"key":"Potion Belt"},{"floor":39,"key":"Toy Ornithopter"},{"floor":40,"key":"Mercury Hourglass"},{"floor":40,"key":"Bronze Scales"},{"floor":42,"key":"Art of War"},{"floor":42,"key":"MealTicket"},{"floor":43,"key":"Vajra"},{"floor":43,"key":"Dream Catcher"},{"floor":46,"key":"Oddly Smooth Stone"},{"floor":46,"key":"Blood Vial"},{"floor":54,"key":"Tough Bandages"},{"floor":54,"key":"Shuriken"}],"event_choices":[{"cards_removed":["Defend_G"],"damage_healed":0.0,"max_hp_gain":0.0,"max_hp_loss":0.0,"gold_gain":0.0,"event_name":"Purifier","player_choice":"Purged","floor":3.0,"gold_loss":0.0,"damage_taken":0.0},{"cards_removed":["Defend_G"],"damage_healed":0.0,"max_hp_gain":0.0,"max_hp_loss":0.0,"gold_gain":0.0,"event_name":"Beggar","player_choice":"Gave Gold","floor":20.0,"gold_loss":75.0,"damage_taken":0.0},{"damage_healed":0,"gold_gain":0,"player_choice":"Paid Fearfully","damage_taken":0,"max_hp_gain":0,"max_hp_loss":0,"event_name":"Masked Bandits","floor":29,"gold_loss":101},{"damage_healed":0,"gold_gain":0,"player_choice":"Inject Mutagens","damage_taken":0,"relics_obtained":["MutagenicStrength"],"max_hp_gain":0,"max_hp_loss":0,"event_name":"Drug Dealer","floor":31,"gold_loss":0},{"damage_healed":0,"gold_gain":0,"player_choice":"Fight","damage_taken":0,"max_hp_gain":0,"max_hp_loss":0,"event_name":"MindBloom","floor":37,"gold_loss":0},{"damage_healed":70,"gold_gain":0,"player_choice":"Heal","damage_taken":0,"max_hp_gain":0,"max_hp_loss":10,"event_name":"The Moai Head","floor":38,"gold_loss":0},{"damage_healed":0,"gold_gain":0,"player_choice":"Memory 1","damage_taken":0,"max_hp_gain":0,"max_hp_loss":0,"event_name":"SensoryStone","floor":48,"gold_loss":0}],"is_beta":false,"boss_relics":[{"not_picked":["Empty Cage","Runic Dome"],"picked":"Black Star"},{"not_picked":["Pandora\u0027s Box","Runic Pyramid"],"picked":"HoveringKite"}],"items_purged_floors":[19,36,53],"is_endless":false,"potions_floor_spawned":[1,2,5,10,12,13,14,16,18,23,25,28,30,33,35,37,40,42,44,46,54],"ascension_level":12}}