{"host":"lzpp66udqthct9jv","time":1613362520,"event":{"mods":["Act Like it!","BaseMod","Better-Laid Plans","Chen","Emptier Cage","Gensokyo","Highlight Path","Koishi","Marisa£®ÏF”Í°°ƒß¿Ì…≥£©","Minty Spire (QoL Compilation)","Pale of the Ancients","Quick Restart","Reimu£®≤©¿ˆ¡È√Œ£©","Remilia£®¿Ÿ√◊¿Ú—«£©","Shop Mod","StSLib","The Administrix","The Servant 0.9.4","Yakumo Yukari mod","Youmu£®ªÍ∆«—˝√Œ£©","Yuyuko","ÛÙª÷∏ƒœ"],"gold_per_floor":[116,46,58,70,7,36,36,62,62,62,75,75,75],"floor_reached":12,"language":"ZHS","playtime":277,"items_purged":["Pain"],"score":148,"play_id":"95b443b3-9bbf-4b3a-9ab1-d9ed0c09d523","local_time":"20210215121520","is_ascension_mode":true,"campfire_choices":[{"data":"Trip","floor":7,"key":"SMITH"}],"circlet_count":0,"master_deck":["AscendersBane","Strike_R","Strike_R","Strike_R","Strike_R","Strike_R","Defend_R","Defend_R","Defend_R","Defend_R","Bash","Trip+1","Inflame","Offering","Rupture+1"],"relics":["Burning Blood","MawBank","Gensokyo:LunaticRedEyes","ScarletDevilRocket","Champion Belt"],"acts_visited":["Gensokyo:Gensokyo"],"potions_floor_usage":[12],"damage_taken":[{"damage":9.0,"enemies":"Gensokyo:Gryphon","floor":1.0,"turns":4.0},{"damage":23.0,"enemies":"Gensokyo:Mamizou","floor":6.0,"turns":10.0},{"damage":33,"enemies":"Gensokyo:Aya","floor":8,"turns":6},{"damage":12,"enemies":"Gensokyo:Python","floor":11,"turns":4},{"damage":13,"enemies":"Gensokyo:Cirno","floor":12,"turns":4}],"seed_played":"-6442991474853329913","potions_obtained":[{"floor":8,"key":"AttackPotion"}],"is_trial":false,"path_per_floor":["M","?","$","?","$","E","R","E","T","?","M","E"],"character_chosen":"IRONCLAD","items_purchased":[],"campfire_rested":0,"item_purchase_floors":[],"current_hp_per_floor":[65,65,65,65,65,48,48,21,21,21,15,2,2],"gold":75,"neow_bonus":"RANDOM_COLORLESS","is_daily":false,"chose_seed":false,"campfire_upgraded":1,"win_rate":0.0,"timestamp":1613362520,"path_taken":["M","?","?","?","$","E","R","E","T","?","M","E"],"items_purchased_type":[],"build_version":"2020-12-22","purchased_purges":1,"victory":false,"max_hp_per_floor":[75,75,75,75,75,75,75,75,75,75,75,75,75],"card_choices":[{"not_picked":["Jack Of All Trades","Enlightenment"],"picked":"Trip","floor":0.0},{"not_picked":["Wild Strike","Sword Boomerang"],"picked":"Inflame","floor":1.0},{"not_picked":["Headbutt","Feel No Pain"],"picked":"Offering","floor":6.0},{"not_picked":["Pommel Strike","Thunderclap"],"picked":"Rupture","floor":8},{"not_picked":["Clash","Headbutt","Clothesline"],"picked":"SKIP","floor":11}],"player_experience":1864084,"relics_obtained":[{"floor":6.0,"key":"ScarletDevilRocket"},{"floor":8,"key":"Champion Belt"}],"event_choices":[],"is_beta":false,"boss_relics":[],"items_purged_floors":[5],"is_endless":false,"potions_floor_spawned":[8],"killed_by":"Gensokyo:Cirno","ascension_level":20}}