{"host":"cbu6enf2xtq4r7r3","time":1613352086,"event":{"mods":["2.2 Compatiblity","AlwaysNeverKeys","BaseMod","Better Match","Better Note","Better Sensory Stone","Better Skull","Better Third Choice","Colored Map","Colored Powertips","Defuse TimeMaze Blight","Emptier Cage","Minty Spire (QoL Compilation)","Permanent Neow","Quick Restart","Random Character Button","Relic Sorter","Reorder Act Four","Shop Mod","StSLib"],"gold_per_floor":[118,138,149,161,161,161,190,190,190,190,209,209,226,260,260,358,358,358,358,358,358,308,308,308,308,308,308,308,308,308,308,308,308,308,308,308,65,65,65,65,65,65,65,65,65,65,65,65,65,65],"floor_reached":51,"language":"ENG","playtime":1990,"items_purged":[],"score":846,"play_id":"15f5519d-4d7f-4eca-8465-bdcb07f4a7c6","local_time":"20210215022126","is_ascension_mode":true,"campfire_choices":[{"data":"Cloak And Dagger","floor":6,"key":"SMITH"},{"data":"Neutralize","floor":8,"key":"SMITH"},{"data":"Backstab","floor":10,"key":"SMITH"},{"data":"Bouncing Flask","floor":15,"key":"SMITH"},{"data":"Terror","floor":25,"key":"SMITH"},{"data":"Deflect","floor":27,"key":"SMITH"},{"data":"Deflect","floor":32,"key":"SMITH"},{"data":"Deflect","floor":40,"key":"SMITH"},{"data":"Blade Dance","floor":42,"key":"SMITH"},{"data":"Slice","floor":44,"key":"SMITH"},{"data":"Survivor","floor":46,"key":"SMITH"},{"data":"Defend_G","floor":49,"key":"SMITH"}],"circlet_count":0,"master_deck":["Strike_G","Strike_G","Strike_G","Strike_G","Defend_G","Defend_G","Defend_G","Defend_G","Defend_G+1","Survivor+1","Neutralize+1","Cloak And Dagger+1","Dagger Throw","Dagger Throw","Backstab+1","Terror+1","Bouncing Flask+1","PiercingWail","After Image","Deflect+1","Slice+1","Heel Hook+1","Deflect+1","Deflect+1","PiercingWail","After Image","Deadly Poison+1","PiercingWail","Blade Dance+1","Footwork+1","Madness","Madness","Catalyst+1"],"relics":["WristBlade","PreservedInsect","Regal Pillow","Mercury Hourglass","Unceasing Top","Ectoplasm","Molten Egg 2","Vajra","Turnip","Coffee Dripper","White Beast Statue","Meat on the Bone","MealTicket"],"acts_visited":["TheCity","TheBeyond"],"potions_floor_usage":[7,7,16,19,30,31,33,36,36,41,45,50,50,50],"damage_taken":[{"damage":0,"enemies":"2 Louse","floor":1,"turns":3},{"damage":0,"enemies":"Small Slimes","floor":2,"turns":4},{"damage":0,"enemies":"Cultist","floor":3,"turns":3},{"damage":0,"enemies":"Looter","floor":4,"turns":3},{"damage":0,"enemies":"Gremlin Nob","floor":7,"turns":2},{"damage":0,"enemies":"Exordium Wildlife","floor":11,"turns":2},{"damage":0,"enemies":"Red Slaver","floor":13,"turns":1},{"damage":7,"enemies":"Lagavulin","floor":14,"turns":3},{"damage":10,"enemies":"The Guardian","floor":16,"turns":7},{"damage":0,"enemies":"Spheric Guardian","floor":18,"turns":3},{"damage":0,"enemies":"3 Byrds","floor":19,"turns":3},{"damage":0,"enemies":"3 Cultists","floor":21,"turns":5},{"damage":10,"enemies":"Gremlin Leader","floor":23,"turns":4},{"damage":11,"enemies":"Snake Plant","floor":24,"turns":3},{"damage":0,"enemies":"Chosen and Byrds","floor":28,"turns":3},{"damage":6,"enemies":"Centurion and Healer","floor":29,"turns":5},{"damage":0,"enemies":"Book of Stabbing","floor":30,"turns":3},{"damage":0,"enemies":"Snake Plant","floor":31,"turns":3},{"damage":19,"enemies":"Collector","floor":33,"turns":9},{"damage":0,"enemies":"3 Darklings","floor":35,"turns":1},{"damage":0,"enemies":"3 Shapes","floor":36,"turns":4},{"damage":0,"enemies":"Writhing Mass","floor":38,"turns":4},{"damage":0,"enemies":"Transient","floor":39,"turns":5},{"damage":8,"enemies":"Nemesis","floor":41,"turns":5},{"damage":0,"enemies":"Maw","floor":45,"turns":4},{"damage":0,"enemies":"Writhing Mass","floor":48,"turns":4},{"damage":13,"enemies":"Awakened One","floor":50,"turns":10}],"seed_played":"-4035955566399574986","potions_obtained":[{"floor":1,"key":"AttackPotion"},{"floor":4,"key":"BlessingOfTheForge"},{"floor":14,"key":"AttackPotion"},{"floor":16,"key":"Explosive Potion"},{"floor":18,"key":"CultistPotion"},{"floor":19,"key":"EssenceOfSteel"},{"floor":29,"key":"Ancient Potion"},{"floor":30,"key":"Explosive Potion"},{"floor":33,"key":"Fire Potion"},{"floor":36,"key":"Fruit Juice"},{"floor":38,"key":"SpeedPotion"},{"floor":39,"key":"Block Potion"},{"floor":41,"key":"Strength Potion"},{"floor":45,"key":"ColorlessPotion"}],"is_trial":false,"path_per_floor":["M","M","M","M","?","R","E","R","T","R","M","?","M","E","R","B",null,"M","M","?","M","?","E","M","R","T","R","M","M","E","M","R","B",null,"M","M","$","M","M","R","E","R","T","R","M","R","?","M","R","B",null],"character_chosen":"THE_SILENT","items_purchased":["White Beast Statue"],"campfire_rested":0,"item_purchase_floors":[37],"current_hp_per_floor":[70,70,70,70,75,75,75,75,75,75,75,75,75,68,68,58,75,75,75,75,75,75,65,54,54,54,54,54,48,48,48,48,29,75,75,80,80,80,80,80,72,72,72,72,72,72,62,62,62,49],"gold":65,"neow_bonus":"BOSS_RELIC","is_daily":false,"chose_seed":false,"campfire_upgraded":12,"win_rate":0.0,"timestamp":1613352086,"path_taken":["M","M","M","M","?","R","E","R","T","R","M","?","M","E","R","BOSS","M","M","?","M","?","E","M","R","T","R","?","M","E","M","R","BOSS","M","M","$","M","M","R","E","R","T","R","M","R","?","M","R","BOSS"],"items_purchased_type":["Relic"],"build_version":"2020-12-22","purchased_purges":0,"victory":true,"max_hp_per_floor":[70,70,70,70,75,75,75,75,75,75,75,75,75,75,75,75,75,75,75,75,75,75,75,75,75,75,75,75,75,75,75,75,75,75,75,80,80,80,80,80,80,80,80,80,80,80,80,80,80,80],"card_choices":[{"not_picked":["Riddle With Holes","Quick Slash"],"picked":"Cloak And Dagger","floor":1},{"not_picked":["Acrobatics","Flying Knee"],"picked":"Dagger Throw","floor":2},{"not_picked":["Accuracy","Deflect"],"picked":"Dagger Throw","floor":3},{"not_picked":["Setup","Acrobatics","Deflect"],"picked":"SKIP","floor":4},{"not_picked":["Adrenaline","Accuracy"],"picked":"Backstab","floor":7},{"not_picked":["Quick Slash","Underhanded Strike"],"picked":"Terror","floor":11},{"not_picked":["Calculated Gamble","Quick Slash"],"picked":"Bouncing Flask","floor":13},{"not_picked":["Accuracy","Bane"],"picked":"PiercingWail","floor":14},{"not_picked":["Burst","A Thousand Cuts"],"picked":"After Image","floor":16},{"not_picked":["Slice","Prepared+1"],"picked":"Deflect","floor":18},{"not_picked":["Caltrops","Flying Knee","Outmaneuver"],"picked":"SKIP","floor":19},{"not_picked":["Predator+1","Riddle With Holes"],"picked":"Slice","floor":21},{"not_picked":["Crippling Poison","Dodge and Roll"],"picked":"Heel Hook+1","floor":23},{"not_picked":["Riddle With Holes+1","Deadly Poison"],"picked":"Deflect","floor":24},{"not_picked":["Dagger Spray+1","Prepared+1"],"picked":"Deflect","floor":28},{"not_picked":["Eviscerate+1","Flying Knee+1","Leg Sweep"],"picked":"SKIP","floor":29},{"not_picked":["Masterful Stab+1","Night Terror","Underhanded Strike+1"],"picked":"SKIP","floor":30},{"not_picked":["Caltrops","Terror"],"picked":"PiercingWail","floor":31},{"not_picked":["Corpse Explosion","Malaise"],"picked":"After Image","floor":33},{"not_picked":["Predator+1","Flying Knee+1"],"picked":"Deadly Poison+1","floor":35},{"not_picked":["Underhanded Strike+1","Outmaneuver+1"],"picked":"PiercingWail","floor":36},{"not_picked":["Bane+1","Poisoned Stab+1","Dagger Spray+1"],"picked":"SKIP","floor":38},{"not_picked":["Tactician","Grand Finale+1","Reflex"],"picked":"SKIP","floor":39},{"not_picked":["Tactician","Grand Finale+1","Reflex"],"picked":"SKIP","floor":39},{"not_picked":["Backflip+1","Blur"],"picked":"Blade Dance","floor":41},{"not_picked":["Setup+1","Flechettes+1"],"picked":"Footwork+1","floor":45},{"not_picked":["Deadly Poison","Acrobatics"],"picked":"Catalyst+1","floor":48}],"player_experience":152268,"relics_obtained":[{"floor":7,"key":"PreservedInsect"},{"floor":9,"key":"Regal Pillow"},{"floor":12,"key":"Mercury Hourglass"},{"floor":14,"key":"Unceasing Top"},{"floor":23,"key":"Molten Egg 2"},{"floor":26,"key":"Vajra"},{"floor":30,"key":"Turnip"},{"floor":41,"key":"Meat on the Bone"},{"floor":43,"key":"MealTicket"}],"event_choices":[{"damage_healed":0,"gold_gain":0,"player_choice":"Donut","damage_taken":0,"max_hp_gain":5,"max_hp_loss":0,"event_name":"Big Fish","floor":5,"gold_loss":0},{"damage_healed":0,"gold_gain":0,"player_choice":"Relic","damage_taken":0,"max_hp_gain":0,"max_hp_loss":0,"event_name":"Wheel of Change","floor":12,"gold_loss":0},{"cards_removed":["Strike_G"],"damage_healed":0,"gold_gain":0,"player_choice":"Offered Basic","damage_taken":0,"max_hp_gain":0,"max_hp_loss":0,"event_name":"Bonfire Elementals","floor":20,"gold_loss":0},{"damage_healed":0,"gold_gain":100,"player_choice":"Bet on Murderer","damage_taken":0,"max_hp_gain":0,"max_hp_loss":0,"event_name":"The Joust","floor":22,"gold_loss":50},{"damage_healed":0,"gold_gain":0,"player_choice":"Embrace Madness","damage_taken":10,"max_hp_gain":0,"max_hp_loss":0,"event_name":"Winding Halls","floor":47,"gold_loss":0,"cards_obtained":["Madness","Madness"]}],"is_beta":false,"boss_relics":[{"not_picked":["Runic Pyramid","Tiny House"],"picked":"Ectoplasm"},{"not_picked":["Runic Dome","Astrolabe"],"picked":"Coffee Dripper"}],"items_purged_floors":[],"is_endless":false,"potions_floor_spawned":[1,4,14,16,18,19,29,30,33,36,38,39,41,45,48],"ascension_level":1}}