{"host":"2c84cb4cp1emursg","time":1613427606,"event":{"mods":["Act Like it!","BaseMod","Better Third Choice","Bossed Relics","Hermit","Mimic Mod","Minty Spire (QoL Compilation)","Permanent Neow","Ruina","StSLib","TheSurvivalist"],"gold_per_floor":[318,13,31,43,43,77,77,77,77],"floor_reached":8,"language":"ENG","playtime":416,"items_purged":["Strike_B"],"score":67,"play_id":"98c49eb3-8ba0-47db-bf44-307696f18ad5","local_time":"20210215152006","is_ascension_mode":true,"campfire_choices":[{"data":"Zap","floor":7,"key":"SMITH"}],"circlet_count":0,"master_deck":["Strike_B","Strike_B","Strike_B","Defend_B","Defend_B","Defend_B","Defend_B","Zap+1","Dualcast","Self Repair","Self Repair","Hologram","White Noise","Lockon"],"relics":["Cracked Core","Old Coin","Chemical X","Regal Pillow"],"acts_visited":["Exordium"],"potions_floor_usage":[8,8],"damage_taken":[{"damage":7,"enemies":"Small Slimes","floor":1,"turns":4},{"damage":11,"enemies":"2 Louse","floor":3,"turns":3},{"damage":8,"enemies":"Jaw Worm","floor":4,"turns":4},{"damage":45,"enemies":"Lagavulin","floor":6,"turns":9},{"damage":52,"enemies":"Gremlin Nob","floor":8,"turns":4}],"seed_played":"4373263471081221827","potions_obtained":[{"floor":1,"key":"DuplicationPotion"},{"floor":6,"key":"ColorlessPotion"}],"is_trial":false,"path_per_floor":["M","$","M","M","?","E","R","E"],"character_chosen":"DEFECT","items_purchased":["Chemical X","Self Repair"],"campfire_rested":0,"item_purchase_floors":[2,2],"current_hp_per_floor":[68,68,71,75,80,49,49,0,0],"gold":77,"neow_bonus":"ONE_RARE_RELIC","is_daily":false,"chose_seed":false,"campfire_upgraded":1,"win_rate":0.0,"timestamp":1613427606,"path_taken":["M","$","M","M","?","E","R","E"],"items_purchased_type":["Relic","Card"],"build_version":"2020-12-22","purchased_purges":1,"victory":false,"max_hp_per_floor":[75,75,75,75,80,80,80,80,80],"card_choices":[{"not_picked":["Conserve Battery","BootSequence"],"picked":"Self Repair","floor":1},{"not_picked":["Sweeping Beam","Gash"],"picked":"Hologram","floor":3},{"not_picked":["Cold Snap","BootSequence"],"picked":"White Noise","floor":4},{"not_picked":["Stack","Streamline"],"picked":"Lockon","floor":6}],"player_experience":479034,"relics_obtained":[{"floor":6,"key":"Regal Pillow"}],"event_choices":[{"damage_healed":0,"gold_gain":0,"player_choice":"Donut","damage_taken":0,"max_hp_gain":5,"max_hp_loss":0,"event_name":"Big Fish","floor":5,"gold_loss":0}],"is_beta":false,"boss_relics":[],"items_purged_floors":[2],"is_endless":false,"potions_floor_spawned":[1,6],"killed_by":"Gremlin Nob","ascension_level":4}}