{"host":"rsal8t78l1a5jz1a","time":1613405447,"event":{"mods":["Act Like it!","BaseMod","GifTheSpireLib","Marked Mod","Minty Spire (QoL Compilation)","Remilia£®¿Ÿ√◊¿Ú—«£©","StSLib"],"gold_per_floor":[100000,99420,99439,99439,99450,99450,99479,98488,98488,98488,98557,98591,98611,98611,98611,98712,98712,98727,98742,98758,98108,98108,98108,97377,97404,97404,97404,97404,97432,97449,96748,96748,96845,96845,96858,96908,95865,95883,95023,95054,95054,95101,95180,95180,95194,94409,94439,94439,94439,94439],"floor_reached":51,"language":"ZHS","playtime":4341,"items_purged":["Strike_RM","Strike_RM","Defend_RM","Strike_RM","Strike_RM","Defend_RM"],"score":1174,"play_id":"3816f54e-f6f5-4d72-bee5-a2431c47a0c0","local_time":"20210216001046","is_ascension_mode":true,"campfire_choices":[{"data":"BatForm","floor":6,"key":"SMITH"},{"data":"Stigmanizer","floor":10,"key":"SMITH"},{"data":"HeartBreak","floor":15,"key":"SMITH"},{"data":"BloodyCatastrophe","floor":23,"key":"SMITH"},{"data":"ScarletShoot","floor":27,"key":"SMITH"},{"data":"TwelveNightmare","floor":32,"key":"SMITH"},{"data":"ScarletCoffin","floor":44,"key":"SMITH"},{"data":"EquivalentExchange","floor":49,"key":"SMITH"}],"circlet_count":0,"master_deck":["ScarletShoot+1","DiffusionOfMisfortune","ScarletDevilSign","RedMagic","FavorOfDestiny","BatForm+1","BombardNight","RedMagic","TwelveNightmare+1","ScarletDevil","Stigmanizer+1","NightLord","BloodyHallows","Septette","HeartBreak+1","Regret","BloodyCatastrophe","MillenniumVampire+1","MiserableFate+1","RedNightlessCastle+1","BloodyCatastrophe+1","ForecastOfChange","EternalNight+1","VampireFantasy","HeartBreak","VampireKiss+1","GlobalNightmare+1","Stigmanizer+1","TricksterDevil","ScarletNetherworld+1","ScarletCoffin+1","BloodyMagicSquare+1","EquivalentExchange+1","NightDance+1","ScarletCoffin"],"relics":["ScarletHat","NeowsBlessing","Ginger","Orrery","RedBat","TypeBBloodRedTea","Matryoshka","Frozen Eye","Pear","AntiCross","Boot","Meat on the Bone","Ice Cream","Oddly Smooth Stone","ScarletEmblem","Question Card","Ancient Tea Set","Chemical X","Bronze Scales","ScarletDevilRocket","TheAbacus","Unceasing Top","Thread and Needle","Blood Vial","Toy Ornithopter","Akabeko","DollysMirror","SacredBark","Mango","Girya","Pocketwatch","Lee\u0027s Waffle","Mummified Hand","Bag of Preparation","Frozen Egg 2","StoneCalendar","Kunai","Turnip","FairyMaid","Cauldron","Pen Nib"],"acts_visited":["Exordium","TheCity","TheBeyond"],"potions_floor_usage":[7,7,12,16,16,33,33,42,42,46],"damage_taken":[{"damage":0,"enemies":"Cultist","floor":1,"turns":1},{"damage":0,"enemies":"2 Louse","floor":3,"turns":1},{"damage":0,"enemies":"Jaw Worm","floor":5,"turns":1},{"damage":25,"enemies":"Lagavulin","floor":7,"turns":5},{"damage":9,"enemies":"3 Sentries","floor":12,"turns":3},{"damage":0,"enemies":"Looter","floor":13,"turns":2},{"damage":10,"enemies":"Slime Boss","floor":16,"turns":2},{"damage":3,"enemies":"2 Thieves","floor":18,"turns":2},{"damage":1,"enemies":"Spheric Guardian","floor":19,"turns":2},{"damage":8,"enemies":"Shelled Parasite and Fungi","floor":20,"turns":3},{"damage":23,"enemies":"Centurion and Healer","floor":22,"turns":4},{"damage":13,"enemies":"Slavers","floor":25,"turns":4},{"damage":24,"enemies":"Book of Stabbing","floor":29,"turns":5},{"damage":0,"enemies":"Snake Plant","floor":30,"turns":1},{"damage":32,"enemies":"Collector","floor":33,"turns":3},{"damage":24,"enemies":"3 Shapes","floor":35,"turns":3},{"damage":4,"enemies":"2 Orb Walkers","floor":36,"turns":4},{"damage":16,"enemies":"3 Darklings","floor":38,"turns":3},{"damage":32,"enemies":"Giant Head","floor":40,"turns":5},{"damage":70,"enemies":"Nemesis","floor":42,"turns":5},{"damage":17,"enemies":"Transient","floor":45,"turns":5},{"damage":28,"enemies":"Giant Head","floor":47,"turns":4},{"damage":106,"enemies":"Time Eater","floor":50,"turns":5}],"seed_played":"2213406453720442906","potions_obtained":[{"floor":1,"key":"Dexterity Potion"},{"floor":5,"key":"DistilledChaos"},{"floor":7,"key":"Strength Potion"},{"floor":12,"key":"Dexterity Potion"},{"floor":13,"key":"LiquidMemories"},{"floor":16,"key":"SkillPotion"},{"floor":20,"key":"Ancient Potion"},{"floor":25,"key":"DestinyDice"},{"floor":35,"key":"FearPotion"},{"floor":46,"key":"Fruit Juice"},{"floor":46,"key":"SteroidPotion"}],"is_trial":false,"path_per_floor":["M","$","M","?","M","R","E","$","T","R","T","E","M","?","R","B",null,"M","M","M","$","M","R","$","E","T","R","?","E","M","$","R","B",null,"M","?","$","M","$","E","?","E","T","R","M","$","E","?","R","B",null],"character_chosen":"REMILIA","items_purchased":["ScarletDevilSign","RedMagic","Ginger","Orrery","TypeBBloodRedTea","Matryoshka","Frozen Eye","BloodyHallows","Septette","AttackPotion","Question Card","Ancient Tea Set","Chemical X","Bronze Scales","ScarletDevilRocket","TheAbacus","ForecastOfChange","Toy Ornithopter","Akabeko","DollysMirror","FairyPotion","Girya","Pocketwatch","Lee\u0027s Waffle","ScarletCoffin","Explosive Potion","Mummified Hand","Bag of Preparation","DestinyDice","EquivalentExchange","Turnip","FairyMaid","Cauldron","SpeedPotion"],"campfire_rested":0,"item_purchase_floors":[2,2,2,2,8,8,8,8,8,8,21,21,21,24,24,24,24,31,31,31,31,37,37,37,37,37,39,39,39,39,46,46,46,46],"current_hp_per_floor":[75,75,75,75,75,75,50,50,60,60,60,58,65,65,65,61,85,82,84,83,83,62,62,62,67,67,67,67,56,63,63,63,46,85,61,95,106,97,97,96,96,62,62,62,106,116,116,116,116,62],"gold":94439,"neow_bonus":"THREE_ENEMY_KILL","is_daily":false,"chose_seed":false,"campfire_upgraded":8,"win_rate":0.0,"timestamp":1613405446,"path_taken":["M","$","?","?","M","R","E","$","T","R","?","E","M","?","R","BOSS","M","M","M","$","M","R","$","E","T","R","?","E","M","$","R","BOSS","M","?","$","M","$","E","?","E","T","R","M","$","E","?","R","BOSS"],"items_purchased_type":["Card","Card","Relic","Relic","Relic","Relic","Relic","Card","Card","Potion","Relic","Relic","Relic","Relic","Relic","Relic","Card","Relic","Relic","Relic","Potion","Relic","Relic","Relic","Card","Potion","Relic","Relic","Potion","Card","Relic","Relic","Relic","Potion"],"build_version":"2020-12-22","purchased_purges":6,"victory":true,"max_hp_per_floor":[75,75,75,75,75,75,75,75,85,85,85,85,85,85,85,85,85,85,85,85,85,85,85,85,85,85,85,85,85,85,85,85,85,85,85,99,106,106,106,106,106,106,106,106,106,116,116,116,116,116],"card_choices":[{"not_picked":["BloodAndWine","UnderTheZenith"],"picked":"DiffusionOfMisfortune","floor":1},{"not_picked":["MastersStateliness","CharismaGuard"],"picked":"FavorOfDestiny","floor":2},{"not_picked":["MiserableFate","NightLord"],"picked":"BatForm","floor":2},{"not_picked":["ScarletImprint","EndlessAdversity"],"picked":"BombardNight","floor":2},{"not_picked":["FavorOfDestiny","BloodHunter"],"picked":"RedMagic","floor":2},{"not_picked":["ScarletImprint","EndlessAdversity"],"picked":"TwelveNightmare","floor":2},{"not_picked":["FitfulNightmare","MastersStateliness"],"picked":"ScarletDevil","floor":3},{"not_picked":["EndlessAdversity","StarOfDavid"],"picked":"Stigmanizer","floor":5},{"not_picked":["ScarletDevil","UnderTheZenith"],"picked":"NightLord","floor":7},{"not_picked":["MastersStateliness","DiffusionOfMisfortune"],"picked":"HeartBreak","floor":12},{"not_picked":["BloodHunter","ScarletDream","UnderTheZenith"],"picked":"SKIP","floor":13},{"not_picked":["BatForm","BloodySeventeenLaser"],"picked":"BloodyCatastrophe","floor":16},{"not_picked":["StarOfDavid","ScarletGensokyo"],"picked":"MillenniumVampire+1","floor":18},{"not_picked":["BloodyTrap","BlasphemousPunishment"],"picked":"MiserableFate+1","floor":19},{"not_picked":["NightDance","UnstableMagic"],"picked":"RedNightlessCastle+1","floor":20},{"not_picked":["RedMagic","StarOfDavid","BlasphemousPunishment"],"picked":"BloodyCatastrophe","floor":22},{"not_picked":["StarOfDavid","EndlessAdversity","BlasphemousPunishment","UnderTheZenith"],"picked":"SKIP","floor":22},{"not_picked":["TwelveNightmare","ReincarnationDial","ChainGang"],"picked":"EternalNight+1","floor":25},{"not_picked":["HunterOfTheNight","RedRainbow","DiffusionOfMisfortune"],"picked":"VampireKiss+1","floor":29},{"not_picked":["BloodyCatastrophe","UnstableMagic","RedRainbow"],"picked":"GlobalNightmare+1","floor":30},{"not_picked":["ScarletCoffin","ChaoticDestiny","ScarletMeister"],"picked":"TricksterDevil","floor":33},{"not_picked":["CharismaGuard","StarOfDavid","FavorOfDestiny","MastersStateliness"],"picked":"SKIP","floor":35},{"not_picked":["BombardNight","BloodHunter","FavorOfDestiny+1"],"picked":"ScarletNetherworld+1","floor":36},{"not_picked":["UnstableMagic+1","Stigmanizer+1","RedRainbow+1"],"picked":"BloodyMagicSquare+1","floor":38},{"not_picked":["BloodySeventeenLaser","VampireSweep","BlasphemousPunishment","MillenniumVampire+1"],"picked":"SKIP","floor":40},{"not_picked":["VampireFantasy","RedNightlessCastle","BloodAndWine+1"],"picked":"NightDance+1","floor":42},{"not_picked":["Stigmanizer","RedRainbow","EternalNight","DiffusionOfMisfortune+1"],"picked":"SKIP","floor":45},{"not_picked":["UnstableMagic","MastersStateliness+1","VampireKiss+1"],"picked":"ScarletCoffin","floor":47}],"player_experience":86416,"relics_obtained":[{"floor":7,"key":"RedBat"},{"floor":9,"key":"Pear"},{"floor":9,"key":"AntiCross"},{"floor":11,"key":"Boot"},{"floor":11,"key":"Meat on the Bone"},{"floor":12,"key":"Ice Cream"},{"floor":25,"key":"Unceasing Top"},{"floor":26,"key":"Thread and Needle"},{"floor":29,"key":"Blood Vial"},{"floor":36,"key":"Mango"},{"floor":40,"key":"Frozen Egg 2"},{"floor":42,"key":"StoneCalendar"},{"floor":43,"key":"Kunai"},{"floor":47,"key":"Pen Nib"}],"event_choices":[{"damage_healed":0,"gold_gain":0,"player_choice":"Ignored","damage_taken":0,"max_hp_gain":0,"max_hp_loss":0,"event_name":"Golden Idol","floor":4,"gold_loss":0},{"damage_healed":0,"gold_gain":0,"player_choice":"Box","damage_taken":0,"relics_obtained":["Oddly Smooth Stone"],"max_hp_gain":0,"max_hp_loss":0,"event_name":"Big Fish","floor":14,"gold_loss":0,"cards_obtained":["Regret"]},{"damage_healed":0,"gold_gain":0,"cards_transformed":["Defend_RM","Defend_RM"],"player_choice":"Became Test Subject","damage_taken":0,"max_hp_gain":0,"max_hp_loss":0,"event_name":"Drug Dealer","floor":28,"gold_loss":0,"cards_obtained":["VampireFantasy","HeartBreak"]},{"damage_healed":0,"gold_gain":0,"player_choice":"Fight","damage_taken":0,"max_hp_gain":0,"max_hp_loss":0,"event_name":"Mysterious Sphere","floor":36,"gold_loss":0},{"damage_healed":0,"gold_gain":0,"player_choice":"Memory 1","damage_taken":0,"max_hp_gain":0,"max_hp_loss":0,"event_name":"SensoryStone","floor":41,"gold_loss":0},{"cards_removed":["RedMoon"],"damage_healed":0,"gold_gain":0,"player_choice":"Purged","damage_taken":0,"max_hp_gain":0,"max_hp_loss":0,"event_name":"Purifier","floor":48,"gold_loss":0}],"is_beta":false,"boss_relics":[{"not_picked":["Velvet Choker","Runic Pyramid"],"picked":"ScarletEmblem"},{"not_picked":["Coffee Dripper","Cursed Key"],"picked":"SacredBark"}],"items_purged_floors":[8,21,24,31,37,39],"is_endless":false,"potions_floor_spawned":[1,7,12,13,25,30,35,38,40],"ascension_level":2}}