{"host":"4nv61ujg37lx5d7m","time":1613369546,"event":{"mods":["BaseMod","Minty Spire (QoL Compilation)","Quick Restart"],"gold_per_floor":[118,118,43,43,59,91,107,107,107,137,151,151,186,186,186,260,260,279,279,279,279],"floor_reached":20,"language":"ZHS","playtime":860,"items_purged":["Strike_R"],"score":366,"play_id":"0d2a5439-b91e-4eb1-ae8c-9ecc3f3bda1b","local_time":"20210215141226","is_ascension_mode":true,"campfire_choices":[{"data":"Rampage","floor":8,"key":"SMITH"},{"floor":12,"key":"REST"},{"data":"Body Slam","floor":15,"key":"SMITH"}],"circlet_count":0,"master_deck":["AscendersBane","Strike_R","Strike_R","Defend_R+1","Defend_R","Defend_R","Defend_R+1","Bash","Evolve","Sever Soul","Hemokinesis","Rampage+1","Spot Weakness","Warcry","Battle Trance","Body Slam+1","Exhume","Shrug It Off+1"],"relics":["Burning Blood","NeowsBlessing","Question Card","White Beast Statue","Darkstone Periapt","Frozen Egg 2","Philosopher\u0027s Stone","Thread and Needle"],"acts_visited":["Exordium","TheCity"],"potions_floor_usage":[10,13,16,16,16,16,20],"damage_taken":[{"damage":0,"enemies":"Small Slimes","floor":1,"turns":1},{"damage":0,"enemies":"Jaw Worm","floor":5,"turns":1},{"damage":0,"enemies":"3 Sentries","floor":6,"turns":2},{"damage":6,"enemies":"2 Louse","floor":7,"turns":3},{"damage":36,"enemies":"Lagavulin","floor":10,"turns":5},{"damage":10,"enemies":"Gremlin Gang","floor":11,"turns":5},{"damage":20,"enemies":"3 Sentries","floor":13,"turns":7},{"damage":31,"enemies":"The Guardian","floor":16,"turns":11},{"damage":26,"enemies":"Spheric Guardian","floor":18,"turns":5},{"damage":41,"enemies":"3 Byrds","floor":20,"turns":4}],"seed_played":"7852680269087370586","potions_obtained":[{"floor":1,"key":"Explosive Potion"},{"floor":6,"key":"SpeedPotion"},{"floor":10,"key":"CultistPotion"},{"floor":11,"key":"ColorlessPotion"},{"floor":13,"key":"EntropicBrew"},{"floor":16,"key":"Energy Potion"},{"floor":18,"key":"ColorlessPotion"}],"is_trial":false,"path_per_floor":["M","?","$","?","M","E","M","R","T","E","M","R","E","?","R","B",null,"M","?","M"],"character_chosen":"IRONCLAD","items_purchased":[],"campfire_rested":1,"item_purchase_floors":[],"current_hp_per_floor":[74,59,59,59,65,71,71,71,71,41,37,59,45,38,38,13,60,40,40,0,0],"gold":279,"neow_bonus":"THREE_ENEMY_KILL","is_daily":false,"chose_seed":false,"campfire_upgraded":2,"win_rate":0.0,"timestamp":1613369546,"path_taken":["M","?","$","?","M","E","M","R","T","E","M","R","E","?","R","BOSS","M","?","M"],"items_purchased_type":[],"build_version":"2020-12-22","purchased_purges":1,"victory":false,"max_hp_per_floor":[75,75,75,75,75,75,75,75,75,75,75,75,75,75,75,75,75,75,75,75,75],"card_choices":[{"not_picked":["Warcry","Perfected Strike"],"picked":"Evolve","floor":1},{"not_picked":["Flame Barrier","Cleave"],"picked":"Hemokinesis","floor":5},{"not_picked":["Bloodletting","Blood for Blood"],"picked":"Rampage","floor":6},{"not_picked":["Rage","Infernal Blade","Bloodletting"],"picked":"Spot Weakness","floor":7},{"not_picked":["Flame Barrier","Spot Weakness","Sentinel"],"picked":"Warcry","floor":10},{"not_picked":["Shockwave","Disarm","Clash"],"picked":"Battle Trance","floor":11},{"not_picked":["Sword Boomerang","Havoc","Twin Strike"],"picked":"Body Slam","floor":13},{"not_picked":["Fiend Fire","Reaper","Limit Break"],"picked":"Exhume","floor":16},{"not_picked":["Sword Boomerang+1","Pommel Strike","Inflame+1"],"picked":"Shrug It Off+1","floor":18}],"player_experience":98158,"relics_obtained":[{"floor":6,"key":"Question Card"},{"floor":9,"key":"White Beast Statue"},{"floor":10,"key":"Darkstone Periapt"},{"floor":13,"key":"Frozen Egg 2"}],"event_choices":[{"damage_healed":0,"gold_gain":0,"player_choice":"Entered Light","damage_taken":15,"max_hp_gain":0,"max_hp_loss":0,"event_name":"Shining Light","floor":2,"gold_loss":0,"cards_upgraded":["Defend_R","Defend_R"]},{"damage_healed":0,"gold_gain":0,"cards_transformed":["Strike_R"],"player_choice":"Change","damage_taken":0,"max_hp_gain":0,"max_hp_loss":0,"event_name":"Living Wall","floor":4,"gold_loss":0,"cards_obtained":["Sever Soul"]},{"cards_removed":["Strike_R"],"damage_healed":0,"gold_gain":0,"player_choice":"Card Removal","damage_taken":7,"max_hp_gain":0,"max_hp_loss":0,"event_name":"Golden Wing","floor":14,"gold_loss":0},{"damage_healed":0,"gold_gain":0,"player_choice":"Gave Potion","damage_taken":0,"relics_obtained":["Thread and Needle"],"max_hp_gain":0,"max_hp_loss":0,"event_name":"WeMeetAgain","floor":19,"gold_loss":0}],"is_beta":false,"boss_relics":[{"not_picked":["Black Star","Tiny House"],"picked":"Philosopher\u0027s Stone"}],"items_purged_floors":[3],"is_endless":false,"potions_floor_spawned":[1,6,7,10,11,13,16,18],"killed_by":"3 Byrds","ascension_level":14}}