{"host":"c4445pi3lkcwywew","time":1613362663,"event":{"mods":["AchievementEnabler","BaseMod","Bestiary","Block Reminder","Colored Map","Minty Spire (QoL Compilation)"],"gold_per_floor":[117,117,292,307,326,357,357,150,200,234,251,251,95,95,95,191,191,204,204,222,242,242,271,271,300,323,323,323,150,164,39,39,142,142,157,157,173,173,189,189,219,230,284,302,152,152,202,202,202,202],"floor_reached":51,"language":"ENG","playtime":8594,"items_purged":["Doubt","Scrape","Cold Snap","Coolheaded"],"score":746,"play_id":"b9b9443d-da55-4efc-b8ba-f5326d797850","local_time":"20210214221743","is_ascension_mode":false,"campfire_choices":[{"data":"Buffer","floor":7.0,"key":"SMITH"},{"data":"Loop","floor":12,"key":"SMITH"},{"data":"Storm","floor":15,"key":"SMITH"},{"data":"Static Discharge","floor":24,"key":"SMITH"},{"data":"Capacitor","floor":28,"key":"SMITH"},{"data":"Amplify","floor":32,"key":"SMITH"},{"data":"Redo","floor":40,"key":"SMITH"},{"data":"Defragment","floor":46,"key":"SMITH"},{"data":"Seek","floor":49,"key":"SMITH"}],"circlet_count":0,"master_deck":["Zap+1","Dualcast","Ball Lightning","Ball Lightning","Buffer+1","Static Discharge+1","Loop+1","Steam","Storm+1","Steam Power","Jack Of All Trades","Seek","Electrodynamics","Rebound","FTL","Steam Power","Steam","Leap","Ghostly","Ghostly","Ghostly","Ghostly","Ghostly","Echo Form","Amplify+1","Capacitor+1","Self Repair","Loop+1","Thunder Strike","Redo+1","Seek+1","Defragment+1"],"relics":["Cracked Core","Ancient Tea Set","War Paint","Omamori","Meat on the Bone","Art of War","Pandora\u0027s Box","Centennial Puzzle","Calipers","Tiny Chest","Velvet Choker","Bag of Preparation","Ginger","Strawberry","FossilizedHelix"],"acts_visited":["Exordium","TheCity","TheBeyond"],"potions_floor_usage":[10,16,25,30,47,50],"damage_taken":[{"damage":1.0,"enemies":"Jaw Worm","floor":1.0,"turns":3.0},{"damage":7.0,"enemies":"Small Slimes","floor":4.0,"turns":3.0},{"damage":0.0,"enemies":"Cultist","floor":5.0,"turns":2.0},{"damage":8.0,"enemies":"Lagavulin","floor":6.0,"turns":7.0},{"damage":14,"enemies":"3 Sentries","floor":10,"turns":5},{"damage":0,"enemies":"Large Slime","floor":11,"turns":5},{"damage":0,"enemies":"Slime Boss","floor":16,"turns":3},{"damage":2,"enemies":"Chosen","floor":18,"turns":4},{"damage":6,"enemies":"Shell Parasite","floor":20,"turns":5},{"damage":0,"enemies":"Centurion and Healer","floor":21,"turns":5},{"damage":13,"enemies":"Slavers","floor":23,"turns":2},{"damage":9,"enemies":"Gremlin Leader","floor":25,"turns":5},{"damage":15,"enemies":"Cultist and Chosen","floor":30,"turns":5},{"damage":3,"enemies":"Collector","floor":33,"turns":8},{"damage":39,"enemies":"3 Shapes","floor":35,"turns":4},{"damage":0,"enemies":"Orb Walker","floor":37,"turns":4},{"damage":16,"enemies":"3 Darklings","floor":39,"turns":3},{"damage":4,"enemies":"Nemesis","floor":41,"turns":6},{"damage":3,"enemies":"Transient","floor":42,"turns":5},{"damage":14,"enemies":"4 Shapes","floor":44,"turns":6},{"damage":20,"enemies":"Mind Bloom Boss Battle","floor":47,"turns":6},{"damage":7,"enemies":"Time Eater","floor":50,"turns":8}],"seed_played":"3014483172530503993","potions_obtained":[{"floor":6.0,"key":"Swift Potion"},{"floor":10,"key":"AttackPotion"},{"floor":11,"key":"FearPotion"},{"floor":18,"key":"Fire Potion"},{"floor":23,"key":"PotionOfCapacity"},{"floor":25,"key":"SpeedPotion"},{"floor":30,"key":"SkillPotion"},{"floor":42,"key":"SteroidPotion"}],"is_trial":false,"path_per_floor":["M","?","?","M","M","E","R","$","T","E","M","R","$","?","R","B",null,"M","?","M","M","?","E","R","E","T","?","R","$","M","$","R","B",null,"M","$","M","T","M","R","E","M","T","M","$","R","?","?","R","B",null],"character_chosen":"DEFECT","items_purchased":["Loop","Steam","Art of War","Self Repair"],"campfire_rested":0,"item_purchase_floors":[8,8,13,29],"current_hp_per_floor":[81,74,74,67,67,59,59,59,59,45,45,45,45,45,45,45,82,80,41,35,35,35,22,22,25,25,25,25,25,29,29,29,33,41,14,14,40,40,24,24,41,38,45,45,45,45,32,32,32,25],"gold":202,"neow_bonus":"TEN_PERCENT_HP_BONUS","is_daily":false,"chose_seed":false,"campfire_upgraded":9,"win_rate":0.0,"timestamp":1613362663,"path_taken":["M","?","?","M","M","E","R","$","T","E","M","R","$","?","R","BOSS","M","?","M","M","?","E","R","E","T","?","R","$","M","?","R","BOSS","M","?","M","?","M","R","E","M","T","M","$","R","?","?","R","BOSS"],"items_purchased_type":["Card","Card","Relic","Card"],"build_version":"2020-12-22","purchased_purges":4,"victory":true,"max_hp_per_floor":[82,82,82,82,82,82,82,82,82,82,82,82,82,82,82,82,82,82,41,41,41,41,41,41,41,41,41,41,41,41,41,41,41,41,41,41,41,41,41,41,41,41,48,48,48,48,48,48,48,48],"card_choices":[{"not_picked":["Stack","Redo"],"picked":"Ball Lightning","floor":1.0},{"not_picked":["Darkness","Steam"],"picked":"Ball Lightning","floor":4.0},{"not_picked":["Go for the Eyes","Barrage"],"picked":"Buffer","floor":5.0},{"not_picked":["Leap","White Noise"],"picked":"Static Discharge","floor":6.0},{"not_picked":["Hologram","Static Discharge"],"picked":"Storm","floor":10},{"not_picked":["Gash","Steam"],"picked":"Steam Power","floor":11},{"not_picked":["Buffer","Biased Cognition"],"picked":"Electrodynamics","floor":16},{"not_picked":["Chill+1","Compile Driver","Blizzard+1"],"picked":"SKIP","floor":18},{"not_picked":["Storm","Leap","Barrage"],"picked":"SKIP","floor":20},{"not_picked":["Sweeping Beam","Lockon","Gash"],"picked":"SKIP","floor":21},{"not_picked":["Steam Power","Heatsinks"],"picked":"Echo Form","floor":23},{"not_picked":["Hologram+1","Heatsinks"],"picked":"Amplify","floor":25},{"not_picked":["Storm+1","Scrape"],"picked":"Loop+1","floor":30},{"not_picked":["Electrodynamics","Biased Cognition"],"picked":"Thunder Strike","floor":33},{"not_picked":["FTL","Doom and Gloom","Gash+1"],"picked":"SKIP","floor":35},{"not_picked":["Leap","Steam"],"picked":"Redo","floor":37},{"not_picked":["Gash+1","Cold Snap+1","Beam Cell"],"picked":"SKIP","floor":39},{"not_picked":["Steam+1","Undo+1","Redo"],"picked":"SKIP","floor":41},{"not_picked":["Rebound+1","Go for the Eyes+1"],"picked":"Seek","floor":42},{"not_picked":["Darkness+1","Rebound"],"picked":"Defragment","floor":44}],"player_experience":143292,"relics_obtained":[{"floor":6.0,"key":"War Paint"},{"floor":9,"key":"Omamori"},{"floor":10,"key":"Meat on the Bone"},{"floor":23,"key":"Centennial Puzzle"},{"floor":25,"key":"Calipers"},{"floor":26,"key":"Tiny Chest"},{"floor":38,"key":"Bag of Preparation"},{"floor":41,"key":"Ginger"},{"floor":43,"key":"Strawberry"},{"floor":47,"key":"FossilizedHelix"}],"event_choices":[{"damage_healed":0.0,"max_hp_gain":0.0,"max_hp_loss":0.0,"gold_gain":0.0,"event_name":"Scrap Ooze","player_choice":"Success","floor":2.0,"gold_loss":0.0,"damage_taken":7.0,"relics_obtained":["Ancient Tea Set"]},{"damage_healed":0.0,"max_hp_gain":0.0,"max_hp_loss":0.0,"gold_gain":175.0,"event_name":"Liars Game","player_choice":"AGREE","floor":3.0,"gold_loss":0.0,"damage_taken":0.0,"cards_obtained":["Doubt"]},{"damage_healed":0,"gold_gain":0,"player_choice":"2 cards matched","damage_taken":0,"max_hp_gain":0,"max_hp_loss":0,"event_name":"Match and Keep!","floor":14,"gold_loss":0,"cards_obtained":["Jack Of All Trades","Seek"]},{"damage_healed":0,"gold_gain":0,"player_choice":"Became a Ghost","damage_taken":0,"max_hp_gain":0,"max_hp_loss":41,"event_name":"Ghosts","floor":19,"gold_loss":0,"cards_obtained":["Ghostly","Ghostly","Ghostly","Ghostly","Ghostly"]},{"damage_healed":0,"gold_gain":0,"player_choice":"Ignored","damage_taken":0,"max_hp_gain":0,"max_hp_loss":0,"event_name":"Vampires","floor":22,"gold_loss":0},{"damage_healed":0,"gold_gain":0,"player_choice":"Read","damage_taken":0,"max_hp_gain":0,"max_hp_loss":0,"event_name":"The Library","floor":27,"gold_loss":0,"cards_obtained":["Capacitor"]},{"damage_healed":0,"gold_gain":0,"player_choice":"Fight","damage_taken":0,"max_hp_gain":0,"max_hp_loss":0,"event_name":"MindBloom","floor":47,"gold_loss":0},{"damage_healed":0,"gold_gain":0,"player_choice":"Ignored","damage_taken":0,"max_hp_gain":0,"max_hp_loss":0,"event_name":"Tomb of Lord Red Mask","floor":48,"gold_loss":0}],"is_beta":false,"boss_relics":[{"not_picked":["Coffee Dripper","Black Star"],"picked":"Pandora\u0027s Box"},{"not_picked":["SacredBark","Busted Crown"],"picked":"Velvet Choker"}],"items_purged_floors":[8,29,31,45],"is_endless":false,"potions_floor_spawned":[6,10,11,18,23,25,30,35,42],"ascension_level":0}}