{"host":"or8fr2mp0k3eluj8","time":1613419864,"event":{"mods":["AchievementEnabler","BaseMod","Colored Map","DeckTracker","Minty Spire (QoL Compilation)","StSLib","SuperFastMode"],"gold_per_floor":[116,40,115,128,141,141,169,169,192,221,278,278,296,370,370,468,468,484,484,498,508,508,508,527,527,551,576,588,600,638,23,23,125,125,141,160,60,60,71,96,30,44,123,123,25,42,42,71,71,71,71,71,71,104,104,104],"floor_reached":55,"language":"KOR","playtime":1680,"items_purged":["Strike_R","Strike_R"],"score":837,"play_id":"b7f57392-eb9d-4aff-8819-c9c3ccf82c3c","local_time":"20210216051104","is_ascension_mode":true,"campfire_choices":[{"data":"Bash","floor":6,"key":"SMITH"},{"data":"Heavy Blade","floor":8,"key":"SMITH"},{"floor":12,"key":"REST"},{"data":"Inflame","floor":15,"key":"SMITH"},{"data":"Inflame","floor":23,"key":"SMITH"},{"data":"Limit Break","floor":25,"key":"SMITH"},{"data":"Sword Boomerang","floor":28,"key":"SMITH"},{"floor":32,"key":"REST"},{"floor":44,"key":"RECALL"},{"data":"Demon Form","floor":47,"key":"SMITH"},{"data":"Battle Trance","floor":49,"key":"SMITH"},{"data":"Shrug It Off","floor":52,"key":"SMITH"}],"circlet_count":0,"master_deck":["Defend_R","Defend_R","Defend_R","Bash+1","Shrug It Off+1","Battle Trance+1","Heavy Blade+1","Thunderclap","Inflame+1","Inflame+1","Shockwave+1","Limit Break+1","Sword Boomerang+1","Anger","Ghostly Armor","Flex+1","Demon Form+1","Seeing Red+1"],"relics":["Burning Blood","PreservedInsect","Boot","Shuriken","Mercury Hourglass","Empty Cage","MawBank","Akabeko","Meat on the Bone","Incense Burner","Coffee Dripper","Turnip","Bag of Marbles","Gremlin Horn","Eternal Feather","Pen Nib"],"acts_visited":["Exordium","TheCity","TheBeyond","TheEnding"],"potions_floor_usage":[10,45,54],"damage_taken":[{"damage":1,"enemies":"Cultist","floor":1,"turns":4},{"damage":7,"enemies":"Jaw Worm","floor":4,"turns":3},{"damage":1,"enemies":"2 Louse","floor":5,"turns":4},{"damage":24,"enemies":"Gremlin Nob","floor":7,"turns":4},{"damage":25,"enemies":"Lagavulin","floor":10,"turns":4},{"damage":18,"enemies":"Gremlin Nob","floor":11,"turns":3},{"damage":11,"enemies":"Blue Slaver","floor":13,"turns":3},{"damage":40,"enemies":"The Guardian","floor":16,"turns":9},{"damage":17,"enemies":"Chosen","floor":18,"turns":6},{"damage":0,"enemies":"Spheric Guardian","floor":20,"turns":2},{"damage":26,"enemies":"3 Cultists","floor":21,"turns":5},{"damage":53,"enemies":"Cultist and Chosen","floor":24,"turns":5},{"damage":3,"enemies":"Sentry and Sphere","floor":27,"turns":3},{"damage":24,"enemies":"Book of Stabbing","floor":30,"turns":5},{"damage":19,"enemies":"Champ","floor":33,"turns":5},{"damage":32,"enemies":"3 Darklings","floor":35,"turns":3},{"damage":12,"enemies":"3 Shapes","floor":36,"turns":2},{"damage":8,"enemies":"Jaw Worm Horde","floor":39,"turns":3},{"damage":52,"enemies":"Nemesis","floor":40,"turns":5},{"damage":9,"enemies":"Writhing Mass","floor":42,"turns":4},{"damage":14,"enemies":"Spire Growth","floor":46,"turns":3},{"damage":4,"enemies":"Giant Head","floor":48,"turns":5},{"damage":43,"enemies":"Time Eater","floor":50,"turns":7},{"damage":79,"enemies":"Shield and Spear","floor":54,"turns":4},{"damage":66,"enemies":"The Heart","floor":55,"turns":3}],"seed_played":"7426243241858214115","potions_obtained":[{"floor":1,"key":"DistilledChaos"},{"floor":5,"key":"BloodPotion"},{"floor":10,"key":"FearPotion"},{"floor":13,"key":"FearPotion"},{"floor":27,"key":"Weak Potion"}],"is_trial":false,"path_per_floor":["M","$","?","M","M","R","E","R","T","E","?","R","M","T","R","B",null,"M","?","M","M","?","R","M","R","T","M","R","?","E","$","R","B",null,"M","M","$","$","M","E","?","M","T","R","$","M","R","E","R","B",null,"R","$","E","B"],"character_chosen":"IRONCLAD","items_purchased":["Battle Trance","Meat on the Bone","Incense Burner","FairyPotion"],"campfire_rested":2,"item_purchase_floors":[2,31,31,45],"current_hp_per_floor":[88,88,77,76,81,81,63,63,63,44,32,58,53,53,53,19,88,77,77,83,63,88,88,41,41,41,44,44,44,26,26,52,51,88,62,56,56,56,54,20,20,29,29,29,46,50,50,52,61,36,88,88,88,27,0,0],"gold":104,"neow_bonus":"TEN_PERCENT_HP_BONUS","is_daily":false,"chose_seed":false,"campfire_upgraded":9,"win_rate":0.0,"timestamp":1613419864,"path_taken":["M","?","?","M","M","R","E","R","T","E","?","R","M","?","R","BOSS","M","?","M","M","?","R","M","R","T","?","R","?","E","$","R","BOSS","M","M","?","$","M","E","?","M","T","R","$","M","R","E","R","BOSS","R","$","E","BOSS"],"items_purchased_type":["Card","Relic","Relic","Potion"],"build_version":"2020-12-22","purchased_purges":2,"victory":false,"max_hp_per_floor":[88,88,88,88,88,88,88,88,88,88,88,88,88,88,88,88,88,88,88,88,88,88,88,88,88,88,88,88,88,88,88,88,88,88,88,88,88,88,88,88,88,88,88,88,88,88,88,88,88,88,88,88,88,88,88,88],"card_choices":[{"not_picked":["Clash","Power Through"],"picked":"Shrug It Off","floor":1},{"not_picked":["Dropkick","Combust"],"picked":"Heavy Blade","floor":4},{"not_picked":["Reckless Charge","Heavy Blade"],"picked":"Thunderclap","floor":5},{"not_picked":["Armaments","Havoc"],"picked":"Inflame","floor":7},{"not_picked":["True Grit","Feel No Pain"],"picked":"Inflame","floor":10},{"not_picked":["Fire Breathing","Armaments"],"picked":"Shockwave","floor":13},{"not_picked":["Juggernaut","Corruption"],"picked":"Limit Break","floor":16},{"not_picked":["Blood for Blood+1","Perfected Strike"],"picked":"Sword Boomerang","floor":18},{"not_picked":["Bloodletting","Anger+1","Power Through"],"picked":"SKIP","floor":20},{"not_picked":["Feel No Pain+1","Perfected Strike","Thunderclap"],"picked":"SKIP","floor":21},{"not_picked":["True Grit","Whirlwind","Dark Embrace"],"picked":"SKIP","floor":24},{"not_picked":["Rampage+1","Infernal Blade","Body Slam"],"picked":"SKIP","floor":27},{"not_picked":["Sword Boomerang","Clash","Body Slam+1"],"picked":"SKIP","floor":30},{"not_picked":["Cleave","Searing Blow","Iron Wave"],"picked":"SKIP","floor":35},{"not_picked":["True Grit","Clash"],"picked":"Flex+1","floor":36},{"not_picked":["Perfected Strike","Warcry+1","Clash"],"picked":"SKIP","floor":39},{"not_picked":["Cleave+1","Battle Trance","Rage+1"],"picked":"SKIP","floor":40},{"not_picked":["Thunderclap","Havoc+1"],"picked":"Demon Form","floor":42},{"not_picked":["Sword Boomerang","Clash+1"],"picked":"Seeing Red+1","floor":46},{"not_picked":["Cleave","Pummel+1","Ghostly Armor"],"picked":"SKIP","floor":48},{"not_picked":["Uppercut+1","Blood for Blood+1","Perfected Strike+1"],"picked":"SKIP","floor":54}],"player_experience":351357,"relics_obtained":[{"floor":7,"key":"PreservedInsect"},{"floor":10,"key":"Boot"},{"floor":11,"key":"Shuriken"},{"floor":14,"key":"Mercury Hourglass"},{"floor":26,"key":"MawBank"},{"floor":30,"key":"Akabeko"},{"floor":40,"key":"Turnip"},{"floor":43,"key":"Gremlin Horn"},{"floor":48,"key":"Eternal Feather"},{"floor":54,"key":"Pen Nib"}],"event_choices":[{"damage_healed":0,"gold_gain":75,"player_choice":"Gather Gold","damage_taken":11,"max_hp_gain":0,"max_hp_loss":0,"event_name":"World of Goop","floor":3,"gold_loss":0},{"damage_healed":0,"gold_gain":0,"player_choice":"Searched \u00271\u0027 times","damage_taken":0,"max_hp_gain":0,"max_hp_loss":0,"event_name":"Dead Adventurer","floor":11,"gold_loss":0},{"damage_healed":0,"gold_gain":0,"cards_transformed":["Strike_R","Defend_R"],"player_choice":"Became Test Subject","damage_taken":0,"max_hp_gain":0,"max_hp_loss":0,"event_name":"Drug Dealer","floor":19,"gold_loss":0,"cards_obtained":["Anger","Ghostly Armor"]},{"damage_healed":25,"gold_gain":0,"player_choice":"Full Heal","damage_taken":0,"max_hp_gain":0,"max_hp_loss":0,"event_name":"Wheel of Change","floor":22,"gold_loss":0},{"damage_healed":0,"gold_gain":0,"player_choice":"Upgraded","damage_taken":0,"max_hp_gain":0,"max_hp_loss":0,"event_name":"Upgrade Shrine","floor":29,"gold_loss":0,"cards_upgraded":["Shockwave"]},{"damage_healed":0,"gold_gain":0,"player_choice":"Paid Gold","damage_taken":0,"relics_obtained":["Bag of Marbles"],"max_hp_gain":0,"max_hp_loss":0,"event_name":"WeMeetAgain","floor":41,"gold_loss":66}],"is_beta":false,"boss_relics":[{"not_picked":["Velvet Choker","Mark of Pain"],"picked":"Empty Cage"},{"not_picked":["Calling Bell","Busted Crown"],"picked":"Coffee Dripper"}],"items_purged_floors":[31,37],"is_endless":false,"potions_floor_spawned":[1,5,10,13,20,27,30,33,35,36,40,46],"killed_by":"The Heart","ascension_level":3}}