{"host":"jpqwruqnh1dd5q7l","time":1613427881,"event":{"mods":["AchievementEnabler","Alarm Clock","BaseMod","Better Altar","Better Match","Better Note","Better Sensory Stone","Better Skull","Chat Monstrosity","ChefMod","Colored Powertips","Curses Come First","Hermit","Marisa????????","Minty Spire (QoL Compilation)","Rare Cards Sparkle","Relic Sorter","Shop Mod","Spire Birthday Party","StSLib","The Disciple","The Exalted","slay the spire mod where everything is the same but ironclad has a cowboy hat"],"gold_per_floor":[117,137,237,257,277,277,293,293,342,361,361,361,436,446,446,546,546,557,557,569,586,586,586],"floor_reached":22,"language":"ENG","playtime":2363,"items_purged":[],"score":180,"play_id":"30c112e8-db12-4c21-8752-c75f664245f7","local_time":"20210215172441","is_ascension_mode":false,"campfire_choices":[{"data":"chefmod:TonkotsuRamen","floor":6,"key":"SMITH"},{"floor":15,"key":"REST"}],"circlet_count":0,"master_deck":["chefmod:Strike+1","chefmod:Strike","chefmod:Strike","chefmod:Strike","chefmod:QuickThaw","chefmod:Defend","chefmod:Defend","chefmod:Defend","chefmod:Defend","chefmod:TodaysSpecial","chefmod:CleanHouse","chefmod:HotSoup","chefmod:TonkotsuRamen+1","chefmod:Leftovers+1","chefmod:Julienne","chefmod:IcePick","chefmod:Julienne","chefmod:OrderUp","chefmod:DinoKale","chefmod:SearedScallops","chefmod:Cleavers"],"relics":["chefmod:TrustyPot","Bronze Scales","Darkstone Periapt","Runic Dome"],"acts_visited":["Exordium","TheCity"],"potions_floor_usage":[10,16,16,22,22],"damage_taken":[{"damage":5,"enemies":"Small Slimes","floor":1,"turns":4},{"damage":0,"enemies":"Cultist","floor":2,"turns":4},{"damage":0,"enemies":"2 Louse","floor":4,"turns":4},{"damage":0,"enemies":"2 Fungi Beasts","floor":5,"turns":4},{"damage":0,"enemies":"Looter","floor":7,"turns":4},{"damage":4,"enemies":"Exordium Wildlife","floor":10,"turns":4},{"damage":0,"enemies":"Blue Slaver","floor":14,"turns":3},{"damage":7,"enemies":"Slime Boss","floor":16,"turns":9},{"damage":24,"enemies":"Shell Parasite","floor":18,"turns":4},{"damage":11,"enemies":"Chosen","floor":20,"turns":5},{"damage":28,"enemies":"Snake Plant","floor":21,"turns":5},{"damage":36,"enemies":"Centurion and Healer","floor":22,"turns":7}],"seed_played":"6704627116366046731","potions_obtained":[{"floor":2,"key":"PowerPotion"},{"floor":4,"key":"Block Potion"},{"floor":7,"key":"Weak Potion"},{"floor":16,"key":"DuplicationPotion"},{"floor":20,"key":"SkillPotion"},{"floor":21,"key":"Strength Potion"}],"is_trial":false,"path_per_floor":["M","M","?","M","M","R","M","?","T","M","?","?","?","M","R","B",null,"M","?","M","M","M"],"character_chosen":"THE_CHEF","items_purchased":[],"campfire_rested":1,"item_purchase_floors":[],"current_hp_per_floor":[78,78,78,78,78,78,78,61,61,57,63,56,45,45,71,64,89,65,65,54,26,0,0],"gold":586,"neow_bonus":"TEN_PERCENT_HP_BONUS","is_daily":false,"chose_seed":false,"campfire_upgraded":1,"win_rate":0.0,"timestamp":1613427881,"path_taken":["M","M","?","M","?","R","M","?","T","M","?","?","?","M","R","BOSS","M","?","M","M","M"],"items_purchased_type":[],"build_version":"2020-12-22","purchased_purges":0,"victory":false,"max_hp_per_floor":[83,83,83,83,83,83,83,83,83,83,89,89,89,89,89,89,89,89,89,89,89,89,89],"card_choices":[{"not_picked":["chefmod:LocoMoco","chefmod:HotSoup"],"picked":"chefmod:CleanHouse","floor":1},{"not_picked":["chefmod:FryPan","chefmod:ZaruSoba"],"picked":"chefmod:HotSoup","floor":2},{"not_picked":["chefmod:Escargot","chefmod:Mince"],"picked":"chefmod:TonkotsuRamen","floor":4},{"not_picked":["chefmod:FireUp","chefmod:ZaruSoba"],"picked":"chefmod:Leftovers","floor":5},{"not_picked":["chefmod:FireUp","chefmod:ZaruSoba"],"picked":"chefmod:Julienne","floor":7},{"not_picked":["chefmod:Omelette","chefmod:BleedOut"],"picked":"chefmod:IcePick","floor":10},{"not_picked":["chefmod:Fillet","chefmod:Gelato"],"picked":"chefmod:Julienne","floor":14},{"not_picked":["chefmod:Tenderizer","chefmod:CandyBowl"],"picked":"chefmod:OrderUp","floor":16},{"not_picked":["chefmod:ZaruSoba+1","chefmod:IcePick"],"picked":"chefmod:DinoKale","floor":18},{"not_picked":["chefmod:IcePick+1","chefmod:FullCourseMeal"],"picked":"chefmod:SearedScallops","floor":20},{"not_picked":["chefmod:IcePick","chefmod:OldCookbook"],"picked":"chefmod:Cleavers","floor":21}],"player_experience":188222,"relics_obtained":[{"floor":9,"key":"Bronze Scales"}],"event_choices":[{"damage_healed":0,"gold_gain":100,"player_choice":"Pray","damage_taken":0,"max_hp_gain":0,"max_hp_loss":0,"event_name":"Golden Shrine","floor":3,"gold_loss":0},{"damage_healed":0,"gold_gain":0,"player_choice":"Entered Light","damage_taken":17,"max_hp_gain":0,"max_hp_loss":0,"event_name":"Shining Light","floor":8,"gold_loss":0,"cards_upgraded":["chefmod:Leftovers","chefmod:Strike"]},{"damage_healed":0,"gold_gain":0,"player_choice":"Box","damage_taken":0,"relics_obtained":["Darkstone Periapt"],"max_hp_gain":0,"max_hp_loss":0,"event_name":"Big Fish","floor":11,"gold_loss":0,"cards_obtained":["Regret"]},{"cards_removed":["Regret"],"damage_healed":0,"gold_gain":0,"player_choice":"Card Removal","damage_taken":7,"max_hp_gain":0,"max_hp_loss":0,"event_name":"Golden Wing","floor":12,"gold_loss":0},{"damage_healed":0,"gold_gain":75,"player_choice":"Gather Gold","damage_taken":11,"max_hp_gain":0,"max_hp_loss":0,"event_name":"World of Goop","floor":13,"gold_loss":0},{"damage_healed":0,"gold_gain":0,"player_choice":"Ignored","damage_taken":0,"max_hp_gain":0,"max_hp_loss":0,"event_name":"betterNote:BetterNote","floor":19,"gold_loss":0,"cards_obtained":["Bromod:ShatteringImpact"]}],"is_beta":false,"boss_relics":[{"not_picked":["Busted Crown","Velvet Choker"],"picked":"Runic Dome"}],"items_purged_floors":[],"is_endless":false,"potions_floor_spawned":[2,4,7,16,20,21],"killed_by":"Centurion and Healer","ascension_level":0}}