{"host":"sav7uxregyirlf69","time":1613431801,"event":{"mods":["AchievementEnabler","BaseMod","Colored Map","DeckTracker","Keyboard Shortcuts","Minty Spire (QoL Compilation)","READ ME - Guardian Mod","StSLib","SuperFastMode"],"gold_per_floor":[109,122,135,38,38,38,58,91,91,111,129,54,54,67,67,144,144,158,158,158,83,83,83,83,83],"floor_reached":24,"language":"KOR","playtime":339,"items_purged":["Strike_R"],"score":392,"play_id":"1caeefa1-f4d2-4d3e-b576-540d96077c44","local_time":"20210216083001","is_ascension_mode":true,"campfire_choices":[{"data":"Pommel Strike","floor":6,"key":"SMITH"},{"data":"Armaments","floor":13,"key":"SMITH"},{"data":"Finesse","floor":15,"key":"SMITH"},{"floor":23,"key":"REST"}],"circlet_count":0,"master_deck":["AscendersBane","Strike_R","Strike_R","Strike_R","Defend_R","Defend_R","Defend_R","Defend_R","Bash+1","Flex+1","Second Wind","Pommel Strike+1","Finesse+1","Pummel","Armaments+1","Anger","Shockwave","Offering"],"relics":["Burning Blood","Unceasing Top","Ornamental Fan","Sozu"],"acts_visited":["Exordium","TheCity"],"potions_floor_usage":[8,16,24],"damage_taken":[{"damage":6,"enemies":"Cultist","floor":1,"turns":3},{"damage":7,"enemies":"2 Louse","floor":2,"turns":3},{"damage":14,"enemies":"Jaw Worm","floor":3,"turns":4},{"damage":9,"enemies":"2 Fungi Beasts","floor":7,"turns":3},{"damage":8,"enemies":"Gremlin Nob","floor":8,"turns":3},{"damage":4,"enemies":"Blue Slaver","floor":10,"turns":2},{"damage":6,"enemies":"Looter","floor":11,"turns":2},{"damage":0,"enemies":"Exordium Thugs","floor":14,"turns":3},{"damage":43,"enemies":"The Guardian","floor":16,"turns":11},{"damage":22,"enemies":"Shell Parasite","floor":18,"turns":4},{"damage":56,"enemies":"Gremlin Leader","floor":24,"turns":4}],"seed_played":"6345815068604470261","potions_obtained":[{"floor":3,"key":"FearPotion"},{"floor":8,"key":"Explosive Potion"},{"floor":14,"key":"DuplicationPotion"},{"floor":16,"key":"Energy Potion"}],"is_trial":false,"path_per_floor":["M","M","M","$","?","R","M","E","T","M","M","?","R","M","R","B",null,"M","?","?","$","?","R","E"],"character_chosen":"IRONCLAD","items_purchased":["Finesse"],"campfire_rested":1,"item_purchase_floors":[4],"current_hp_per_floor":[75,74,66,66,41,41,38,36,36,38,38,38,38,44,44,7,63,47,47,23,23,23,49,0,0],"gold":83,"neow_bonus":"TEN_PERCENT_HP_BONUS","is_daily":false,"chose_seed":false,"campfire_upgraded":3,"win_rate":0.0,"timestamp":1613431801,"path_taken":["M","M","M","?","?","R","M","E","T","M","M","?","R","M","R","BOSS","M","?","?","$","?","R","E"],"items_purchased_type":["Card"],"build_version":"2020-12-22","purchased_purges":1,"victory":false,"max_hp_per_floor":[82,82,82,82,82,82,82,82,82,82,82,82,82,82,82,82,82,82,82,87,87,87,87,87,87],"card_choices":[{"not_picked":["Heavy Blade","Searing Blow"],"picked":"Flex","floor":1},{"not_picked":["Perfected Strike","Havoc"],"picked":"Second Wind","floor":2},{"not_picked":["Flex","Iron Wave"],"picked":"Pommel Strike","floor":3},{"not_picked":["Dual Wield","Havoc"],"picked":"Pummel","floor":7},{"not_picked":["Clothesline","Brutality"],"picked":"Armaments","floor":8},{"not_picked":["Wild Strike","Flex"],"picked":"Anger","floor":10},{"not_picked":["Metallicize","Heavy Blade"],"picked":"Shockwave","floor":11},{"not_picked":["Flex","Headbutt","Thunderclap"],"picked":"SKIP","floor":14},{"not_picked":["Fiend Fire","Bludgeon"],"picked":"Offering","floor":16},{"not_picked":["Wild Strike","Armaments","Clothesline"],"picked":"SKIP","floor":18}],"player_experience":1585780,"relics_obtained":[{"floor":8,"key":"Unceasing Top"},{"floor":9,"key":"Ornamental Fan"}],"event_choices":[{"damage_healed":0,"gold_gain":0,"player_choice":"Entered Light","damage_taken":25,"max_hp_gain":0,"max_hp_loss":0,"event_name":"Shining Light","floor":5,"gold_loss":0,"cards_upgraded":["Flex","Bash"]},{"cards_removed":["Strike_R"],"damage_healed":0,"gold_gain":0,"player_choice":"Card Removal","damage_taken":0,"max_hp_gain":0,"max_hp_loss":0,"event_name":"The Cleric","floor":12,"gold_loss":75},{"damage_healed":0,"gold_gain":0,"player_choice":"Ignored","damage_taken":0,"max_hp_gain":0,"max_hp_loss":0,"event_name":"Vampires","floor":19,"gold_loss":0},{"damage_healed":0,"gold_gain":0,"player_choice":"Shed Blood","damage_taken":29,"max_hp_gain":5,"max_hp_loss":0,"event_name":"Forgotten Altar","floor":20,"gold_loss":0}],"is_beta":false,"boss_relics":[{"not_picked":["Ectoplasm","SlaversCollar"],"picked":"Sozu"}],"items_purged_floors":[21],"is_endless":false,"potions_floor_spawned":[3,8,14,16,18],"killed_by":"Gremlin Leader","ascension_level":20}}