{"host":"o88u0awh8mkwl1l8","time":1613368215,"event":{"mods":["BaseMod","Colored Map","Highlight Path","Minty Spire (QoL Compilation)"],"gold_per_floor":[364,378,395,411,256,256,267,417,468,368,368,394,404,113,113,191,191,201,218,142,142,152,152,152],"floor_reached":23,"language":"JPN","playtime":1458,"items_purged":["Defend_P","Doubt","Strike_P"],"score":436,"play_id":"9784409b-7fb0-4ff7-9cf5-c5f933d6fa17","local_time":"20210215145015","is_ascension_mode":true,"campfire_choices":[{"data":"TalkToTheHand","floor":6,"key":"SMITH"},{"data":"BowlingBash","floor":11,"key":"SMITH"},{"data":"Devotion","floor":15,"key":"SMITH"}],"circlet_count":0,"master_deck":["AscendersBane","Strike_P","Strike_P","Strike_P","Defend_P","Defend_P","Defend_P","Eruption","Vigilance","CutThroughFate","ClearTheMind","TalkToTheHand","TalkToTheHand+1","BowlingBash+1","Devotion+1","WheelKick","Vault","Protect+1","BattleHymn"],"relics":["PureWater","Damaru","Darkstone Periapt","Frozen Eye","SacredBark","Toy Ornithopter"],"acts_visited":["Exordium","TheCity"],"potions_floor_usage":[4,18],"damage_taken":[{"damage":0.0,"enemies":"Cultist","floor":1.0,"turns":3.0},{"damage":2.0,"enemies":"Jaw Worm","floor":2.0,"turns":3.0},{"damage":0.0,"enemies":"2 Louse","floor":3.0,"turns":3.0},{"damage":11,"enemies":"Lots of Slimes","floor":4,"turns":4},{"damage":14,"enemies":"Exordium Wildlife","floor":7,"turns":6},{"damage":0,"enemies":"Gremlin Nob","floor":12,"turns":3},{"damage":9,"enemies":"Large Slime","floor":13,"turns":3},{"damage":21,"enemies":"The Guardian","floor":16,"turns":11},{"damage":15,"enemies":"Spheric Guardian","floor":18,"turns":5},{"damage":14,"enemies":"2 Thieves","floor":19,"turns":4},{"damage":13,"enemies":"Snecko","floor":22,"turns":5},{"damage":18,"enemies":"Slavers","floor":23,"turns":1}],"seed_played":"-7820301177301173258","potions_obtained":[{"floor":1.0,"key":"BlessingOfTheForge"},{"floor":7,"key":"LiquidMemories"},{"floor":12,"key":"LiquidBronze"},{"floor":19,"key":"Ancient Potion"}],"is_trial":false,"path_per_floor":["M","M","M","M","$","R","M","?","T","$","R","E","M","$","R","B",null,"M","M","$","?","M","E"],"character_chosen":"WATCHER","items_purchased":["TalkToTheHand","Frozen Eye","BattleHymn"],"campfire_rested":0,"item_purchase_floors":[5,14,20],"current_hp_per_floor":[61,59,59,48,48,48,34,34,34,34,34,34,25,25,25,4,48,33,19,19,19,6,0,0],"gold":152,"neow_bonus":"TWO_FIFTY_GOLD","is_daily":false,"chose_seed":false,"campfire_upgraded":3,"win_rate":0.0,"timestamp":1613368215,"path_taken":["M","M","M","?","$","R","M","?","T","$","R","E","M","$","R","BOSS","M","M","$","?","M","E"],"items_purchased_type":["Card","Relic","Card"],"build_version":"2020-12-22","purchased_purges":3,"victory":false,"max_hp_per_floor":[62,62,62,62,62,62,62,62,62,62,62,62,62,62,62,62,62,62,62,62,62,62,62,62],"card_choices":[{"not_picked":["Wallop","SashWhip"],"picked":"CutThroughFate","floor":1.0},{"not_picked":["SignatureMove","FollowUp"],"picked":"ClearTheMind","floor":2.0},{"not_picked":["MentalFortress","Halt"],"picked":"TalkToTheHand","floor":3.0},{"not_picked":["Consecrate","SignatureMove","Perseverance"],"picked":"SKIP","floor":4},{"not_picked":["CrushJoints","Vengeance"],"picked":"BowlingBash","floor":7},{"not_picked":["CutThroughFate","Prostrate"],"picked":"Devotion","floor":12},{"not_picked":["Consecrate","JustLucky"],"picked":"WheelKick","floor":13},{"not_picked":["Alpha","Judgement"],"picked":"Vault","floor":16},{"not_picked":["Conclude","CrushJoints"],"picked":"Protect+1","floor":18},{"not_picked":["CrushJoints","Evaluate","CarveReality"],"picked":"SKIP","floor":19},{"not_picked":["Crescendo","Protect","EmptyFist"],"picked":"SKIP","floor":22}],"player_experience":1244339,"relics_obtained":[{"floor":9,"key":"Damaru"},{"floor":12,"key":"Darkstone Periapt"}],"event_choices":[{"damage_healed":0,"gold_gain":150,"player_choice":"AGREE","damage_taken":0,"max_hp_gain":0,"max_hp_loss":0,"event_name":"Liars Game","floor":8,"gold_loss":0,"cards_obtained":["Doubt"]},{"damage_healed":0,"gold_gain":0,"player_choice":"Gave Potion","damage_taken":0,"relics_obtained":["Toy Ornithopter"],"max_hp_gain":0,"max_hp_loss":0,"event_name":"WeMeetAgain","floor":21,"gold_loss":0}],"is_beta":false,"boss_relics":[{"not_picked":["Astrolabe","Philosopher\u0027s Stone"],"picked":"SacredBark"}],"items_purged_floors":[5,10,14],"is_endless":false,"potions_floor_spawned":[1,7,12,19],"killed_by":"Slavers","ascension_level":20}}