{"host":"178rghtqlvp3zue2","time":1613405728,"event":{"mods":["2.2 Compatiblity","AchievementEnabler","BaseMod","DeckTracker","Minty Spire (QoL Compilation)","Quick Restart","SuperFastMode","The Servant 0.9.4"],"gold_per_floor":[116,291,21,38,38,38,72,87,87,115,115,115,115,146,146,272,272,290,290,290,313,81,81,116,134,134,134,178,93,93,93,93,223,223,242,258,258,591,591,618,618,628,655,655,665,665,684,696,696,696,696,696,207,238,238,238],"floor_reached":55,"language":"KOR","playtime":3455,"items_purged":["Doubt","Defend_S+1"],"score":1039,"play_id":"d43333fb-7c5b-45b2-bc54-6165d401e19e","local_time":"20210216011528","is_ascension_mode":true,"campfire_choices":[{"data":"Hightail","floor":6,"key":"SMITH"},{"data":"Initiator","floor":11,"key":"SMITH"},{"data":"FloweringNight","floor":13,"key":"SMITH"},{"data":"KidneyShot","floor":15,"key":"SMITH"},{"data":"Foresight","floor":23,"key":"SMITH"},{"floor":27,"key":"RECALL"},{"floor":30,"key":"REST"},{"floor":32,"key":"REST"},{"data":"Hightail","floor":41,"key":"SMITH"},{"floor":44,"key":"REST"},{"data":"Exchange","floor":46,"key":"SMITH"},{"floor":49,"key":"REST"},{"data":"Rearm","floor":52,"key":"SMITH"}],"circlet_count":0,"master_deck":["Strike_S+1","Strike_S+1","Strike_S+1","Defend_S+1","Defend_S+1","Defend_S+1","KidneyShot+1","Exchange+1","Ricochet","Hightail+1","Initiator+1","FastForward","FloweringNight+1","Foresight+1","PendulumOfEternity","ShiftingGears+1","TimeWarp+1","Hightail+1","SpecialFormula+1","BottledTime","TimeWarp+1","Rearm+1","Gouge","Parasite","Reset+1","ShatteredReality","Manipulate","Alleviate+1","BestPractice","Reset+1"],"relics":["Uniform","NeowsBlessing","Chemical X","StoneCalendar","Sundial","Centennial Puzzle","Bottled Flame","MutagenicStrength","Art of War","StrikeDummy","Kunai","Bag of Marbles","StoneMask","Pen Nib","Vajra","CaptainsWheel","Broom"],"acts_visited":["Exordium","TheCity","TheBeyond","TheEnding"],"potions_floor_usage":[24,42,48,50,54],"damage_taken":[{"damage":0,"enemies":"Jaw Worm","floor":1,"turns":1},{"damage":0,"enemies":"Small Slimes","floor":4,"turns":1},{"damage":0,"enemies":"3 Sentries","floor":7,"turns":3},{"damage":0,"enemies":"2 Louse","floor":8,"turns":3},{"damage":0,"enemies":"Gremlin Nob","floor":10,"turns":5},{"damage":0,"enemies":"Lagavulin","floor":14,"turns":11},{"damage":0,"enemies":"Slime Boss","floor":16,"turns":7},{"damage":12,"enemies":"Shell Parasite","floor":18,"turns":7},{"damage":12,"enemies":"Chosen","floor":21,"turns":5},{"damage":0,"enemies":"Gremlin Leader","floor":24,"turns":12},{"damage":0,"enemies":"Snecko","floor":25,"turns":5},{"damage":21,"enemies":"Slavers","floor":28,"turns":8},{"damage":0,"enemies":"Champ","floor":33,"turns":15},{"damage":0,"enemies":"Orb Walker","floor":35,"turns":2},{"damage":0,"enemies":"3 Shapes","floor":36,"turns":5},{"damage":45,"enemies":"Nemesis","floor":40,"turns":7},{"damage":6,"enemies":"Writhing Mass","floor":42,"turns":6},{"damage":25,"enemies":"Jaw Worm Horde","floor":45,"turns":6},{"damage":8,"enemies":"Maw","floor":47,"turns":6},{"damage":40,"enemies":"Transient","floor":48,"turns":5},{"damage":21,"enemies":"Time Eater","floor":50,"turns":22},{"damage":8,"enemies":"Shield and Spear","floor":54,"turns":10},{"damage":127,"enemies":"The Heart","floor":55,"turns":15}],"seed_played":"-2901201768705079532","potions_obtained":[{"floor":4,"key":"SpeedPotion"},{"floor":7,"key":"GamblersBrew"},{"floor":16,"key":"Strength Potion"},{"floor":18,"key":"FairyPotion"},{"floor":24,"key":"Ancient Potion"},{"floor":42,"key":"FearPotion"},{"floor":48,"key":"LiquidMemories"},{"floor":54,"key":"Fruit Juice"}],"is_trial":false,"path_per_floor":["M","?","$","M","?","R","E","M","T","E","R","?","R","E","R","B",null,"M","?","?","M","$","R","E","M","T","R","E","?","R","?","R","B",null,"M","M","?","?","?","E","R","M","T","R","M","R","M","M","R","B",null,"R","$","E","B"],"character_chosen":"THE_SERVANT","items_purchased":["Chemical X","Hightail","Art of War","Hightail","BestPractice","CaptainsWheel"],"campfire_rested":4,"item_purchase_floors":[3,3,22,22,53,53],"current_hp_per_floor":[65,65,65,65,70,70,70,70,70,70,70,53,53,53,53,53,70,58,58,58,46,46,46,46,46,46,46,33,33,54,59,70,70,70,71,74,74,74,74,40,40,37,37,59,51,51,54,25,49,39,82,82,82,89,0,0],"gold":238,"neow_bonus":"THREE_ENEMY_KILL","is_daily":false,"chose_seed":false,"campfire_upgraded":8,"win_rate":0.0,"timestamp":1613405728,"path_taken":["M","?","$","M","?","R","E","M","T","E","R","?","R","E","R","BOSS","M","?","?","M","$","R","E","M","T","R","E","?","R","?","R","BOSS","M","M","?","?","?","E","R","?","T","R","M","R","M","M","R","BOSS","R","$","E","BOSS"],"items_purchased_type":["Relic","Card","Relic","Card","Card","Relic"],"build_version":"2020-12-22","purchased_purges":2,"victory":false,"max_hp_per_floor":[65,65,65,65,70,70,70,70,70,70,70,70,70,70,70,70,70,70,70,70,70,70,70,70,70,70,70,70,70,70,70,70,70,70,71,74,74,74,74,75,75,76,76,76,79,79,80,81,81,82,82,82,82,89,89,89],"card_choices":[{"not_picked":["ShatteredReality","DualDimension"],"picked":"Ricochet","floor":1},{"not_picked":["Starlight","DoubleEdge"],"picked":"BottledTime","floor":4},{"not_picked":["Unruled","Desolation"],"picked":"Initiator","floor":7},{"not_picked":["Comet","Potential"],"picked":"FastForward","floor":8},{"not_picked":["Read","TimeWarp"],"picked":"FloweringNight","floor":10},{"not_picked":["Moondial","Replace"],"picked":"Foresight","floor":14},{"not_picked":["Initiator","Sunlight"],"picked":"PendulumOfEternity","floor":16},{"not_picked":["Defy","Revamp"],"picked":"ShiftingGears+1","floor":18},{"not_picked":["Revamp+1","Rewind"],"picked":"TimeWarp+1","floor":21},{"not_picked":["Snipe","Contraction"],"picked":"SpecialFormula+1","floor":24},{"not_picked":["Ricochet","Shuttle"],"picked":"BottledTime","floor":25},{"not_picked":["ForgedInTime","DualDimension+1"],"picked":"TimeWarp+1","floor":28},{"not_picked":["WasteNot","Desolation","DoubleEdge"],"picked":"SKIP","floor":35},{"not_picked":["Starlight","Moondial+1"],"picked":"Rearm","floor":36},{"not_picked":["SpecialFormula+1","ShiftingGears+1"],"picked":"Gouge","floor":40},{"not_picked":["SpecialFormula","Sabotage+1"],"picked":"Reset+1","floor":42},{"not_picked":["Desolation+1","Reset+1"],"picked":"ShatteredReality","floor":45},{"not_picked":["Alleviate+1","BottledTime"],"picked":"Manipulate","floor":47},{"not_picked":["WasteNot","TimeTheft+1"],"picked":"Alleviate+1","floor":48},{"not_picked":["WasteNot","Spin"],"picked":"Reset+1","floor":54}],"player_experience":284385,"relics_obtained":[{"floor":7,"key":"StoneCalendar"},{"floor":9,"key":"Sundial"},{"floor":10,"key":"Centennial Puzzle"},{"floor":14,"key":"Bottled Flame"},{"floor":24,"key":"StrikeDummy"},{"floor":28,"key":"Kunai"},{"floor":40,"key":"Pen Nib"},{"floor":43,"key":"Vajra"},{"floor":54,"key":"Broom"}],"event_choices":[{"damage_healed":0,"gold_gain":175,"player_choice":"AGREE","damage_taken":0,"max_hp_gain":0,"max_hp_loss":0,"event_name":"Liars Game","floor":2,"gold_loss":0,"cards_obtained":["Doubt"]},{"damage_healed":0,"gold_gain":0,"player_choice":"Donut","damage_taken":0,"max_hp_gain":5,"max_hp_loss":0,"event_name":"Big Fish","floor":5,"gold_loss":0},{"damage_healed":0,"gold_gain":0,"player_choice":"Take Damage","damage_taken":17,"relics_obtained":["Golden Idol"],"max_hp_gain":0,"max_hp_loss":0,"event_name":"Golden Idol","floor":12,"gold_loss":0},{"damage_healed":0,"gold_gain":0,"player_choice":"Simplicity","damage_taken":0,"max_hp_gain":0,"max_hp_loss":0,"event_name":"Back to Basics","floor":19,"gold_loss":0,"cards_upgraded":["Strike_S","Strike_S","Strike_S","Strike_S","Defend_S","Defend_S","Defend_S","Defend_S"]},{"damage_healed":0,"gold_gain":0,"player_choice":"Inject Mutagens","damage_taken":0,"relics_obtained":["MutagenicStrength"],"max_hp_gain":0,"max_hp_loss":0,"event_name":"Drug Dealer","floor":20,"gold_loss":0},{"damage_healed":0,"gold_gain":0,"player_choice":"Obtained Relic","damage_taken":0,"relics_obtained":["Bag of Marbles"],"max_hp_gain":0,"max_hp_loss":0,"event_name":"Addict","floor":29,"gold_loss":85},{"cards_removed":["BottledTime"],"damage_healed":5,"gold_gain":0,"player_choice":"Offered Common","damage_taken":0,"max_hp_gain":0,"max_hp_loss":0,"event_name":"Bonfire Elementals","floor":31,"gold_loss":0},{"cards_removed":["BottledTime"],"damage_healed":5,"gold_gain":0,"player_choice":"Offered Special","damage_taken":0,"max_hp_gain":0,"max_hp_loss":0,"event_name":"Bonfire Elementals","floor":31,"gold_loss":0},{"cards_removed":["Strike_S"],"damage_healed":0,"gold_gain":0,"player_choice":"Removed Attack","damage_taken":0,"max_hp_gain":0,"max_hp_loss":0,"event_name":"Falling","floor":37,"gold_loss":0},{"damage_healed":0,"gold_gain":333,"player_choice":"Gave Idol","damage_taken":0,"max_hp_gain":0,"max_hp_loss":0,"event_name":"The Moai Head","floor":38,"relics_lost":["Golden Idol"],"gold_loss":0},{"damage_healed":0,"gold_gain":0,"player_choice":"0 cards matched","damage_taken":0,"max_hp_gain":0,"max_hp_loss":0,"event_name":"Match and Keep!","floor":39,"gold_loss":0,"cards_obtained":[]}],"is_beta":false,"boss_relics":[{"not_picked":["Fusion Hammer","Runic Dome","Ectoplasm"]},{"not_picked":["Calling Bell","MysterySword"],"picked":"StoneMask"}],"items_purged_floors":[3,53],"is_endless":false,"potions_floor_spawned":[4,7,16,18,24,28,42,45,47,48,54],"killed_by":"The Heart","ascension_level":2}}