{"host":"7ij4m6ehapfophuy","time":1613365691,"event":{"mods":["BaseMod","Bestiary","Curses Come First","Filter the Spire","Minty Spire (QoL Compilation)","Relic Stats","StSLib","ojb\u0027s Better Paths Mod"],"gold_per_floor":[112,112,77,77,93,121,140,175,175,20,31,31,56,69,69,141,141,159,2,2,19,19,19,19,19],"floor_reached":24,"language":"ENG","playtime":991,"items_purged":["Strike_R"],"score":478,"play_id":"f9835af5-9390-4704-a75f-3566ad4a44d8","local_time":"20210215000811","is_ascension_mode":true,"campfire_choices":[{"data":"Uppercut","floor":12.0,"key":"SMITH"},{"data":"Inflame","floor":15.0,"key":"SMITH"},{"data":"Corruption","floor":23,"key":"SMITH"}],"circlet_count":0,"master_deck":["AscendersBane","Bash","Clothesline","Cleave","Uppercut+1","Anger","Impervious","Inflame+1","Battle Trance","Rage","Rampage+1","Corruption+1","Armaments","Carnage+1","Feel No Pain","Feel No Pain","Rampage+1","Immolate+1","Metallicize","Writhe","Shrug It Off"],"relics":["Burning Blood","NeowsBlessing","Darkstone Periapt","Red Skull","Blue Candle","Molten Egg 2","Vajra","Pandora\u0027s Box","Brimstone","Ice Cream"],"acts_visited":["Exordium","TheCity"],"potions_floor_usage":[21,24],"damage_taken":[{"damage":0.0,"enemies":"Jaw Worm","floor":1.0,"turns":1.0},{"damage":0.0,"enemies":"2 Louse","floor":5.0,"turns":2.0},{"damage":0.0,"enemies":"3 Sentries","floor":6.0,"turns":1.0},{"damage":3.0,"enemies":"Cultist","floor":7.0,"turns":4.0},{"damage":24.0,"enemies":"Gremlin Nob","floor":8.0,"turns":4.0},{"damage":10.0,"enemies":"Blue Slaver","floor":11.0,"turns":3.0},{"damage":35.0,"enemies":"3 Sentries","floor":13.0,"turns":5.0},{"damage":4.0,"enemies":"Exordium Thugs","floor":14.0,"turns":3.0},{"damage":25.0,"enemies":"Hexaghost","floor":16.0,"turns":8.0},{"damage":19.0,"enemies":"2 Thieves","floor":18.0,"turns":3.0},{"damage":29,"enemies":"3 Byrds","floor":21,"turns":3},{"damage":36,"enemies":"Slavers","floor":24,"turns":5}],"seed_played":"-2908469727907204501","potions_obtained":[{"floor":5.0,"key":"AttackPotion"},{"floor":6.0,"key":"CultistPotion"},{"floor":7.0,"key":"DistilledChaos"},{"floor":18.0,"key":"ColorlessPotion"},{"floor":21,"key":"ColorlessPotion"}],"is_trial":false,"path_per_floor":["M","?","?","?","M","E","M","E","T","$","M","R","E","M","R","B",null,"M","$","?","M","T","R","E"],"character_chosen":"IRONCLAD","items_purchased":["Inflame","Brimstone"],"campfire_rested":0,"item_purchase_floors":[10,19],"current_hp_per_floor":[74,56,74,74,75,75,75,57,57,57,53,53,24,26,26,7,58,45,45,51,28,28,28,0,0],"gold":19,"neow_bonus":"THREE_ENEMY_KILL","is_daily":false,"chose_seed":false,"campfire_upgraded":3,"win_rate":0.0,"timestamp":1613365691,"path_taken":["M","?","?","?","?","E","M","E","T","$","M","R","E","M","R","BOSS","M","$","?","M","?","R","E"],"items_purchased_type":["Card","Relic"],"build_version":"2020-12-22","purchased_purges":1,"victory":false,"max_hp_per_floor":[75,75,75,75,75,75,75,75,75,75,75,75,75,75,75,75,75,75,75,81,81,81,81,81,81],"relic_stats":{"Darkstone Periapt":6,"counters":[12,42],"Blue Candle":[2],"Pandora\u0027s Box":["Armaments","Carnage","Feel No Pain","Feel No Pain","Rampage","Immolate","Metallicize"],"obtain_stats":[{"Darkstone Periapt":2,"Ice Cream":20,"NeowsBlessing":0,"Brimstone":19,"Blue Candle":8,"Vajra":13,"Molten Egg 2":9,"Pandora\u0027s Box":17,"Burning Blood":0,"Red Skull":6},{"Darkstone Periapt":1,"Ice Cream":10,"NeowsBlessing":0,"Brimstone":10,"Blue Candle":5,"Vajra":7,"Molten Egg 2":5,"Pandora\u0027s Box":9,"Burning Blood":0,"Red Skull":3},{"Darkstone Periapt":1,"Ice Cream":34,"NeowsBlessing":0,"Brimstone":34,"Blue Candle":12,"Vajra":20,"Molten Egg 2":12,"Pandora\u0027s Box":31,"Burning Blood":0,"Red Skull":4}],"Burning Blood":52},"card_choices":[{"not_picked":["Flex","Combust"],"picked":"Clothesline","floor":1.0},{"not_picked":["Shrug It Off","Heavy Blade"],"picked":"Cleave","floor":5.0},{"not_picked":["Spot Weakness","Cleave"],"picked":"Uppercut","floor":6.0},{"not_picked":["Ghostly Armor","Dark Embrace"],"picked":"Anger","floor":7.0},{"not_picked":["Anger","Hemokinesis"],"picked":"Impervious","floor":8.0},{"not_picked":["Sever Soul+1","Iron Wave+1"],"picked":"Battle Trance","floor":11.0},{"not_picked":["Body Slam+1","Havoc"],"picked":"Rage","floor":13.0},{"not_picked":["Wild Strike+1","Shrug It Off"],"picked":"Rampage+1","floor":14.0},{"not_picked":["Impervious","Juggernaut"],"picked":"Corruption","floor":16.0},{"not_picked":["Headbutt+1","Clothesline+1","Perfected Strike+1"],"picked":"SKIP","floor":18.0},{"not_picked":["Warcry","Heavy Blade+1"],"picked":"Shrug It Off","floor":21}],"player_experience":1133830,"relics_obtained":[{"floor":6.0,"key":"Red Skull"},{"floor":8.0,"key":"Blue Candle"},{"floor":9.0,"key":"Molten Egg 2"},{"floor":13.0,"key":"Vajra"}],"event_choices":[{"damage_healed":0.0,"max_hp_gain":0.0,"max_hp_loss":0.0,"gold_gain":0.0,"event_name":"Scrap Ooze","player_choice":"Success","floor":2.0,"gold_loss":0.0,"damage_taken":18.0,"relics_obtained":["Darkstone Periapt"]},{"damage_healed":18.0,"max_hp_gain":0.0,"max_hp_loss":0.0,"gold_gain":0.0,"event_name":"The Cleric","player_choice":"Healed","floor":3.0,"gold_loss":35.0,"damage_taken":0.0},{"cards_removed":["Strike_R"],"damage_healed":0.0,"max_hp_gain":0.0,"max_hp_loss":0.0,"gold_gain":0.0,"event_name":"Purifier","player_choice":"Purged","floor":4.0,"gold_loss":0.0,"damage_taken":0.0},{"damage_healed":0,"gold_gain":0,"player_choice":"Opened","damage_taken":0,"relics_obtained":["Ice Cream"],"max_hp_gain":0,"max_hp_loss":0,"event_name":"The Mausoleum","floor":20,"gold_loss":0,"cards_obtained":["Writhe"]}],"is_beta":false,"boss_relics":[{"not_picked":["Astrolabe","Tiny House"],"picked":"Pandora\u0027s Box"}],"items_purged_floors":[10],"is_endless":false,"potions_floor_spawned":[5,6,7,11,13,18,21],"killed_by":"Slavers","ascension_level":20}}