{"host":"19r1ww88x2tc73i0","time":1613409331,"event":{"mods":["BaseMod","BetterRewards","Colored Map","Minty Spire (QoL Compilation)","Relic Stats","StSLib","SuperFastMode","slay the spire mod where everything is the same but ironclad has a cowboy hat"],"gold_per_floor":[116,136,211,211,223,223,255,255,255,286,286,296,322,338,338,415,415,428,428,50,50,61,89,89,118,118,118,146,162,25,25,25,99,99,112,112,112,112,163,194,194,225,280,191,204,214,48,48,48,48,48,48,48,48,81,81],"floor_reached":57,"language":"ENG","playtime":2575,"items_purged":["Strike_G","Strike_G"],"score":3189,"play_id":"6c043772-08e3-480f-b542-7a5723184c49","local_time":"25640216001531","is_ascension_mode":true,"campfire_choices":[{"data":"Dagger Spray","floor":6.0,"key":"SMITH"},{"data":"Neutralize","floor":8.0,"key":"SMITH"},{"floor":11.0,"key":"REST"},{"floor":15,"key":"RECALL"},{"floor":24,"key":"REST"},{"floor":27,"key":"REST"},{"floor":32,"key":"REST"},{"floor":41,"key":"REST"},{"floor":49,"key":"REST"},{"floor":53,"key":"REST"}],"circlet_count":0,"master_deck":["AscendersBane","Defend_G","Defend_G","Defend_G","Defend_G","Defend_G","Survivor+1","Neutralize+1","Terror+1","Dagger Spray+1","Backflip+1","Prepared+1","Footwork+1","Bouncing Flask+1","PiercingWail+1","Cloak And Dagger+1","Acrobatics+1","Venomology+1","Blur+1","Dodge and Roll+1","Burst+1","Blur+1","Catalyst+1","Blade Dance+1","Caltrops+1","Catalyst+1","Deadly Poison+1","PiercingWail+1","Footwork+1","Flying Knee","Caltrops+1","Corpse Explosion+1","Impatience+1","Panacea+1","Deflect+1","Noxious Fumes+1","Reflex+1","Tools of the Trade+1","Crippling Poison+1","Dodge and Roll+1"],"relics":["Ring of the Serpent","Toxic Egg 2","Frozen Egg 2","White Beast Statue","CaptainsWheel","Bag of Marbles","PreservedInsect","Fusion Hammer","Question Card","Bronze Scales","Strawberry","StoneCalendar","Eternal Feather","Incense Burner","Letter Opener","Bottled Lightning","Lantern","Ornamental Fan"],"acts_visited":["Exordium","TheCity","TheBeyond","TheEnding"],"potions_floor_usage":[13,13,13,13,16,18,18,22,22,25,28,28,29,33,33,35,39,39,40,40,42,45,46,50,50,51,51,55,55,55,55],"damage_taken":[{"damage":3.0,"enemies":"Jaw Worm","floor":1.0,"turns":4.0},{"damage":2.0,"enemies":"Small Slimes","floor":2.0,"turns":3.0},{"damage":0.0,"enemies":"2 Louse","floor":5.0,"turns":3.0},{"damage":9.0,"enemies":"Lagavulin","floor":7.0,"turns":6.0},{"damage":0.0,"enemies":"3 Sentries","floor":10.0,"turns":6.0},{"damage":2.0,"enemies":"Blue Slaver","floor":12.0,"turns":4.0},{"damage":0,"enemies":"Gremlin Nob","floor":13,"turns":3},{"damage":0,"enemies":"Large Slime","floor":14,"turns":4},{"damage":11,"enemies":"Hexaghost","floor":16,"turns":10},{"damage":0,"enemies":"Chosen","floor":18,"turns":5},{"damage":0,"enemies":"Spheric Guardian","floor":22,"turns":3},{"damage":0,"enemies":"Gremlin Leader","floor":23,"turns":5},{"damage":0,"enemies":"Book of Stabbing","floor":25,"turns":5},{"damage":0,"enemies":"Gremlin Leader","floor":28,"turns":5},{"damage":0,"enemies":"3 Cultists","floor":29,"turns":5},{"damage":0,"enemies":"Champ","floor":33,"turns":7},{"damage":6,"enemies":"Orb Walker","floor":35,"turns":3},{"damage":19,"enemies":"2 Orb Walkers","floor":39,"turns":5},{"damage":14,"enemies":"Nemesis","floor":40,"turns":7},{"damage":0,"enemies":"Giant Head","floor":42,"turns":5},{"damage":10,"enemies":"3 Darklings","floor":45,"turns":2},{"damage":17,"enemies":"Transient","floor":46,"turns":6},{"damage":35,"enemies":"Time Eater","floor":50,"turns":10},{"damage":1,"enemies":"Donu and Deca","floor":51,"turns":4},{"damage":9,"enemies":"Shield and Spear","floor":55,"turns":5},{"damage":70,"enemies":"The Heart","floor":56,"turns":9}],"seed_played":"3960348044993300651","potions_obtained":[{"floor":1.0,"key":"DistilledChaos"},{"floor":10.0,"key":"DuplicationPotion"},{"floor":12.0,"key":"Weak Potion"},{"floor":13,"key":"DistilledChaos"},{"floor":18,"key":"DistilledChaos"},{"floor":25,"key":"LiquidMemories"},{"floor":28,"key":"EssenceOfSteel"},{"floor":29,"key":"LiquidMemories"},{"floor":33,"key":"ColorlessPotion"},{"floor":35,"key":"SneckoOil"},{"floor":40,"key":"Fruit Juice"},{"floor":45,"key":"AttackPotion"},{"floor":55,"key":"SteroidPotion"}],"is_trial":false,"path_per_floor":["M","M","?","?","M","R","E","R","T","E","R","M","E","M","R","B",null,"M","?","$","?","M","E","R","E","T","R","E","M","$","?","R","B",null,"M","?","$","?","?","E","R","E","T","$","M","M","$","?","R","B","B",null,"R","$","E","B",null],"character_chosen":"THE_SILENT","items_purchased":["Toxic Egg 2","Terror+1","Frozen Egg 2","Dagger Spray","Backflip+1","Prepared+1","Blade Dance+1","Caltrops+1","Question Card","Footwork+1","Tools of the Trade+1","Lantern"],"campfire_rested":7,"item_purchase_floors":[0,0,0,0,0,0,20,20,20,30,44,47],"current_hp_per_floor":[56,54,43,43,43,43,34,34,34,34,53,51,51,51,51,40,60,60,60,60,60,60,60,66,73,73,73,73,73,73,73,73,73,73,67,67,67,62,43,29,71,76,76,76,66,49,49,49,78,43,42,69,78,78,78,8],"gold":81,"neow_bonus":"","is_daily":false,"chose_seed":false,"campfire_upgraded":2,"win_rate":0.0,"timestamp":1613409331,"path_taken":["M","M","?","?","M","R","E","R","T","E","R","M","E","M","R","BOSS","M","?","$","?","M","E","R","E","T","R","E","M","?","?","R","BOSS","M","?","?","?","?","E","R","E","T","?","M","M","$","?","R","BOSS","BOSS","R","$","E","BOSS"],"items_purchased_type":["Relic","Card","Relic","Card","Card","Card","Card","Card","Relic","Card","Card","Relic"],"build_version":"2020-12-22","purchased_purges":2,"victory":true,"max_hp_per_floor":[66,66,66,66,66,66,66,66,66,66,66,66,66,66,66,66,66,66,66,66,66,66,66,66,73,73,73,73,73,73,73,73,73,73,73,73,73,73,73,73,73,78,78,78,78,78,78,78,78,78,78,78,78,78,78,78],"relic_stats":{"counters":[49,242],"Ornamental Fan":[0],"Bronze Scales":[321],"StoneCalendar":[137],"Eternal Feather":51,"PreservedInsect":401,"Letter Opener":[234],"Question Card":15,"obtain_stats":[{"Darkstone Periapt":11,"Lantern":47,"Calipers":0,"Singing Bowl":9,"StoneCalendar":26,"Incense Burner":0,"Sozu":17,"Strawberry":25,"Fusion Hammer":17,"Toxic Egg 2":0,"Ring of the Snake":0,"Lee\u0027s Waffle":21,"Oddly Smooth Stone":14,"Eternal Feather":28,"The Courier":9,"PreservedInsect":13,"Letter Opener":40,"Frozen Egg 2":0,"Question Card":20,"White Beast Statue":7,"CaptainsWheel":9,"Shuriken":11,"Ornamental Fan":55,"Bronze Scales":23,"Ectoplasm":0,"Bag of Marbles":10,"Bottled Lightning":42,"Ring of the Serpent":34,"Meat on the Bone":7},{"Darkstone Periapt":9,"Lantern":45,"Calipers":10,"Singing Bowl":7,"StoneCalendar":36,"Incense Burner":10,"Sozu":18,"Strawberry":36,"Fusion Hammer":32,"Toxic Egg 2":23,"Ring of the Snake":0,"Lee\u0027s Waffle":21,"Oddly Smooth Stone":17,"Eternal Feather":37,"The Courier":15,"PreservedInsect":30,"Letter Opener":42,"Frozen Egg 2":23,"Question Card":33,"White Beast Statue":27,"CaptainsWheel":27,"Shuriken":16,"Ornamental Fan":48,"Bronze Scales":35,"Ectoplasm":0,"Bag of Marbles":28,"Bottled Lightning":43,"Ring of the Serpent":39,"Meat on the Bone":6},{"Darkstone Periapt":35,"Lantern":214,"Calipers":38,"Singing Bowl":28,"StoneCalendar":169,"Incense Burner":38,"Sozu":81,"Strawberry":169,"Fusion Hammer":151,"Toxic Egg 2":108,"Ring of the Snake":0,"Lee\u0027s Waffle":95,"Oddly Smooth Stone":73,"Eternal Feather":174,"The Courier":60,"PreservedInsect":137,"Letter Opener":201,"Frozen Egg 2":108,"Question Card":156,"White Beast Statue":124,"CaptainsWheel":124,"Shuriken":68,"Ornamental Fan":233,"Bronze Scales":164,"Ectoplasm":0,"Bag of Marbles":130,"Bottled Lightning":206,"Ring of the Serpent":186,"Meat on the Bone":26}]},"card_choices":[{"not_picked":["Underhanded Strike","PiercingWail+1"],"picked":"Footwork+1","floor":1.0},{"not_picked":["Prepared+1","Slice"],"picked":"Bouncing Flask+1","floor":2.0},{"not_picked":["Bane","Underhanded Strike"],"picked":"PiercingWail+1","floor":5.0},{"not_picked":["Prepared+1","Deadly Poison+1"],"picked":"Cloak And Dagger+1","floor":7.0},{"not_picked":["Slice","Flying Knee"],"picked":"Acrobatics+1","floor":10.0},{"not_picked":["Backflip+1","Caltrops+1"],"picked":"Venomology+1","floor":12.0},{"not_picked":["All Out Attack","Outmaneuver+1"],"picked":"Blur+1","floor":13},{"not_picked":["Finisher","Heel Hook"],"picked":"Dodge and Roll+1","floor":14},{"not_picked":["Malaise+1","Tools of the Trade+1"],"picked":"Burst+1","floor":16},{"not_picked":["Poisoned Stab","Flying Knee"],"picked":"Blur+1","floor":18},{"not_picked":["Heel Hook+1","Flying Knee","Underhanded Strike"],"picked":"Catalyst+1","floor":22},{"not_picked":["Dagger Throw","Skewer","Heel Hook","Quick Slash"],"picked":"SKIP","floor":23},{"not_picked":["Dodge and Roll+1","Phantasmal Killer+1","Bane"],"picked":"Deadly Poison+1","floor":25},{"not_picked":["Slice","Caltrops+1","Underhanded Strike","Deadly Poison+1"],"picked":"SKIP","floor":28},{"not_picked":["Dagger Spray","Glass Knife","Acrobatics+1"],"picked":"PiercingWail+1","floor":29},{"not_picked":["Phantasmal Killer+1","Night Terror+1","Unload"],"picked":"Corpse Explosion+1","floor":33},{"not_picked":["Flying Knee+1","Sucker Punch","Skewer","Eviscerate"],"picked":"SKIP","floor":35},{"not_picked":["Violence+1","Apotheosis+1","Forethought+1"],"picked":"Impatience+1","floor":38},{"not_picked":["Deep Breath+1","Panache+1","Bandage Up+1"],"picked":"Panacea+1","floor":38},{"not_picked":["Flying Knee","Slice","Cloak And Dagger+1"],"picked":"Deflect+1","floor":39},{"not_picked":["Dagger Throw","Infinite Blades+1","Backflip+1"],"picked":"Noxious Fumes+1","floor":40},{"not_picked":["Eviscerate","Predator","Poisoned Stab+1"],"picked":"Reflex+1","floor":42},{"not_picked":["Slice","Underhanded Strike","Dagger Throw"],"picked":"Crippling Poison+1","floor":45},{"not_picked":["Underhanded Strike","Predator+1","Bouncing Flask+1","Poisoned Stab"],"picked":"SKIP","floor":46},{"not_picked":["Deadly Poison+1","Outmaneuver+1","Deflect+1"],"picked":"Dodge and Roll+1","floor":55}],"player_experience":1096314,"relics_obtained":[{"floor":7.0,"key":"White Beast Statue"},{"floor":9.0,"key":"CaptainsWheel"},{"floor":10.0,"key":"Bag of Marbles"},{"floor":13,"key":"PreservedInsect"},{"floor":23,"key":"Bronze Scales"},{"floor":25,"key":"Strawberry"},{"floor":26,"key":"StoneCalendar"},{"floor":28,"key":"Eternal Feather"},{"floor":39,"key":"Incense Burner"},{"floor":40,"key":"Letter Opener"},{"floor":42,"key":"Bottled Lightning"},{"floor":55,"key":"Ornamental Fan"}],"event_choices":[{"damage_healed":0.0,"max_hp_gain":0.0,"max_hp_loss":0.0,"gold_gain":75.0,"event_name":"World of Goop","player_choice":"Gather Gold","floor":3.0,"gold_loss":0.0,"damage_taken":11.0},{"damage_healed":0.0,"max_hp_gain":0.0,"max_hp_loss":0.0,"gold_gain":0.0,"event_name":"Scrap Ooze","player_choice":"Fled","floor":4.0,"gold_loss":0.0,"damage_taken":0.0},{"damage_healed":0,"gold_gain":0,"player_choice":"Read","damage_taken":0,"max_hp_gain":0,"max_hp_loss":0,"event_name":"The Library","floor":19,"gold_loss":0,"cards_obtained":["Catalyst"]},{"damage_healed":0,"gold_gain":0,"player_choice":"Ignored","damage_taken":0,"max_hp_gain":0,"max_hp_loss":0,"event_name":"The Mausoleum","floor":21,"gold_loss":0},{"damage_healed":0,"gold_gain":0,"cards_transformed":["Strike_G","Strike_G"],"player_choice":"Became Test Subject","damage_taken":0,"max_hp_gain":0,"max_hp_loss":0,"event_name":"Drug Dealer","floor":31,"gold_loss":0,"cards_obtained":["Flying Knee","Caltrops"]},{"damage_healed":0,"gold_gain":0,"player_choice":"Forge","damage_taken":0,"max_hp_gain":0,"max_hp_loss":0,"event_name":"Accursed Blacksmith","floor":36,"gold_loss":0,"cards_upgraded":["Survivor"]},{"damage_healed":0,"gold_gain":0,"player_choice":"Memory 2","damage_taken":5,"max_hp_gain":0,"max_hp_loss":0,"event_name":"SensoryStone","floor":38,"gold_loss":0},{"damage_healed":0,"gold_gain":0,"player_choice":"Fight","damage_taken":0,"max_hp_gain":0,"max_hp_loss":0,"event_name":"Mysterious Sphere","floor":39,"gold_loss":0},{"cards_removed":["Strike_G"],"damage_healed":0,"gold_gain":0,"player_choice":"Purged","damage_taken":0,"max_hp_gain":0,"max_hp_loss":0,"event_name":"Purifier","floor":48,"gold_loss":0}],"is_beta":false,"boss_relics":[{"not_picked":["Busted Crown","Snecko Eye"],"picked":"Fusion Hammer"},{"not_picked":["Tiny House","Sozu"],"picked":"Ring of the Serpent"}],"items_purged_floors":[0,30],"is_endless":false,"potions_floor_spawned":[1,10,12,13,14,16,18,22,23,25,28,29,33,35,39,40,42,45,46,55],"ascension_level":20}}