{"host":"vyiqbz5w606ur92t","time":1613403980,"event":{"mods":["BaseMod","Downfall","Minty Spire (QoL Compilation)","Relic Stats","StSLib"],"gold_per_floor":[99,114,129,129,144,174,174,204,116,158,185,227,224,198,225,237,237],"floor_reached":16,"language":"ENG","playtime":1136,"items_purged":[],"score":130,"play_id":"dc8c9425-d99f-4caf-98d6-1c50e387c757","local_time":"20210215154620","daily_mods":["Heirloom","Green Cards","Elite Swarm"],"is_ascension_mode":false,"campfire_choices":[{"data":"Bash","floor":1.0,"key":"SMITH"},{"data":"Corruption","floor":9.0,"key":"SMITH"}],"circlet_count":0,"master_deck":["Strike_R","Strike_R","Strike_R","Strike_R","Strike_R","Defend_R","Defend_R+1","Defend_R+1","Defend_R","Bash+1","Carnage","Well Laid Plans","Cleave","Corruption+1","Night Terror","Burst","Expertise","Berserk","Dropkick+1","Leg Sweep"],"relics":["Burning Blood","CaptainsWheel","Molten Egg 2","MawBank","downfall:HeartBlessingBlue","Blue Candle","Happy Flower"],"acts_visited":["Exordium"],"potions_floor_usage":[],"damage_taken":[{"damage":6.0,"enemies":"2 Louse","floor":2.0,"turns":2.0},{"damage":6.0,"enemies":"Jaw Worm","floor":3.0,"turns":3.0},{"damage":0.0,"enemies":"Cultist","floor":5.0,"turns":3.0},{"damage":10.0,"enemies":"Lagavulin","floor":6.0,"turns":5.0},{"damage":14.0,"enemies":"3 Sentries","floor":8.0,"turns":9.0},{"damage":17.0,"enemies":"Lagavulin","floor":10.0,"turns":8.0},{"damage":14.0,"enemies":"Gremlin Gang","floor":11.0,"turns":5.0},{"damage":45.0,"enemies":"Gremlin Nob","floor":12.0,"turns":6.0},{"damage":0.0,"enemies":"downfall:FleeingMerchant","floor":13.0,"turns":4.0},{"damage":7.0,"enemies":"3 Louse","floor":15.0,"turns":3.0},{"damage":19,"enemies":"WA_ARCHETYPE_RETAIN","floor":16,"turns":4}],"seed_played":"5535013652570512859","potions_obtained":[{"floor":2.0,"key":"SpeedPotion"},{"floor":3.0,"key":"CultistPotion"},{"floor":5.0,"key":"AttackPotion"},{"floor":12.0,"key":"DuplicationPotion"}],"is_trial":false,"path_per_floor":["R","M","M","?","M","E","T","E","R","E","M","E","$","?","M","B"],"character_chosen":"IRONCLAD","items_purchased":[],"campfire_rested":0,"item_purchase_floors":[],"current_hp_per_floor":[80,80,80,64,70,66,66,58,68,57,49,10,16,16,15,0,0],"gold":237,"neow_bonus":"","is_daily":true,"chose_seed":false,"campfire_upgraded":2,"win_rate":0.0,"timestamp":1613403980,"path_taken":["R","M","M","?","M","E","T","E","R","E","M","E","?","?","M","BOSS"],"items_purchased_type":[],"build_version":"2020-12-22","purchased_purges":0,"victory":false,"max_hp_per_floor":[80,80,80,80,80,80,80,80,90,90,90,90,90,90,90,90,90],"relic_stats":{"Happy Flower":[3],"counters":[11,52],"Blue Candle":[0],"MawBank":96,"obtain_stats":[{"CaptainsWheel":0,"Happy Flower":12,"downfall:HeartBlessingBlue":9,"Blue Candle":10,"Molten Egg 2":6,"MawBank":8,"Burning Blood":0},{"CaptainsWheel":0,"Happy Flower":8,"downfall:HeartBlessingBlue":5,"Blue Candle":6,"Molten Egg 2":4,"MawBank":5,"Burning Blood":0},{"CaptainsWheel":0,"Happy Flower":41,"downfall:HeartBlessingBlue":22,"Blue Candle":30,"Molten Egg 2":13,"MawBank":22,"Burning Blood":0}],"Burning Blood":60},"card_choices":[{"not_picked":["Power Through","Prepared"],"picked":"Carnage","floor":2.0},{"not_picked":["Caltrops","Havoc"],"picked":"Well Laid Plans","floor":3.0},{"not_picked":["Perfected Strike","Bane"],"picked":"Cleave","floor":5.0},{"not_picked":["Storm of Steel","Limit Break"],"picked":"Corruption","floor":6.0},{"not_picked":["Envenom","Doppelganger"],"picked":"Night Terror","floor":8.0},{"not_picked":["Impervious","Exhume"],"picked":"Burst","floor":10.0},{"not_picked":["Perfected Strike+1","Dash+1"],"picked":"Expertise","floor":11.0},{"not_picked":["Burst","Night Terror"],"picked":"Berserk","floor":12.0},{"not_picked":["Wild Strike+1","Armaments"],"picked":"Dropkick+1","floor":13.0},{"not_picked":["Escape Plan","Dagger Throw+1"],"picked":"Leg Sweep","floor":15.0}],"player_experience":1785196,"relics_obtained":[{"floor":6.0,"key":"Molten Egg 2"},{"floor":8.0,"key":"MawBank"},{"floor":10.0,"key":"Blue Candle"},{"floor":12.0,"key":"Happy Flower"}],"event_choices":[{"damage_healed":0.0,"max_hp_gain":0.0,"max_hp_loss":0.0,"gold_gain":0.0,"event_name":"Shining Light","player_choice":"Entered Light","floor":4.0,"gold_loss":0.0,"damage_taken":16.0,"cards_upgraded":["Defend_R","Defend_R"]},{"damage_healed":0.0,"max_hp_gain":0.0,"max_hp_loss":0.0,"gold_gain":0.0,"event_name":"World of Goop","player_choice":"Left Gold","floor":14.0,"gold_loss":38.0,"damage_taken":0.0}],"is_beta":false,"boss_relics":[],"items_purged_floors":[],"is_endless":false,"potions_floor_spawned":[2,3,5,12],"killed_by":"WA_ARCHETYPE_RETAIN","ascension_level":0}}