{"host":"xsuxkwaivmtd234a","time":1613411970,"event":{"mods":["BaseMod","Bestiary","Colored Map","Filter the Spire","Minty Spire (QoL Compilation)","Relic Stats","StSLib"],"gold_per_floor":[162,172,172,185,1,32,66,100,136,148,160,125,152,194,206,218,218],"floor_reached":16,"language":"ENG","playtime":636,"items_purged":[],"score":150,"play_id":"48f23322-23d4-4957-bd0c-f2e5e3865fff","local_time":"20210215125930","is_ascension_mode":true,"campfire_choices":[{"data":"Uppercut","floor":10,"key":"SMITH"},{"floor":15,"key":"REST"}],"circlet_count":0,"master_deck":["Strike_R","Strike_R","Strike_R","Strike_R","Defend_R+1","Defend_R","Defend_R","Defend_R","Bash","Battle Trance","Cleave","Uppercut+1","Rampage","Carnage","Feel No Pain","Power Through"],"relics":["Tiny House","Toolbox","Bottled Flame","MawBank","MealTicket","Turnip","Bronze Scales"],"acts_visited":["Exordium"],"potions_floor_usage":[8,13,16,16],"damage_taken":[{"damage":7,"enemies":"Small Slimes","floor":1,"turns":4},{"damage":6,"enemies":"Jaw Worm","floor":2,"turns":4},{"damage":5,"enemies":"2 Louse","floor":4,"turns":2},{"damage":8,"enemies":"Gremlin Nob","floor":6,"turns":3},{"damage":0,"enemies":"Exordium Wildlife","floor":7,"turns":3},{"damage":11,"enemies":"Lagavulin","floor":8,"turns":7},{"damage":5,"enemies":"Gremlin Gang","floor":13,"turns":4},{"damage":23,"enemies":"3 Sentries","floor":14,"turns":6},{"damage":39,"enemies":"Hexaghost","floor":16,"turns":9}],"seed_played":"7038201118321507179","potions_obtained":[{"floor":0,"key":"Block Potion"},{"floor":2,"key":"Swift Potion"},{"floor":7,"key":"Weak Potion"},{"floor":14,"key":"GamblersBrew"}],"is_trial":false,"path_per_floor":["M","M","?","M","$","E","M","E","T","R","T","?","M","E","R","B"],"character_chosen":"IRONCLAD","items_purchased":["Rampage","Toolbox"],"campfire_rested":1,"item_purchase_floors":[5,5],"current_hp_per_floor":[78,72,65,60,60,52,52,41,41,41,41,41,36,13,38,0,0],"gold":218,"neow_bonus":"BOSS_RELIC","is_daily":false,"chose_seed":false,"campfire_upgraded":1,"win_rate":0.0,"timestamp":1613411970,"path_taken":["M","M","?","M","$","E","M","E","T","R","?","?","M","E","R","BOSS"],"items_purchased_type":["Card","Relic"],"build_version":"2020-12-22","purchased_purges":0,"victory":false,"max_hp_per_floor":[85,85,85,85,85,85,85,85,85,85,85,85,85,85,85,85,85],"relic_stats":{"counters":[9,42],"Bronze Scales":[54],"MealTicket":0,"Turnip":[0],"MawBank":96,"obtain_stats":[{"Bottled Flame":6,"Tiny House":0,"Bronze Scales":14,"Toolbox":5,"MealTicket":9,"Turnip":11,"MawBank":8,"Burning Blood":0},{"Bottled Flame":4,"Tiny House":0,"Bronze Scales":8,"Toolbox":3,"MealTicket":6,"Turnip":6,"MawBank":6,"Burning Blood":0},{"Bottled Flame":13,"Tiny House":0,"Bronze Scales":33,"Toolbox":10,"MealTicket":23,"Turnip":23,"MawBank":23,"Burning Blood":0}]},"card_choices":[{"not_picked":["Iron Wave","Intimidate"],"picked":"Battle Trance","floor":0},{"not_picked":["Warcry","Bloodletting","Dual Wield"],"picked":"SKIP","floor":1},{"not_picked":["Clothesline","Rage"],"picked":"Cleave","floor":2},{"not_picked":["Warcry","Thunderclap"],"picked":"Uppercut","floor":4},{"not_picked":["Perfected Strike","Offering"],"picked":"Carnage","floor":6},{"not_picked":["Ghostly Armor","Battle Trance"],"picked":"Feel No Pain","floor":7},{"not_picked":["Pommel Strike","Rupture"],"picked":"Power Through","floor":8},{"not_picked":["Cleave","Rage","Wild Strike"],"picked":"SKIP","floor":13},{"not_picked":["Warcry","Twin Strike","Pommel Strike"],"picked":"SKIP","floor":14}],"player_experience":1267748,"relics_obtained":[{"floor":6,"key":"Bottled Flame"},{"floor":8,"key":"MawBank"},{"floor":9,"key":"MealTicket"},{"floor":11,"key":"Turnip"},{"floor":14,"key":"Bronze Scales"}],"event_choices":[{"cards_removed":["Strike_R"],"damage_healed":0,"gold_gain":0,"player_choice":"Card Removal","damage_taken":7,"max_hp_gain":0,"max_hp_loss":0,"event_name":"Golden Wing","floor":3,"gold_loss":0},{"damage_healed":0,"gold_gain":0,"player_choice":"Left Gold","damage_taken":0,"max_hp_gain":0,"max_hp_loss":0,"event_name":"World of Goop","floor":12,"gold_loss":47}],"is_beta":false,"boss_relics":[],"items_purged_floors":[],"is_endless":false,"potions_floor_spawned":[2,7,14],"killed_by":"Hexaghost","ascension_level":5}}