{"host":"v9yiptmoyyuggqjj","time":1613373465,"event":{"mods":["AchievementEnabler","BaseMod","BetterRewards","Card Forge","Colored Map","Colored Powertips","DeckTracker","Highlight Path","Infinite Spire","Minty Spire (QoL Compilation)","Quick Restart","Shop Mod","StSLib","Swap Starting Deck Mod"],"gold_per_floor":[117,117,117,117,130,159,177,207,232,232,249,264,291,304,304,408,408,419,419,404,404,419,419,448,448,473,503,516,516,527,539,539,634,634,646,203,425,438,438,438,471,471,471,505,525,544,544,544,544,544],"floor_reached":51,"language":"ENG","playtime":3094,"items_purged":[],"score":903,"play_id":"728f8da0-1a6e-4979-9af4-6cda7ba463d9","local_time":"20210215001745","is_ascension_mode":true,"campfire_choices":[{"floor":10.0,"key":"REST"},{"floor":15.0,"key":"REST"},{"data":"Deadly Poison","floor":23.0,"key":"SMITH"},{"floor":25.0,"key":"REST"},{"floor":32.0,"key":"REST"},{"data":"Footwork","floor":40,"key":"SMITH"},{"data":"Bouncing Flask","floor":42,"key":"SMITH"},{"floor":47,"key":"REST"},{"floor":49,"key":"REST"}],"circlet_count":0,"master_deck":["Poisoned Stab+1","Poisoned Stab","Poisoned Stab+1","Deflect","Deflect","Deflect","Deflect","Deadly Poison+1","Venomology+1","Bouncing Flask+1","infinitespire:Neurotoxin+1","Deadly Poison+1","Backflip+1","RitualDagger","Footwork+1","Footwork+1","Crippling Poison+1"],"relics":["Ring of the Snake","Hammer of Thor","Seething Fire","Anvil of the Gods","Whetstone","Omamori","Bronze Scales","PreservedInsect","Empty Cage","InkBottle","War Paint","Mummified Hand","Red Mask","Philosopher\u0027s Stone","Lee\u0027s Waffle","Regal Pillow","CeramicFish","Letter Opener","Pocketwatch"],"acts_visited":["Exordium","TheCity","TheBeyond"],"potions_floor_usage":[33,35,38,41,44,45,46,50,50],"damage_taken":[{"damage":4.0,"enemies":"Jaw Worm","floor":1.0,"turns":2.0},{"damage":3.0,"enemies":"2 Louse","floor":5.0,"turns":2.0},{"damage":6.0,"enemies":"3 Sentries","floor":6.0,"turns":4.0},{"damage":2.0,"enemies":"Small Slimes","floor":7.0,"turns":2.0},{"damage":6.0,"enemies":"Gremlin Nob","floor":8.0,"turns":3.0},{"damage":9.0,"enemies":"Blue Slaver","floor":11.0,"turns":2.0},{"damage":0.0,"enemies":"Lots of Slimes","floor":12.0,"turns":2.0},{"damage":4.0,"enemies":"3 Sentries","floor":13.0,"turns":4.0},{"damage":9.0,"enemies":"Exordium Wildlife","floor":14.0,"turns":3.0},{"damage":33.0,"enemies":"Slime Boss","floor":16.0,"turns":10.0},{"damage":4.0,"enemies":"Chosen","floor":18.0,"turns":3.0},{"damage":9.0,"enemies":"2 Thieves","floor":20.0,"turns":4.0},{"damage":16.0,"enemies":"Sentry and Sphere","floor":22.0,"turns":4.0},{"damage":33.0,"enemies":"Book of Stabbing","floor":24.0,"turns":4.0},{"damage":9.0,"enemies":"Nightmare","floor":27.0,"turns":4.0},{"damage":23.0,"enemies":"Cultist and Chosen","floor":28.0,"turns":5.0},{"damage":20.0,"enemies":"Shelled Parasite and Fungi","floor":30.0,"turns":3.0},{"damage":13.0,"enemies":"Snake Plant","floor":31.0,"turns":2.0},{"damage":30,"enemies":"Automaton","floor":33,"turns":6},{"damage":0,"enemies":"Orb Walker","floor":35,"turns":2},{"damage":11,"enemies":"3 Shapes","floor":38,"turns":2},{"damage":12,"enemies":"Nightmare","floor":41,"turns":4},{"damage":52,"enemies":"Nemesis","floor":44,"turns":5},{"damage":0,"enemies":"Maw","floor":45,"turns":4},{"damage":1,"enemies":"4 Shapes","floor":46,"turns":3},{"damage":118,"enemies":"Time Eater","floor":50,"turns":9}],"seed_played":"3585060495057495161","potions_obtained":[{"floor":6.0,"key":"Poison Potion"},{"floor":11.0,"key":"PowerPotion"},{"floor":12.0,"key":"SpeedPotion"},{"floor":16.0,"key":"Regen Potion"},{"floor":33,"key":"PowerPotion"}],"is_trial":false,"path_per_floor":["M","?","?","?","M","E","M","E","T","R","M","M","E","M","R","B",null,"M","?","M","?","M","R","E","R","T","NM","M","?","M","M","R","B",null,"M","$","?","M","?","R","NM","R","T","E","M","M","R","?","R","B",null],"character_chosen":"THE_SILENT","items_purchased":["Lee\u0027s Waffle","Footwork","Crippling Poison","Regal Pillow"],"campfire_rested":6,"item_purchase_floors":[36,36,36,36],"current_hp_per_floor":[31,31,31,31,28,22,20,14,14,35,26,26,22,13,34,1,70,66,66,57,51,35,35,11,32,32,33,10,10,24,11,32,2,70,70,77,77,66,66,66,54,54,54,2,2,10,48,48,77,2],"gold":544,"neow_bonus":"","is_daily":false,"chose_seed":false,"campfire_upgraded":3,"win_rate":0.0,"timestamp":1613373465,"path_taken":["M","?","?","?","M","E","M","E","T","R","M","M","E","M","R","BOSS","M","?","M","?","M","R","E","R","T","NM","M","?","M","M","R","BOSS","M","$","?","M","?","R","NM","R","T","E","M","?","R","?","R","BOSS"],"items_purchased_type":["Relic","Card","Card","Relic"],"build_version":"2020-12-22","purchased_purges":0,"victory":true,"max_hp_per_floor":[70,70,70,70,70,70,70,70,70,70,70,70,70,70,70,70,70,70,70,70,70,70,70,70,70,70,70,70,70,70,70,70,70,70,70,77,77,77,77,77,77,77,77,77,77,77,77,77,77,77],"card_choices":[{"not_picked":["Blur","Caltrops"],"picked":"Bane","floor":1.0},{"not_picked":["Distraction","Blade Dance","Dodge and Roll"],"picked":"SKIP","floor":5.0},{"not_picked":["Bullet Time","Slice"],"picked":"Bouncing Flask","floor":6.0},{"not_picked":["Slice","Flying Knee","Masterful Stab"],"picked":"SKIP","floor":7.0},{"not_picked":["Poisoned Stab","Outmaneuver","Bane"],"picked":"SKIP","floor":8.0},{"not_picked":["PiercingWail","Blur","Escape Plan"],"picked":"SKIP","floor":11.0},{"not_picked":["Quick Slash","Dagger Throw","Sucker Punch"],"picked":"SKIP","floor":12.0},{"not_picked":["Finisher","Outmaneuver"],"picked":"infinitespire:Neurotoxin","floor":13.0},{"not_picked":["Die Die Die","Cloak And Dagger"],"picked":"Deadly Poison","floor":14.0},{"not_picked":["Calculated Gamble+1","Escape Plan+1"],"picked":"Backflip+1","floor":18.0},{"not_picked":["Sucker Punch","Accuracy","Cloak And Dagger"],"picked":"SKIP","floor":20.0},{"not_picked":["Bane","Outmaneuver","Slice+1"],"picked":"SKIP","floor":22.0},{"not_picked":["Masterful Stab+1","Underhanded Strike","Dagger Spray"],"picked":"SKIP","floor":24.0},{"not_picked":["Reflex+1","Outmaneuver","Terror"],"picked":"SKIP","floor":27.0},{"not_picked":["Poisoned Stab","Underhanded Strike+1","Backstab"],"picked":"SKIP","floor":28.0},{"not_picked":["Leg Sweep","Venomology"],"picked":"Footwork+1","floor":30.0},{"not_picked":["Cloak And Dagger+1","Blade Dance","Acrobatics"],"picked":"SKIP","floor":31.0},{"not_picked":["PiercingWail","Bane","Deflect"],"picked":"SKIP","floor":35},{"not_picked":["A Thousand Cuts","Finisher+1","Flying Knee+1"],"picked":"SKIP","floor":38},{"not_picked":["Infinite Blades+1","Finisher","Dash+1"],"picked":"SKIP","floor":41},{"not_picked":["Dodge and Roll","Sucker Punch","Dagger Spray+1"],"picked":"SKIP","floor":44},{"not_picked":["Endless Agony+1","Blade Dance+1","Quick Slash+1"],"picked":"SKIP","floor":45},{"not_picked":["Quick Slash","Bane","Prepared+1"],"picked":"SKIP","floor":46}],"player_experience":590775,"relics_obtained":[{"floor":3.0,"key":"Whetstone"},{"floor":6.0,"key":"Omamori"},{"floor":8.0,"key":"Bronze Scales"},{"floor":9.0,"key":"PreservedInsect"},{"floor":13.0,"key":"Gambling Chip"},{"floor":24.0,"key":"InkBottle"},{"floor":26.0,"key":"War Paint"},{"floor":27.0,"key":"Mummified Hand"},{"floor":29.0,"key":"Red Mask"},{"floor":41,"key":"CeramicFish"},{"floor":43,"key":"Letter Opener"},{"floor":44,"key":"Pocketwatch"}],"event_choices":[{"damage_healed":0.0,"max_hp_gain":0.0,"max_hp_loss":0.0,"gold_gain":0.0,"event_name":"Living Wall","player_choice":"Grow","floor":2.0,"gold_loss":0.0,"damage_taken":0.0,"cards_upgraded":["Deadly Poison"]},{"damage_healed":0.0,"max_hp_gain":0.0,"max_hp_loss":0.0,"gold_gain":0.0,"event_name":"Back to Basics","player_choice":"Simplicity","floor":19.0,"gold_loss":0.0,"damage_taken":0.0,"cards_upgraded":[]},{"damage_healed":0.0,"max_hp_gain":0.0,"max_hp_loss":0.0,"gold_gain":0.0,"event_name":"Nest","player_choice":"Joined the Cult","floor":21.0,"gold_loss":0.0,"damage_taken":6.0,"cards_obtained":["RitualDagger"]},{"damage_healed":0,"gold_gain":222,"player_choice":"Wore Mask","damage_taken":0,"max_hp_gain":0,"max_hp_loss":0,"event_name":"Tomb of Lord Red Mask","floor":37,"gold_loss":0},{"damage_healed":0,"gold_gain":0,"player_choice":"Forge","damage_taken":0,"max_hp_gain":0,"max_hp_loss":0,"event_name":"Accursed Blacksmith","floor":39,"gold_loss":0,"cards_upgraded":["Crippling Poison"]},{"damage_healed":0,"gold_gain":0,"player_choice":"Cursed","damage_taken":0,"max_hp_gain":0,"max_hp_loss":0,"event_name":"Wheel of Change","floor":48,"gold_loss":0,"cards_obtained":["Decay"]}],"is_beta":false,"boss_relics":[{"not_picked":["WristBlade","SacredBark"],"picked":"Empty Cage"},{"not_picked":["Black Star","Cursed Key"],"picked":"Philosopher\u0027s Stone"}],"items_purged_floors":[],"is_endless":false,"potions_floor_spawned":[6,11,12,16,22,24,31,33,38,44],"ascension_level":3}}