{"host":"kiqwdjvbe02g19y1","time":1613397938,"event":{"mods":["BaseMod","BetterRewards","Colored Powertips","Downfall","Googly Eyes","Hubris","Minty Spire (QoL Compilation)","Relic Stats","Spicy Shops","StSLib","everything is the same but u backflip on backflip","slay the spire mod where everything is the same but ironclad has a cowboy hat"],"gold_per_floor":[99,53,53,13,13,13,13,13,13,13,13,13,13,13,13,13,13,13,13,13,13,13,13,13,13,13,13,13,13,13,13,13,13,13,13,13,13,13,13,13,13],"floor_reached":40,"language":"ENG","playtime":4652,"items_purged":[],"score":458,"play_id":"5f312ddd-cf5a-4217-948f-0c56ff24361c","local_time":"20210216000538","is_ascension_mode":true,"campfire_choices":[{"data":"Storm of Steel","floor":11.0,"key":"SMITH"},{"floor":15.0,"key":"REST"},{"data":"Envenom","floor":23.0,"key":"SMITH"},{"floor":30.0,"key":"REST"},{"floor":32.0,"key":"REST"}],"circlet_count":0,"master_deck":["Strike_G","Strike_G","Strike_G","Strike_G","Strike_G","Defend_G","Defend_G","Defend_G","Defend_G","Defend_G","Survivor","Neutralize","Blade Dance","Cloak And Dagger","PiercingWail","Infinite Blades","Storm of Steel+1","Slice","Calculated Gamble","Backflip","Dagger Spray","Burst","CurseOfTheBell","Quick Slash","Accuracy","Envenom+1","Blade Dance+1","Dodge and Roll+1","Slice","Jack Of All Trades","A Thousand Cuts","Prepared+1","Backflip+1","Mind Blast","Prepared"],"relics":["Ectoplasm","WingedGreaves","White Beast Statue","Pear","Incense Burner","Calling Bell","Snake Skull","Kunai","CaptainsWheel","Ornamental Fan","Matryoshka","Orichalcum","Art of War","Runic Pyramid"],"acts_visited":[],"potions_floor_usage":[],"damage_taken":[{"damage":1.0,"enemies":"Jaw Worm","floor":1.0,"turns":4.0},{"damage":0.0,"enemies":"Small Slimes","floor":5.0,"turns":3.0},{"damage":19.0,"enemies":"3 Sentries","floor":6.0,"turns":11.0},{"damage":0.0,"enemies":"Cultist","floor":7.0,"turns":4.0},{"damage":2.0,"enemies":"Blue Slaver","floor":8.0,"turns":4.0},{"damage":6.0,"enemies":"Exordium Wildlife","floor":10.0,"turns":4.0},{"damage":0.0,"enemies":"Exordium Thugs","floor":12.0,"turns":3.0},{"damage":14.0,"enemies":"3 Sentries","floor":13.0,"turns":7.0},{"damage":7.0,"enemies":"Blue Slaver","floor":14.0,"turns":4.0},{"damage":20.0,"enemies":"Slime Boss","floor":16.0,"turns":10.0},{"damage":14.0,"enemies":"Shell Parasite","floor":18.0,"turns":8.0},{"damage":4.0,"enemies":"Spheric Guardian","floor":20.0,"turns":5.0},{"damage":8.0,"enemies":"3 Cultists","floor":22.0,"turns":5.0},{"damage":28.0,"enemies":"Slavers","floor":24.0,"turns":2.0},{"damage":0.0,"enemies":"Snecko","floor":25.0,"turns":5.0},{"damage":0.0,"enemies":"Sentry and Sphere","floor":28.0,"turns":4.0},{"damage":7.0,"enemies":"Snake Plant","floor":29.0,"turns":4.0},{"damage":7.0,"enemies":"Champ","floor":33.0,"turns":11.0},{"damage":11.0,"enemies":"3 Shapes","floor":35.0,"turns":5.0},{"damage":13.0,"enemies":"3 Darklings","floor":36.0,"turns":3.0},{"damage":20.0,"enemies":"Jaw Worm Horde","floor":38.0,"turns":5.0},{"damage":38,"enemies":"Reptomancer","floor":40,"turns":2}],"seed_played":"-8428523493398873942","potions_obtained":[{"floor":4.0,"key":"Energy Potion"},{"floor":4.0,"key":"ColorlessPotion"},{"floor":4.0,"key":"Ancient Potion"},{"floor":7.0,"key":"DistilledChaos"},{"floor":13.0,"key":"CunningPotion"},{"floor":16.0,"key":"SkillPotion"},{"floor":18.0,"key":"AttackPotion"},{"floor":22.0,"key":"Swift Potion"},{"floor":24.0,"key":"Weak Potion"},{"floor":25.0,"key":"Swift Potion"},{"floor":28.0,"key":"EssenceOfSteel"},{"floor":29.0,"key":"SteroidPotion"}],"is_trial":false,"path_per_floor":["M","$","?","?","M","E","M","M","T","M","R","M","?","M","R","B",null,"M","?","M","T","M","R","E","M","T","$","M","M","R","?","R","B",null,"M","M","?","M","?","E"],"character_chosen":"THE_SILENT","items_purchased":["Cloak And Dagger"],"campfire_rested":3,"item_purchase_floors":[2],"current_hp_per_floor":[69,69,57,57,57,38,38,36,46,40,40,40,26,19,43,23,80,66,66,62,62,54,54,26,26,26,26,26,19,43,31,55,48,80,69,56,56,36,36,0,0],"gold":13,"neow_bonus":"BOSS_RELIC","is_daily":false,"chose_seed":false,"campfire_upgraded":2,"win_rate":0.0,"timestamp":1613397938,"path_taken":["M","$","?","?","M","E","M","M","T","M","R","?","?","M","R","BOSS","M","?","M","?","M","R","E","M","T","?","?","M","R","?","R","BOSS","M","?","?","M","?","E"],"items_purchased_type":["Card"],"build_version":"2020-12-22","purchased_purges":0,"victory":false,"max_hp_per_floor":[70,70,70,70,70,70,70,70,80,80,80,80,80,80,80,80,80,80,80,80,80,80,80,80,80,80,80,80,80,80,80,80,80,80,80,80,80,80,80,80,80],"relic_stats":{"counters":[3,10],"Ornamental Fan":[36],"Ectoplasm":31,"Snake Skull":[44],"Art of War":[1],"Kunai":[9],"Orichalcum":[0],"obtain_stats":[{"Pear":0,"Snake Skull":0,"Incense Burner":0,"Orichalcum":0,"White Beast Statue":0,"Calling Bell":0,"CaptainsWheel":0,"Matryoshka":0,"Ornamental Fan":0,"Ectoplasm":0,"WingedGreaves":0,"Art of War":0,"Kunai":0,"Runic Pyramid":0},{"Pear":0,"Snake Skull":0,"Incense Burner":0,"Orichalcum":0,"White Beast Statue":0,"Calling Bell":0,"CaptainsWheel":0,"Matryoshka":0,"Ornamental Fan":0,"Ectoplasm":0,"WingedGreaves":0,"Art of War":0,"Kunai":0,"Runic Pyramid":0},{"Pear":0,"Snake Skull":0,"Incense Burner":0,"Orichalcum":0,"White Beast Statue":0,"Calling Bell":0,"CaptainsWheel":0,"Matryoshka":0,"Ornamental Fan":0,"Ectoplasm":0,"WingedGreaves":0,"Art of War":0,"Kunai":0,"Runic Pyramid":0}]},"card_choices":[{"not_picked":["Eviscerate","Blur"],"picked":"Blade Dance","floor":1.0},{"not_picked":["Underhanded Strike","Poisoned Stab","Predator"],"picked":"SKIP","floor":5.0},{"not_picked":["Deflect","Prepared"],"picked":"PiercingWail","floor":6.0},{"not_picked":["Skewer","Reflex"],"picked":"Infinite Blades","floor":7.0},{"not_picked":["PiercingWail","Accuracy"],"picked":"Storm of Steel","floor":8.0},{"not_picked":["Poisoned Stab","Dodge and Roll"],"picked":"Slice","floor":10.0},{"not_picked":["Outmaneuver","Bane"],"picked":"Calculated Gamble","floor":12.0},{"not_picked":["Sucker Punch","Endless Agony"],"picked":"Backflip","floor":13.0},{"not_picked":["Grand Finale","Slice"],"picked":"Dagger Spray","floor":14.0},{"not_picked":["Glass Knife","Venomology"],"picked":"Burst","floor":16.0},{"not_picked":["Acrobatics","Deadly Poison"],"picked":"Quick Slash","floor":18.0},{"not_picked":["Acrobatics","Flying Knee","Eviscerate"],"picked":"SKIP","floor":20.0},{"not_picked":["Dodge and Roll","Dagger Spray"],"picked":"Envenom","floor":22.0},{"not_picked":["Dagger Throw","All Out Attack"],"picked":"Blade Dance+1","floor":24.0},{"not_picked":["Flying Knee","Dagger Spray"],"picked":"Dodge and Roll+1","floor":25.0},{"not_picked":["Prepared","Outmaneuver+1","Flying Knee"],"picked":"SKIP","floor":28.0},{"not_picked":["Infinite Blades","Escape Plan"],"picked":"Slice","floor":29.0},{"not_picked":["Storm of Steel","Unload"],"picked":"A Thousand Cuts","floor":33.0},{"not_picked":["Acrobatics+1","Dagger Throw"],"picked":"Prepared+1","floor":35.0},{"not_picked":["Acrobatics+1","Dagger Throw"],"picked":"Backflip+1","floor":36.0},{"not_picked":["PanicButton","Enlightenment"],"picked":"Mind Blast","floor":37.0},{"not_picked":["Outmaneuver","Bane"],"picked":"Prepared","floor":38.0}],"player_experience":321914,"relics_obtained":[{"floor":6.0,"key":"White Beast Statue"},{"floor":9.0,"key":"Pear"},{"floor":13.0,"key":"Incense Burner"},{"floor":17.0,"key":"Snake Skull"},{"floor":17.0,"key":"Kunai"},{"floor":17.0,"key":"CaptainsWheel"},{"floor":21.0,"key":"Ornamental Fan"},{"floor":24.0,"key":"Matryoshka"},{"floor":26.0,"key":"Orichalcum"},{"floor":26.0,"key":"Art of War"}],"event_choices":[{"damage_healed":0.0,"max_hp_gain":0.0,"max_hp_loss":0.0,"gold_gain":0.0,"event_name":"Scrap Ooze","player_choice":"Success","floor":3.0,"gold_loss":0.0,"damage_taken":12.0,"relics_obtained":["WingedGreaves"]},{"damage_healed":0.0,"max_hp_gain":0.0,"max_hp_loss":0.0,"gold_gain":0.0,"event_name":"The Woman in Blue","player_choice":"Bought 3 Potions","floor":4.0,"gold_loss":0.0,"damage_taken":0.0},{"damage_healed":0.0,"max_hp_gain":0.0,"max_hp_loss":0.0,"gold_gain":0.0,"event_name":"Dead Adventurer","player_choice":"Searched \u00271\u0027 times","floor":13.0,"gold_loss":0.0,"damage_taken":0.0},{"damage_healed":0.0,"max_hp_gain":0.0,"max_hp_loss":0.0,"gold_gain":0.0,"event_name":"The Library","player_choice":"Read","floor":19.0,"gold_loss":0.0,"damage_taken":0.0,"cards_obtained":["Accuracy"]},{"damage_healed":0.0,"max_hp_gain":0.0,"max_hp_loss":0.0,"gold_gain":0.0,"event_name":"Knowing Skull","player_choice":"CARD ","floor":31.0,"potions_obtained":[],"gold_loss":0.0,"damage_taken":12.0,"cards_obtained":["Jack Of All Trades"]},{"damage_healed":0.0,"max_hp_gain":0.0,"max_hp_loss":0.0,"gold_gain":0.0,"event_name":"SensoryStone","player_choice":"Memory 1","floor":37.0,"gold_loss":0.0,"damage_taken":0.0},{"damage_healed":0.0,"max_hp_gain":0.0,"max_hp_loss":0.0,"gold_gain":0.0,"event_name":"The Moai Head","player_choice":"Ignored","floor":39.0,"gold_loss":0.0,"damage_taken":0.0}],"is_beta":false,"boss_relics":[{"not_picked":["Cursed Key","Empty Cage"],"picked":"Calling Bell"},{"not_picked":["Sozu","Velvet Choker"],"picked":"Runic Pyramid"}],"items_purged_floors":[],"is_endless":false,"potions_floor_spawned":[5,7,8,10,12,13,14,16,18,20,22,24,25,28,29,33,35,36,38],"killed_by":"Reptomancer","ascension_level":1}}