{"host":"t9vqxmgmtrdkt9v9","time":1613364590,"event":{"mods":["AchievementEnabler","BaseMod","Colored Map","Minty Spire (QoL Compilation)","Permanent Neow","Relic Stats","StSLib"],"gold_per_floor":[17,34,45,120,120,148,160,160,160,160,160,179,6,25,25,99,99,99,116,116,116,116],"floor_reached":21,"language":"ENG","playtime":1026,"items_purged":[],"score":344,"play_id":"0e97d6c3-fe92-448c-8bef-323614deb701","local_time":"20210215144950","is_ascension_mode":true,"campfire_choices":[{"floor":8.0,"key":"REST"},{"floor":11.0,"key":"REST"},{"data":"Rupture","floor":15.0,"key":"SMITH"}],"circlet_count":0,"master_deck":["AscendersBane","Strike_R","Strike_R","Strike_R","Strike_R","Defend_R","Defend_R","Defend_R","Defend_R","Bash","Wild Strike","Twin Strike","Shrug It Off","Brutality","Sentinel","Spot Weakness","Rupture+1","Feed"],"relics":["Burning Blood","Champion Belt","Calipers","Meat on the Bone","Red Skull","Black Star","Darkstone Periapt"],"acts_visited":["Exordium","TheCity"],"potions_floor_usage":[18],"damage_taken":[{"damage":11.0,"enemies":"Jaw Worm","floor":1.0,"turns":4.0},{"damage":3.0,"enemies":"2 Louse","floor":2.0,"turns":3.0},{"damage":4.0,"enemies":"Small Slimes","floor":3.0,"turns":4.0},{"damage":60.0,"enemies":"Lagavulin","floor":6.0,"turns":8.0},{"damage":17.0,"enemies":"Red Slaver","floor":7.0,"turns":4.0},{"damage":21.0,"enemies":"Lots of Slimes","floor":12.0,"turns":7.0},{"damage":11.0,"enemies":"2 Fungi Beasts","floor":14.0,"turns":3.0},{"damage":37,"enemies":"Hexaghost","floor":16,"turns":9},{"damage":21,"enemies":"Chosen","floor":18,"turns":5},{"damage":25,"enemies":"Shell Parasite","floor":19,"turns":5},{"damage":56,"enemies":"Shelled Parasite and Fungi","floor":21,"turns":4}],"seed_played":"4026549998020884674","potions_obtained":[{"floor":2.0,"key":"PowerPotion"},{"floor":7.0,"key":"SmokeBomb"},{"floor":16,"key":"Strength Potion"},{"floor":19,"key":"SteroidPotion"}],"is_trial":false,"path_per_floor":["M","M","M","?","?","E","M","R","T","?","R","M","$","M","R","B",null,"M","M","T","M"],"character_chosen":"IRONCLAD","items_purchased":["Red Skull"],"campfire_rested":2,"item_purchase_floors":[13],"current_hp_per_floor":[63,66,68,57,75,21,10,32,32,32,54,51,51,46,46,27,63,48,41,41,0,0],"gold":116,"neow_bonus":"ONE_RARE_RELIC","is_daily":false,"chose_seed":false,"campfire_upgraded":1,"win_rate":0.0,"timestamp":1613364590,"path_taken":["M","M","M","?","?","E","M","R","T","?","R","M","$","M","R","BOSS","M","M","?","?"],"items_purchased_type":["Relic"],"build_version":"2020-12-22","purchased_purges":0,"victory":false,"max_hp_per_floor":[75,75,75,75,75,75,75,75,75,75,75,75,75,75,75,75,75,75,75,75,75,75],"relic_stats":{"Darkstone Periapt":0,"counters":[11,56],"Black Star":0,"Champion Belt":[13],"obtain_stats":[{"Darkstone Periapt":20,"Calipers":6,"Black Star":17,"Champion Belt":0,"Burning Blood":0,"Red Skull":13,"Meat on the Bone":9},{"Darkstone Periapt":10,"Calipers":4,"Black Star":8,"Champion Belt":0,"Burning Blood":0,"Red Skull":6,"Meat on the Bone":5},{"Darkstone Periapt":52,"Calipers":19,"Black Star":42,"Champion Belt":0,"Burning Blood":0,"Red Skull":30,"Meat on the Bone":23}],"Burning Blood":60,"Meat on the Bone":36},"card_choices":[{"not_picked":["Perfected Strike","Shrug It Off"],"picked":"Wild Strike","floor":1.0},{"not_picked":["Clothesline","Flex"],"picked":"Twin Strike","floor":2.0},{"not_picked":["Heavy Blade","Havoc"],"picked":"Shrug It Off","floor":3.0},{"not_picked":["True Grit","Twin Strike"],"picked":"Brutality","floor":6.0},{"not_picked":["Sever Soul","Warcry","Metallicize"],"picked":"SKIP","floor":7.0},{"not_picked":["Sever Soul","Warcry","Metallicize"],"picked":"SKIP","floor":7.0},{"not_picked":["Reckless Charge","Shockwave"],"picked":"Spot Weakness","floor":12.0},{"not_picked":["True Grit","Hemokinesis"],"picked":"Rupture","floor":14.0},{"not_picked":["Corruption","Impervious"],"picked":"Feed","floor":16},{"not_picked":["Body Slam","Thunderclap","Fire Breathing"],"picked":"SKIP","floor":19}],"player_experience":403762,"relics_obtained":[{"floor":6.0,"key":"Calipers"},{"floor":9.0,"key":"Meat on the Bone"},{"floor":20,"key":"Darkstone Periapt"}],"event_choices":[{"damage_healed":0.0,"max_hp_gain":0.0,"max_hp_loss":0.0,"gold_gain":75.0,"event_name":"World of Goop","player_choice":"Gather Gold","floor":4.0,"gold_loss":0.0,"damage_taken":11.0},{"damage_healed":25.0,"max_hp_gain":0.0,"max_hp_loss":0.0,"gold_gain":0.0,"event_name":"Big Fish","player_choice":"Banana","floor":5.0,"gold_loss":0.0,"damage_taken":0.0},{"damage_healed":0.0,"max_hp_gain":0.0,"max_hp_loss":0.0,"gold_gain":0.0,"cards_transformed":["Strike_R"],"event_name":"Transmorgrifier","player_choice":"Transformed","floor":10.0,"gold_loss":0.0,"damage_taken":0.0,"cards_obtained":["Sentinel"]}],"is_beta":false,"boss_relics":[{"not_picked":["Tiny House","Snecko Eye"],"picked":"Black Star"}],"items_purged_floors":[],"is_endless":false,"potions_floor_spawned":[2,7,16,19],"killed_by":"Shelled Parasite and Fungi","ascension_level":18}}