{"host":"y76clbnovzmw9ubx","time":1613405010,"event":{"mods":["AchievementEnabler","BaseMod","Minty Spire (QoL Compilation)","Permanent Neow","Relic Stats"],"gold_per_floor":[110,110,125,125,50,50,64,64,64,64,64,64],"floor_reached":11,"language":"ENG","playtime":333,"items_purged":["Strike_G"],"score":122,"play_id":"12de547d-da5d-46ec-9104-93a32138b6de","local_time":"20210215110330","is_ascension_mode":true,"campfire_choices":[{"data":"Noxious Fumes","floor":6,"key":"SMITH"},{"data":"Backstab","floor":8,"key":"SMITH"},{"data":"Dodge and Roll","floor":10,"key":"SMITH"}],"circlet_count":0,"master_deck":["AscendersBane","Strike_G","Strike_G","Strike_G","Strike_G","Defend_G","Defend_G","Defend_G","Defend_G","Defend_G","Survivor","Neutralize","Deflect","Dodge and Roll+1","Noxious Fumes+1","Backstab+1"],"relics":["Ring of the Snake","Pear"],"acts_visited":["Exordium"],"potions_floor_usage":[11],"damage_taken":[{"damage":0,"enemies":"Cultist","floor":1,"turns":4},{"damage":0,"enemies":"2 Louse","floor":3,"turns":3},{"damage":3,"enemies":"Small Slimes","floor":7,"turns":4},{"damage":85,"enemies":"Gremlin Nob","floor":11,"turns":6}],"seed_played":"4745172482816350396","potions_obtained":[{"floor":3,"key":"SpeedPotion"},{"floor":7,"key":"EssenceOfSteel"}],"is_trial":false,"path_per_floor":["M","?","M","?","$","R","M","R","T","R","E"],"character_chosen":"THE_SILENT","items_purchased":[],"campfire_rested":0,"item_purchase_floors":[],"current_hp_per_floor":[59,59,59,64,64,64,61,61,71,71,0,0],"gold":64,"neow_bonus":"THREE_CARDS","is_daily":false,"chose_seed":false,"campfire_upgraded":3,"win_rate":0.0,"timestamp":1613405010,"path_taken":["M","?","M","?","$","R","M","R","T","R","E"],"items_purchased_type":[],"build_version":"2020-12-22","purchased_purges":1,"victory":false,"max_hp_per_floor":[66,66,66,71,71,71,71,71,81,81,81,81],"relic_stats":{"counters":[4,17],"obtain_stats":[{"Pear":9,"Ring of the Snake":0},{"Pear":3,"Ring of the Snake":0},{"Pear":11,"Ring of the Snake":0}],"Ring of the Snake":[8]},"card_choices":[{"not_picked":["Dagger Throw","Reflex"],"picked":"Deflect","floor":0},{"not_picked":["Heel Hook","Dagger Throw"],"picked":"Dodge and Roll","floor":1},{"not_picked":["Escape Plan","Crippling Poison"],"picked":"Noxious Fumes","floor":3},{"not_picked":["Flechettes","Flying Knee"],"picked":"Backstab","floor":7}],"player_experience":3244544,"relics_obtained":[{"floor":9,"key":"Pear"}],"event_choices":[{"damage_healed":0,"gold_gain":0,"player_choice":"Ignored","damage_taken":0,"max_hp_gain":0,"max_hp_loss":0,"event_name":"Liars Game","floor":2,"gold_loss":0},{"damage_healed":0,"gold_gain":0,"player_choice":"Donut","damage_taken":0,"max_hp_gain":5,"max_hp_loss":0,"event_name":"Big Fish","floor":4,"gold_loss":0}],"is_beta":false,"boss_relics":[],"items_purged_floors":[5],"is_endless":false,"potions_floor_spawned":[3,7],"killed_by":"Gremlin Nob","ascension_level":20}}