{"host":"mmqs5ul2bvb60kyc","time":1613351922,"event":{"mods":["AchievementEnabler","Act Like it!","BaseMod","Colored Map","Colored Powertips","Minty Spire (QoL Compilation)","Quick Restart","StSLib"],"gold_per_floor":[117,192,192,204,204,223,223,239,239,250,250,263,298,315,315,389,389,407,407,76,93,104,104,135,135,158,58,87,87,114,114,114,114,114,192,192,204,224,239,239,252,279,279,307,307,307,322,347,402,97,97,97,97,97,97,126,126],"floor_reached":58,"language":"ZHS","playtime":3509,"items_purged":["Strike_B","Strike_B"],"score":2483,"play_id":"ee3b6bcf-4399-4199-ae4f-b5e3f2228bb0","local_time":"20210215091842","is_ascension_mode":true,"campfire_choices":[{"data":"Dualcast","floor":7.0,"key":"SMITH"},{"floor":11.0,"key":"REST"},{"floor":15.0,"key":"REST"},{"data":"Turbo","floor":23.0,"key":"SMITH"},{"data":"Hologram","floor":25.0,"key":"SMITH"},{"data":"Defragment","floor":29.0,"key":"SMITH"},{"data":"Coolheaded","floor":31.0,"key":"SMITH"},{"data":"Seek","floor":33.0,"key":"SMITH"},{"data":"Creative AI","floor":34.0,"key":"SMITH"},{"data":"Deep Breath","floor":43.0,"key":"SMITH"},{"floor":51,"key":"RECALL"},{"data":"Defragment","floor":54,"key":"SMITH"}],"circlet_count":0,"master_deck":["AscendersBane","Defend_B","Defend_B","Defend_B","Defend_B","Dualcast+1","Scrape+1","Cold Snap","Streamline+1","Creative AI+1","Hologram+1","Cold Snap","Self Repair","Seek+1","Coolheaded+1","Electrodynamics","Heatsinks+1","Ghostly","Ghostly","Ghostly","Defragment+1","Turbo+1","Storm","Fission","Ball Lightning+1","Fission","Buffer","Defragment+1","Capacitor","Deep Breath+1","Madness+1","Madness+1","Turbo+1","White Noise+1","Coolheaded+1","Defragment"],"relics":["Cracked Core","Pantograph","HornCleat","Bag of Marbles","Black Star","Bag of Preparation","Ornamental Fan","Whetstone","Happy Flower","Dead Branch","Kunai","CaptainsWheel","Runic Dome","Question Card","Bronze Scales","Regal Pillow","Centennial Puzzle","Toxic Egg 2","Toy Ornithopter","Strawberry","Mango","Bottled Tornado","Lantern","DataDisk"],"acts_visited":["Exordium","TheCity","TheBeyond","TheEnding"],"potions_floor_usage":[57,57],"damage_taken":[{"damage":5.0,"enemies":"Small Slimes","floor":1.0,"turns":4.0},{"damage":2.0,"enemies":"Jaw Worm","floor":4.0,"turns":4.0},{"damage":0.0,"enemies":"Cultist","floor":6.0,"turns":3.0},{"damage":0.0,"enemies":"Large Slime","floor":8.0,"turns":2.0},{"damage":6.0,"enemies":"Blue Slaver","floor":10.0,"turns":3.0},{"damage":2.0,"enemies":"3 Louse","floor":12.0,"turns":3.0},{"damage":31.0,"enemies":"Lagavulin","floor":13.0,"turns":7.0},{"damage":0.0,"enemies":"2 Fungi Beasts","floor":14.0,"turns":2.0},{"damage":45.0,"enemies":"The Guardian","floor":16.0,"turns":13.0},{"damage":15.0,"enemies":"Shell Parasite","floor":18.0,"turns":17.0},{"damage":5.0,"enemies":"Spheric Guardian","floor":21.0,"turns":7.0},{"damage":0.0,"enemies":"Snecko","floor":22.0,"turns":4.0},{"damage":18.0,"enemies":"Gremlin Leader","floor":24.0,"turns":7.0},{"damage":16.0,"enemies":"Book of Stabbing","floor":28.0,"turns":5.0},{"damage":1.0,"enemies":"Gremlin Leader","floor":30.0,"turns":4.0},{"damage":0.0,"enemies":"Automaton","floor":35.0,"turns":4.0},{"damage":0.0,"enemies":"3 Darklings","floor":37.0,"turns":4.0},{"damage":1.0,"enemies":"Orb Walker","floor":38.0,"turns":2.0},{"damage":0.0,"enemies":"Writhing Mass","floor":39.0,"turns":3.0},{"damage":4.0,"enemies":"4 Shapes","floor":41.0,"turns":4.0},{"damage":0.0,"enemies":"Giant Head","floor":42.0,"turns":6.0},{"damage":2.0,"enemies":"Reptomancer","floor":44.0,"turns":5.0},{"damage":0.0,"enemies":"Maw","floor":47.0,"turns":5.0},{"damage":0,"enemies":"Giant Head","floor":48,"turns":6},{"damage":0,"enemies":"2 Orb Walkers","floor":49,"turns":2},{"damage":0,"enemies":"Time Eater","floor":52,"turns":6},{"damage":0,"enemies":"Shield and Spear","floor":56,"turns":3},{"damage":50,"enemies":"The Heart","floor":57,"turns":8}],"seed_played":"-435052991802244328","potions_obtained":[{"floor":8.0,"key":"SpeedPotion"},{"floor":10.0,"key":"LiquidBronze"},{"floor":14.0,"key":"Explosive Potion"},{"floor":16.0,"key":"ColorlessPotion"},{"floor":24.0,"key":"Swift Potion"},{"floor":35.0,"key":"DistilledChaos"}],"is_trial":false,"path_per_floor":["M","?","?","M","T","M","R","M","T","M","R","M","E","M","R","B",null,"M","?","$","M","M","R","E","R","T","$","E","R","E","R","?","R","R","B",null,"M","M","M","?","M","E","R","E","T","?","M","E","?","$","R","B",null,"R","$","E","B",null],"character_chosen":"DEFECT","items_purchased":["Defragment","Bag of Preparation","Turbo","Bottled Tornado","Coolheaded+1"],"campfire_rested":2,"item_purchase_floors":[20,20,20,50,50],"current_hp_per_floor":[41,30,25,23,23,23,23,23,23,17,38,36,12,12,33,20,58,50,35,35,35,35,35,24,24,24,24,15,15,28,28,28,28,28,35,35,35,35,35,30,33,35,35,35,35,29,35,42,56,56,56,56,56,56,56,56,23],"gold":126,"neow_bonus":"TRANSFORM_TWO_CARDS","is_daily":false,"chose_seed":false,"campfire_upgraded":9,"win_rate":0.0,"timestamp":1613351922,"path_taken":["M","?","?","?","?","M","R","M","T","M","R","M","E","M","R","BOSS","M","?","$","M","M","R","E","R","T","$","E","R","E","R","?","R","R","BOSS","M","M","M","?","M","E","R","E","T","?","M","E","?","$","R","BOSS","R","$","E","BOSS"],"items_purchased_type":["Card","Relic","Card","Relic","Card"],"build_version":"2020-12-22","purchased_purges":2,"victory":true,"max_hp_per_floor":[71,71,71,71,71,71,71,71,71,71,71,71,71,71,71,71,71,71,35,35,35,35,35,35,35,35,35,35,35,35,35,35,35,35,35,35,35,35,35,35,35,35,35,35,35,35,35,42,56,56,56,56,56,56,56,56,56],"card_choices":[{"not_picked":["Steam","Gash","Beam Cell"],"picked":"SKIP","floor":1.0},{"not_picked":["Go for the Eyes","Stack"],"picked":"Streamline","floor":4.0},{"not_picked":["Cold Snap","Gash"],"picked":"Creative AI","floor":6.0},{"not_picked":["Force Field","Undo"],"picked":"Hologram","floor":8.0},{"not_picked":["Sweeping Beam","Go for the Eyes"],"picked":"Cold Snap","floor":10.0},{"not_picked":["Sunder","Barrage"],"picked":"Self Repair","floor":12.0},{"not_picked":["Barrage","Rebound"],"picked":"Seek","floor":13.0},{"not_picked":["Steam","Stack"],"picked":"Coolheaded","floor":14.0},{"not_picked":["Biased Cognition","Core Surge"],"picked":"Electrodynamics","floor":16.0},{"not_picked":["Cold Snap","Rebound"],"picked":"Heatsinks+1","floor":18.0},{"not_picked":["Blizzard","Force Field"],"picked":"Storm","floor":21.0},{"not_picked":["Streamline","Tempest","Beam Cell"],"picked":"SKIP","floor":22.0},{"not_picked":["Steam","Rebound"],"picked":"Fission","floor":24.0},{"not_picked":["Rip and Tear","Rebound"],"picked":"Ball Lightning+1","floor":28.0},{"not_picked":["Gash+1","Hello World"],"picked":"Fission","floor":30.0},{"not_picked":["Meteor Strike","Multi-Cast"],"picked":"Buffer","floor":35.0},{"not_picked":["Coolheaded","Aggregate"],"picked":"Defragment","floor":37.0},{"not_picked":["BootSequence","Static Discharge","Redo"],"picked":"SKIP","floor":38.0},{"not_picked":["Go for the Eyes","Stack+1"],"picked":"Capacitor","floor":39.0},{"not_picked":["Blind","Transmutation"],"picked":"Deep Breath","floor":40.0},{"not_picked":["Steam","Auto Shields","Streamline"],"picked":"SKIP","floor":41.0},{"not_picked":["BootSequence","Force Field","Consume"],"picked":"SKIP","floor":42.0},{"not_picked":["Steam","Barrage+1","Steam Power","Doom and Gloom"],"picked":"SKIP","floor":44.0},{"not_picked":["Ball Lightning","Reinforced Body+1","Rebound","Melter"],"picked":"SKIP","floor":47.0},{"not_picked":["BootSequence+1","Biased Cognition","Conserve Battery+1"],"picked":"Turbo+1","floor":48},{"not_picked":["Genetic Algorithm+1","Doom and Gloom","Consume+1"],"picked":"White Noise+1","floor":49},{"not_picked":["Streamline+1","Seek+1","Storm"],"picked":"Defragment","floor":56}],"player_experience":363457,"relics_obtained":[{"floor":5.0,"key":"HornCleat"},{"floor":13.0,"key":"Bag of Marbles"},{"floor":24.0,"key":"Ornamental Fan"},{"floor":24.0,"key":"Whetstone"},{"floor":26.0,"key":"Happy Flower"},{"floor":28.0,"key":"Dead Branch"},{"floor":30.0,"key":"Kunai"},{"floor":30.0,"key":"CaptainsWheel"},{"floor":42.0,"key":"Question Card"},{"floor":42.0,"key":"Bronze Scales"},{"floor":44.0,"key":"Regal Pillow"},{"floor":44.0,"key":"Centennial Puzzle"},{"floor":45.0,"key":"Toxic Egg 2"},{"floor":48,"key":"Toy Ornithopter"},{"floor":48,"key":"Strawberry"},{"floor":49,"key":"Mango"},{"floor":56,"key":"Lantern"},{"floor":56,"key":"DataDisk"}],"event_choices":[{"damage_healed":0.0,"max_hp_gain":0.0,"max_hp_loss":0.0,"gold_gain":75.0,"event_name":"World of Goop","player_choice":"Gather Gold","floor":2.0,"gold_loss":0.0,"damage_taken":11.0},{"damage_healed":0.0,"max_hp_gain":0.0,"max_hp_loss":0.0,"gold_gain":0.0,"event_name":"Scrap Ooze","player_choice":"Success","floor":3.0,"gold_loss":0.0,"damage_taken":5.0,"relics_obtained":["Pantograph"]},{"damage_healed":0.0,"max_hp_gain":0.0,"max_hp_loss":36.0,"gold_gain":0.0,"event_name":"Ghosts","player_choice":"Became a Ghost","floor":19.0,"gold_loss":0.0,"damage_taken":0.0,"cards_obtained":["Ghostly","Ghostly","Ghostly"]},{"cards_removed":["Zap"],"damage_healed":0.0,"max_hp_gain":0.0,"max_hp_loss":0.0,"gold_gain":0.0,"event_name":"Back to Basics","player_choice":"Elegance","floor":32.0,"gold_loss":0.0,"damage_taken":0.0},{"damage_healed":0.0,"max_hp_gain":0.0,"max_hp_loss":0.0,"gold_gain":0.0,"event_name":"SensoryStone","player_choice":"Memory 2","floor":40.0,"gold_loss":0.0,"damage_taken":5.0},{"damage_healed":0.0,"max_hp_gain":0.0,"max_hp_loss":0.0,"gold_gain":0.0,"event_name":"Winding Halls","player_choice":"Embrace Madness","floor":46.0,"gold_loss":0.0,"damage_taken":6.0,"cards_obtained":["Madness","Madness"]},{"damage_healed":0,"gold_gain":0,"player_choice":"Fight","damage_taken":0,"max_hp_gain":0,"max_hp_loss":0,"event_name":"Mysterious Sphere","floor":49,"gold_loss":0}],"is_beta":false,"boss_relics":[{"not_picked":["Runic Pyramid","Tiny House"],"picked":"Black Star"},{"not_picked":["Cursed Key","Velvet Choker"],"picked":"Runic Dome"}],"items_purged_floors":[20,27],"is_endless":false,"potions_floor_spawned":[8,10,14,16,18,24,35,37,47,48,49],"ascension_level":17}}