{"host":"lxu17chzujqn8whl","time":1613367689,"event":{"mods":["BaseMod","Minty Spire (QoL Compilation)","Relic Stats","StSLib"],"gold_per_floor":[126,147,97,122,148,189,212,396,396,396,396],"floor_reached":10,"language":"ENG","playtime":206,"items_purged":[],"score":70,"play_id":"e28b491a-d04a-47d2-9314-046badd20a36","local_time":"20210214214129","is_ascension_mode":false,"campfire_choices":[],"circlet_count":0,"master_deck":["Strike_B","Strike_B","Strike_B","Defend_B","Defend_B","Defend_B","Defend_B","Zap","Dualcast","Doom and Gloom","Coolheaded","Defragment","Streamline","Aggregate","Self Repair","Doubt"],"relics":["Cracked Core","CeramicFish","Bag of Marbles","Molten Egg 2"],"acts_visited":["Exordium"],"potions_floor_usage":[6,10],"damage_taken":[{"damage":0,"enemies":"Small Slimes","floor":1,"turns":2},{"damage":0,"enemies":"2 Louse","floor":2,"turns":2},{"damage":6,"enemies":"Jaw Worm","floor":4,"turns":3},{"damage":10,"enemies":"Looter","floor":5,"turns":3},{"damage":26,"enemies":"3 Sentries","floor":6,"turns":5},{"damage":7,"enemies":"3 Louse","floor":7,"turns":3},{"damage":48,"enemies":"Gremlin Nob","floor":10,"turns":4}],"seed_played":"7424305368252599494","potions_obtained":[{"floor":4,"key":"ColorlessPotion"},{"floor":6,"key":"Swift Potion"},{"floor":7,"key":"Regen Potion"}],"is_trial":false,"path_per_floor":["M","M","?","M","M","E","M","?","T","E"],"character_chosen":"DEFECT","items_purchased":[],"campfire_rested":0,"item_purchase_floors":[],"current_hp_per_floor":[75,75,75,69,59,33,26,26,26,0,0],"gold":396,"neow_bonus":"RANDOM_COMMON_RELIC","is_daily":false,"chose_seed":false,"campfire_upgraded":0,"win_rate":0.0,"timestamp":1613367689,"path_taken":["M","M","?","M","M","E","M","?","T","E"],"items_purchased_type":[],"build_version":"2020-12-22","purchased_purges":0,"victory":false,"max_hp_per_floor":[75,75,75,75,75,75,75,75,75,75,75],"relic_stats":{"counters":[7,22],"CeramicFish":63,"obtain_stats":[{"CeramicFish":0,"Molten Egg 2":9,"Bag of Marbles":6,"Cracked Core":0},{"CeramicFish":0,"Molten Egg 2":6,"Bag of Marbles":5,"Cracked Core":0},{"CeramicFish":0,"Molten Egg 2":18,"Bag of Marbles":15,"Cracked Core":0}]},"card_choices":[{"not_picked":["Coolheaded","Sweeping Beam"],"picked":"Doom and Gloom","floor":1},{"not_picked":["Leap","Tempest"],"picked":"Coolheaded","floor":2},{"not_picked":["Go for the Eyes","Rebound"],"picked":"Defragment","floor":4},{"not_picked":["Conserve Battery","BootSequence"],"picked":"Streamline","floor":5},{"not_picked":["Double Energy","Hologram"],"picked":"Aggregate","floor":6},{"not_picked":["Static Discharge","Beam Cell"],"picked":"Self Repair","floor":7}],"player_experience":682192,"relics_obtained":[{"floor":6,"key":"Bag of Marbles"},{"floor":9,"key":"Molten Egg 2"}],"event_choices":[{"cards_removed":["Strike_B"],"damage_healed":0,"gold_gain":0,"player_choice":"Card Removal","damage_taken":0,"max_hp_gain":0,"max_hp_loss":0,"event_name":"The Cleric","floor":3,"gold_loss":50},{"damage_healed":0,"gold_gain":175,"player_choice":"AGREE","damage_taken":0,"max_hp_gain":0,"max_hp_loss":0,"event_name":"Liars Game","floor":8,"gold_loss":0,"cards_obtained":["Doubt"]}],"is_beta":false,"boss_relics":[],"items_purged_floors":[],"is_endless":false,"potions_floor_spawned":[4,6,7],"killed_by":"Gremlin Nob","ascension_level":0}}