{"host":"srukzmr51nzqg4kt","time":1613357633,"event":{"mods":["BaseMod","Downfall","Friendly Minions","Hermit","Hubris","Infinite Spire","Minty Spire (QoL Compilation)","Relic Stats","Replay The Spire","StSLib"],"gold_per_floor":[99,111,129,129,147,163,163,51,76,76,97,122,22,33,44,148,248,317,342,362,362,362,163,186,208,235,235,257,257,283,303,323,323,323,323],"floor_reached":33,"language":"ENG","playtime":2391,"items_purged":["hexamod:Defend+1"],"score":297,"play_id":"c3516c0e-dda2-47fc-a79c-d12c466012b1","local_time":"20210214195353","is_ascension_mode":false,"campfire_choices":[{"floor":10,"key":"RECALL"},{"floor":13,"key":"REST"},{"data":"hexamod:DynamicBlow","floor":29,"key":"SMITH"}],"circlet_count":0,"master_deck":["hexamod:Strike+1","hexamod:Strike+1","hexamod:Strike+1","hexamod:Strike+1","hexamod:Defend+1","hexamod:Defend+1","hexamod:Defend+1","hexamod:Sear","hexamod:Float","hexamod:BurningTouch","hexamod:FastForward","hexamod:CatchUp+1","hexamod:SecondSeal","hexamod:ShieldOfDarkness+1","hexamod:ThirdSeal","hexamod:BurningTouch+1","hexamod:PowerFromBeyond+1","hexamod:DynamicBlow+1","hexamod:SwordOfDarkness","hexamod:SpectralAdrenaline+1","hexamod:FlamesFromBeyond+1","hexamod:FastForward+1","hexamod:VolcanoVisage","hexamod:UnlimitedPower+1","hexamod:SpectralSpark+1","hexamod:GhostOfSpireFuture+1","hexamod:SwordOfDarkness","hexamod:TimeOfNeed+1","hexamod:PhantomFireball+1","hexamod:AdvancingGuard+1","hexamod:AdvancingGuard+1","hexamod:FastForward+1","hexamod:FourthSeal","hexamod:RetreatToShadows+1","hexamod:RetreatToShadows+1"],"relics":["hexamod:SpiritBrand","Replay:Towering Pillar of Hats","Toxic Egg 2","downfall:HeartBlessingBlue","Replay:Wanted Poster","hubris:BottledHeart","BargainBundle","Centennial Puzzle","Enchiridion","Blood Vial"],"acts_visited":["Exordium","TheCity"],"potions_floor_usage":[15,16,20,26,31,33],"damage_taken":[{"damage":0,"enemies":"2 Louse","floor":2,"turns":3},{"damage":0,"enemies":"Cultist","floor":3,"turns":3},{"damage":0,"enemies":"Small Slimes","floor":5,"turns":3},{"damage":5,"enemies":"downfall:LooterAlt","floor":6,"turns":4},{"damage":0,"enemies":"downfall:FleeingMerchant","floor":8,"turns":4},{"damage":15,"enemies":"Exordium Thugs","floor":9,"turns":4},{"damage":6,"enemies":"Large Slime","floor":11,"turns":7},{"damage":0,"enemies":"3 Louse","floor":12,"turns":4},{"damage":7,"enemies":"Blue Slaver","floor":14,"turns":3},{"damage":8,"enemies":"Lots of Slimes","floor":15,"turns":3},{"damage":18,"enemies":"WA_ARCHETYPE_RETAIN","floor":16,"turns":6},{"damage":5,"enemies":"Shell Parasite","floor":19,"turns":3},{"damage":20,"enemies":"3 Byrds","floor":20,"turns":4},{"damage":0,"enemies":"downfall:FleeingMerchant","floor":23,"turns":4},{"damage":0,"enemies":"Snake Plant","floor":25,"turns":3},{"damage":0,"enemies":"Sentry and Sphere","floor":26,"turns":4},{"damage":0,"enemies":"Snecko","floor":28,"turns":5},{"damage":0,"enemies":"Cultist and Chosen","floor":31,"turns":4},{"damage":0,"enemies":"Chosen and Byrds","floor":32,"turns":4},{"damage":9,"enemies":"SI_MIRROR_ARCHETYPE","floor":33,"turns":8}],"seed_played":"-632678203202072407","potions_obtained":[{"floor":3,"key":"Explosive Potion"},{"floor":5,"key":"hexamod:DoubleChargePotion"},{"floor":11,"key":"Swift Potion"},{"floor":15,"key":"LiquidMemories"},{"floor":16,"key":"GamblersBrew"},{"floor":19,"key":"Block Potion"},{"floor":25,"key":"hexamod:SoulburnPotion"},{"floor":26,"key":"LifebloodPotion"},{"floor":28,"key":"BlessingOfTheForge"},{"floor":32,"key":"LiquidBronze"}],"is_trial":false,"path_per_floor":["R","M","M","T","M","M","T","$","M","R","M","M","R","M","M","B",null,"R","M","M","?","?","$","T","M","M","?","M","R","T","M","M","B"],"character_chosen":"THE_SPIRIT","items_purchased":["FairyPotion","BargainBundle"],"campfire_rested":1,"item_purchase_floors":[8,23],"current_hp_per_floor":[63,63,63,63,63,58,58,58,43,43,37,37,68,61,53,35,73,73,68,48,1,1,1,1,1,1,1,1,1,1,1,1,0,0,0],"gold":323,"neow_bonus":"ONE_RARE_RELIC","is_daily":false,"chose_seed":false,"campfire_upgraded":1,"win_rate":0.0,"timestamp":1613357633,"path_taken":["R","M","M","?","M","M","T","?","M","R","M","M","R","M","M","BOSS","R","M","M","?","?","$","T","M","M","?","M","R","?","?","M","BOSS"],"items_purchased_type":["Potion","Relic"],"build_version":"2020-12-22","purchased_purges":1,"victory":false,"max_hp_per_floor":[63,63,63,63,63,63,63,63,63,63,63,63,73,73,73,73,73,73,73,73,1,1,1,1,1,1,1,1,1,1,1,1,1,1,1],"relic_stats":{"Blood Vial":0,"Centennial Puzzle":[0],"counters":[20,83],"obtain_stats":[{"Replay:Wanted Poster":17,"Blood Vial":30,"BargainBundle":23,"Centennial Puzzle":24,"Replay:Towering Pillar of Hats":0,"downfall:HeartBlessingBlue":13,"hubris:BottledHeart":21,"Enchiridion":27,"Toxic Egg 2":4,"hexamod:SpiritBrand":0},{"Replay:Wanted Poster":11,"Blood Vial":17,"BargainBundle":14,"Centennial Puzzle":14,"Replay:Towering Pillar of Hats":0,"downfall:HeartBlessingBlue":8,"hubris:BottledHeart":13,"Enchiridion":16,"Toxic Egg 2":2,"hexamod:SpiritBrand":0},{"Replay:Wanted Poster":44,"Blood Vial":67,"BargainBundle":55,"Centennial Puzzle":55,"Replay:Towering Pillar of Hats":0,"downfall:HeartBlessingBlue":32,"hubris:BottledHeart":51,"Enchiridion":62,"Toxic Egg 2":6,"hexamod:SpiritBrand":0}]},"card_choices":[{"not_picked":["hexamod:GhostShield","hexamod:InspiringFlames"],"picked":"hexamod:BurningTouch","floor":2},{"not_picked":["hexamod:NightmareGuise","hexamod:DynamicBlow"],"picked":"hexamod:FastForward","floor":3},{"not_picked":["hexamod:PowerFromBeyond+1","hexamod:DynamicBlow"],"picked":"hexamod:CatchUp+1","floor":5},{"not_picked":["hexamod:RecurringNightmare+1","hexamod:NecessarySacrifice+1"],"picked":"hexamod:SecondSeal","floor":6},{"not_picked":["hexamod:SwordOfDarkness","hexamod:HauntingEcho"],"picked":"hexamod:ShieldOfDarkness+1","floor":8},{"not_picked":["hexamod:ThermalTransfer","hexamod:RetreatToShadows+1"],"picked":"hexamod:ThirdSeal","floor":9},{"not_picked":["hexamod:BacktrackSmack","hexamod:HauntingEcho"],"picked":"hexamod:BurningTouch+1","floor":11},{"not_picked":["hexamod:Again+1","hexamod:SpectralSpark+1"],"picked":"hexamod:PowerFromBeyond+1","floor":11},{"not_picked":["hexamod:NecessarySacrifice+1","hexamod:NightmareStrike"],"picked":"hexamod:DynamicBlow","floor":12},{"not_picked":["hexamod:NightmareGuise+1","hexamod:HeatShield+1","hexamod:ParanormalForm"],"picked":"SKIP","floor":12},{"not_picked":["hexamod:RecurringNightmare+1","hexamod:InspiringFlames+1"],"picked":"hexamod:SwordOfDarkness","floor":14},{"not_picked":["hexamod:NightmareStrike","hexamod:DynamicBlow"],"picked":"hexamod:SpectralAdrenaline+1","floor":14},{"not_picked":["hexamod:ThirdSeal","hexamod:GiftsFromTheDead"],"picked":"hexamod:FlamesFromBeyond+1","floor":15},{"not_picked":["hexamod:SwordOfDarkness","hexamod:AdvancingGuard+1"],"picked":"hexamod:FastForward+1","floor":15},{"not_picked":["hexamod:GhostOfSpirePresent","hexamod:ParanormalForm"],"picked":"hexamod:VolcanoVisage","floor":16},{"not_picked":["hexamod:HexaLevel","hexamod:Toasty"],"picked":"hexamod:UnlimitedPower+1","floor":16},{"not_picked":["hexamod:SuperheatedStrike","hexamod:GhostLash"],"picked":"hexamod:SpectralSpark+1","floor":19},{"not_picked":["hexamod:HeatMetal+1","hexamod:InspiringFlames+1"],"picked":"hexamod:GhostOfSpireFuture+1","floor":20},{"not_picked":["hexamod:ThirdSeal","hexamod:BacktrackSmack+1"],"picked":"hexamod:SwordOfDarkness","floor":20},{"not_picked":["hexamod:HauntingEcho","hexamod:InspiringFlames+1","hexamod:RecurringNightmare+1"],"picked":"SKIP","floor":23},{"not_picked":["hexamod:RainOfEmbers","hexamod:SuperheatedStrike","hexamod:Haunt+1"],"picked":"SKIP","floor":23},{"not_picked":["hexamod:RainOfEmbers","hexamod:EtherealExpedition+1"],"picked":"hexamod:TimeOfNeed+1","floor":25},{"not_picked":["hexamod:CatchUp+1","hexamod:Firestarter"],"picked":"hexamod:PhantomFireball+1","floor":26},{"not_picked":["hexamod:Again+1","hexamod:NightmareStrike"],"picked":"hexamod:AdvancingGuard+1","floor":26},{"not_picked":["hexamod:HeatMetal","hexamod:EtherealExpedition+1"],"picked":"hexamod:AdvancingGuard+1","floor":28},{"not_picked":["hexamod:ShieldOfDarkness+1","hexamod:GhostOfSpireFuture"],"picked":"hexamod:FastForward+1","floor":28},{"not_picked":["hexamod:FlamesFromBeyond+1","hexamod:ThirdSeal"],"picked":"hexamod:FourthSeal","floor":31},{"not_picked":["hexamod:PhantomCloak+1","hexamod:Hexaguard+1"],"picked":"hexamod:RetreatToShadows+1","floor":31},{"not_picked":["hexamod:EmpoweredFlame+1","hexamod:PhantomCloak+1"],"picked":"hexamod:RetreatToShadows+1","floor":32}],"player_experience":345514,"relics_obtained":[{"floor":4,"key":"Toxic Egg 2"},{"floor":24,"key":"Centennial Puzzle"},{"floor":27,"key":"Enchiridion"},{"floor":30,"key":"Blood Vial"}],"event_choices":[],"is_beta":false,"boss_relics":[{"not_picked":["infinitespire:Cupcake","hubris:CrackedHourglass"],"picked":"Replay:Wanted Poster"}],"items_purged_floors":[23],"is_endless":false,"potions_floor_spawned":[3,5,11,15,16,19,25,26,28],"killed_by":"SI_MIRROR_ARCHETYPE","ascension_level":0}}