{"host":"ywif2ugnepgiw45s","time":1613410026,"event":{"mods":["Act Like it!","BaseMod","Better Skull","Downfall","Elementarium","GifTheSpireLib","Hermit","Lobotomy","Minty Spire (QoL Compilation)","READ ME - Guardian Mod","Shade Mod","Shop Mod","StSLib","The Cursed","The Exalted","The Jungle","The Servant 0.9.4"],"gold_per_floor":[115,115,127,127,209,235,253,279,279,291,378,390,414,455,467,577,589,618,630,654,104,154,181,181,206,206,232,232,23,23,23,23,122,122,141,154,170,170,220,247,264,298,380,391,391,391,391,409,409,409,409,409,28,58,58],"floor_reached":56,"language":"ENG","playtime":2961,"items_purged":["Strike_G","Defend_G"],"score":1535,"play_id":"396ff694-3c7e-4b7b-a32e-45270548ff6c","local_time":"20210215122706","is_ascension_mode":true,"campfire_choices":[{"floor":12,"key":"REST"},{"data":"Envenom","floor":15,"key":"SMITH"},{"data":"Adrenaline","floor":24,"key":"SMITH"},{"data":"Cloak And Dagger","floor":28,"key":"SMITH"},{"data":"Backflip","floor":32,"key":"SMITH"},{"floor":45,"key":"RECALL"},{"data":"Bane","floor":47,"key":"SMITH"},{"data":"Poisoned Stab","floor":49,"key":"SMITH"},{"data":"Survivor","floor":52,"key":"SMITH"}],"circlet_count":0,"master_deck":["Strike_G","Strike_G","Defend_G","Defend_G","Defend_G","Defend_G","Survivor+1","Neutralize+1","Backflip+1","Backstab","Envenom+1","Cloak And Dagger+1","Poisoned Stab+1","Bane+1","Adrenaline+1","Backflip+1","Footwork","Escape Plan","Tools of the Trade","Dodge and Roll+1","Adrenaline+1","Cloak And Dagger+1"],"relics":["Ring of the Snake","InkBottle","Guardian:PocketSentry","StrikeDummy","MawBank","The Courier","Centennial Puzzle","bronze:MakeshiftBattery","Toolbox","Juzu Bracelet","Paper Crane","Ninja Scroll","Vajra","Letter Opener","Bromod:ArcaneConsequence","Kunai","Elementarium:ElementariumTrophy","HoveringKite","Tough Bandages","Oddly Smooth Stone","Bag of Marbles","Bromod:ArcaneNullifier","Anchor","TungstenRod"],"acts_visited":["Exordium","Exordium","TheBeyond","TheEnding"],"potions_floor_usage":[6,8,55,55,55],"damage_taken":[{"damage":2,"enemies":"Cultist","floor":1,"turns":4},{"damage":0,"enemies":"Jaw Worm","floor":3,"turns":4},{"damage":15,"enemies":"3 Sentries","floor":6,"turns":18},{"damage":0,"enemies":"Small Slimes","floor":7,"turns":3},{"damage":7,"enemies":"Gremlin Nob","floor":8,"turns":4},{"damage":0,"enemies":"2 Fungi Beasts","floor":13,"turns":3},{"damage":10,"enemies":"Lagavulin","floor":14,"turns":7},{"damage":23,"enemies":"Slime Boss","floor":16,"turns":11},{"damage":0,"enemies":"Elementarium:2_ELEMENTALS","floor":18,"turns":3},{"damage":0,"enemies":"Elementarium:VoidCorruption","floor":20,"turns":4},{"damage":0,"enemies":"Elementarium:ElementalPortal","floor":23,"turns":6},{"damage":0,"enemies":"Elementarium:WarGolem","floor":25,"turns":2},{"damage":3,"enemies":"Elementarium:ElementalPortal","floor":27,"turns":8},{"damage":1,"enemies":"Elementarium:GolemEmperor","floor":33,"turns":8},{"damage":0,"enemies":"3 Shapes","floor":35,"turns":4},{"damage":0,"enemies":"Orb Walker","floor":36,"turns":2},{"damage":0,"enemies":"4 Shapes","floor":37,"turns":2},{"damage":3,"enemies":"Mind Bloom Boss Battle","floor":39,"turns":6},{"damage":0,"enemies":"Giant Head","floor":40,"turns":11},{"damage":0,"enemies":"Transient","floor":41,"turns":5},{"damage":0,"enemies":"Reptomancer","floor":42,"turns":7},{"damage":0,"enemies":"Spire Growth","floor":44,"turns":4},{"damage":0,"enemies":"Maw","floor":48,"turns":6},{"damage":0,"enemies":"Awakened One","floor":50,"turns":19},{"damage":0,"enemies":"Shield and Spear","floor":54,"turns":8},{"damage":0,"enemies":"The Heart","floor":55,"turns":10}],"seed_played":"-7343107487299201991","potions_obtained":[{"floor":0,"key":"SpeedPotion"},{"floor":0,"key":"BlessingOfTheForge"},{"floor":0,"key":"GhostInAJar"},{"floor":3,"key":"CultistPotion"},{"floor":8,"key":"FearPotion"},{"floor":18,"key":"SkillPotion"},{"floor":23,"key":"SmokeBomb"},{"floor":44,"key":"CultistPotion"}],"is_trial":false,"path_per_floor":["M","?","M","?","T","E","M","E","T","?","?","R","M","E","R","B",null,"M","?","M","$","?","E","R","E","T","E","R","$","?","?","R","B",null,"M","M","M","?","?","E","M","E","T","M","R","?","R","M","R","B",null,"R","$","E","B",null],"character_chosen":"THE_SILENT","items_purchased":["Footwork","Toolbox","Juzu Bracelet","Paper Crane","Kunai","Bromod:ArcaneNullifier","Anchor","DistilledChaos"],"campfire_rested":1,"item_purchase_floors":[21,21,21,21,29,53,53,53],"current_hp_per_floor":[68,68,68,61,61,46,46,39,39,36,25,46,46,36,36,13,70,70,67,67,67,67,67,67,67,67,64,64,64,64,52,52,51,75,75,75,75,75,72,72,72,72,72,72,72,72,72,72,72,72,75,75,75,75,75],"gold":58,"neow_bonus":"THREE_SMALL_POTIONS","is_daily":false,"chose_seed":false,"campfire_upgraded":7,"win_rate":0.0,"timestamp":1613410026,"path_taken":["M","?","M","?","?","E","M","E","T","?","?","R","M","E","R","BOSS","M","?","M","$","?","E","R","E","T","E","R","$","?","?","R","BOSS","M","M","M","?","?","E","M","E","T","M","R","?","R","M","R","BOSS","R","$","E","BOSS"],"items_purchased_type":["Card","Relic","Relic","Relic","Relic","Relic","Relic","Potion"],"build_version":"2020-12-22","purchased_purges":2,"victory":true,"max_hp_per_floor":[70,70,70,70,70,70,70,70,70,70,70,70,70,70,70,70,70,70,70,70,70,70,70,70,70,70,70,70,70,70,75,75,75,75,75,75,75,75,75,75,75,75,75,75,75,75,75,75,75,75,75,75,75,75,75],"card_choices":[{"not_picked":["Prepared","Deflect"],"picked":"Backflip","floor":1},{"not_picked":["Bane","Flying Knee"],"picked":"Backstab","floor":3},{"not_picked":["PiercingWail","Dagger Spray"],"picked":"Envenom","floor":6},{"not_picked":["Prepared","Accuracy"],"picked":"Cloak And Dagger","floor":7},{"not_picked":["Dagger Spray","Blade Dance"],"picked":"Poisoned Stab","floor":8},{"not_picked":["Riddle With Holes","Deflect"],"picked":"Bane","floor":13},{"not_picked":["Sucker Punch","Acrobatics"],"picked":"Adrenaline","floor":14},{"not_picked":["Expertise","Quick Slash"],"picked":"Backflip+1","floor":18},{"not_picked":["PiercingWail","Acrobatics","Dagger Throw+1"],"picked":"SKIP","floor":20},{"not_picked":["Predator","Deadly Poison"],"picked":"Escape Plan","floor":23},{"not_picked":["Poisoned Stab","Well Laid Plans+1","Dagger Throw+1"],"picked":"SKIP","floor":25},{"not_picked":["Prepared","Sucker Punch","Terror"],"picked":"SKIP","floor":27},{"not_picked":["Adrenaline","Grand Finale"],"picked":"Tools of the Trade","floor":33},{"not_picked":["Distraction","Expertise"],"picked":"Dodge and Roll+1","floor":35},{"not_picked":["Predator","Distraction","Riddle With Holes+1"],"picked":"SKIP","floor":36},{"not_picked":["Tactician","Flechettes","Finisher"],"picked":"SKIP","floor":37},{"not_picked":["Dagger Throw","PiercingWail+1","Catalyst"],"picked":"SKIP","floor":40},{"not_picked":["Concentrate+1","Riddle With Holes","Choke"],"picked":"SKIP","floor":41},{"not_picked":["Dagger Throw","Riddle With Holes+1"],"picked":"Adrenaline","floor":42},{"not_picked":["Dodge and Roll","Leg Sweep","Bane"],"picked":"SKIP","floor":44},{"not_picked":["Riddle With Holes+1","Heel Hook","Deflect+1"],"picked":"SKIP","floor":48},{"not_picked":["Underhanded Strike","Flying Knee+1"],"picked":"Cloak And Dagger+1","floor":54}],"player_experience":1802772,"relics_obtained":[{"floor":5,"key":"InkBottle"},{"floor":6,"key":"Guardian:PocketSentry"},{"floor":8,"key":"StrikeDummy"},{"floor":9,"key":"MawBank"},{"floor":14,"key":"Centennial Puzzle"},{"floor":23,"key":"Ninja Scroll"},{"floor":25,"key":"Vajra"},{"floor":26,"key":"Letter Opener"},{"floor":27,"key":"Bromod:ArcaneConsequence"},{"floor":39,"key":"Tough Bandages"},{"floor":40,"key":"Oddly Smooth Stone"},{"floor":42,"key":"Bag of Marbles"},{"floor":54,"key":"TungstenRod"}],"event_choices":[{"damage_healed":0,"gold_gain":0,"player_choice":"Grow","damage_taken":0,"max_hp_gain":0,"max_hp_loss":0,"event_name":"Living Wall","floor":2,"gold_loss":0,"cards_upgraded":["Neutralize"]},{"cards_removed":["Strike_G"],"damage_healed":0,"gold_gain":0,"player_choice":"Card Removal","damage_taken":7,"max_hp_gain":0,"max_hp_loss":0,"event_name":"Golden Wing","floor":4,"gold_loss":0},{"damage_healed":0,"gold_gain":0,"player_choice":"Success","damage_taken":3,"relics_obtained":["The Courier"],"max_hp_gain":0,"max_hp_loss":0,"event_name":"Scrap Ooze","floor":10,"gold_loss":0},{"damage_healed":0,"gold_gain":75,"player_choice":"Gather Gold","damage_taken":11,"max_hp_gain":0,"max_hp_loss":0,"event_name":"World of Goop","floor":11,"gold_loss":0},{"damage_healed":0,"gold_gain":0,"player_choice":"Poke through","damage_taken":3,"max_hp_gain":0,"max_hp_loss":0,"event_name":"Elementarium:GreatTreasure","floor":19,"gold_loss":0},{"damage_healed":0,"gold_gain":50,"player_choice":"Take","damage_taken":0,"max_hp_gain":0,"max_hp_loss":0,"event_name":"Elementarium:StickySituation","floor":22,"gold_loss":0},{"damage_healed":0,"gold_gain":0,"player_choice":"Ignored","damage_taken":0,"max_hp_gain":0,"max_hp_loss":0,"event_name":"Elementarium:FountainOfGold","floor":30,"gold_loss":0},{"damage_healed":0,"gold_gain":0,"player_choice":"Sacrifice","damage_taken":17,"max_hp_gain":5,"max_hp_loss":0,"event_name":"Elementarium:RadiantAltar","floor":31,"gold_loss":0},{"cards_removed":["Strike_G"],"damage_healed":0,"gold_gain":0,"player_choice":"Purged","damage_taken":0,"max_hp_gain":0,"max_hp_loss":0,"event_name":"Purifier","floor":38,"gold_loss":0},{"damage_healed":0,"gold_gain":0,"player_choice":"Fight","damage_taken":0,"max_hp_gain":0,"max_hp_loss":0,"event_name":"MindBloom","floor":39,"gold_loss":0},{"damage_healed":0,"gold_gain":0,"player_choice":"Upgraded","damage_taken":0,"max_hp_gain":0,"max_hp_loss":0,"event_name":"Upgrade Shrine","floor":46,"gold_loss":0,"cards_upgraded":["Adrenaline"]}],"is_beta":false,"boss_relics":[{"not_picked":["Bromod:ArcaneBarrier","Runic Dome"],"picked":"bronze:MakeshiftBattery"},{"not_picked":["Fusion Hammer","Bromod:ArcaneEnergize"],"picked":"HoveringKite"}],"items_purged_floors":[21,53],"is_endless":false,"potions_floor_spawned":[1,3,8,18,23,25,35,37,41,44],"ascension_level":1}}