{"host":"10hinapzqlh39548","time":1613407480,"event":{"mods":["BaseMod","Colored Powertips","Minty Spire (QoL Compilation)","MostiFishMod","Reliquary","Replay The Spire","StSLib","The Runesmith"],"gold_per_floor":[114,130,150,24,24,54,54,81,107,138,148,148,166,166,166,270,270,280,54,64,84,84,84,95,114,141,141,153,186,186,197,197,300,300,318,337,353,110,130,156,156,187,187,16,41,94,111,145,145,145,145,145,0,26,26],"floor_reached":56,"language":"ENG","playtime":5761,"items_purged":["Runesmith:CraftFirestone","Runesmith:Strike_RS","Runesmith:Strike_RS"],"score":1669,"play_id":"80f96f3f-f391-4b43-b2ab-1d1b40106997","local_time":"20210215174440","is_ascension_mode":true,"campfire_choices":[{"data":"Runesmith:Fortify","floor":7.0,"key":"SMITH"},{"data":"Runesmith:Prism","floor":12.0,"key":"SMITH"},{"floor":15.0,"key":"REST"},{"floor":23.0,"key":"RECALL"},{"data":"Runesmith:Grindstone","floor":27.0,"key":"SMITH"},{"data":"Runesmith:ChargedHammer","floor":32.0,"key":"SMITH"},{"data":"Runesmith:Grindstone","floor":41.0,"key":"SMITH"},{"data":"Runesmith:FissionHammer","floor":49.0,"key":"SMITH"},{"data":"Runesmith:PoweredAnvil","floor":52,"key":"SMITH"}],"circlet_count":0,"master_deck":["Runesmith:Strike_RS","Runesmith:Strike_RS","Runesmith:Defend_RS","Runesmith:Defend_RS","Runesmith:Defend_RS","Runesmith:Defend_RS","Runesmith:Fortify+1","Runesmith:UnstableHammer","Runesmith:Grindstone+1","Runesmith:RuneHurl","Runesmith:PoweredAnvil+1","Runesmith:UnstableHammer","Runesmith:PoweredAnvil","Runesmith:Prism+1","Runesmith:StaticCage","Runesmith:StaticCage","Runesmith:Grindstone+1","Runesmith:FissionHammer+1","Runesmith:Grindstone+1","Runesmith:Grindstone+1","Runesmith:UnstableHammer","Runesmith:StaticCage+1","Runesmith:Grindstone+1","Runesmith:ChargedHammer+1","Runesmith:PoweredAnvil+1","Runesmith:Grindstone+1","Runesmith:UnstableHammer","Runesmith:Grindstone+1","Runesmith:UnstableHammer"],"relics":["Runesmith:BrokenRuby","DaveBox","JellyFishMachine","Dream Catcher","SynthV:TestCard","Strawberry","Blood Vial","MealTicket","Sundial","Coffee Dripper","Civilization","MutagenicStrength","Bag of Preparation","reliquary:Stiletto","Centennial Puzzle","SlaversCollar","Ying","reliquary:TuningFork","reliquary:WeakTea","CombinedTypeHook","FossilizedHelix","OriginationStaff","Simple Rune","Bronze Scales","Thread and Needle"],"acts_visited":["TheCity","TheBeyond","TheEnding"],"potions_floor_usage":[55,55,55],"damage_taken":[{"damage":0.0,"enemies":"Jaw Worm","floor":1.0,"turns":3.0},{"damage":0.0,"enemies":"Cultist","floor":2.0,"turns":3.0},{"damage":0.0,"enemies":"Small Slimes","floor":3.0,"turns":3.0},{"damage":13.0,"enemies":"3 Sentries","floor":6.0,"turns":7.0},{"damage":14.0,"enemies":"Gremlin Nob","floor":8.0,"turns":4.0},{"damage":22.0,"enemies":"3 Sentries","floor":10.0,"turns":8.0},{"damage":5.0,"enemies":"Looter","floor":11.0,"turns":3.0},{"damage":2.0,"enemies":"2 Fungi Beasts","floor":13.0,"turns":3.0},{"damage":10.0,"enemies":"Fading Forest","floor":16.0,"turns":11.0},{"damage":9.0,"enemies":"Spheric Guardian","floor":18.0,"turns":6.0},{"damage":9.0,"enemies":"3 Byrds","floor":20.0,"turns":9.0},{"damage":0.0,"enemies":"Centurion and Healer","floor":21.0,"turns":6.0},{"damage":0.0,"enemies":"Sentry and Sphere","floor":24.0,"turns":6.0},{"damage":0.0,"enemies":"Chosen and Byrds","floor":25.0,"turns":7.0},{"damage":0.0,"enemies":"Cultist and Chosen","floor":28.0,"turns":5.0},{"damage":0.0,"enemies":"Slavers","floor":29.0,"turns":5.0},{"damage":0.0,"enemies":"Snecko","floor":31.0,"turns":3.0},{"damage":0.0,"enemies":"Champ","floor":33.0,"turns":10.0},{"damage":0.0,"enemies":"3 Shapes","floor":35.0,"turns":1.0},{"damage":0.0,"enemies":"3 Darklings","floor":36.0,"turns":5.0},{"damage":4.0,"enemies":"Transient","floor":37.0,"turns":5.0},{"damage":4.0,"enemies":"Writhing Mass","floor":39.0,"turns":7.0},{"damage":0.0,"enemies":"R_Hoarder","floor":40.0,"turns":8.0},{"damage":0.0,"enemies":"Giant Head","floor":42.0,"turns":11.0},{"damage":10.0,"enemies":"Reptomancer","floor":45.0,"turns":7.0},{"damage":0.0,"enemies":"2 Orb Walkers","floor":46.0,"turns":7.0},{"damage":0.0,"enemies":"3 Darklings","floor":47.0,"turns":5.0},{"damage":0.0,"enemies":"Nemesis","floor":48.0,"turns":11.0},{"damage":0,"enemies":"Awakened One","floor":50,"turns":11},{"damage":13,"enemies":"Shield and Spear","floor":54,"turns":9},{"damage":35,"enemies":"The Heart","floor":55,"turns":14}],"seed_played":"2774792263812346311","potions_obtained":[{"floor":1.0,"key":"DuplicationPotion"},{"floor":2.0,"key":"SkillPotion"},{"floor":3.0,"key":"Fire Potion"},{"floor":21.0,"key":"PowerPotion"},{"floor":24.0,"key":"Block Potion"},{"floor":42.0,"key":"Adrenaline Potion"}],"is_trial":false,"path_per_floor":["M","M","M","$","?","E","R","E","T","E","M","R","M","?","R","B",null,"M","$","M","M","?","R","M","M","T","R","M","E","?","M","R","B",null,"M","M","M","$","M","E","R","E","T","$","E","?","M","E","R","B",null,"R","$","E","B",null],"character_chosen":"RUNESMITH_CLASS","items_purchased":["Runesmith:PoweredAnvil","Runesmith:UnstableHammer","Civilization","Ying","Runesmith:UnstableHammer","Bronze Scales"],"campfire_rested":1,"item_purchase_floors":[4,4,19,38,44,53],"current_hp_per_floor":[70,70,70,70,70,64,64,50,50,30,27,27,27,9,32,24,77,68,77,71,78,78,78,85,92,92,92,99,105,105,110,110,115,115,120,125,126,130,131,138,138,145,145,145,140,147,154,161,161,168,170,170,170,162,134],"gold":26,"neow_bonus":"RANDOM_COMMON_RELIC","is_daily":false,"chose_seed":false,"campfire_upgraded":7,"win_rate":0.0,"timestamp":1613407480,"path_taken":["M","M","M","$","?","E","R","E","T","E","M","R","?","?","R","BOSS","M","$","M","M","?","R","M","M","T","R","M","E","?","M","R","BOSS","M","M","M","$","M","E","R","E","T","$","E","?","M","E","R","BOSS","R","$","E","BOSS"],"items_purchased_type":["Card","Card","Relic","Relic","Card","Relic"],"build_version":"2020-12-22","purchased_purges":3,"victory":true,"max_hp_per_floor":[70,70,70,70,70,77,77,77,77,77,77,77,77,77,77,77,77,77,77,80,85,85,85,90,95,95,95,100,105,105,110,110,115,115,120,125,130,130,135,140,140,145,145,145,150,155,160,165,165,170,170,170,170,175,180],"card_choices":[{"not_picked":["Runesmith:Empowerment","Runesmith:HammerAndChisel"],"picked":"Runesmith:UnstableHammer","floor":1.0},{"not_picked":["Runesmith:Prism","Runesmith:Attraction","Runesmith:EarthShield","Runesmith:Empowerment"],"picked":"Runesmith:Grindstone","floor":2.0},{"not_picked":["Runesmith:UnstableHammer","Runesmith:HeatExchange","Runesmith:EnergizedChisel","Runesmith:BackupBattery"],"picked":"Runesmith:RuneHurl","floor":3.0},{"not_picked":["Runesmith:Empowerment","Runesmith:MetallurgicalResearch","Runesmith:Repurpose","Runesmith:Terraform"],"picked":"Runesmith:PoweredAnvil","floor":6.0},{"not_picked":["Runesmith:HeatExchange","Runesmith:HammerAndChisel","Runesmith:DuctTape","Runesmith:CraftMagma","Runesmith:HeatedChisel"],"picked":"SKIP","floor":8.0},{"not_picked":["Runesmith:CraftSpiculum","Runesmith:HammerAndChisel","Runesmith:Overpower","Runesmith:Electrocute"],"picked":"Runesmith:Prism","floor":10.0},{"not_picked":["Runesmith:EarthShield","Runesmith:PoweredAnvil","Runesmith:PerfectChisel","Runesmith:HammerThrow"],"picked":"Runesmith:StaticCage","floor":11.0},{"not_picked":["Runesmith:Augment","Runesmith:ChiselStab","Runesmith:MakeshiftArmor","Runesmith:Terraform"],"picked":"Runesmith:StaticCage","floor":13.0},{"not_picked":["Runesmith:ChaoticBlast","Runesmith:CraftMagma","Runesmith:Overpower","Runesmith:NegativeSpace"],"picked":"Runesmith:Grindstone","floor":15.0},{"not_picked":["Runesmith:Duplicate","Runesmith:CraftPrismatica","Runesmith:DuctTape","Runesmith:ArcReactor"],"picked":"Runesmith:FissionHammer","floor":16.0},{"not_picked":["Runesmith:BackupBattery","Runesmith:EarthShield","Runesmith:HeatedChisel","Runesmith:CraftIncendium","Runesmith:Retool"],"picked":"SKIP","floor":18.0},{"not_picked":["Runesmith:EnergizedChisel","Runesmith:ChaoticBlast+1","Runesmith:Discharge+1","Runesmith:ChiselStab"],"picked":"Runesmith:Grindstone","floor":20.0},{"not_picked":["Runesmith:FrozenChisel","Runesmith:ChiselStab","Runesmith:ChaoticBlast+1","Runesmith:StaticCage"],"picked":"Runesmith:Grindstone+1","floor":21.0},{"not_picked":["Runesmith:BackupBattery","Runesmith:ShiftingStrike+1","Runesmith:StaticCage","Runesmith:CraftObretio"],"picked":"Runesmith:UnstableHammer","floor":24.0},{"not_picked":["Runesmith:Repurpose","Runesmith:PerfectChisel","Runesmith:CraftObretio+1","Runesmith:UnlimitedPower"],"picked":"Runesmith:StaticCage+1","floor":25.0},{"not_picked":["Runesmith:Terraform","Runesmith:RunicBlueprint","Runesmith:CraftMagma+1","Runesmith:CraftProtectio+1","Runesmith:Permafrost"],"picked":"SKIP","floor":28.0},{"not_picked":["Runesmith:CraftMagma","Runesmith:Empowerment","Runesmith:EarthShield+1","Runesmith:HeatedChisel"],"picked":"Runesmith:Grindstone+1","floor":29.0},{"not_picked":["Runesmith:PerfectChisel+1","Runesmith:EnergizedChisel+1","Runesmith:CraftMagma+1","Runesmith:EarthShield+1"],"picked":"Runesmith:ChargedHammer","floor":31.0},{"not_picked":["Runesmith:HammerAndChisel+1","Runesmith:BackupBattery+1","Runesmith:Overpower","Runesmith:Augment+1"],"picked":"Runesmith:PoweredAnvil+1","floor":35.0},{"not_picked":["Runesmith:RuneHurl","Runesmith:CraftReservo+1","Runesmith:Prism+1","Runesmith:NanitesCloud+1"],"picked":"Runesmith:Grindstone+1","floor":36.0},{"not_picked":["Runesmith:ChiselStab+1","Runesmith:EnergizedChisel","Runesmith:Repurpose+1","Runesmith:PerfectChisel","Runesmith:Reinforce"],"picked":"SKIP","floor":37.0},{"not_picked":["Runesmith:ChiselStab","Runesmith:ChaoticBlast","Runesmith:RuneHurl","Runesmith:CraftProtectio+1","Runesmith:EnergizedChisel"],"picked":"SKIP","floor":39.0},{"not_picked":["Runesmith:CraftIndustria","Runesmith:GrandSlam","Runesmith:Prism+1","Runesmith:Repurpose","Runesmith:HeatExchange"],"picked":"SKIP","floor":40.0},{"not_picked":["Runesmith:Duplicate","Runesmith:EarthShield+1","Runesmith:ChaoticBlast+1","Runesmith:HeatExchange","Runesmith:Empowerment+1"],"picked":"SKIP","floor":42.0},{"not_picked":["Runesmith:Repurpose","Runesmith:ChiselStab+1","Runesmith:Prism","Runesmith:BackupBattery","Runesmith:CraftReservo+1"],"picked":"SKIP","floor":45.0},{"not_picked":["Runesmith:LithiumIon+1","Runesmith:HeatedChisel+1","Runesmith:HeatExchange","Runesmith:Repurpose"],"picked":"Runesmith:Grindstone+1","floor":46.0},{"not_picked":["Runesmith:MetallurgicalResearch","Runesmith:HammerAndChisel+1","Runesmith:Refine","Runesmith:HeatExchange+1","Runesmith:Grindstone"],"picked":"SKIP","floor":47.0},{"not_picked":["Runesmith:Retool","Runesmith:StaticCage","Runesmith:Prism","Runesmith:FissionHammer","Runesmith:Superposition+1"],"picked":"SKIP","floor":48.0},{"not_picked":["Runesmith:Superposition+1","Runesmith:Accelerate+1","Runesmith:Malloc+1","Runesmith:Terraform+1"],"picked":"Runesmith:UnstableHammer","floor":54}],"player_experience":1214065,"relics_obtained":[{"floor":1.0,"key":"SynthV:TestCard"},{"floor":6.0,"key":"Strawberry"},{"floor":8.0,"key":"Blood Vial"},{"floor":10.0,"key":"MealTicket"},{"floor":26.0,"key":"Bag of Preparation"},{"floor":29.0,"key":"reliquary:Stiletto"},{"floor":40.0,"key":"reliquary:TuningFork"},{"floor":42.0,"key":"reliquary:WeakTea"},{"floor":43.0,"key":"CombinedTypeHook"},{"floor":45.0,"key":"FossilizedHelix"},{"floor":46.0,"key":"OriginationStaff"},{"floor":48.0,"key":"Simple Rune"},{"floor":54,"key":"Thread and Needle"}],"event_choices":[{"damage_healed":0.0,"max_hp_gain":0.0,"max_hp_loss":0.0,"gold_gain":0.0,"event_name":"Upgrade Shrine","player_choice":"Upgraded","floor":5.0,"gold_loss":0.0,"damage_taken":0.0,"cards_upgraded":["Runesmith:Grindstone"]},{"damage_healed":0.0,"max_hp_gain":0.0,"max_hp_loss":0.0,"gold_gain":0.0,"event_name":"Scrap Ooze","player_choice":"Success","floor":14.0,"gold_loss":0.0,"damage_taken":18.0,"relics_obtained":["Sundial"]},{"damage_healed":0.0,"max_hp_gain":0.0,"max_hp_loss":0.0,"gold_gain":0.0,"event_name":"Drug Dealer","player_choice":"Inject Mutagens","floor":22.0,"gold_loss":0.0,"damage_taken":0.0,"relics_obtained":["MutagenicStrength"]},{"damage_healed":0.0,"max_hp_gain":0.0,"max_hp_loss":0.0,"gold_gain":0.0,"event_name":"Mysterious Sphere","player_choice":"Fight","floor":46.0,"gold_loss":0.0,"damage_taken":0.0}],"is_beta":false,"boss_relics":[{"not_picked":["Tiny House","EE1DDrone"],"picked":"Coffee Dripper"},{"not_picked":["Replay:Wanted Poster","GuanYuAspect"],"picked":"SlaversCollar"}],"items_purged_floors":[19,38,44],"is_endless":false,"potions_floor_spawned":[1,2,3,21,24,29,31,33,37,42,45,47,48,54],"ascension_level":1}}