{"host":"clf2hd4adhiiw0zf","time":1613353061,"event":{"mods":["AchievementEnabler","BaseMod","Beaked The Cultist","Bestiary","Dark Map","Downfall","Gremlin Mod","Hermit","Jorbs\u0027s Wanderer Trilogy","Marisa????????","Minty Spire (QoL Compilation)","Shop Mod","StSLib","The Cursed","Wide Potions"],"gold_per_floor":[99,109,122,122,141,174,174,6,39,39,54,54,54,73,83,156,156,56,56,41,141,151,168,194,94,94,94,94],"floor_reached":26,"language":"ENG","playtime":697,"items_purged":[],"score":367,"play_id":"b9524e9a-c02a-4e01-90f2-af86f94e89f5","local_time":"20210214183741","is_ascension_mode":true,"campfire_choices":[{"floor":1.0,"key":"RECALL"},{"floor":13.0,"key":"REST"},{"data":"champ:SteelEdge","floor":18.0,"key":"SMITH"},{"data":"champ:SwordThrow","floor":25.0,"key":"SMITH"}],"circlet_count":0,"master_deck":["AscendersBane","champ:Execute","champ:Taunt","champ:Encircle","champ:PerfectedStrike","champ:RecklessLeap","champ:UltimateStance","champ:FaceSlap","champ:BladeFlurry","champ:RageSigil","champ:BladeFlurry","champ:GutPunch","champ:SteelEdge+1","champ:Improvising","champ:CrownThrow","champ:Encircle","champ:Duel","champ:FlashCut","champ:RapidStrikes","champ:Backstep","champ:Parry","champ:ArenaPreparation","champ:SwordSigil","champ:SwordThrow+1"],"relics":["Philosopher\u0027s Stone","Bottled Flame","OrangePellets","Akabeko","Juzu Bracelet","Pandora\u0027s Box","downfall:HeartBlessingRed","Tiny Chest","downfall:HeartBlessingBlue"],"acts_visited":["Exordium","TheCity"],"potions_floor_usage":[26],"damage_taken":[{"damage":22.0,"enemies":"Jaw Worm","floor":2.0,"turns":4.0},{"damage":16.0,"enemies":"Cultist","floor":3.0,"turns":4.0},{"damage":0.0,"enemies":"Small Slimes","floor":5.0,"turns":3.0},{"damage":34.0,"enemies":"Lagavulin","floor":6.0,"turns":7.0},{"damage":35.0,"enemies":"downfall:FleeingMerchant","floor":8.0,"turns":4.0},{"damage":31.0,"enemies":"Gremlin Nob","floor":9.0,"turns":4.0},{"damage":10.0,"enemies":"2 Fungi Beasts","floor":11.0,"turns":1.0},{"damage":0.0,"enemies":"3 Louse","floor":14.0,"turns":2.0},{"damage":0.0,"enemies":"Red Slaver","floor":15.0,"turns":2.0},{"damage":47.0,"enemies":"SI_SHIV_ARCHETYPE","floor":16.0,"turns":5.0},{"damage":20.0,"enemies":"downfall:FleeingMerchant","floor":20.0,"turns":4.0},{"damage":0.0,"enemies":"Chosen","floor":22.0,"turns":2.0},{"damage":32.0,"enemies":"Snecko","floor":23.0,"turns":4.0},{"damage":77,"enemies":"Slavers","floor":26,"turns":3}],"seed_played":"-1945368737305189534","potions_obtained":[{"floor":9.0,"key":"Energy Potion"},{"floor":16.0,"key":"Energy Potion"},{"floor":23.0,"key":"Swift Potion"}],"is_trial":false,"path_per_floor":["R","M","M","?","M","E","T","$","E","?","M","T","R","M","M","B",null,"R","?","$","?","M","M","T","R","E"],"character_chosen":"THE_CHAMP","items_purchased":["OrangePellets"],"campfire_rested":1,"item_purchase_floors":[8],"current_hp_per_floor":[73,71,65,65,65,41,41,36,15,15,15,15,39,39,39,22,66,66,66,66,66,66,44,44,54,0,0,0],"gold":94,"neow_bonus":"BOSS_RELIC","is_daily":false,"chose_seed":false,"campfire_upgraded":2,"win_rate":0.0,"timestamp":1613353061,"path_taken":["R","M","M","?","M","E","T","?","E","?","M","?","R","M","M","BOSS","R","?","$","?","M","M","T","R","E"],"items_purchased_type":["Relic"],"build_version":"2020-12-22","purchased_purges":0,"victory":false,"max_hp_per_floor":[81,81,81,81,81,81,81,81,81,81,81,81,81,81,81,81,81,81,81,81,81,81,81,81,91,91,91,91],"card_choices":[{"not_picked":["champ:TornadoPunch","champ:BringItOn"],"picked":"champ:Encircle","floor":2.0},{"not_picked":["champ:FancyFootwork","champ:ArenaPreparation"],"picked":"champ:PerfectedStrike","floor":3.0},{"not_picked":["champ:ShieldSigil","champ:SetATrap"],"picked":"champ:RecklessLeap","floor":5.0},{"not_picked":["champ:HeartStrike","champ:IronFortress"],"picked":"champ:UltimateStance","floor":6.0},{"not_picked":["champ:BladeFlurry","champ:Shatter"],"picked":"champ:FaceSlap","floor":8.0},{"not_picked":["champ:EnragedBash","champ:FlashCut"],"picked":"champ:BladeFlurry","floor":9.0},{"not_picked":["champ:StanceDance","champ:Shatter"],"picked":"champ:RageSigil","floor":11.0},{"not_picked":["champ:DancingMaster","champ:TornadoPunch"],"picked":"champ:BladeFlurry","floor":14.0},{"not_picked":["champ:Backstep","champ:Circumvent"],"picked":"champ:GutPunch","floor":15.0},{"not_picked":["champ:UltimateStance","champ:Devastate"],"picked":"champ:SteelEdge","floor":16.0},{"not_picked":["champ:FlashCut","champ:BerserkersShout+1"],"picked":"champ:ArenaPreparation","floor":20.0},{"not_picked":["champ:FlashCut+1","champ:EnGarde"],"picked":"champ:SwordSigil","floor":22.0},{"not_picked":["champ:TornadoPunch+1","champ:PreciseThrust"],"picked":"champ:SwordThrow","floor":23.0}],"player_experience":294744,"relics_obtained":[{"floor":6.0,"key":"Bottled Flame"},{"floor":9.0,"key":"Akabeko"},{"floor":12.0,"key":"Juzu Bracelet"},{"floor":24.0,"key":"Tiny Chest"}],"event_choices":[{"damage_healed":0.0,"max_hp_gain":0.0,"max_hp_loss":0.0,"gold_gain":0.0,"event_name":"Ghosts","player_choice":"Ignored","floor":19.0,"gold_loss":0.0,"damage_taken":0.0}],"is_beta":false,"boss_relics":[{"not_picked":["SlaversCollar","Tiny House"],"picked":"Pandora\u0027s Box"}],"items_purged_floors":[],"is_endless":false,"potions_floor_spawned":[9,11,14,15,16,23],"killed_by":"Slavers","ascension_level":14}}