{"host":"0fd22hpf43j6tvvm","time":1613412587,"event":{"mods":["AchievementEnabler","BaseMod","Colored Map","Minty Spire (QoL Compilation)","Relic Stats"],"gold_per_floor":[117,117,135,95,115,146,146,166,244,244,274,290,1,16,16,113,113,130,30,49,49,49,81,81,106,131,169,205,217,269,281,281],"floor_reached":31,"language":"ENG","playtime":1964,"items_purged":["Strike_R","Strike_R"],"score":493,"play_id":"6dd2e399-d9c2-4e83-953c-2f1a60563278","local_time":"20210215130947","is_ascension_mode":true,"campfire_choices":[{"data":"Clothesline","floor":7.0,"key":"SMITH"},{"data":"Burning Pact","floor":10.0,"key":"SMITH"},{"data":"Bash","floor":15.0,"key":"SMITH"},{"floor":24.0,"key":"REST"}],"circlet_count":0,"master_deck":["Strike_R","Strike_R","Strike_R","Defend_R+1","Defend_R+1","Defend_R","Bash+1","Whirlwind+1","Clothesline+1","Pummel","Headbutt","Burning Pact+1","Pommel Strike","Shrug It Off+1","Disarm+1","Armaments+1","Feed","Intimidate+1","Havoc+1","Double Tap+1","Shrug It Off+1","Power Through+1","Inflame","Ghostly Armor+1"],"relics":["Burning Blood","NeowsBlessing","StoneCalendar","Toxic Egg 2","Omamori","Blood Vial","SlaversCollar","Pen Nib","Matryoshka","MawBank","CeramicFish","War Paint","Nilry\u0027s Codex","Akabeko"],"acts_visited":["Exordium","TheCity"],"potions_floor_usage":[30,31],"damage_taken":[{"damage":0.0,"enemies":"2 Louse","floor":1.0,"turns":1.0},{"damage":0.0,"enemies":"Cultist","floor":3.0,"turns":1.0},{"damage":0.0,"enemies":"Jaw Worm","floor":5.0,"turns":1.0},{"damage":25.0,"enemies":"3 Sentries","floor":6.0,"turns":6.0},{"damage":3.0,"enemies":"Exordium Thugs","floor":8.0,"turns":3.0},{"damage":28.0,"enemies":"Gremlin Nob","floor":11.0,"turns":4.0},{"damage":13.0,"enemies":"Blue Slaver","floor":12.0,"turns":2.0},{"damage":7.0,"enemies":"3 Louse","floor":14.0,"turns":2.0},{"damage":22.0,"enemies":"The Guardian","floor":16.0,"turns":11.0},{"damage":55.0,"enemies":"Spheric Guardian","floor":18.0,"turns":6.0},{"damage":0.0,"enemies":"3 Byrds","floor":20.0,"turns":5.0},{"damage":17.0,"enemies":"Gremlin Leader","floor":23.0,"turns":7.0},{"damage":13.0,"enemies":"Book of Stabbing","floor":25.0,"turns":7.0},{"damage":32.0,"enemies":"Slavers","floor":27.0,"turns":4.0},{"damage":23.0,"enemies":"Snecko","floor":28.0,"turns":7.0},{"damage":18,"enemies":"Book of Stabbing","floor":30,"turns":5},{"damage":16,"enemies":"Snake Plant","floor":31,"turns":1}],"seed_played":"7900866361660061853","potions_obtained":[{"floor":3.0,"key":"Explosive Potion"},{"floor":4.0,"key":"EntropicBrew"},{"floor":4.0,"key":"ColorlessPotion"},{"floor":11.0,"key":"Swift Potion"},{"floor":12.0,"key":"FearPotion"},{"floor":14.0,"key":"Strength Potion"},{"floor":25.0,"key":"Ancient Potion"}],"is_trial":false,"path_per_floor":["M","?","M","?","M","E","R","M","T","R","E","M","$","M","R","B",null,"M","$","M","?","?","E","R","E","T","E","M","?","E","M"],"character_chosen":"IRONCLAD","items_purchased":["Disarm+1","Blood Vial"],"campfire_rested":1,"item_purchase_floors":[13,13],"current_hp_per_floor":[78,78,80,80,80,61,61,64,64,64,42,35,35,36,36,22,66,22,22,33,16,16,7,34,29,29,8,34,18,11,0,0],"gold":281,"neow_bonus":"THREE_ENEMY_KILL","is_daily":false,"chose_seed":false,"campfire_upgraded":3,"win_rate":0.0,"timestamp":1613412587,"path_taken":["M","?","?","?","?","E","R","M","T","R","E","M","$","M","R","BOSS","M","$","M","?","?","E","R","E","T","E","?","?","E","M"],"items_purchased_type":["Card","Relic"],"build_version":"2020-12-22","purchased_purges":2,"victory":false,"max_hp_per_floor":[80,80,80,80,80,80,80,80,80,80,80,80,80,80,80,80,80,83,83,86,91,91,91,91,91,91,94,94,94,97,97,97],"relic_stats":{"Blood Vial":20,"counters":[17,73],"CeramicFish":18,"StoneCalendar":[89],"Pen Nib":[3],"War Paint":["Defend_R","Defend_R"],"MawBank":60,"obtain_stats":[{"NeowsBlessing":0,"Nilry\u0027s Codex":29,"CeramicFish":26,"StoneCalendar":6,"Pen Nib":23,"Omamori":11,"War Paint":27,"MawBank":26,"Burning Blood":0,"Akabeko":30,"Blood Vial":13,"SlaversCollar":17,"Matryoshka":25,"Toxic Egg 2":9},{"NeowsBlessing":0,"Nilry\u0027s Codex":15,"CeramicFish":13,"StoneCalendar":4,"Pen Nib":12,"Omamori":6,"War Paint":14,"MawBank":13,"Burning Blood":0,"Akabeko":16,"Blood Vial":7,"SlaversCollar":9,"Matryoshka":13,"Toxic Egg 2":5},{"NeowsBlessing":0,"Nilry\u0027s Codex":67,"CeramicFish":56,"StoneCalendar":9,"Pen Nib":49,"Omamori":16,"War Paint":60,"MawBank":56,"Burning Blood":0,"Akabeko":72,"Blood Vial":18,"SlaversCollar":31,"Matryoshka":56,"Toxic Egg 2":12}],"Burning Blood":86},"card_choices":[{"not_picked":["Clash","Flame Barrier"],"picked":"Whirlwind","floor":1.0},{"not_picked":["Sword Boomerang","Dark Embrace"],"picked":"Clothesline","floor":3.0},{"not_picked":["Anger","Dual Wield"],"picked":"Pummel","floor":5.0},{"not_picked":["Thunderclap","Iron Wave"],"picked":"Headbutt","floor":6.0},{"not_picked":["Heavy Blade","Seeing Red"],"picked":"Burning Pact","floor":8.0},{"not_picked":["Dark Embrace","Rupture"],"picked":"Pommel Strike","floor":11.0},{"not_picked":["Wild Strike","Limit Break+1"],"picked":"Shrug It Off+1","floor":12.0},{"not_picked":["Iron Wave","Headbutt"],"picked":"Armaments+1","floor":14.0},{"not_picked":["Barricade","Berserk"],"picked":"Feed","floor":16.0},{"not_picked":["Havoc+1","Warcry+1"],"picked":"Intimidate+1","floor":18.0},{"not_picked":["Body Slam","Fiend Fire"],"picked":"Havoc+1","floor":20.0},{"not_picked":["Infernal Blade+1","Blood for Blood"],"picked":"Shrug It Off+1","floor":23.0},{"not_picked":["Headbutt","Iron Wave"],"picked":"Power Through+1","floor":25.0},{"not_picked":["Armaments+1","Heavy Blade","Dropkick"],"picked":"SKIP","floor":27.0},{"not_picked":["Flex+1","Clash"],"picked":"Inflame","floor":28.0},{"not_picked":["Reckless Charge","Heavy Blade"],"picked":"Ghostly Armor+1","floor":30}],"player_experience":570951,"relics_obtained":[{"floor":6.0,"key":"StoneCalendar"},{"floor":9.0,"key":"Toxic Egg 2"},{"floor":11.0,"key":"Omamori"},{"floor":23.0,"key":"Pen Nib"},{"floor":25.0,"key":"Matryoshka"},{"floor":26.0,"key":"MawBank"},{"floor":26.0,"key":"CeramicFish"},{"floor":27.0,"key":"War Paint"},{"floor":29.0,"key":"Nilry\u0027s Codex"},{"floor":30,"key":"Akabeko"}],"event_choices":[{"damage_healed":0.0,"max_hp_gain":0.0,"max_hp_loss":0.0,"gold_gain":0.0,"event_name":"Upgrade Shrine","player_choice":"Upgraded","floor":2.0,"gold_loss":0.0,"damage_taken":0.0,"cards_upgraded":["Whirlwind"]},{"damage_healed":0.0,"max_hp_gain":0.0,"max_hp_loss":0.0,"gold_gain":0.0,"event_name":"The Woman in Blue","player_choice":"Bought 3 Potions","floor":4.0,"gold_loss":0.0,"damage_taken":0.0},{"damage_healed":0.0,"max_hp_gain":5.0,"max_hp_loss":0.0,"gold_gain":0.0,"event_name":"Forgotten Altar","player_choice":"Shed Blood","floor":21.0,"gold_loss":0.0,"damage_taken":22.0},{"damage_healed":0.0,"max_hp_gain":0.0,"max_hp_loss":0.0,"gold_gain":0.0,"cards_transformed":["Defend_R"],"event_name":"Transmorgrifier","player_choice":"Transformed","floor":22.0,"gold_loss":0.0,"damage_taken":0.0,"cards_obtained":["Double Tap"]},{"damage_healed":0.0,"max_hp_gain":0.0,"max_hp_loss":0.0,"gold_gain":0.0,"event_name":"Cursed Tome","player_choice":"Obtained Book","floor":29.0,"gold_loss":0.0,"damage_taken":16.0}],"is_beta":false,"boss_relics":[{"not_picked":["SacredBark","Cursed Key"],"picked":"SlaversCollar"}],"items_purged_floors":[13,19],"is_endless":false,"potions_floor_spawned":[3,11,12,14,20,25],"killed_by":"Snake Plant","ascension_level":9}}