{"host":"d2gh6suihlstufn7","time":1613418320,"event":{"mods":["AchievementEnabler","BaseMod","Colored Map","Colored Powertips","Minty Spire (QoL Compilation)","Permanent Neow","Quick Restart"],"gold_per_floor":[114,143,169,169,197,197,209,229,229,90,115,115,131,158,158,268,268,288,297,297,307,334,349,349,349],"floor_reached":24,"language":"KOR","playtime":964,"items_purged":["Defend_B"],"score":196,"play_id":"3241be84-c6ef-4656-a197-7e752adfbcd3","local_time":"20210216044520","is_ascension_mode":false,"campfire_choices":[{"floor":6,"key":"RECALL"},{"data":"Darkness","floor":12,"key":"SMITH"},{"data":"Hologram","floor":15,"key":"SMITH"}],"circlet_count":0,"master_deck":["Strike_B","Strike_B","Strike_B","Defend_B","Defend_B","Zap","Dualcast","CurseOfTheBell","Chaos+1","Self Repair","Undo","Doom and Gloom","Darkness+1","Hologram+1","Rainbow","Decay","Redo+1"],"relics":["Calling Bell","CeramicFish","Cables","Peace Pipe","Empty Cage"],"acts_visited":["Exordium","TheCity"],"potions_floor_usage":[11,16,16,22],"damage_taken":[{"damage":12,"enemies":"Jaw Worm","floor":1,"turns":5},{"damage":9,"enemies":"Cultist","floor":2,"turns":4},{"damage":8,"enemies":"Small Slimes","floor":3,"turns":3},{"damage":5,"enemies":"Looter","floor":5,"turns":3},{"damage":7,"enemies":"Blue Slaver","floor":7,"turns":4},{"damage":4,"enemies":"Large Slime","floor":8,"turns":4},{"damage":0,"enemies":"3 Louse","floor":11,"turns":2},{"damage":4,"enemies":"2 Fungi Beasts","floor":13,"turns":4},{"damage":23,"enemies":"Lots of Slimes","floor":14,"turns":4},{"damage":29,"enemies":"Slime Boss","floor":16,"turns":7},{"damage":29,"enemies":"Shell Parasite","floor":18,"turns":6},{"damage":5,"enemies":"Chosen","floor":21,"turns":3},{"damage":31,"enemies":"3 Cultists","floor":22,"turns":5},{"damage":10,"enemies":"Snecko","floor":23,"turns":4},{"damage":25,"enemies":"Centurion and Healer","floor":24,"turns":7}],"seed_played":"5997824090136678624","potions_obtained":[{"floor":3,"key":"Explosive Potion"},{"floor":8,"key":"LiquidBronze"},{"floor":13,"key":"Regen Potion"},{"floor":14,"key":"SteroidPotion"},{"floor":22,"key":"Fruit Juice"}],"is_trial":false,"path_per_floor":["M","M","M","?","M","R","M","M","T","$","M","R","M","M","R","B",null,"M","?","?","M","M","M","M"],"character_chosen":"DEFECT","items_purchased":["Doom and Gloom"],"campfire_rested":0,"item_purchase_floors":[10],"current_hp_per_floor":[63,54,46,46,48,48,48,44,44,44,44,44,47,31,31,24,75,53,53,53,55,36,26,1,1],"gold":349,"neow_bonus":"BOSS_RELIC","is_daily":false,"chose_seed":false,"campfire_upgraded":2,"win_rate":0.0,"timestamp":1613418320,"path_taken":["M","M","M","?","M","R","?","M","T","$","M","R","M","M","R","BOSS","M","?","?","M","M","M","M"],"items_purchased_type":["Card"],"build_version":"2020-12-22","purchased_purges":1,"victory":false,"max_hp_per_floor":[75,75,75,75,75,75,75,75,75,75,75,75,75,75,75,75,75,75,75,75,75,80,80,80,80],"card_choices":[{"not_picked":["Skim","Ball Lightning","Consume"],"picked":"SKIP","floor":1},{"not_picked":["Loop","Turbo"],"picked":"Chaos","floor":2},{"not_picked":["Genetic Algorithm","Redo"],"picked":"Self Repair","floor":3},{"not_picked":["Fission","Leap"],"picked":"Undo","floor":5},{"not_picked":["Hello World","Consume","BootSequence"],"picked":"SKIP","floor":7},{"not_picked":["Steam","Beam Cell"],"picked":"Chaos","floor":8},{"not_picked":["Stack","Gash"],"picked":"Darkness","floor":11},{"not_picked":["Glacier","Static Discharge","Self Repair"],"picked":"SKIP","floor":13},{"not_picked":["Aggregate","Heatsinks"],"picked":"Hologram","floor":14},{"not_picked":["Machine Learning","Fission"],"picked":"Rainbow","floor":16},{"not_picked":["Rip and Tear+1","Hello World","Storm+1"],"picked":"SKIP","floor":18},{"not_picked":["Turbo","FTL+1","Stack+1"],"picked":"SKIP","floor":21},{"not_picked":["Leap","Tempest"],"picked":"Redo+1","floor":22},{"not_picked":["Redo","Compile Driver","Stack"],"picked":"SKIP","floor":23}],"player_experience":262536,"relics_obtained":[{"floor":0,"key":"CeramicFish"},{"floor":0,"key":"Cables"},{"floor":0,"key":"Peace Pipe"}],"event_choices":[{"damage_healed":0,"gold_gain":0,"player_choice":"Upgraded","damage_taken":0,"max_hp_gain":0,"max_hp_loss":0,"event_name":"Upgrade Shrine","floor":4,"gold_loss":0,"cards_upgraded":["Chaos"]},{"damage_healed":0,"gold_gain":0,"player_choice":"Smashed Altar","damage_taken":0,"max_hp_gain":0,"max_hp_loss":0,"event_name":"Forgotten Altar","floor":19,"gold_loss":0,"cards_obtained":["Decay"]},{"cards_removed":["Strike_B"],"damage_healed":0,"gold_gain":0,"player_choice":"Elegance","damage_taken":0,"max_hp_gain":0,"max_hp_loss":0,"event_name":"Back to Basics","floor":20,"gold_loss":0}],"is_beta":false,"boss_relics":[{"not_picked":["Tiny House","Inserter"],"picked":"Empty Cage"}],"items_purged_floors":[10],"is_endless":false,"potions_floor_spawned":[3,8,13,14,22],"killed_by":"Centurion and Healer","ascension_level":0}}