{"host":"qxeepl7ydvsgmfdb","time":1613372084,"event":{"mods":["AchievementEnabler","BaseMod","Colored Powertips","Minty Spire (QoL Compilation)","Quick Restart","slay the spire mod where everything is the same but ironclad has a cowboy hat"],"gold_per_floor":[109,109,126,74,349,384,394,409,409,436,450,482,482,516,516,590,590,603,603,56,106,106,131,143,143,170,204,222,222,240,76,76,153,153,164,214,214,239,258,287,287,307,307,307,45,45,72,86,86,86],"floor_reached":51,"language":"ENG","playtime":1717,"items_purged":["Strike_G"],"score":1628,"play_id":"80b6d596-7fa3-4b5c-a076-b891234ac029","local_time":"20210215015444","is_ascension_mode":true,"campfire_choices":[{"floor":13,"key":"REST"},{"floor":15,"key":"REST"},{"floor":25,"key":"REST"},{"floor":32,"key":"REST"},{"floor":41,"key":"REST"},{"data":"Adrenaline","floor":46,"key":"SMITH"},{"data":"Phantasmal Killer","floor":49,"key":"SMITH"}],"circlet_count":0,"master_deck":["AscendersBane","Strike_G","Strike_G","Strike_G","Defend_G","Defend_G","Defend_G","Defend_G","Defend_G","Survivor","Neutralize","Footwork","Blade Dance","Regret","Cloak And Dagger","Dagger Spray","Cloak And Dagger","Distraction","Adrenaline+1","Accuracy+1","Blade Dance","Cloak And Dagger","Slice","Dramatic Entrance","Slice+1","Blade Dance","After Image+1","Envenom+1","Phantasmal Killer+1"],"relics":["Ring of the Snake","NeowsBlessing","Prayer Wheel","Du-Vu Doll","Frozen Egg 2","TungstenRod","Potion Belt","WristBlade","White Beast Statue","Sling","MealTicket","Smiling Mask","Singing Bowl","MutagenicStrength","Torii","Dead Branch","The Specimen","Bottled Tornado","Eternal Feather","Kunai"],"acts_visited":["Exordium","TheCity","TheBeyond"],"potions_floor_usage":[12,23,23,27,28,33,35,35,36,38,40,47,48,50,50,50,50,50,50,50,50,50,50],"damage_taken":[{"damage":0,"enemies":"Small Slimes","floor":1,"turns":1},{"damage":0,"enemies":"Jaw Worm","floor":3,"turns":1},{"damage":0,"enemies":"3 Sentries","floor":6,"turns":1},{"damage":2,"enemies":"Cultist","floor":7,"turns":4},{"damage":8,"enemies":"Blue Slaver","floor":8,"turns":5},{"damage":37,"enemies":"Lagavulin","floor":10,"turns":7},{"damage":0,"enemies":"Looter","floor":11,"turns":4},{"damage":23,"enemies":"Gremlin Nob","floor":12,"turns":3},{"damage":27,"enemies":"3 Sentries","floor":14,"turns":4},{"damage":11,"enemies":"The Guardian","floor":16,"turns":9},{"damage":5,"enemies":"2 Thieves","floor":18,"turns":3},{"damage":0,"enemies":"Book of Stabbing","floor":23,"turns":2},{"damage":14,"enemies":"Shell Parasite","floor":24,"turns":3},{"damage":0,"enemies":"Slavers","floor":27,"turns":1},{"damage":0,"enemies":"Centurion and Healer","floor":28,"turns":3},{"damage":0,"enemies":"3 Cultists","floor":30,"turns":3},{"damage":58,"enemies":"Champ","floor":33,"turns":10},{"damage":6,"enemies":"3 Shapes","floor":35,"turns":4},{"damage":0,"enemies":"2 Orb Walkers","floor":36,"turns":3},{"damage":10,"enemies":"Mind Bloom Boss Battle","floor":38,"turns":7},{"damage":9,"enemies":"Orb Walker","floor":39,"turns":2},{"damage":3,"enemies":"Reptomancer","floor":40,"turns":2},{"damage":10,"enemies":"4 Shapes","floor":42,"turns":2},{"damage":7,"enemies":"Giant Head","floor":47,"turns":6},{"damage":0,"enemies":"Spire Growth","floor":48,"turns":2},{"damage":75,"enemies":"Awakened One","floor":50,"turns":8}],"seed_played":"-5915840790730485815","potions_obtained":[{"floor":1,"key":"FearPotion"},{"floor":6,"key":"Swift Potion"},{"floor":7,"key":"FairyPotion"},{"floor":16,"key":"Energy Potion"},{"floor":18,"key":"Explosive Potion"},{"floor":23,"key":"SteroidPotion"},{"floor":24,"key":"LiquidBronze"},{"floor":27,"key":"Block Potion"},{"floor":28,"key":"DuplicationPotion"},{"floor":30,"key":"Explosive Potion"},{"floor":33,"key":"Block Potion"},{"floor":35,"key":"Fire Potion"},{"floor":36,"key":"DistilledChaos"},{"floor":38,"key":"Poison Potion"},{"floor":39,"key":"Regen Potion"},{"floor":40,"key":"GhostInAJar"},{"floor":47,"key":"Block Potion"},{"floor":48,"key":"Fruit Juice"}],"is_trial":false,"path_per_floor":["M","?","M","$","?","E","M","M","T","E","M","E","R","E","R","B",null,"M","?","$","?","?","E","M","R","T","E","M","?","M","$","R","B",null,"M","?","?","?","M","E","R","M","T","?","$","R","E","M","R","B",null],"character_chosen":"THE_SILENT","items_purchased":["Blade Dance","White Beast Statue","Sling","Dramatic Entrance","EntropicBrew","Eternal Feather"],"campfire_rested":5,"item_purchase_floors":[4,20,20,20,31,45],"current_hp_per_floor":[59,52,52,52,52,52,50,42,42,5,5,19,38,11,30,19,54,49,49,49,49,32,32,18,39,39,39,43,43,47,62,79,21,65,63,65,65,57,52,51,78,72,72,69,84,99,92,101,112,52],"gold":86,"neow_bonus":"THREE_ENEMY_KILL","is_daily":false,"chose_seed":false,"campfire_upgraded":2,"win_rate":0.0,"timestamp":1613372084,"path_taken":["M","?","M","?","?","E","M","M","T","E","M","E","R","E","R","BOSS","M","?","$","?","?","E","?","R","T","E","?","?","M","$","R","BOSS","M","?","?","?","M","E","R","M","T","?","?","R","E","?","R","BOSS"],"items_purchased_type":["Card","Relic","Relic","Card","Potion","Relic"],"build_version":"2020-12-22","purchased_purges":1,"victory":true,"max_hp_per_floor":[66,66,66,66,66,66,66,66,66,66,66,66,66,66,66,66,66,66,66,66,66,71,71,71,71,71,71,75,75,79,79,79,79,79,83,85,85,87,91,93,93,97,97,103,103,103,103,112,112,112],"card_choices":[{"not_picked":["Skewer","Bane"],"picked":"Footwork","floor":1},{"not_picked":["Reflex","Quick Slash","PiercingWail"],"picked":"SKIP","floor":3},{"not_picked":["Outmaneuver","Dash"],"picked":"Cloak And Dagger","floor":6},{"not_picked":["Calculated Gamble","Outmaneuver"],"picked":"Dagger Spray","floor":7},{"not_picked":["Caltrops","Leg Sweep","Escape Plan"],"picked":"SKIP","floor":7},{"not_picked":["Dagger Throw","Underhanded Strike"],"picked":"Cloak And Dagger","floor":8},{"not_picked":["Dodge and Roll","PiercingWail"],"picked":"Distraction","floor":8},{"not_picked":["All Out Attack","Bane"],"picked":"Adrenaline","floor":10},{"not_picked":["Slice","Flechettes"],"picked":"Accuracy+1","floor":11},{"not_picked":["Reflex","Masterful Stab"],"picked":"Blade Dance","floor":11},{"not_picked":["Footwork+1","Dagger Spray"],"picked":"Cloak And Dagger","floor":12},{"not_picked":["Footwork+1","Crippling Poison"],"picked":"Slice","floor":14},{"not_picked":["Underhanded Strike+1","Masterful Stab","Quick Slash"],"picked":"SKIP","floor":18},{"not_picked":["Predator","Prepared","Riddle With Holes"],"picked":"SKIP","floor":18},{"not_picked":["Concentrate","Eviscerate"],"picked":"Slice+1","floor":23},{"not_picked":["Prepared","Acrobatics"],"picked":"Blade Dance","floor":24},{"not_picked":["Outmaneuver","Choke","Quick Slash"],"picked":"SKIP","floor":24},{"not_picked":["Heel Hook+1","PiercingWail"],"picked":"After Image+1","floor":27},{"not_picked":["PiercingWail","Calculated Gamble","Dagger Spray"],"picked":"Singing Bowl","floor":28},{"not_picked":["Sucker Punch","Choke","All Out Attack"],"picked":"Singing Bowl","floor":28},{"not_picked":["Sucker Punch","All Out Attack","Dagger Throw"],"picked":"Singing Bowl","floor":30},{"not_picked":["Quick Slash","Noxious Fumes+1","Deadly Poison"],"picked":"Singing Bowl","floor":30},{"not_picked":["Bullet Time","Malaise"],"picked":"Envenom+1","floor":33},{"not_picked":["Bouncing Flask","Dagger Spray","Poisoned Stab"],"picked":"Singing Bowl","floor":35},{"not_picked":["Dagger Throw+1","Well Laid Plans+1","Prepared+1"],"picked":"Singing Bowl","floor":35},{"not_picked":["PiercingWail","Expertise","Noxious Fumes+1"],"picked":"Singing Bowl","floor":36},{"not_picked":["Deadly Poison","Distraction+1","Heel Hook"],"picked":"Singing Bowl","floor":38},{"not_picked":["Setup","Blur","Concentrate"],"picked":"Singing Bowl","floor":39},{"not_picked":["Predator+1","Well Laid Plans+1","Flying Knee"],"picked":"Singing Bowl","floor":39},{"not_picked":["Night Terror","Backflip+1","Heel Hook"],"picked":"Singing Bowl","floor":40},{"not_picked":["Acrobatics","Endless Agony+1","Blade Dance"],"picked":"Singing Bowl","floor":42},{"not_picked":["Underhanded Strike+1","Riddle With Holes","PiercingWail"],"picked":"Singing Bowl","floor":42},{"not_picked":["Trip","Blind","Purity"],"picked":"Singing Bowl","floor":44},{"not_picked":["Violence","Master of Strategy","Good Instincts"],"picked":"Singing Bowl","floor":44},{"not_picked":["Enlightenment","Chrysalis","Good Instincts"],"picked":"Singing Bowl","floor":44},{"not_picked":["A Thousand Cuts+1","Dagger Throw"],"picked":"Phantasmal Killer","floor":47},{"not_picked":["Accuracy+1","Quick Slash","Prepared+1"],"picked":"Singing Bowl","floor":48},{"not_picked":["Terror","Slice+1","Heel Hook+1"],"picked":"Singing Bowl","floor":48}],"player_experience":140961,"relics_obtained":[{"floor":6,"key":"Prayer Wheel"},{"floor":9,"key":"Du-Vu Doll"},{"floor":10,"key":"Frozen Egg 2"},{"floor":12,"key":"TungstenRod"},{"floor":14,"key":"Potion Belt"},{"floor":23,"key":"MealTicket"},{"floor":26,"key":"Smiling Mask"},{"floor":27,"key":"Singing Bowl"},{"floor":36,"key":"Torii"},{"floor":38,"key":"Dead Branch"},{"floor":40,"key":"The Specimen"},{"floor":43,"key":"Bottled Tornado"},{"floor":47,"key":"Kunai"}],"event_choices":[{"cards_removed":["Strike_G"],"damage_healed":0,"gold_gain":0,"player_choice":"Card Removal","damage_taken":7,"max_hp_gain":0,"max_hp_loss":0,"event_name":"Golden Wing","floor":2,"gold_loss":0},{"damage_healed":0,"gold_gain":275,"player_choice":"Desecrate","damage_taken":0,"max_hp_gain":0,"max_hp_loss":0,"event_name":"Golden Shrine","floor":5,"gold_loss":0,"cards_obtained":["Regret"]},{"damage_healed":0,"gold_gain":0,"player_choice":"Ignored","damage_taken":0,"max_hp_gain":0,"max_hp_loss":0,"event_name":"Vampires","floor":19,"gold_loss":0},{"damage_healed":0,"gold_gain":50,"player_choice":"Stole From Cult","damage_taken":0,"max_hp_gain":0,"max_hp_loss":0,"event_name":"Nest","floor":21,"gold_loss":0},{"damage_healed":0,"gold_gain":0,"player_choice":"Shed Blood","damage_taken":23,"max_hp_gain":5,"max_hp_loss":0,"event_name":"Forgotten Altar","floor":22,"gold_loss":0},{"damage_healed":0,"gold_gain":0,"player_choice":"Inject Mutagens","damage_taken":0,"relics_obtained":["MutagenicStrength"],"max_hp_gain":0,"max_hp_loss":0,"event_name":"Drug Dealer","floor":29,"gold_loss":0},{"damage_healed":0,"gold_gain":0,"player_choice":"Fight","damage_taken":0,"max_hp_gain":0,"max_hp_loss":0,"event_name":"Mysterious Sphere","floor":36,"gold_loss":0},{"damage_healed":0,"gold_gain":0,"player_choice":"Ignored","damage_taken":0,"max_hp_gain":0,"max_hp_loss":0,"event_name":"Tomb of Lord Red Mask","floor":37,"gold_loss":0},{"damage_healed":0,"gold_gain":0,"player_choice":"Fight","damage_taken":0,"max_hp_gain":0,"max_hp_loss":0,"event_name":"MindBloom","floor":38,"gold_loss":0},{"damage_healed":0,"gold_gain":0,"player_choice":"Memory 3","damage_taken":10,"max_hp_gain":0,"max_hp_loss":0,"event_name":"SensoryStone","floor":44,"gold_loss":0}],"is_beta":false,"boss_relics":[{"not_picked":["Empty Cage","Velvet Choker"],"picked":"WristBlade"},{"not_picked":["Snecko Eye","Coffee Dripper","Sozu"]}],"items_purged_floors":[31],"is_endless":false,"potions_floor_spawned":[1,6,7,16,18,23,24,27,28,30,33,35,36,38,39,40,42,47,48],"ascension_level":16}}