{"host":"no5f9c6q31porkj5","time":1613401576,"event":{"mods":["BaseMod","Marisa£¨Ùöéë¡¡Øª×âÞÞ£©","Minty Spire (QoL Compilation)","StSLib","Td1madao Mod","The Cursed","The Gatherer","The Runesmith"],"gold_per_floor":[416,416,81,181,200,200,200,200,200,211,23,36,36,50,50,152,152,165,8,24,24,39,39,56,67,67,81,81,81],"floor_reached":28,"language":"KOR","playtime":843,"items_purged":["Bash"],"score":212,"play_id":"c61f36c0-d6a0-4709-a195-a3e4e70919ef","local_time":"20210216000616","daily_mods":["Vintage","Time Dilation","Flight"],"is_ascension_mode":false,"campfire_choices":[{"data":"Defend_R","floor":6,"key":"SMITH"},{"data":"Defend_R","floor":7,"key":"SMITH"},{"data":"Defend_R","floor":8,"key":"SMITH"},{"data":"Defend_R","floor":13,"key":"SMITH"},{"data":"Strike_R","floor":15,"key":"SMITH"},{"floor":23,"key":"REST"}],"circlet_count":0,"master_deck":["Strike_R+1","Strike_R+1","Strike_R+1","Strike_R+1","Strike_R+1","Defend_R+1","Defend_R+1","Defend_R+1","Defend_R+1","Secret Technique","Impervious","CurseOfTheBell","Seeing Red+1"],"relics":["Burning Blood","Old Coin","Whetstone","White Beast Statue","Ginger","Oddly Smooth Stone","Membership Card","Centennial Puzzle","Red Skull","Calling Bell","Eternal Feather","Lizard Tail","Ancient Tea Set","Runesmith:AutoHammer","Toxic Egg 2","Mercury Hourglass","Matryoshka","Incense Burner","Boot","Shuriken","Torii","Gremlin Horn"],"acts_visited":["Exordium","TheCity"],"potions_floor_usage":[14,16,16],"damage_taken":[{"damage":1,"enemies":"Cultist","floor":1,"turns":3},{"damage":0,"enemies":"2 Louse","floor":5,"turns":2},{"damage":3,"enemies":"Jaw Worm","floor":10,"turns":3},{"damage":5,"enemies":"Gremlin Gang","floor":12,"turns":5},{"damage":0,"enemies":"Blue Slaver","floor":14,"turns":3},{"damage":56,"enemies":"Hexaghost","floor":16,"turns":11},{"damage":44,"enemies":"Spheric Guardian","floor":18,"turns":10},{"damage":2,"enemies":"2 Thieves","floor":20,"turns":5},{"damage":3,"enemies":"Snecko","floor":22,"turns":7},{"damage":24,"enemies":"Sentry and Sphere","floor":24,"turns":12},{"damage":1,"enemies":"Cultist and Chosen","floor":25,"turns":8},{"damage":16,"enemies":"Snake Plant","floor":27,"turns":6},{"damage":0,"enemies":"3 Cultists","floor":28,"turns":1}],"seed_played":"8207314154274493775","potions_obtained":[{"floor":10,"key":"CultistPotion"},{"floor":12,"key":"ColorlessPotion"},{"floor":14,"key":"Fruit Juice"},{"floor":16,"key":"SpeedPotion"},{"floor":18,"key":"LiquidBronze"},{"floor":20,"key":"ColorlessPotion"}],"is_trial":true,"path_per_floor":["M","?","$","?","M","R","R","R","T","M","$","M","R","M","R","B",null,"M","$","M","$","M","R","M","M","T","M","M"],"character_chosen":"IRONCLAD","items_purchased":["Secret Technique","Whetstone","Membership Card","Toxic Egg 2","Seeing Red+1"],"campfire_rested":1,"item_purchase_floors":[3,3,11,19,19],"current_hp_per_floor":[80,64,64,64,70,70,70,70,70,73,73,74,74,85,85,35,85,47,47,51,51,54,85,67,72,72,62,62,62],"gold":81,"neow_bonus":"","is_daily":false,"chose_seed":false,"campfire_upgraded":5,"win_rate":0.0,"timestamp":1613401576,"path_taken":["M","?","$","?","M","R","R","R","T","M","$","M","R","M","R","BOSS","M","$","?","?","M","R","M","M","T","?","M"],"items_purchased_type":["Card","Relic","Relic","Relic","Card"],"build_version":"2020-12-22","purchased_purges":1,"victory":false,"max_hp_per_floor":[80,80,80,80,80,80,80,80,80,80,80,80,80,85,85,85,85,85,85,85,85,85,85,85,85,85,85,85,85],"card_choices":[{"not_picked":["Fiend Fire","Bludgeon"],"picked":"Impervious","floor":16}],"player_experience":129953,"relics_obtained":[{"floor":1,"key":"Old Coin"},{"floor":5,"key":"White Beast Statue"},{"floor":9,"key":"Ginger"},{"floor":10,"key":"Oddly Smooth Stone"},{"floor":12,"key":"Centennial Puzzle"},{"floor":14,"key":"Red Skull"},{"floor":17,"key":"Eternal Feather"},{"floor":17,"key":"Lizard Tail"},{"floor":17,"key":"Ancient Tea Set"},{"floor":18,"key":"Runesmith:AutoHammer"},{"floor":20,"key":"Mercury Hourglass"},{"floor":22,"key":"Matryoshka"},{"floor":24,"key":"Incense Burner"},{"floor":25,"key":"Boot"},{"floor":26,"key":"Shuriken"},{"floor":26,"key":"Torii"},{"floor":27,"key":"Gremlin Horn"}],"event_choices":[{"damage_healed":0,"gold_gain":0,"player_choice":"Entered Light","damage_taken":16,"max_hp_gain":0,"max_hp_loss":0,"event_name":"Shining Light","floor":2,"gold_loss":0,"cards_upgraded":["Strike_R","Strike_R"]},{"damage_healed":0,"gold_gain":100,"player_choice":"Pray","damage_taken":0,"max_hp_gain":0,"max_hp_loss":0,"event_name":"Golden Shrine","floor":4,"gold_loss":0}],"is_beta":false,"boss_relics":[{"not_picked":["Runesmith:UraniumAnvil","Snecko Eye"],"picked":"Calling Bell"}],"items_purged_floors":[11],"is_endless":true,"potions_floor_spawned":[10,12,14,16,18,20,22,24,25,27],"killed_by":"3 Cultists","ascension_level":0}}