{"host":"uum6igq4jdglhc9m","time":1613383211,"event":{"mods":["100% Spire Juice","Act Like it!","Aspiration","BaseMod","Bestiary","Downfall","Friendly Minions","Gensokyo","Hallownest","Hermit","Hubris","Jorbs\u0027s Wanderer Trilogy","KinomotoSakuraMod(ƒæ÷Æ±æ”£)","Koishi","Lobotomy","Marisa£®ÏF”Í°°ƒß¿Ì…≥£©","Mimic Mod","Minty Spire (QoL Compilation)","Rare Cards Sparkle","Reimu£®≤©¿ˆ¡È√Œ£©","Remilia£®¿Ÿ√◊¿Ú—«£©","Robot Space Explorer","Shop Mod","StSLib","The Animator","The Bug Knight","The Cursed","The Disciple","The Hierophant","The Poker Player","The Senshi","The Servant 0.9.4","TheFirefly","Yakumo Yukari mod","Youmu£®ªÍ∆«—˝√Œ£©","[IsaacMod]“‘»ˆº‚À˛","≤–¡Ù÷ÆŒÔ"],"gold_per_floor":[114,134,148,49,49,80,80,99,152,152,172,184,184,196,196,196,196],"floor_reached":16,"language":"ZHS","playtime":4226,"items_purged":["Defend_Br"],"score":104,"play_id":"66c48931-299a-4431-b23a-8e77219e58af","local_time":"20210215180011","is_ascension_mode":false,"campfire_choices":[{"floor":7,"key":"REST"},{"floor":13,"key":"REST"},{"floor":15,"key":"REST"}],"circlet_count":0,"master_deck":["Strike_Br","Strike_Br","Strike_Br","Defend_Br","Defend_Br","Defend_Br","SecondHand","PatternShift","EpicFetus","BiteCommand","BiteCommand","Allegro","LockedBlood","WakeUpCall","DaylightSavings","HandsUpB","ReapSow"],"relics":["Chronometer","HushsDoor","aspiration:Nostalgia","stsjorbsmod:BookOfTrialsRelic","YumHeart","Centennial Puzzle","D6"],"acts_visited":["Exordium"],"potions_floor_usage":[],"damage_taken":[{"damage":8,"enemies":"Small Slimes","floor":1,"turns":3},{"damage":13,"enemies":"2 Louse","floor":2,"turns":2},{"damage":4,"enemies":"Jaw Worm","floor":3,"turns":5},{"damage":30,"enemies":"3 Sentries","floor":6,"turns":7},{"damage":14,"enemies":"Blue Slaver","floor":8,"turns":4},{"damage":14,"enemies":"Exordium Thugs","floor":11,"turns":7},{"damage":16,"enemies":"Red Slaver","floor":12,"turns":4},{"damage":39,"enemies":"Lots of Slimes","floor":14,"turns":7},{"damage":35,"enemies":"The Guardian","floor":16,"turns":9}],"seed_played":"2274941226981947921","potions_obtained":[{"floor":1,"key":"HastePotion"},{"floor":11,"key":"DistilledChaos"}],"is_trial":false,"path_per_floor":["M","M","M","$","?","E","R","M","T","?","M","M","R","M","R","B"],"character_chosen":"CHRONO_CLASS","items_purchased":["Tempo"],"campfire_rested":3,"item_purchase_floors":[4],"current_hp_per_floor":[57,44,40,40,33,3,22,12,12,12,4,19,38,5,24,0,0],"gold":196,"neow_bonus":"NOSTALGIA","is_daily":false,"chose_seed":false,"campfire_upgraded":0,"win_rate":0.0,"timestamp":1613383211,"path_taken":["M","M","M","$","?","E","R","M","T","?","M","M","R","M","R","BOSS"],"items_purchased_type":["Card"],"build_version":"2020-12-22","purchased_purges":1,"victory":false,"max_hp_per_floor":[65,65,65,65,65,65,65,65,65,65,65,65,65,65,65,65,65],"card_choices":[{"not_picked":[],"picked":"EpicFetus","floor":0},{"not_picked":["HandsUpB","LockedWarPaint"],"picked":"Bomb","floor":1},{"not_picked":["Engulf","HandsUpB"],"picked":"BiteCommand","floor":2},{"not_picked":["LockedAnchor","ResonantCall"],"picked":"BiteCommand","floor":3},{"not_picked":["LockedScales","LockedAstrolabe"],"picked":"LockedBlood","floor":6},{"not_picked":["BiteCommand","LockedScales"],"picked":"WakeUpCall","floor":8},{"not_picked":["LockedOrichalcum","Cuckoo"],"picked":"DaylightSavings","floor":11},{"not_picked":["LockedBlood","WindUp"],"picked":"HandsUpB","floor":12},{"not_picked":["Facsimile","BiteCommand"],"picked":"ReapSow","floor":14}],"player_experience":2164,"relics_obtained":[{"floor":6,"key":"YumHeart"},{"floor":9,"key":"Centennial Puzzle"}],"event_choices":[{"cards_removed":["Strike_Br"],"damage_healed":0,"gold_gain":0,"player_choice":"Card Removal","damage_taken":7,"max_hp_gain":0,"max_hp_loss":0,"event_name":"Golden Wing","floor":5,"gold_loss":0},{"damage_healed":0,"gold_gain":0,"player_choice":"Fled","damage_taken":0,"max_hp_gain":0,"max_hp_loss":0,"event_name":"Scrap Ooze","floor":10,"gold_loss":0}],"is_beta":false,"boss_relics":[],"items_purged_floors":[4],"is_endless":false,"potions_floor_spawned":[1,11],"killed_by":"The Guardian","ascension_level":0}}