{"host":"r081svdj6e9i7zze","time":1613361609,"event":{"mods":["AchievementEnabler","BaseMod","Colored Map","Minty Spire (QoL Compilation)","SuperFastMode"],"gold_per_floor":[114,64,64,78,92,125,24,24,24,24,24,53,63,138,138,239,239,250,8,28,28,45,45,57,57,57,70,70,84,84,101,101,199,199,218,231,16,16,16,16,16],"floor_reached":40,"language":"KOR","playtime":1727,"items_purged":["Defend_B","Shame"],"score":421,"play_id":"de9e83ac-eb1d-4f19-b143-62232ee4855f","local_time":"20210215130009","is_ascension_mode":false,"campfire_choices":[{"data":"Capacitor","floor":8,"key":"SMITH"},{"data":"Darkness","floor":10,"key":"SMITH"},{"floor":15,"key":"REST"},{"data":"Chaos","floor":23,"key":"SMITH"},{"data":"Electrodynamics","floor":25,"key":"SMITH"},{"data":"Reboot","floor":28,"key":"SMITH"},{"floor":32,"key":"REST"}],"circlet_count":0,"master_deck":["Strike_B","Strike_B","Defend_B","Defend_B","Defend_B","Zap","Dualcast","Darkness+1","Cold Snap","Gash","Barrage","Seek","Capacitor+1","Leap","Beam Cell+1","Ball Lightning+1","Reboot+1","Rebound+1","Electrodynamics+1","Dramatic Entrance+1","Chaos+1","Barrage+1","Compile Driver+1","Rebound+1","Hologram","Undo+1","All For One+1","Rip and Tear+1","Loop+1","Capacitor","Chill","Master of Strategy","Madness","Madness"],"relics":["FrozenCore","NeowsBlessing","Mango","Molten Egg 2","Pear","Mummified Hand","Centennial Puzzle","Pantograph","SlaversCollar"],"acts_visited":["Exordium","TheCity","TheBeyond"],"potions_floor_usage":[16,16,33,33,33],"damage_taken":[{"damage":0,"enemies":"Jaw Worm","floor":1,"turns":1},{"damage":0,"enemies":"2 Louse","floor":4,"turns":1},{"damage":0,"enemies":"Cultist","floor":5,"turns":1},{"damage":27,"enemies":"Lagavulin","floor":6,"turns":7},{"damage":30,"enemies":"3 Sentries","floor":12,"turns":8},{"damage":12,"enemies":"Exordium Wildlife","floor":13,"turns":5},{"damage":34,"enemies":"The Guardian","floor":16,"turns":6},{"damage":2,"enemies":"Shell Parasite","floor":18,"turns":6},{"damage":0,"enemies":"Chosen","floor":20,"turns":4},{"damage":25,"enemies":"3 Cultists","floor":22,"turns":5},{"damage":9,"enemies":"Centurion and Healer","floor":24,"turns":4},{"damage":22,"enemies":"Shelled Parasite and Fungi","floor":27,"turns":3},{"damage":8,"enemies":"Chosen and Byrds","floor":29,"turns":3},{"damage":25,"enemies":"Snecko","floor":31,"turns":4},{"damage":61,"enemies":"Champ","floor":33,"turns":7},{"damage":12,"enemies":"Orb Walker","floor":35,"turns":4},{"damage":33,"enemies":"3 Darklings","floor":36,"turns":5},{"damage":53,"enemies":"Nemesis","floor":40,"turns":4}],"seed_played":"-2348995022999824690","potions_obtained":[{"floor":6,"key":"FocusPotion"},{"floor":13,"key":"BlessingOfTheForge"},{"floor":16,"key":"Dexterity Potion"},{"floor":20,"key":"DistilledChaos"},{"floor":24,"key":"BlessingOfTheForge"},{"floor":27,"key":"EssenceOfDarkness"}],"is_trial":false,"path_per_floor":["M","?","?","M","M","E","$","R","T","R","?","E","M","?","R","B",null,"M","$","M","?","M","R","M","R","T","M","R","M","?","M","R","B",null,"M","M","$","?","?","E"],"character_chosen":"DEFECT","items_purchased":["Capacitor","Leap","Electrodynamics","Dramatic Entrance+1","Capacitor","Chill"],"campfire_rested":2,"item_purchase_floors":[7,7,19,19,37,37],"current_hp_per_floor":[75,75,75,75,75,62,62,62,62,62,65,35,23,12,41,7,99,97,97,97,97,72,72,63,63,63,41,41,33,33,8,37,1,99,87,54,54,54,42,0,0],"gold":16,"neow_bonus":"THREE_ENEMY_KILL","is_daily":false,"chose_seed":false,"campfire_upgraded":5,"win_rate":0.0,"timestamp":1613361609,"path_taken":["M","?","?","?","M","E","$","R","T","R","?","E","M","?","R","BOSS","M","$","M","?","M","R","M","R","T","M","R","M","?","M","R","BOSS","M","M","$","?","?","E"],"items_purchased_type":["Card","Card","Card","Card","Card","Card"],"build_version":"2020-12-22","purchased_purges":2,"victory":false,"max_hp_per_floor":[75,75,75,75,75,89,89,89,89,89,99,99,99,99,99,99,99,99,99,99,99,99,99,99,99,99,99,99,99,99,99,99,99,99,99,99,99,99,99,99,99],"card_choices":[{"not_picked":["Leap","Conserve Battery"],"picked":"Darkness","floor":1},{"not_picked":["Steam","Rebound"],"picked":"Gash","floor":4},{"not_picked":["Force Field","Leap"],"picked":"Barrage","floor":5},{"not_picked":["Loop","Genetic Algorithm"],"picked":"Seek","floor":6},{"not_picked":["Gash+1","Capacitor"],"picked":"Beam Cell+1","floor":12},{"not_picked":["Conserve Battery","Coolheaded"],"picked":"Ball Lightning+1","floor":13},{"not_picked":["Buffer","Echo Form"],"picked":"Reboot","floor":16},{"not_picked":["Beam Cell+1","Leap"],"picked":"Rebound+1","floor":18},{"not_picked":["Redo","Stack"],"picked":"Chaos","floor":20},{"not_picked":["Reprogram","Loop"],"picked":"Barrage+1","floor":22},{"not_picked":["Fusion","Steam Power"],"picked":"Compile Driver+1","floor":24},{"not_picked":["Conserve Battery+1","White Noise"],"picked":"Rebound+1","floor":27},{"not_picked":["Conserve Battery+1","Chaos+1"],"picked":"Hologram","floor":29},{"not_picked":["Static Discharge","Multi-Cast"],"picked":"Undo+1","floor":31},{"not_picked":["Seek","Fission"],"picked":"All For One+1","floor":33},{"not_picked":["Gash+1","Steam"],"picked":"Rip and Tear+1","floor":35},{"not_picked":["Steam Power","Leap"],"picked":"Loop+1","floor":36},{"not_picked":["Transmutation","Secret Weapon"],"picked":"Master of Strategy","floor":38}],"player_experience":39537,"relics_obtained":[{"floor":6,"key":"Mango"},{"floor":9,"key":"Molten Egg 2"},{"floor":12,"key":"Mummified Hand"},{"floor":26,"key":"Pantograph"}],"event_choices":[{"cards_removed":["Strike_B"],"damage_healed":0,"gold_gain":0,"player_choice":"Card Removal","damage_taken":0,"max_hp_gain":0,"max_hp_loss":0,"event_name":"The Cleric","floor":2,"gold_loss":50},{"damage_healed":0,"gold_gain":0,"cards_transformed":["Strike_B"],"player_choice":"Transformed","damage_taken":0,"max_hp_gain":0,"max_hp_loss":0,"event_name":"Transmorgrifier","floor":3,"gold_loss":0,"cards_obtained":["Cold Snap"]},{"damage_healed":0,"gold_gain":0,"player_choice":"Success","damage_taken":7,"relics_obtained":["Pear"],"max_hp_gain":0,"max_hp_loss":0,"event_name":"Scrap Ooze","floor":11,"gold_loss":0},{"damage_healed":0,"gold_gain":75,"player_choice":"Gather Gold","damage_taken":11,"max_hp_gain":0,"max_hp_loss":0,"event_name":"World of Goop","floor":14,"gold_loss":0},{"damage_healed":0,"gold_gain":0,"player_choice":"Stole Relic","damage_taken":0,"relics_obtained":["Centennial Puzzle"],"max_hp_gain":0,"max_hp_loss":0,"event_name":"Addict","floor":21,"gold_loss":0,"cards_obtained":["Shame"]},{"damage_healed":0,"gold_gain":0,"player_choice":"Ignored","damage_taken":0,"max_hp_gain":0,"max_hp_loss":0,"event_name":"The Mausoleum","floor":30,"gold_loss":0},{"damage_healed":0,"gold_gain":0,"player_choice":"Memory 1","damage_taken":0,"max_hp_gain":0,"max_hp_loss":0,"event_name":"SensoryStone","floor":38,"gold_loss":0},{"damage_healed":0,"gold_gain":0,"player_choice":"Embrace Madness","damage_taken":12,"max_hp_gain":0,"max_hp_loss":0,"event_name":"Winding Halls","floor":39,"gold_loss":0,"cards_obtained":["Madness","Madness"]}],"is_beta":false,"boss_relics":[{"not_picked":["Snecko Eye","Ectoplasm"],"picked":"FrozenCore"},{"not_picked":["Sozu","Calling Bell"],"picked":"SlaversCollar"}],"items_purged_floors":[19,37],"is_endless":false,"potions_floor_spawned":[6,13,16,20,24,27],"killed_by":"Nemesis","ascension_level":0}}