{"host":"4nv61ujg37lx5d7m","time":1613366563,"event":{"mods":["BaseMod","Minty Spire (QoL Compilation)"],"gold_per_floor":[116,291,291,3,3,47,47,88,88,38,38,74,11,29,29,29,29],"floor_reached":16,"language":"ZHS","playtime":343,"items_purged":["Doubt","Strike_R","Strike_R"],"score":279,"play_id":"a66d240b-72fb-4623-8879-d79c56859419","local_time":"20210215132243","is_ascension_mode":true,"campfire_choices":[{"floor":7.0,"key":"RECALL"},{"data":"Immolate","floor":11.0,"key":"SMITH"},{"data":"Feed","floor":15.0,"key":"SMITH"}],"circlet_count":0,"master_deck":["AscendersBane","Strike_R","Strike_R","Strike_R+1","Defend_R","Defend_R","Defend_R+1","Defend_R","Bash","Pummel","Immolate+1","Shrug It Off","Dramatic Entrance","Dark Embrace","Shockwave","Feed+1","Rage"],"relics":["Burning Blood","NeowsBlessing","Golden Idol","Membership Card","Blue Candle","Bronze Scales","Toy Ornithopter"],"acts_visited":["Exordium"],"potions_floor_usage":[],"damage_taken":[{"damage":0.0,"enemies":"2 Louse","floor":1.0,"turns":1.0},{"damage":0.0,"enemies":"Lagavulin","floor":6.0,"turns":1.0},{"damage":0.0,"enemies":"Gremlin Nob","floor":8.0,"turns":1.0},{"damage":19.0,"enemies":"3 Sentries","floor":12.0,"turns":4.0},{"damage":1.0,"enemies":"Small Slimes","floor":14.0,"turns":5.0},{"damage":0,"enemies":"Hexaghost","floor":16,"turns":1}],"seed_played":"675852521612770792","potions_obtained":[],"is_trial":false,"path_per_floor":["M","?","?","$","?","E","R","E","T","$","R","E","$","M","R","B"],"character_chosen":"IRONCLAD","items_purchased":["Membership Card","Immolate","Shrug It Off","Dramatic Entrance"],"campfire_rested":0,"item_purchase_floors":[4,4,4,4],"current_hp_per_floor":[74,74,56,56,41,47,47,53,53,53,53,40,40,48,48,48,48],"gold":29,"neow_bonus":"THREE_ENEMY_KILL","is_daily":false,"chose_seed":false,"campfire_upgraded":2,"win_rate":0.0,"timestamp":1613366563,"path_taken":["M","?","?","?","?","E","R","E","T","$","R","E","?","M","R","BOSS"],"items_purchased_type":["Relic","Card","Card","Card"],"build_version":"2020-12-22","purchased_purges":3,"victory":false,"max_hp_per_floor":[75,75,75,75,75,75,75,75,75,75,75,75,75,78,78,78,78],"card_choices":[{"not_picked":["Sword Boomerang","Headbutt"],"picked":"Pummel","floor":1.0},{"not_picked":["Bloodletting","Perfected Strike"],"picked":"Dark Embrace","floor":6.0},{"not_picked":["Carnage","Dropkick"],"picked":"Shockwave","floor":8.0},{"not_picked":["Clash","Sever Soul"],"picked":"Feed","floor":12.0},{"not_picked":["Heavy Blade","Armaments"],"picked":"Rage","floor":14.0}],"player_experience":96832,"relics_obtained":[{"floor":6.0,"key":"Blue Candle"},{"floor":8.0,"key":"Bronze Scales"},{"floor":12.0,"key":"Toy Ornithopter"}],"event_choices":[{"damage_healed":0.0,"max_hp_gain":0.0,"max_hp_loss":0.0,"gold_gain":175.0,"event_name":"Liars Game","player_choice":"AGREE","floor":2.0,"gold_loss":0.0,"damage_taken":0.0,"cards_obtained":["Doubt"]},{"damage_healed":0.0,"max_hp_gain":0.0,"max_hp_loss":0.0,"gold_gain":0.0,"event_name":"Golden Idol","player_choice":"Take Damage","floor":3.0,"gold_loss":0.0,"damage_taken":18.0,"relics_obtained":["Golden Idol"]},{"damage_healed":0.0,"max_hp_gain":0.0,"max_hp_loss":0.0,"gold_gain":0.0,"event_name":"Shining Light","player_choice":"Entered Light","floor":5.0,"gold_loss":0.0,"damage_taken":15.0,"cards_upgraded":["Defend_R","Strike_R"]}],"is_beta":false,"boss_relics":[],"items_purged_floors":[4,10,13],"is_endless":false,"potions_floor_spawned":[],"killed_by":"Hexaghost","ascension_level":14}}