{"host":"clf2hd4adhiiw0zf","time":1613351999,"event":{"mods":["AchievementEnabler","BaseMod","Beaked The Cultist","Bestiary","Dark Map","Downfall","Gremlin Mod","Hermit","Jorbs\u0027s Wanderer Trilogy","Marisa????????","Minty Spire (QoL Compilation)","Shop Mod","StSLib","The Cursed","Wide Potions"],"gold_per_floor":[99,111,130,130,115,115,115,290,290,308,308,308,208,238,253,253,253,253],"floor_reached":16,"language":"ENG","playtime":1064,"items_purged":[],"score":167,"play_id":"7e410914-fb61-4404-b9a7-2cf6c48ddd19","local_time":"20210214181959","is_ascension_mode":true,"campfire_choices":[{"data":"champ:ShieldThrow","floor":1,"key":"SMITH"},{"data":"champ:TripleStrike","floor":6,"key":"SMITH"},{"floor":9,"key":"RECALL"},{"data":"champ:Taunt","floor":13,"key":"SMITH"}],"circlet_count":0,"master_deck":["AscendersBane","champ:Strike","champ:Strike","champ:Strike","champ:Strike","champ:Defend","champ:Defend","champ:Defend","champ:Defend","champ:Execute","champ:Taunt+1","champ:ShieldThrow+1","champ:Circumvent","champ:ArenaPreparation","champ:TripleStrike+1","Doubt","champ:GutPunch","champ:SkillfulDodge","champ:StanceDance"],"relics":["champ:ChampionCrown","Bird Faced Urn","Pear","downfall:HeartBlessingRed","champ:SpectersHand"],"acts_visited":["Exordium"],"potions_floor_usage":[14,16],"damage_taken":[{"damage":12,"enemies":"Jaw Worm","floor":2,"turns":3},{"damage":14,"enemies":"Cultist","floor":3,"turns":5},{"damage":20,"enemies":"downfall:FleeingMerchant","floor":5,"turns":4},{"damage":0,"enemies":"Small Slimes","floor":10,"turns":2},{"damage":49,"enemies":"Gremlin Nob","floor":14,"turns":5},{"damage":40,"enemies":"Gremlin Gang","floor":15,"turns":6},{"damage":43,"enemies":"WA_ARCHETYPE_RETAIN","floor":16,"turns":7}],"seed_played":"5711606753058244278","potions_obtained":[{"floor":10,"key":"EssenceOfSteel"},{"floor":14,"key":"champ:UltimateStancePotion"},{"floor":15,"key":"champ:OpenerPotion"}],"is_trial":false,"path_per_floor":["R","M","M","?","$","R","T","?","R","M","?","T","R","E","M","B"],"character_chosen":"THE_CHAMP","items_purchased":[],"campfire_rested":0,"item_purchase_floors":[],"current_hp_per_floor":[73,71,67,62,62,62,62,62,62,62,72,82,82,48,38,0,0,0],"gold":253,"neow_bonus":"ONE_RANDOM_RARE_CARD","is_daily":false,"chose_seed":false,"campfire_upgraded":3,"win_rate":0.0,"timestamp":1613351999,"path_taken":["R","M","M","?","?","R","T","?","R","M","?","?","R","E","M","BOSS"],"items_purchased_type":[],"build_version":"2020-12-22","purchased_purges":0,"victory":false,"max_hp_per_floor":[81,81,81,81,81,81,81,81,81,81,91,101,101,101,101,101,101,101],"card_choices":[{"not_picked":["champ:DefensiveShout","champ:Shatter"],"picked":"champ:Circumvent","floor":2},{"not_picked":["champ:CrownThrow","champ:RapidStrikes"],"picked":"champ:ArenaPreparation","floor":3},{"not_picked":["champ:CrownThrow","champ:SetATrap"],"picked":"champ:TripleStrike","floor":5},{"not_picked":["champ:RecklessLeap","champ:RageSigil"],"picked":"champ:GutPunch","floor":10},{"not_picked":["champ:AdrenalArmor","champ:StanceDance"],"picked":"champ:SkillfulDodge","floor":14},{"not_picked":["champ:Encircle","champ:CrownThrow"],"picked":"champ:StanceDance","floor":15}],"player_experience":293680,"relics_obtained":[{"floor":7,"key":"Bird Faced Urn"},{"floor":12,"key":"Pear"},{"floor":14,"key":"champ:SpectersHand"}],"event_choices":[],"is_beta":false,"boss_relics":[],"items_purged_floors":[],"is_endless":false,"potions_floor_spawned":[10,14,15],"killed_by":"WA_ARCHETYPE_RETAIN","ascension_level":14}}