{"host":"prxrhpgaxnj4om9r","time":1613392889,"event":{"mods":["AchievementEnabler","BaseMod","Colored Map","DeckTracker","Minty Spire (QoL Compilation)"],"gold_per_floor":[111,111,111,126,141,176,176,156,230,242,242,242,276,294,294,294,294],"floor_reached":16,"language":"KOR","playtime":645,"items_purged":[],"score":132,"play_id":"a4916a01-ea33-48c7-a3cd-df3a21d25e13","local_time":"20210215214129","is_ascension_mode":true,"campfire_choices":[{"data":"Blood for Blood","floor":7,"key":"SMITH"},{"floor":11,"key":"REST"},{"data":"Searing Blow","floor":15,"key":"SMITH"}],"circlet_count":0,"master_deck":["Strike_R","Strike_R","Strike_R","Strike_R","Strike_R","Defend_R","Defend_R","Bash+1","Twin Strike","Blood for Blood+1","Power Through","Dropkick","Searing Blow+1","Flame Barrier","Double Tap"],"relics":["Burning Blood","Centennial Puzzle","Sundial","Letter Opener","Pear"],"acts_visited":["Exordium"],"potions_floor_usage":[10,13,16],"damage_taken":[{"damage":0,"enemies":"2 Louse","floor":1,"turns":3},{"damage":0,"enemies":"Small Slimes","floor":4,"turns":3},{"damage":6,"enemies":"Cultist","floor":5,"turns":3},{"damage":32,"enemies":"Gremlin Nob","floor":6,"turns":4},{"damage":14,"enemies":"3 Louse","floor":10,"turns":2},{"damage":28,"enemies":"Lagavulin","floor":13,"turns":4},{"damage":13,"enemies":"Gremlin Gang","floor":14,"turns":5},{"damage":54,"enemies":"Slime Boss","floor":16,"turns":10}],"seed_played":"-716671078457281213","potions_obtained":[{"floor":6,"key":"DuplicationPotion"},{"floor":8,"key":"DuplicationPotion"},{"floor":13,"key":"SkillPotion"}],"is_trial":false,"path_per_floor":["M","?","?","M","M","E","R","?","T","M","R","?","E","M","R","B"],"character_chosen":"IRONCLAD","items_purchased":[],"campfire_rested":1,"item_purchase_floors":[],"current_hp_per_floor":[80,77,77,80,80,54,54,54,54,46,70,70,58,51,51,0,0],"gold":294,"neow_bonus":"UPGRADE_CARD","is_daily":false,"chose_seed":false,"campfire_upgraded":2,"win_rate":0.0,"timestamp":1613392889,"path_taken":["M","?","?","?","M","E","R","?","T","?","R","?","E","M","R","BOSS"],"items_purchased_type":[],"build_version":"2020-12-22","purchased_purges":0,"victory":false,"max_hp_per_floor":[80,80,80,80,80,80,80,80,80,80,80,80,90,90,90,90,90],"card_choices":[{"not_picked":["Body Slam","Flex"],"picked":"Twin Strike","floor":1},{"not_picked":["Shrug It Off","Anger"],"picked":"Blood for Blood","floor":4},{"not_picked":["Sword Boomerang","Ghostly Armor"],"picked":"Power Through","floor":5},{"not_picked":["Thunderclap","Iron Wave"],"picked":"Dropkick","floor":6},{"not_picked":["Warcry","Thunderclap"],"picked":"Searing Blow","floor":10},{"not_picked":["Perfected Strike","Searing Blow"],"picked":"Double Tap","floor":13},{"not_picked":["Headbutt","Armaments","Warcry"],"picked":"SKIP","floor":14}],"player_experience":461472,"relics_obtained":[{"floor":6,"key":"Sundial"},{"floor":9,"key":"Letter Opener"},{"floor":13,"key":"Pear"}],"event_choices":[{"damage_healed":0,"gold_gain":0,"player_choice":"Success","damage_taken":3,"relics_obtained":["Centennial Puzzle"],"max_hp_gain":0,"max_hp_loss":0,"event_name":"Scrap Ooze","floor":2,"gold_loss":0},{"cards_removed":["Defend_R"],"damage_healed":0,"gold_gain":0,"player_choice":"Offered Basic","damage_taken":0,"max_hp_gain":0,"max_hp_loss":0,"event_name":"Bonfire Elementals","floor":3,"gold_loss":0},{"damage_healed":0,"gold_gain":0,"player_choice":"Bought 1 Potion","damage_taken":0,"max_hp_gain":0,"max_hp_loss":0,"event_name":"The Woman in Blue","floor":8,"gold_loss":0},{"damage_healed":0,"gold_gain":0,"cards_transformed":["Defend_R"],"player_choice":"Change","damage_taken":0,"max_hp_gain":0,"max_hp_loss":0,"event_name":"Living Wall","floor":12,"gold_loss":0,"cards_obtained":["Flame Barrier"]}],"is_beta":false,"boss_relics":[],"items_purged_floors":[],"is_endless":false,"potions_floor_spawned":[6,13],"killed_by":"Slime Boss","ascension_level":4}}