{"host":"63beink0jfv5ch5g","time":1613425299,"event":{"mods":["ATMod(∞¢Ë™Mod)","AchievementEnabler","Act Like it!","Aspiration","BaseMod","CapriCore","Conspire","Gensokyo","GungeonMod","Hallownest","Marisa£®ÏF”Í°°ƒß¿Ì…≥£©","Minty Spire (QoL Compilation)","MostiFishMod","Pale of the Ancients","Quick Restart","Reimu£®≤©¿ˆ¡È√Œ£©","Remilia£®¿Ÿ√◊¿Ú—«£©","Replay The Spire","SOS£®Àπ∞Õ¥Ô÷Æ◊”£©","Shop Mod","StSLib","The Bug Knight","The Servant 0.9.4","Waifu the Spire","Youmu£®ªÍ∆«—˝√Œ£©","ÛÙª÷∏ƒœ"],"gold_per_floor":[115,135,146,146,228,228,19,29,97,426,444,462,462,462,462,567,567,581,101,111,125,125,156,174,200,200,200,233,250,268,281,281,384,384,398,408,420,434,444,444,475,486,486,115,127,127,127,253,253,353,353,353,17,252,352],"floor_reached":56,"language":"ZHS","playtime":5104,"items_purged":["Strike_Lin:ReiMu","Strike_Lin:ReiMu"],"score":1639,"play_id":"991e79b9-e787-4a40-8c05-67514c9d21da","local_time":"20210216054139","is_ascension_mode":true,"campfire_choices":[{"data":"Gathering:ReiMu","floor":6.0,"key":"SMITH"},{"data":"MikOfLucky:ReiMu","floor":15.0,"key":"SMITH"},{"data":"FoulBorder2:ReiMu","floor":27.0,"key":"SMITH"},{"floor":32.0,"key":"DIG"},{"floor":40,"key":"RECALL"},{"data":"FantasyMoon:ReiMu","floor":52,"key":"SMITH"}],"circlet_count":0,"master_deck":["Strike_Lin:ReiMu","Strike_Lin:ReiMu","Defend_Lin:ReiMu","Defend_Lin:ReiMu","Defend_Lin:ReiMu+1","Defend_Lin:ReiMu","NB:ReiMu+1","Stagnation:ReiMu","AT_FamilyPortrait+1","PrepareRite:ReiMu","FoulBorder2:ReiMu+1","MikOfLucky:ReiMu+1","Gathering:ReiMu+1","MountainWay:ReiMu","SafetyPray:ReiMu","UpKicking:ReiMu","Dreaming2:ReiMu","Dreaming:ReiMu+1","OctopathBindingBorder2:ReiMu+1","CardOfSanctity:ReiMu+1","NineCharacters:ReiMu","Determination:ReiMu+1","SubcavityFantasy:ReiMu+1","Amulet:ReiMu","KamiRite:ReiMu+1","RainPray2:ReiMu+1","WonderfulDomain:ReiMu+1","KamiRite:ReiMu+1","YinYangSign:ReiMu+1","DependentForm:ReiMu+1","SpringWay:ReiMu","KamiRite:ReiMu+1","TightArray:ReiMu+1","FantasyBorder:ReiMu+1","YinYang:ReiMu+1","CollectionFlower2:ReiMu","PrayRite:ReiMu+1","OctopathBindingBorder2:ReiMu+1","Panache+1","UniversalSpiritual:ReiMu+1","FantasyMoon:ReiMu+1","Purity","Amulet:ReiMu","Authority:ReiMu+1","SubcavityFantasy:ReiMu+1","SpringWay:ReiMu+1","PrayRite:ReiMu+1","Amulet:ReiMu+1"],"relics":["FlyPower:ReiMu","DaveBox","AT_ATBox","NeowsBlessing","BrkXgEgg","SynthV:TestCard","Strawberry","Blood Vial","CheatingSign:ReiMu","Chameleon Ring","Pen Nib","AT_RedTearstoneRing","DemoMod:Orange","Bottled Flame","AT_ArcaneBoots","War Paint","AT_ImmortalShieldbow","aspiration:ArtOfWarUpgrade","Shuriken","aspiration:SecretTechniqueScroll","AT_TheCollector","BargainBundle","AT_ForceNature","DollysMirror","aspiration:ChemicalBlood"],"acts_visited":["Exordium","Gensokyo:Gensokyo","Gensokyo:Gensokyoer","TheEnding"],"potions_floor_usage":[54,55,55],"damage_taken":[{"damage":3.0,"enemies":"Gensokyo:3_Fairies","floor":1.0,"turns":2.0},{"damage":0.0,"enemies":"Gensokyo:Gryphon","floor":2.0,"turns":1.0},{"damage":0.0,"enemies":"Gensokyo:2_Kodama","floor":3.0,"turns":2.0},{"damage":0.0,"enemies":"Gensokyo:LivingMonolith","floor":8.0,"turns":4.0},{"damage":11.0,"enemies":"Gensokyo:Aya","floor":10.0,"turns":6.0},{"damage":2.0,"enemies":"Gensokyo:2_Rabbits","floor":11.0,"turns":2.0},{"damage":13.0,"enemies":"Gensokyo:Kitsune","floor":12.0,"turns":5.0},{"damage":3.0,"enemies":"Gensokyo:Reimu","floor":16.0,"turns":8.0},{"damage":11.0,"enemies":"Gensokyo:3_Dogs","floor":18.0,"turns":8.0},{"damage":3.0,"enemies":"Gensokyo:Chomper","floor":20.0,"turns":6.0},{"damage":20.0,"enemies":"Gensokyo:Wraith","floor":21.0,"turns":6.0},{"damage":22.0,"enemies":"Gensokyo:Koishi","floor":23.0,"turns":9.0},{"damage":11.0,"enemies":"Gensokyo:Swordslinger","floor":24.0,"turns":7.0},{"damage":10.0,"enemies":"Gensokyo:Tenshi","floor":25.0,"turns":6.0},{"damage":13.0,"enemies":"Gensokyo:Reisen","floor":28.0,"turns":5.0},{"damage":11.0,"enemies":"Gensokyo:Slime_Group","floor":29.0,"turns":3.0},{"damage":2.0,"enemies":"Gensokyo:Monolith_and_Dog","floor":30.0,"turns":2.0},{"damage":4.0,"enemies":"Gensokyo:Swordslinger","floor":31.0,"turns":2.0},{"damage":0.0,"enemies":"Gensokyo:Eternal_Rivals","floor":33.0,"turns":9.0},{"damage":0,"enemies":"Gensokyo:AncientGuardian","floor":35,"turns":5},{"damage":35,"enemies":"Gensokyo:3_Boulders","floor":36,"turns":5},{"damage":0,"enemies":"Gensokyo:SeedOfUnknown","floor":37,"turns":7},{"damage":9,"enemies":"Gensokyo:Dusk_and_Dawn","floor":38,"turns":5},{"damage":10,"enemies":"Gensokyo:3_Boulders","floor":39,"turns":6},{"damage":25,"enemies":"Gensokyo:Doremy","floor":41,"turns":7},{"damage":0,"enemies":"Gensokyo:4_Bats","floor":42,"turns":2},{"damage":23,"enemies":"Gensokyo:Sharpion","floor":45,"turns":4},{"damage":22,"enemies":"Gensokyo:Kasen","floor":48,"turns":6},{"damage":0,"enemies":"Gensokyo:Yuyuko","floor":50,"turns":5},{"damage":65,"enemies":"Shield and Spear","floor":54,"turns":5},{"damage":20,"enemies":"The Heart","floor":55,"turns":9}],"seed_played":"-6768876776801085202","potions_obtained":[{"floor":3.0,"key":"Fire Potion"},{"floor":8.0,"key":"Fire Potion"},{"floor":10.0,"key":"Dexterity Potion"},{"floor":12.0,"key":"Fire Potion"},{"floor":16.0,"key":"Block Potion"},{"floor":21.0,"key":"ColorlessPotion"},{"floor":25.0,"key":"ZuzhouPotion:ReiMu"},{"floor":28.0,"key":"LifebloodPotion"},{"floor":30.0,"key":"Doom Potion"},{"floor":37,"key":"Dexterity Potion"}],"is_trial":false,"path_per_floor":["M","M","M","?","?","R","COS","M","T","E","M","M","?","T","R","B",null,"M","$","M","M","?","E","M","E","T","R","E","M","M","M","R","B",null,"M","M","M","M","M","R","E","M","T","$","M","R","?","E","R","B",null,"R","$","E","B",null],"character_chosen":"REIMU","items_purchased":["Determination:ReiMu+1","Bottled Flame","Panache+1","BargainBundle","UniversalSpiritual:ReiMu+1","PinkPotion:ReiMu","DemoMod:BlankPotion","FantasyMoon:ReiMu","Purity","DollysMirror","SpringWay:ReiMu+1","PrayRite:ReiMu+1"],"campfire_rested":0,"item_purchase_floors":[19,19,44,44,44,44,44,44,44,53,53,53],"current_hp_per_floor":[62,62,62,59,31,31,31,33,33,24,24,13,13,25,25,24,84,73,73,72,54,62,42,33,25,25,25,31,32,32,30,30,32,84,84,49,51,44,36,36,36,38,38,38,17,17,17,84,84,84,84,84,84,84,64],"gold":352,"neow_bonus":"THREE_ENEMY_KILL","is_daily":false,"chose_seed":false,"campfire_upgraded":4,"win_rate":0.0,"timestamp":1613425299,"path_taken":["M","M","?","?","?","R","COS","M","T","E","M","?","?","?","R","BOSS","M","$","?","M","?","E","M","E","T","R","E","?","M","M","R","BOSS","M","?","M","M","M","R","E","M","T","$","M","R","?","E","R","BOSS","R","$","E","BOSS"],"items_purchased_type":["Card","Relic","Card","Relic","Card","Potion","Undefined","Card","Card","Relic","Card","Card"],"build_version":"2020-12-22","purchased_purges":2,"victory":true,"max_hp_per_floor":[65,65,65,72,72,72,72,72,72,72,72,72,72,84,84,84,84,84,84,84,84,84,84,84,84,84,84,84,84,84,84,84,84,84,84,84,84,84,84,84,84,84,84,84,84,84,84,84,84,84,84,84,84,84,84],"card_choices":[{"not_picked":["DoubleButterfly:ReiMu","AlertArray:ReiMu"],"picked":"PrepareRite:ReiMu","floor":1.0},{"not_picked":["Amulet:ReiMu","TakeOff:ReiMu","Conquer:ReiMu","RainPray2:ReiMu"],"picked":"FoulBorder2:ReiMu","floor":2.0},{"not_picked":["ShadowOfCrow2:ReiMu","KamiSacrifice:ReiMu","NineCharacters:ReiMu","CeremonyResonance:ReiMu+1"],"picked":"MikOfLucky:ReiMu","floor":3.0},{"not_picked":["PrepareRite:ReiMu","RainPray2:ReiMu","WonderfulDomain:ReiMu","AirStrike:ReiMu"],"picked":"Gathering:ReiMu","floor":5.0},{"not_picked":["SpringWay:ReiMu","UniversalSpiritual:ReiMu","OrbThrow:ReiMu","RainPray2:ReiMu"],"picked":"MountainWay:ReiMu","floor":5.0},{"not_picked":["KamiSacrifice:ReiMu","Meditation:ReiMu","AirStrike:ReiMu","SubcavityInstant:ReiMu"],"picked":"SafetyPray:ReiMu","floor":8.0},{"not_picked":["FineLineFantasy:ReiMu","TakeOff:ReiMu","AirManeuver:ReiMu","PayForSelf:ReiMu"],"picked":"UpKicking:ReiMu","floor":10.0},{"not_picked":["Intuition:ReiMu","PrepareRite:ReiMu","Gathering:ReiMu","EmergencyTakeOff:ReiMu"],"picked":"Dreaming2:ReiMu","floor":11.0},{"not_picked":["DoubleButterfly:ReiMu","PrepareRite:ReiMu","FantasyBorder:ReiMu","Intuition:ReiMu"],"picked":"Dreaming:ReiMu+1","floor":12.0},{"not_picked":["SubcavityFantasy:ReiMu+1","KyokaiOfKami:ReiMu+1","OctopathSalyBorderN:ReiMu+1","YinYang:ReiMu+1"],"picked":"CardOfSanctity:ReiMu+1","floor":16.0},{"not_picked":["AirStrike:ReiMu","AirManeuver:ReiMu","TightArray:ReiMu","MikOfLucky:ReiMu"],"picked":"NineCharacters:ReiMu","floor":18.0},{"not_picked":["YinYangSange:ReiMu","Conquer:ReiMu","CareerPray:ReiMu+1","KamiSacrifice:ReiMu"],"picked":"SubcavityFantasy:ReiMu+1","floor":20.0},{"not_picked":["Enchanting:ReiMu","AlertArray:ReiMu","TakeOff:ReiMu","Mountainwind:ReiMu"],"picked":"Amulet:ReiMu","floor":21.0},{"not_picked":["PrayRite:ReiMu+1","SpreadBorder2:ReiMu","FantasyBorder:ReiMu","CareerPray:ReiMu"],"picked":"KamiRite:ReiMu+1","floor":23.0},{"not_picked":["Enchanting:ReiMu","OrbThrow:ReiMu","AirStrike:ReiMu","CareerPray:ReiMu"],"picked":"RainPray2:ReiMu+1","floor":24.0},{"not_picked":["Dreaming2:ReiMu","Mountainwind:ReiMu","CareerPray:ReiMu","Conquer:ReiMu"],"picked":"WonderfulDomain:ReiMu+1","floor":25.0},{"not_picked":["BarrageOfMoneybags:ReiMu","NineCharacters:ReiMu+1","Amulet:ReiMu+1","Meditation:ReiMu"],"picked":"KamiRite:ReiMu+1","floor":28.0},{"not_picked":["Meditation:ReiMu+1","SpiritualOutbreak2:ReiMu","PassingAway:ReiMu","AirStrike:ReiMu"],"picked":"YinYangSign:ReiMu+1","floor":29.0},{"not_picked":["WonderfulDomain:ReiMu","EmergencyTakeOff:ReiMu","AlertArray:ReiMu","OrbThrow:ReiMu"],"picked":"DependentForm:ReiMu+1","floor":30.0},{"not_picked":["ForcedLanding:ReiMu","AlertArray:ReiMu","AirManeuver:ReiMu","Crusade:ReiMu"],"picked":"SpringWay:ReiMu","floor":31.0},{"not_picked":["CleanRite:ReiMu+1","CeremonyResonance:ReiMu+1","Shading:ReiMu+1","RunawayExorcism:ReiMu+1"],"picked":"KamiRite:ReiMu+1","floor":33.0},{"not_picked":["SpreadBorder2:ReiMu+1","Meditation:ReiMu+1","PassingAway:ReiMu+1","SpringWay:ReiMu"],"picked":"TightArray:ReiMu+1","floor":35},{"not_picked":["WonderfulDomain:ReiMu+1","InherentArray:ReiMu+1","Conquer:ReiMu","AlertArray:ReiMu+1"],"picked":"FantasyBorder:ReiMu+1","floor":36},{"not_picked":["Meditation:ReiMu","PrepareRite:ReiMu+1","EmergencyTakeOff:ReiMu","Conquer:ReiMu+1"],"picked":"YinYang:ReiMu+1","floor":37},{"not_picked":["Meditation:ReiMu+1","NineCharacters:ReiMu","AlertArray:ReiMu+1","MikOfLucky:ReiMu"],"picked":"CollectionFlower2:ReiMu","floor":38},{"not_picked":["SubcavityInstant:ReiMu+1","Intuition:ReiMu+1","AlertArray:ReiMu","TakeOff:ReiMu"],"picked":"InherentArray:ReiMu+1","floor":39},{"not_picked":["EmergencyTakeOff:ReiMu+1","TakeOff:ReiMu+1","MountainWay:ReiMu+1","UpKicking:ReiMu"],"picked":"PrayRite:ReiMu+1","floor":41},{"not_picked":["SubcavityInstant:ReiMu+1","Enchanting:ReiMu","OrbThrow:ReiMu+1","PayForSelf:ReiMu"],"picked":"OctopathBindingBorder2:ReiMu+1","floor":42},{"not_picked":["SubcavityInstant:ReiMu","RainPray2:ReiMu","CareerPray:ReiMu","WonderfulDomain:ReiMu+1"],"picked":"Amulet:ReiMu","floor":45},{"not_picked":["FoulBorder2:ReiMu","TightArray:ReiMu+1","Intuition:ReiMu+1","PrepareRite:ReiMu+1"],"picked":"Authority:ReiMu+1","floor":48},{"not_picked":["SpringWay:ReiMu+1","OrbThrow:ReiMu+1","Conquer:ReiMu+1","RunawayExorcism:ReiMu+1"],"picked":"Amulet:ReiMu+1","floor":54}],"player_experience":167847,"relics_obtained":[{"floor":1.0,"key":"SynthV:TestCard"},{"floor":5.0,"key":"Blood Vial"},{"floor":9.0,"key":"Chameleon Ring"},{"floor":10.0,"key":"Pen Nib"},{"floor":14.0,"key":"DemoMod:Orange"},{"floor":23.0,"key":"AT_SpeedBoots"},{"floor":25.0,"key":"War Paint"},{"floor":26.0,"key":"AT_ImmortalShieldbow"},{"floor":28.0,"key":"Art of War"},{"floor":32.0,"key":"Shuriken"},{"floor":41,"key":"AT_TheCollector"},{"floor":48,"key":"AT_ForceNature"},{"floor":54,"key":"aspiration:ChemicalBlood"}],"event_choices":[],"is_beta":false,"boss_relics":[{"not_picked":["xbg","HereWithMe","Replay:Wanted Poster"]},{"not_picked":["Painkiller Herb","SlaversCollar"],"picked":"aspiration:SecretTechniqueScroll"}],"items_purged_floors":[19,44],"is_endless":false,"potions_floor_spawned":[3,8,10,12,16,21,25,28,30,37,39,42,48],"ascension_level":4}}