{"host":"f5gffvlv6a66yqkd","time":1613373336,"event":{"mods":["2.2 Compatiblity","BaseMod","Colored Map","Custom Start","DeckTracker","Keyboard Shortcuts","Minty Spire (QoL Compilation)","Permanent Neow","Quick Restart","Relic Stats","StSLib","SuperFastMode"],"gold_per_floor":[110,110,126,201,201,201,242,91,91,106,122,122,140,159,159,290,290,308,332,133,166,166,187,167,192,216,232,107,206,220,245,245,245,245],"floor_reached":33,"language":"KOR","playtime":802,"items_purged":["Strike_P","Strike_P","Strike_P"],"score":354,"play_id":"7eba027e-e135-4f7b-b210-a01d52bfbaa2","local_time":"20210215161536","is_ascension_mode":true,"campfire_choices":[{"data":"Eruption","floor":6.0,"key":"SMITH"},{"data":"TalkToTheHand","floor":12.0,"key":"SMITH"},{"data":"ForeignInfluence","floor":15.0,"key":"SMITH"},{"floor":32,"key":"REST"}],"circlet_count":0,"master_deck":["Strike_P","Defend_P","Defend_P","Defend_P","Defend_P","Eruption+1","Vigilance","Dramatic Entrance","TalkToTheHand+1","CutThroughFate","FlurryOfBlows","PathToVictory","FearNoEvil","ForeignInfluence+1","Tantrum+1","PathToVictory+1"],"relics":["PureWater","Shovel","Golden Idol","Potion Belt","Bag of Marbles"],"acts_visited":["Exordium","TheCity"],"potions_floor_usage":[31,33,33,33,33,33],"damage_taken":[{"damage":0.0,"enemies":"Small Slimes","floor":1.0,"turns":1.0},{"damage":0.0,"enemies":"2 Louse","floor":3.0,"turns":1.0},{"damage":5.0,"enemies":"Lagavulin","floor":7.0,"turns":5.0},{"damage":4.0,"enemies":"Jaw Worm","floor":10.0,"turns":3.0},{"damage":1.0,"enemies":"Lots of Slimes","floor":11.0,"turns":2.0},{"damage":5.0,"enemies":"3 Louse","floor":13.0,"turns":2.0},{"damage":0.0,"enemies":"2 Fungi Beasts","floor":14.0,"turns":2.0},{"damage":19.0,"enemies":"The Guardian","floor":16.0,"turns":11.0},{"damage":3.0,"enemies":"Spheric Guardian","floor":18.0,"turns":3.0},{"damage":2.0,"enemies":"3 Byrds","floor":19.0,"turns":2.0},{"damage":15.0,"enemies":"Centurion and Healer","floor":21.0,"turns":3.0},{"damage":5.0,"enemies":"Shelled Parasite and Fungi","floor":23.0,"turns":2.0},{"damage":12.0,"enemies":"Cultist and Chosen","floor":25.0,"turns":3.0},{"damage":0.0,"enemies":"3 Cultists","floor":27.0,"turns":2.0},{"damage":0.0,"enemies":"Centurion and Healer","floor":30.0,"turns":3.0},{"damage":0,"enemies":"Snecko","floor":31,"turns":3},{"damage":56,"enemies":"Automaton","floor":33,"turns":6}],"seed_played":"-3298267983213080040","potions_obtained":[{"floor":1.0,"key":"SneckoOil"},{"floor":7.0,"key":"Explosive Potion"},{"floor":14.0,"key":"SteroidPotion"},{"floor":16.0,"key":"Regen Potion"},{"floor":24.0,"key":"Explosive Potion"},{"floor":27.0,"key":"SpeedPotion"},{"floor":31,"key":"AttackPotion"}],"is_trial":false,"path_per_floor":["M","?","M","?","?","R","E","$","T","M","M","R","M","M","R","B",null,"M","M","$","M","?","M","?","M","T","M","$","?","M","M","R","B"],"character_chosen":"WATCHER","items_purchased":["FlurryOfBlows","PathToVictory","BottledMiracle","Swift Potion"],"campfire_rested":1,"item_purchase_floors":[8,8,20,20],"current_hp_per_floor":[65,47,47,36,36,36,31,31,31,27,26,26,21,21,21,2,51,48,46,46,31,31,26,26,14,14,14,14,14,14,14,34,0,0],"gold":245,"neow_bonus":"RANDOM_COLORLESS","is_daily":false,"chose_seed":false,"campfire_upgraded":3,"win_rate":0.0,"timestamp":1613373336,"path_taken":["M","?","M","?","?","R","E","?","T","M","M","R","M","M","R","BOSS","M","M","?","M","?","M","?","?","T","M","$","?","M","M","R","BOSS"],"items_purchased_type":["Card","Card","Potion","Potion"],"build_version":"2020-12-22","purchased_purges":3,"victory":false,"max_hp_per_floor":[72,72,72,72,67,67,67,67,67,67,67,67,67,67,67,67,67,67,67,67,67,67,67,67,67,67,67,67,67,67,67,67,67,67],"relic_stats":{"Shovel":0,"counters":[17,54],"Golden Idol":80,"obtain_stats":[{"Potion Belt":7,"Shovel":2,"Golden Idol":5,"Bag of Marbles":26,"PureWater":0},{"Potion Belt":3,"Shovel":1,"Golden Idol":2,"Bag of Marbles":13,"PureWater":0},{"Potion Belt":7,"Shovel":1,"Golden Idol":2,"Bag of Marbles":40,"PureWater":0}]},"card_choices":[{"not_picked":["Impatience","Jack Of All Trades"],"picked":"Dramatic Entrance","floor":0.0},{"not_picked":["Consecrate","EmptyFist"],"picked":"TalkToTheHand","floor":1.0},{"not_picked":["CrushJoints","BattleHymn"],"picked":"CutThroughFate","floor":3.0},{"not_picked":["SashWhip","Halt","FollowUp"],"picked":"SKIP","floor":7.0},{"not_picked":["Nirvana","Prostrate"],"picked":"FearNoEvil","floor":10.0},{"not_picked":["Weave","FearNoEvil","Prostrate"],"picked":"SKIP","floor":11.0},{"not_picked":["Wish","Prostrate"],"picked":"ForeignInfluence","floor":13.0},{"not_picked":["Wireheading","ForeignInfluence","Protect"],"picked":"SKIP","floor":14.0},{"not_picked":["Study","FearNoEvil"],"picked":"Tantrum+1","floor":18.0},{"not_picked":["Halt","Pray","Protect+1"],"picked":"SKIP","floor":19.0},{"not_picked":["Halt","Pray","Protect+1"],"picked":"SKIP","floor":19.0},{"not_picked":["Halt","SashWhip"],"picked":"PathToVictory+1","floor":21.0},{"not_picked":["Consecrate","BowlingBash","Judgement"],"picked":"SKIP","floor":23.0},{"not_picked":["Prostrate+1","BattleHymn","CarveReality"],"picked":"SKIP","floor":25.0},{"not_picked":["FollowUp","FlurryOfBlows+1","ForeignInfluence"],"picked":"SKIP","floor":27.0},{"not_picked":["Tantrum","WindmillStrike","CrushJoints"],"picked":"SKIP","floor":30.0},{"not_picked":["SashWhip","JustLucky","Consecrate+1"],"picked":"SKIP","floor":31}],"player_experience":1474026,"relics_obtained":[{"floor":7.0,"key":"Potion Belt"},{"floor":26.0,"key":"Bag of Marbles"}],"event_choices":[{"damage_healed":0.0,"max_hp_gain":0.0,"max_hp_loss":0.0,"gold_gain":0.0,"event_name":"Scrap Ooze","player_choice":"Success","floor":2.0,"gold_loss":0.0,"damage_taken":18.0,"relics_obtained":["Shovel"]},{"damage_healed":0.0,"max_hp_gain":0.0,"max_hp_loss":0.0,"gold_gain":75.0,"event_name":"World of Goop","player_choice":"Gather Gold","floor":4.0,"gold_loss":0.0,"damage_taken":11.0},{"damage_healed":0.0,"max_hp_gain":0.0,"max_hp_loss":5.0,"gold_gain":0.0,"event_name":"Golden Idol","player_choice":"Lose Max HP","floor":5.0,"gold_loss":0.0,"damage_taken":0.0,"relics_obtained":["Golden Idol"]},{"damage_healed":0.0,"max_hp_gain":0.0,"max_hp_loss":0.0,"gold_gain":0.0,"event_name":"The Mausoleum","player_choice":"Ignored","floor":22.0,"gold_loss":0.0,"damage_taken":0.0},{"damage_healed":0.0,"max_hp_gain":0.0,"max_hp_loss":0.0,"gold_gain":0.0,"event_name":"The Woman in Blue","player_choice":"Bought 1 Potion","floor":24.0,"gold_loss":0.0,"damage_taken":0.0},{"damage_healed":0.0,"max_hp_gain":0.0,"max_hp_loss":0.0,"gold_gain":99.0,"event_name":"Nest","player_choice":"Stole From Cult","floor":29.0,"gold_loss":0.0,"damage_taken":0.0}],"is_beta":false,"boss_relics":[{"not_picked":["Sozu","Ectoplasm","Runic Dome"]}],"items_purged_floors":[8,20,28],"is_endless":false,"potions_floor_spawned":[1,7,14,16,21,27,30,31],"killed_by":"Automaton","ascension_level":8}}