{"host":"na09lpbrez4gbfiz","time":1613417823,"event":{"mods":["Act Like it!","BaseMod","BetterRewards","Colored Map","Colored Powertips","DeckTracker","Googly Eyes","Highlight Path","Minty Spire (QoL Compilation)","Quick Restart","Spicy Shops","StSLib","SuperFastMode","Synergy Search"],"gold_per_floor":[115,135,146,156,331,363,363,363,363,363,363],"floor_reached":10,"language":"ENG","playtime":177,"items_purged":[],"score":116,"play_id":"7031f410-c816-4a60-92be-f0d9788f8f42","local_time":"20210215203703","is_ascension_mode":true,"campfire_choices":[{"data":"Fire Breathing","floor":7.0,"key":"SMITH"}],"circlet_count":0,"master_deck":["AscendersBane","Strike_R","Strike_R","Strike_R","Strike_R","Strike_R","Defend_R","Defend_R","Defend_R","Defend_R","Bash","Fire Breathing+1","True Grit","Inflame","Evolve","Doubt"],"relics":["Burning Blood","NeowsBlessing","InkBottle","Turnip","Girya"],"acts_visited":["Exordium"],"potions_floor_usage":[10],"damage_taken":[{"damage":0.0,"enemies":"Cultist","floor":1.0,"turns":1.0},{"damage":0.0,"enemies":"2 Louse","floor":2.0,"turns":1.0},{"damage":0.0,"enemies":"Jaw Worm","floor":3.0,"turns":1.0},{"damage":23.0,"enemies":"Large Slime","floor":4.0,"turns":7.0},{"damage":28.0,"enemies":"3 Sentries","floor":6.0,"turns":5.0},{"damage":62,"enemies":"Gremlin Nob","floor":10,"turns":5}],"seed_played":"2579910981744991826","potions_obtained":[{"floor":1.0,"key":"BloodPotion"}],"is_trial":false,"path_per_floor":["M","M","M","M","?","E","R","?","T","E"],"character_chosen":"IRONCLAD","items_purchased":[],"campfire_rested":0,"item_purchase_floors":[],"current_hp_per_floor":[74,75,75,58,58,36,36,36,36,0,0],"gold":363,"neow_bonus":"THREE_ENEMY_KILL","is_daily":false,"chose_seed":false,"campfire_upgraded":1,"win_rate":0.0,"timestamp":1613417823,"path_taken":["M","?","?","M","?","E","R","?","T","E"],"items_purchased_type":[],"build_version":"2020-12-22","purchased_purges":0,"victory":false,"max_hp_per_floor":[75,75,75,75,75,75,75,75,75,75,75],"card_choices":[{"not_picked":["Sword Boomerang","Warcry"],"picked":"Fire Breathing","floor":1.0},{"not_picked":["Infernal Blade","Dropkick"],"picked":"True Grit","floor":2.0},{"not_picked":["Bloodletting","Whirlwind"],"picked":"Inflame","floor":3.0},{"not_picked":["Sword Boomerang","Flex"],"picked":"Evolve","floor":4.0},{"not_picked":["Body Slam","Corruption","Flex"],"picked":"SKIP","floor":6.0}],"player_experience":219205,"relics_obtained":[{"floor":6.0,"key":"InkBottle"},{"floor":9,"key":"Girya"}],"event_choices":[{"damage_healed":0.0,"max_hp_gain":0.0,"max_hp_loss":0.0,"gold_gain":175.0,"event_name":"Liars Game","player_choice":"AGREE","floor":5.0,"gold_loss":0.0,"damage_taken":0.0,"cards_obtained":["Doubt"]},{"damage_healed":0,"gold_gain":0,"player_choice":"Searched \u00272\u0027 times","damage_taken":0,"relics_obtained":["Turnip"],"max_hp_gain":0,"max_hp_loss":0,"event_name":"Dead Adventurer","floor":8,"gold_loss":0}],"is_beta":false,"boss_relics":[],"items_purged_floors":[],"is_endless":false,"potions_floor_spawned":[1],"killed_by":"Gremlin Nob","ascension_level":14}}