{"host":"4b06nrmhsmzqjm1r","time":1613421270,"event":{"mods":["2.2 Compatiblity","AchievementEnabler","BaseMod","BetterRewards","Colored Map","Colored Powertips","Downfall","Hermit","Highlight Path","Minty Spire (QoL Compilation)","StSLib","The Cursed"],"gold_per_floor":[99,116,116,128,128,128,152,164,1,20,20,5,5,20,38,140,140,40,50,68,68,81,66,66,166,176,206,216,216,116,150,167,167,167,167],"floor_reached":33,"language":"ENG","playtime":4837,"items_purged":["Pain"],"score":279,"play_id":"ee35110e-8b3d-4b45-8c45-a55b2a44327b","local_time":"20210215213430","is_ascension_mode":false,"campfire_choices":[{"floor":1.0,"key":"RECALL"},{"data":"Apotheosis","floor":13.0,"key":"SMITH"},{"data":"champ:TripleStrike","floor":18.0,"key":"SMITH"},{"floor":30.0,"key":"REST"}],"circlet_count":0,"master_deck":["champ:Strike+1","champ:Defend","champ:Defend","champ:Defend+1","champ:Defend","champ:Execute","champ:Taunt+1","Apotheosis+1","champ:ShieldWall+1","champ:RisingSlash","champ:FocusedDefense","champ:SetATrap","champ:ShieldSigil","champ:GladiatorStyle+1","champ:TornadoPunch","champ:PreciseThrust","champ:ArenaPreparation+1","champ:EnGarde+1","champ:TripleStrike+1","champ:BerserkersShout+1","champ:Parry+1","champ:FalseCounter+1","champ:PreciseThrust","J.A.X.+1","champ:StanceDance+1","champ:IgnorePain+1","champ:EnragedBash","champ:DefensiveShout+1","champ:SkillfulDodge+1","champ:FlashCut","champ:CrookedStrike+1","champ:FocusedDefense+1"],"relics":["champ:ChampionCrownUpgraded","Frozen Egg 2","Smiling Mask","Toxic Egg 2","downfall:HeartBlessingRed","MutagenicStrength","Orichalcum","downfall:HeartBlessingBlue","Bottled Tornado"],"acts_visited":["Exordium","TheCity"],"potions_floor_usage":[33],"damage_taken":[{"damage":18.0,"enemies":"Jaw Worm","floor":2.0,"turns":4.0},{"damage":4.0,"enemies":"2 Louse","floor":4.0,"turns":2.0},{"damage":12.0,"enemies":"Cultist","floor":8.0,"turns":3.0},{"damage":27.0,"enemies":"downfall:FleeingMerchant","floor":9.0,"turns":4.0},{"damage":7.0,"enemies":"Exordium Wildlife","floor":10.0,"turns":4.0},{"damage":25.0,"enemies":"downfall:FleeingMerchant","floor":12.0,"turns":4.0},{"damage":12.0,"enemies":"Exordium Thugs","floor":14.0,"turns":5.0},{"damage":16.0,"enemies":"Red Slaver","floor":15.0,"turns":1.0},{"damage":8.0,"enemies":"WA_ARCHETYPE_RETAIN","floor":16.0,"turns":5.0},{"damage":27.0,"enemies":"downfall:LooterAlt2","floor":19.0,"turns":2.0},{"damage":50.0,"enemies":"3 Byrds","floor":20.0,"turns":3.0},{"damage":62.0,"enemies":"Snecko","floor":22.0,"turns":4.0},{"damage":65.0,"enemies":"downfall:FleeingMerchant","floor":23.0,"turns":4.0},{"damage":73.0,"enemies":"downfall:Augmenter","floor":25.0,"turns":6.0},{"damage":27.0,"enemies":"Centurion and Healer","floor":26.0,"turns":5.0},{"damage":17.0,"enemies":"Book of Stabbing","floor":27.0,"turns":5.0},{"damage":20.0,"enemies":"Chosen and Byrds","floor":28.0,"turns":5.0},{"damage":95.0,"enemies":"Gremlin Leader","floor":31.0,"turns":7.0},{"damage":20.0,"enemies":"Snecko","floor":32.0,"turns":3.0},{"damage":28,"enemies":"IC_MUSHROOM_ARCHETYPE","floor":33,"turns":3}],"seed_played":"-3129273143787315368","potions_obtained":[{"floor":2.0,"key":"AttackPotion"},{"floor":4.0,"key":"champ:OpenerPotion"},{"floor":8.0,"key":"GamblersBrew"},{"floor":22.0,"key":"Weak Potion"},{"floor":26.0,"key":"Guardian:BlockOnCardUsePotion"},{"floor":28.0,"key":"Slimebound:ThreeZeroPotion"},{"floor":32.0,"key":"SpeedPotion"}],"is_trial":false,"path_per_floor":["R","M","?","M","?","?","T","M","$","M","T","$","R","M","M","B",null,"R","M","M","?","M","$","T","?","M","E","M","?","R","E","M","B"],"character_chosen":"THE_CHAMP","items_purchased":["champ:ShieldSigil","champ:GladiatorStyle+1"],"campfire_rested":1,"item_purchase_floors":[9,9],"current_hp_per_floor":[90,82,82,78,78,78,78,76,69,62,62,47,47,45,39,31,90,90,83,83,83,76,71,71,28,28,21,21,21,61,26,26,0,0,0],"gold":167,"neow_bonus":"RANDOM_COLORLESS_2","is_daily":false,"chose_seed":false,"campfire_upgraded":2,"win_rate":0.0,"timestamp":1613421270,"path_taken":["R","M","?","M","?","?","T","?","$","M","?","?","R","M","M","BOSS","R","M","M","?","?","$","T","?","M","E","M","?","R","E","M","BOSS"],"items_purchased_type":["Card","Card"],"build_version":"2020-12-22","purchased_purges":1,"victory":false,"max_hp_per_floor":[90,90,90,90,90,90,90,90,90,90,90,90,90,90,90,90,90,90,90,90,90,90,90,90,90,90,90,90,90,100,100,100,100,100,100],"card_choices":[{"not_picked":["Magnetism","Transmutation"],"picked":"Apotheosis","floor":0.0},{"not_picked":["champ:GutPunch","champ:Backstep"],"picked":"champ:ShieldWall","floor":2.0},{"not_picked":["champ:RecklessLeap","champ:FlashCut"],"picked":"champ:RisingSlash","floor":4.0},{"not_picked":["champ:CrownThrow","champ:Encircle"],"picked":"champ:FocusedDefense","floor":8.0},{"not_picked":["champ:HeartStrike","champ:EnragedBash"],"picked":"champ:SetATrap","floor":9.0},{"not_picked":["champ:FlashCut","champ:PreciseThrust"],"picked":"champ:TornadoPunch","floor":10.0},{"not_picked":["champ:Haymaker","champ:BladeFlurry"],"picked":"champ:PreciseThrust","floor":12.0},{"not_picked":["champ:Duel","champ:FanOfKnives"],"picked":"champ:ArenaPreparation+1","floor":14.0},{"not_picked":["champ:BladeFlurry","champ:ShieldSigil+1"],"picked":"champ:EnGarde+1","floor":15.0},{"not_picked":["champ:StrikeOfGenius+1","champ:MurderStrike"],"picked":"champ:TripleStrike","floor":16.0},{"not_picked":["champ:GutPunch","champ:BladeFlurry"],"picked":"champ:BerserkersShout+1","floor":19.0},{"not_picked":["champ:FlashCut","champ:EnGarde+1"],"picked":"champ:Parry+1","floor":20.0},{"not_picked":["champ:ShieldSigil+1","champ:FlashCut"],"picked":"champ:FalseCounter+1","floor":22.0},{"not_picked":["champ:TornadoPunch","champ:FalseCounter+1"],"picked":"champ:PreciseThrust","floor":23.0},{"not_picked":[],"picked":"J.A.X.","floor":25.0},{"not_picked":["champ:TornadoPunch","champ:AdrenalArmor+1"],"picked":"champ:StanceDance+1","floor":25.0},{"not_picked":["champ:IronFortress+1","champ:AdrenalArmor+1"],"picked":"champ:DefensiveShout+1","floor":26.0},{"not_picked":["champ:Shatter","champ:PerfectedStrike"],"picked":"champ:SkillfulDodge+1","floor":27.0},{"not_picked":["champ:CrownThrow","champ:PreciseThrust"],"picked":"champ:FlashCut","floor":28.0},{"not_picked":["champ:Encircle","champ:ShieldThrow"],"picked":"champ:CrookedStrike+1","floor":31.0},{"not_picked":["champ:Shatter","champ:GutPunch"],"picked":"champ:FocusedDefense+1","floor":32.0}],"player_experience":274749,"relics_obtained":[{"floor":7.0,"key":"Smiling Mask"},{"floor":11.0,"key":"Toxic Egg 2"},{"floor":25.0,"key":"MutagenicStrength"},{"floor":27.0,"key":"Orichalcum"},{"floor":31.0,"key":"Bottled Tornado"}],"event_choices":[{"damage_healed":0.0,"max_hp_gain":0.0,"max_hp_loss":0.0,"gold_gain":0.0,"event_name":"Big Fish","player_choice":"Box","floor":5.0,"gold_loss":0.0,"damage_taken":0.0,"relics_obtained":["Frozen Egg 2"],"cards_obtained":["Regret"]},{"cards_removed":["champ:Strike"],"damage_healed":0.0,"max_hp_gain":0.0,"max_hp_loss":0.0,"gold_gain":0.0,"event_name":"Bonfire Elementals","player_choice":"Offered Basic","floor":21.0,"gold_loss":0.0,"damage_taken":0.0},{"damage_healed":0.0,"max_hp_gain":0.0,"max_hp_loss":0.0,"gold_gain":0.0,"event_name":"Accursed Blacksmith","player_choice":"Forge","floor":29.0,"gold_loss":0.0,"damage_taken":0.0,"cards_upgraded":["champ:Taunt"]}],"is_beta":false,"boss_relics":[{"not_picked":["SacredBark","Pandora\u0027s Box"],"picked":"champ:ChampionCrownUpgraded"}],"items_purged_floors":[9],"is_endless":false,"potions_floor_spawned":[2,4,8,22,26,28,32],"killed_by":"IC_MUSHROOM_ARCHETYPE","ascension_level":0}}