{"host":"121m0oxswv9tg9hk","time":1613407694,"event":{"mods":["AchievementEnabler","BaseMod","Better Third Choice","Hubris","Minty Spire (QoL Compilation)","Replay The Spire","StSLib","The Hierophant","The Mystic"],"gold_per_floor":[111,20,20,40,52,52,52,83,83,8,8,24,24,24,24,126,126,109,109,289,289,289],"floor_reached":21,"language":"ENG","playtime":1476,"items_purged":["mysticmod:Strike_Mystic"],"score":228,"play_id":"f2345a2c-938c-4c85-8886-0ba72bc9c7cf","local_time":"20210215174814","is_ascension_mode":true,"campfire_choices":[{"data":"mysticmod:LightningBolt","floor":7,"key":"SMITH"},{"data":"mysticmod:ComboCaster","floor":11,"key":"SMITH"},{"floor":13,"key":"REST"},{"data":"mysticmod:Strike_Mystic","floor":15,"key":"PURGE"}],"circlet_count":0,"master_deck":["mysticmod:Strike_Mystic","mysticmod:Defend_Mystic","mysticmod:Defend_Mystic","mysticmod:Defend_Mystic","mysticmod:Defend_Mystic","mysticmod:ArcaneDodge","mysticmod:ShockingGrasp","mysticmod:HeavyStrike","mysticmod:LightningBolt+1","mysticmod:HeavyStrike","mysticmod:FiveFootStep","mysticmod:ComboCaster+1","mysticmod:HeavyStrike","mysticmod:SpellCombat","mysticmod:KnowledgePool","mysticmod:BulkUp","Shame","Deep Breath","PanicButton","PanicButton"],"relics":["mysticmod:SpellBook","NeowsBlessing","Pear","hubris:TenFootPole","hubris:Towel","hubris:RunicObelisk","Incense Burner"],"acts_visited":["Exordium","TheCity"],"potions_floor_usage":[8,12],"damage_taken":[{"damage":0,"enemies":"Cultist","floor":1,"turns":1},{"damage":0,"enemies":"Small Slimes","floor":4,"turns":1},{"damage":0,"enemies":"2 Louse","floor":5,"turns":2},{"damage":24,"enemies":"Lagavulin","floor":8,"turns":8},{"damage":12,"enemies":"Looter","floor":12,"turns":4},{"damage":65,"enemies":"The Guardian","floor":16,"turns":12},{"damage":20,"enemies":"2 Thieves","floor":18,"turns":4},{"damage":29,"enemies":"Spheric Guardian","floor":21,"turns":5}],"seed_played":"6086060477074451760","potions_obtained":[{"floor":1,"key":"Weak Potion"},{"floor":5,"key":"LiquidBronze"},{"floor":8,"key":"SneckoOil"},{"floor":18,"key":"EntropicBrew"}],"is_trial":false,"path_per_floor":["M","$","?","M","M","?","R","E","T","$","R","M","R","?","R","B",null,"M","?","?","M"],"character_chosen":"MYSTIC_CLASS","items_purchased":["mysticmod:LightningBolt","mysticmod:HeavyStrike"],"campfire_rested":1,"item_purchase_floors":[2,2],"current_hp_per_floor":[69,69,69,69,69,69,69,55,55,55,55,43,69,69,69,4,66,46,46,27,0,0],"gold":289,"neow_bonus":"THREE_ENEMY_KILL","is_daily":false,"chose_seed":false,"campfire_upgraded":2,"win_rate":0.0,"timestamp":1613407694,"path_taken":["M","$","?","?","?","?","R","E","T","$","R","M","R","?","R","BOSS","M","?","?","M"],"items_purchased_type":["Card","Card"],"build_version":"2020-12-22","purchased_purges":1,"victory":false,"max_hp_per_floor":[77,77,77,77,77,77,77,87,87,87,87,87,87,87,87,87,87,87,87,87,87,87],"card_choices":[{"not_picked":["mysticmod:EbbAndFlow","mysticmod:Flourish"],"picked":"mysticmod:HeavyStrike","floor":1},{"not_picked":["mysticmod:HunkerDown","mysticmod:VorpalThrust","mysticmod:CorrosiveTouch"],"picked":"SKIP","floor":4},{"not_picked":["mysticmod:Fly","mysticmod:CureLightWounds"],"picked":"mysticmod:ComboCaster","floor":5},{"not_picked":["mysticmod:SpellCombat","mysticmod:SpellRecall"],"picked":"mysticmod:HeavyStrike","floor":8},{"not_picked":["mysticmod:PureInstinct","mysticmod:CorrosiveTouch"],"picked":"mysticmod:SpellCombat","floor":12},{"not_picked":["mysticmod:EnchantedMoulinet","mysticmod:SpontaneousCaster"],"picked":"mysticmod:KnowledgePool","floor":16},{"not_picked":["mysticmod:Sideswipe","mysticmod:PowerAttack"],"picked":"mysticmod:BulkUp","floor":18}],"player_experience":2374887,"relics_obtained":[{"floor":8,"key":"Pear"},{"floor":9,"key":"hubris:TenFootPole"}],"event_choices":[{"damage_healed":0,"gold_gain":0,"cards_transformed":["mysticmod:Strike_Mystic"],"player_choice":"Transformed","damage_taken":0,"max_hp_gain":0,"max_hp_loss":0,"event_name":"Transmorgrifier","floor":3,"gold_loss":0,"cards_obtained":["mysticmod:FiveFootStep"]},{"damage_healed":69,"gold_gain":0,"player_choice":"Leave","damage_taken":0,"max_hp_gain":0,"max_hp_loss":77,"event_name":"betterThird:BetterShining","floor":6,"gold_loss":0},{"damage_healed":0,"gold_gain":0,"player_choice":"Stole Relic","damage_taken":0,"relics_obtained":["Incense Burner"],"max_hp_gain":0,"max_hp_loss":0,"event_name":"Addict","floor":19,"gold_loss":0,"cards_obtained":["Shame"]},{"damage_healed":0,"gold_gain":180,"player_choice":"CARD CARD CARD GOLD GOLD ","damage_taken":40,"max_hp_gain":0,"max_hp_loss":0,"event_name":"Knowing Skull","floor":20,"potions_obtained":[],"gold_loss":0,"cards_obtained":["Deep Breath","PanicButton","PanicButton"]},{"damage_healed":0,"gold_gain":180,"player_choice":"CARD CARD CARD GOLD GOLD ","damage_taken":40,"max_hp_gain":0,"max_hp_loss":0,"event_name":"Knowing Skull","floor":20,"potions_obtained":[],"gold_loss":0,"cards_obtained":["Deep Breath","PanicButton","PanicButton"]}],"is_beta":false,"boss_relics":[{"not_picked":["Astrolabe","Sozu"],"picked":"hubris:RunicObelisk"}],"items_purged_floors":[10],"is_endless":false,"potions_floor_spawned":[1,5,8,18],"killed_by":"Spheric Guardian","ascension_level":6}}