{"host":"blnmo1e2jbqugfxh","time":1613362324,"event":{"mods":["2.2 Compatiblity","Astrologer","Bard","BaseMod","Beaked The Cultist","Colored Powertips","Conspire","Downfall","Friendly Minions","Googly Eyes","Hermit","Highlight Path","Hubris","Infinite Spire","Lobotomy","Marisa????????","Mimic Mod","Minty Spire (QoL Compilation)","MostiFishMod","Prisma Mod","Quick Restart","Rare Cards Sparkle","Replay The Spire","Shop Mod","StSLib","The Construct","The Cursed","The Disciple","The Exalted","The Hierophant","The Mystic","The Servant 0.9.4"],"gold_per_floor":[183,18,28,41,52,52,85,85,95,106,124,153,153,183,194,298,298,298,309,325,337,376,408,442,456,100,111,111,111,131,167,186,285,285,285,296,1,51,67,77,101,101,149,9,25,25,25,35,49,49],"floor_reached":51,"language":"ENG","playtime":5388,"items_purged":["champ:Strike","champ:Strike","champ:Strike"],"score":685,"play_id":"785b448e-fdc2-46bd-b299-cbbbd7191942","local_time":"20210214231204","is_ascension_mode":false,"campfire_choices":[{"data":"champ:Taunt","floor":8.0,"key":"SMITH"},{"data":"Whirlwind","floor":18.0,"key":"SMITH"},{"data":"MostiFishMod:JungleRules","floor":35.0,"key":"SMITH"},{"data":"Double Tap","floor":42.0,"key":"SMITH"},{"floor":47.0,"key":"RECALL"}],"circlet_count":0,"master_deck":["champ:Strike","champ:Defend","champ:Defend","champ:Defend","champ:Defend","champ:Execute","champ:Taunt+1","champ:StanceDance","champ:CalledShot","champ:TornadoPunch","champ:CrownThrow","champ:BringItOn","champ:PreciseThrust","champ:ShieldWall","champ:PerfectedStrike","champ:Lariat","champ:Backstep","Whirlwind+1","Hemogenesis","champ:Improvising","champ:DefensiveShout","champ:HoldFirm","champ:Backstep","champ:CrookedStrike+1","champ:GutPunch+1","champ:FlashCut","champ:ShieldSlam+1","Rupture+1","ReplayTheSpireMod:Muscle Training","MostiFishMod:JungleRules+1","champ:GladiatorStyle","Bloodletting","champ:FocusedDefense+1","champ:StanceDance+1","Double Tap+1","champ:PerfectedStrike","expansioncontent:QuickStudy","champ:FaceSlap","Bloodletting+1","champ:BringItOn+1","champ:Haymaker+1"],"relics":["DaveBox","m_IronCrown","Anchor","conspire:GiftBox","infinitespire:FocusingShard","construct:ClawGrip","Nunchaku","Replay:Mystery Machine","HornCleat","bronze:MakeshiftBattery","hubris:Spice","Potion Belt","hubris:Towel"],"acts_visited":["Exordium","TheCity","TheBeyond"],"potions_floor_usage":[50,50,50,50,50],"damage_taken":[{"damage":20.0,"enemies":"downfall:FleeingMerchant","floor":2.0,"turns":4.0},{"damage":16.0,"enemies":"Cultist","floor":3.0,"turns":3.0},{"damage":0.0,"enemies":"Small Slimes","floor":4.0,"turns":3.0},{"damage":0.0,"enemies":"conspire:RoseBush","floor":5.0,"turns":5.0},{"damage":21.0,"enemies":"Large Slime","floor":7.0,"turns":7.0},{"damage":37.0,"enemies":"Large Slime","floor":9.0,"turns":7.0},{"damage":35.0,"enemies":"Blue Slaver","floor":10.0,"turns":4.0},{"damage":10.0,"enemies":"downfall:LooterAlt","floor":11.0,"turns":3.0},{"damage":29.0,"enemies":"Lagavulin","floor":12.0,"turns":8.0},{"damage":17.0,"enemies":"Gremlin Nob","floor":14.0,"turns":5.0},{"damage":0.0,"enemies":"2 Fungi Beasts","floor":15.0,"turns":3.0},{"damage":44.0,"enemies":"IC_STATUS_ARCHETYPE","floor":16.0,"turns":9.0},{"damage":10.0,"enemies":"3 Byrds","floor":19.0,"turns":3.0},{"damage":7.0,"enemies":"Shell Parasite","floor":20.0,"turns":6.0},{"damage":2.0,"enemies":"Snake Plant","floor":21.0,"turns":5.0},{"damage":24.0,"enemies":"conspire:MimicChest","floor":22.0,"turns":10.0},{"damage":33.0,"enemies":"conspire:SneckoGhost","floor":23.0,"turns":8.0},{"damage":10.0,"enemies":"Centurion and Healer","floor":24.0,"turns":7.0},{"damage":8.0,"enemies":"Centurion and Healer","floor":25.0,"turns":8.0},{"damage":10.0,"enemies":"downfall:FleeingMerchant","floor":26.0,"turns":4.0},{"damage":42.0,"enemies":"Sentry and Sphere","floor":27.0,"turns":6.0},{"damage":11.0,"enemies":"Snake Plant","floor":30.0,"turns":3.0},{"damage":7.0,"enemies":"Cultist and Chosen","floor":31.0,"turns":5.0},{"damage":8.0,"enemies":"Cultist and Chosen","floor":32.0,"turns":5.0},{"damage":51.0,"enemies":"SI_MIRROR_ARCHETYPE","floor":33.0,"turns":11.0},{"damage":12.0,"enemies":"Orb Walker","floor":36.0,"turns":5.0},{"damage":0.0,"enemies":"downfall:FleeingMerchant","floor":37.0,"turns":4.0},{"damage":36.0,"enemies":"downfall:FleeingMerchant","floor":38.0,"turns":6.0},{"damage":1.0,"enemies":"3 Shapes","floor":39.0,"turns":2.0},{"damage":29.0,"enemies":"Transient","floor":40.0,"turns":5.0},{"damage":48.0,"enemies":"2 Orb Walkers","floor":43.0,"turns":5.0},{"damage":20.0,"enemies":"downfall:FleeingMerchant","floor":44.0,"turns":4.0},{"damage":10.0,"enemies":"Sphere and 2 Shapes","floor":45.0,"turns":5.0},{"damage":6.0,"enemies":"3 Darklings","floor":48.0,"turns":5.0},{"damage":1.0,"enemies":"Maw","floor":49.0,"turns":7.0},{"damage":71,"enemies":"WA_ARCHETYPE_DIVINITY","floor":50,"turns":9}],"seed_played":"-771248142631915220","potions_obtained":[{"floor":5.0,"key":"sneckomod:MuddlingPotion"},{"floor":11.0,"key":"Languid Potion"},{"floor":12.0,"key":"Adrenaline Potion"},{"floor":14.0,"key":"Fire Potion"},{"floor":16.0,"key":"hexamod:SoulburnPotion"},{"floor":20.0,"key":"Dexterity Potion"},{"floor":21.0,"key":"Milkshake"},{"floor":27.0,"key":"Doom Potion"},{"floor":38.0,"key":"champ:TechniquePotion"},{"floor":45.0,"key":"Guardian:BlockOnCardUsePotion"},{"floor":48.0,"key":"Regen Potion"}],"is_trial":false,"path_per_floor":["R","$","M","M","M","?","MIM","R","M","M","M","E","?","E","M","B",null,"R","M","M","M","?","E","MIM","M","$","M","?","?","M","MIM","M","B",null,"R","M","$","?","M","M","T","R","?","$","M","?","R","M","M","B",null],"character_chosen":"THE_CHAMP","items_purchased":["champ:CalledShot","champ:TornadoPunch","champ:CrownThrow","ReplayTheSpireMod:Muscle Training","MostiFishMod:JungleRules","expansioncontent:QuickStudy"],"campfire_rested":0,"item_purchase_floors":[2,2,2,26,26,37],"current_hp_per_floor":[81,81,75,75,75,75,70,70,64,70,66,53,53,42,53,35,108,108,108,107,108,105,81,87,92,98,92,92,92,97,96,94,66,108,108,105,108,116,116,116,116,116,96,97,100,100,100,100,105,90],"gold":49,"neow_bonus":"TWENTY_PERCENT_HP_BONUS","is_daily":false,"chose_seed":false,"campfire_upgraded":4,"win_rate":0.0,"timestamp":1613362324,"path_taken":["R","$","M","M","M","?","MIM","R","M","M","?","E","?","E","M","BOSS","R","M","M","M","?","E","MIM","M","$","M","?","?","M","?","M","BOSS","R","M","$","?","M","M","T","R","?","$","M","?","R","M","M","BOSS"],"items_purchased_type":["Card","Card","Card","Card","Card","Card"],"build_version":"2020-12-22","purchased_purges":3,"victory":true,"max_hp_per_floor":[108,108,108,108,108,108,108,108,108,108,108,108,108,108,108,108,108,108,108,108,108,108,108,108,108,108,108,108,108,108,108,108,108,108,108,108,108,116,116,116,116,116,116,116,116,116,116,116,116,116],"card_choices":[{"not_picked":["champ:TornadoPunch","champ:DeathBlow"],"picked":"champ:StanceDance","floor":2.0},{"not_picked":["champ:FalseCounter","champ:FancyFootwork"],"picked":"champ:BringItOn","floor":3.0},{"not_picked":["champ:FanOfKnives","champ:FancyFootwork"],"picked":"champ:PreciseThrust","floor":4.0},{"not_picked":["champ:FalseCounter","champ:TornadoPunch"],"picked":"champ:ShieldWall","floor":5.0},{"not_picked":["champ:EnGarde","champ:FaceSlap"],"picked":"champ:PerfectedStrike","floor":7.0},{"not_picked":["champ:StanceDance","champ:DefensiveShout"],"picked":"champ:Lariat","floor":9.0},{"not_picked":["champ:TornadoPunch","champ:RecklessLeap"],"picked":"champ:Backstep","floor":10.0},{"not_picked":["champ:BerserkersShout","champ:CrownThrow"],"picked":"Whirlwind","floor":11.0},{"not_picked":["champ:DancingMaster","champ:GladiatorForm"],"picked":"Hemogenesis","floor":12.0},{"not_picked":["champ:FancyFootwork","champ:Shatter"],"picked":"champ:Improvising","floor":12.0},{"not_picked":["champ:RecklessLeap","Twin Strike","champ:RisingSlash"],"picked":"SKIP","floor":14.0},{"not_picked":["champ:AdrenalArmor","Life Link"],"picked":"champ:DefensiveShout","floor":15.0},{"not_picked":["champ:ShieldThrow","champ:MurderStrike"],"picked":"champ:HoldFirm","floor":16.0},{"not_picked":["champ:PerfectedStrike","champ:FalseCounter"],"picked":"champ:Backstep","floor":19.0},{"not_picked":["champ:StanceDance","champ:RecklessLeap"],"picked":"champ:CrookedStrike+1","floor":20.0},{"not_picked":["champ:Lariat","champ:EndlessRage"],"picked":"champ:GutPunch+1","floor":21.0},{"not_picked":["champ:BladeFlurry","champ:MurderStrike"],"picked":"champ:FlashCut","floor":22.0},{"not_picked":["champ:Circumvent","champ:DefensiveShout","champ:CrownThrow"],"picked":"SKIP","floor":23.0},{"not_picked":["champ:ArenaPreparation","champ:Haymaker"],"picked":"champ:ShieldSlam+1","floor":24.0},{"not_picked":["champ:Haymaker","champ:AdrenalArmor"],"picked":"Rupture","floor":25.0},{"not_picked":["champ:Lariat","champ:EnGarde","champ:TornadoPunch"],"picked":"SKIP","floor":26.0},{"not_picked":["champ:CalledShot","champ:FancyFootwork"],"picked":"champ:GladiatorStyle","floor":27.0},{"not_picked":["champ:ShieldSlam","champ:FlashCut"],"picked":"Bloodletting","floor":30.0},{"not_picked":["champ:EndlessRage","champ:AdrenalArmor+1"],"picked":"champ:FocusedDefense+1","floor":31.0},{"not_picked":["champ:TornadoPunch","champ:PerfectedStrike"],"picked":"champ:StanceDance+1","floor":32.0},{"not_picked":["champ:UltimateStance","champ:TripleStrike"],"picked":"Double Tap","floor":33.0},{"not_picked":["champ:GutPunch+1","champ:SkillfulDodge","champ:TornadoPunch+1"],"picked":"SKIP","floor":36.0},{"not_picked":["champ:RisingSlash+1","champ:ArenaPreparation"],"picked":"champ:PerfectedStrike","floor":37.0},{"not_picked":["champ:Backstep","champ:Duel"],"picked":"champ:FaceSlap","floor":38.0},{"not_picked":["champ:Circumvent+1","champ:IronFortress","champ:RapidStrikes+1"],"picked":"SKIP","floor":39.0},{"not_picked":["champ:StrikeOfGenius","champ:BladeFlurry","champ:CalledShot"],"picked":"SKIP","floor":40.0},{"not_picked":["champ:DefensiveShout+1","champ:EnGarde+1","champ:Circumvent"],"picked":"SKIP","floor":44.0},{"not_picked":["champ:IronFortress","champ:FocusedDefense+1"],"picked":"Bloodletting+1","floor":45.0},{"not_picked":["Rupture","champ:BerserkersShout+1"],"picked":"champ:BringItOn+1","floor":48.0},{"not_picked":["champ:Shatter","Twin Strike+1"],"picked":"champ:Haymaker+1","floor":49.0}],"player_experience":29346,"relics_obtained":[{"floor":7.0,"key":"Anchor"},{"floor":12.0,"key":"conspire:GiftBox"},{"floor":14.0,"key":"infinitespire:FocusingShard"},{"floor":22.0,"key":"Nunchaku"},{"floor":23.0,"key":"Replay:Mystery Machine"},{"floor":24.0,"key":"HornCleat"},{"floor":38.0,"key":"hubris:Spice"},{"floor":41.0,"key":"Potion Belt"}],"event_choices":[{"damage_healed":0.0,"max_hp_gain":0.0,"max_hp_loss":0.0,"gold_gain":0.0,"event_name":"Mysterious Sphere","player_choice":"Fight","floor":43.0,"gold_loss":0.0,"damage_taken":0.0}],"is_beta":false,"boss_relics":[{"not_picked":["Kintsugi","Honey Jar"],"picked":"construct:ClawGrip"},{"not_picked":["Calling Bell","hubris:GrandSneckoEye"],"picked":"bronze:MakeshiftBattery"}],"items_purged_floors":[26,37,44],"is_endless":false,"potions_floor_spawned":[5,11,12,14,16,20,21,22,27,33,38,40,45,48],"ascension_level":0}}