{"host":"yqztwemefsbhfep8","time":1613427068,"event":{"mods":["BaseMod","Downfall","Hermit","Minty Spire (QoL Compilation)","StSLib","The Cursed"],"gold_per_floor":[113,113,113,127,145,145,169,169,196,217,217,48,48,68,68,192,192,211,310,0,24,39,39,39],"floor_reached":23,"language":"ENG","playtime":863,"items_purged":[],"score":183,"play_id":"0291e9b8-121c-411a-846e-12720d992631","local_time":"20210215141108","is_ascension_mode":false,"campfire_choices":[{"data":"hermit:Covet","floor":6,"key":"SMITH"},{"data":"hermit:ItchyTrigger","floor":8,"key":"SMITH"},{"data":"hermit:Headshot","floor":11,"key":"SMITH"},{"floor":15,"key":"REST"}],"circlet_count":0,"master_deck":["hermit:Strike_Hermit","hermit:Strike_Hermit","hermit:Strike_Hermit","hermit:Strike_Hermit","hermit:Defend_Hermit","hermit:Defend_Hermit","hermit:Defend_Hermit","hermit:Defend_Hermit","hermit:Snapshot","hermit:Covet+1","hermit:Showdown+1","hermit:Headshot+1","hermit:ItchyTrigger+1","hermit:BigShot","hermit:OverwhelmingPower","hermit:EyeOfTheStorm"],"relics":["hermit:Momento","NeowsBlessing","Golden Idol","Orichalcum","The Courier","hermit:BartenderGlass","Ancient Tea Set","ClockworkSouvenir"],"acts_visited":["Exordium","TheCity"],"potions_floor_usage":[16,18,18,21,21,21,22,22,23,23],"damage_taken":[{"damage":0,"enemies":"Cultist","floor":1,"turns":1},{"damage":0,"enemies":"2 Louse","floor":4,"turns":1},{"damage":0,"enemies":"Jaw Worm","floor":5,"turns":1},{"damage":5,"enemies":"Looter","floor":7,"turns":3},{"damage":5,"enemies":"Exordium Thugs","floor":10,"turns":3},{"damage":15,"enemies":"3 Louse","floor":14,"turns":3},{"damage":33,"enemies":"Slime Boss","floor":16,"turns":10},{"damage":34,"enemies":"2 Thieves","floor":18,"turns":4},{"damage":11,"enemies":"3 Byrds","floor":21,"turns":4},{"damage":14,"enemies":"Snecko","floor":22,"turns":3},{"damage":25,"enemies":"Gremlin Leader","floor":23,"turns":3}],"seed_played":"4363671182234158760","potions_obtained":[{"floor":1,"key":"hermit:Tonic"},{"floor":5,"key":"hexamod:SoulburnPotion"},{"floor":18,"key":"Regen Potion"},{"floor":21,"key":"AttackPotion"}],"is_trial":false,"path_per_floor":["M","?","?","M","M","R","M","R","T","M","R","$","T","M","R","B",null,"M","?","$","M","M","E"],"character_chosen":"HERMIT","items_purchased":["hermit:BigShot","CultistPotion","Ancient Tea Set","hermit:EyeOfTheStorm","ClockworkSouvenir"],"campfire_rested":1,"item_purchase_floors":[12,12,20,20,20],"current_hp_per_floor":[75,75,57,57,57,57,52,52,52,47,47,47,47,32,54,21,75,41,41,41,39,25,0,0],"gold":39,"neow_bonus":"THREE_ENEMY_KILL","is_daily":false,"chose_seed":false,"campfire_upgraded":3,"win_rate":0.0,"timestamp":1613427068,"path_taken":["M","?","?","M","M","R","M","R","T","M","R","$","?","M","R","BOSS","M","?","?","?","M","E"],"items_purchased_type":["Card","Potion","Relic","Card","Relic"],"build_version":"2020-12-22","purchased_purges":0,"victory":false,"max_hp_per_floor":[75,75,75,75,75,75,75,75,75,75,75,75,75,75,75,75,75,75,75,75,75,75,75,75],"card_choices":[{"not_picked":["hermit:TakeAim","hermit:PistolWhip"],"picked":"hermit:Showdown","floor":1},{"not_picked":["hermit:Grudge","hermit:BodyArmor"],"picked":"hermit:Headshot","floor":4},{"not_picked":["hermit:Gestalt","hermit:Glare","hermit:Coalescence"],"picked":"SKIP","floor":5},{"not_picked":["hermit:HighCaliber","hermit:Feint"],"picked":"hermit:ItchyTrigger","floor":7},{"not_picked":["hermit:ItchyTrigger","hermit:Glare","hermit:Ricochet"],"picked":"SKIP","floor":10},{"not_picked":["hermit:HighCaliber","hermit:Coalescence","hermit:Misfire"],"picked":"SKIP","floor":14},{"not_picked":["hermit:FromBeyond","hermit:HeroicBravado"],"picked":"hermit:OverwhelmingPower","floor":16},{"not_picked":["hermit:Roulette","hermit:CalledShot","hermit:Coalescence"],"picked":"SKIP","floor":18},{"not_picked":["hermit:GhostlyPresence","hermit:Misfire","hermit:WideOpen"],"picked":"SKIP","floor":21},{"not_picked":["hermit:Glare","hermit:Quickdraw+1","hermit:LowProfile+1"],"picked":"SKIP","floor":22}],"player_experience":314360,"relics_obtained":[{"floor":9,"key":"Orichalcum"},{"floor":13,"key":"The Courier"}],"event_choices":[{"damage_healed":0,"gold_gain":0,"player_choice":"Grow","damage_taken":0,"max_hp_gain":0,"max_hp_loss":0,"event_name":"Living Wall","floor":2,"gold_loss":0,"cards_upgraded":["hermit:Showdown"]},{"damage_healed":0,"gold_gain":0,"player_choice":"Take Damage","damage_taken":18,"relics_obtained":["Golden Idol"],"max_hp_gain":0,"max_hp_loss":0,"event_name":"Golden Idol","floor":3,"gold_loss":0},{"damage_healed":0,"gold_gain":99,"player_choice":"Stole From Cult","damage_taken":0,"max_hp_gain":0,"max_hp_loss":0,"event_name":"Nest","floor":19,"gold_loss":0}],"is_beta":false,"boss_relics":[{"not_picked":["Philosopher\u0027s Stone","Runic Pyramid"],"picked":"hermit:BartenderGlass"}],"items_purged_floors":[],"is_endless":false,"potions_floor_spawned":[1,5,18,21],"killed_by":"Gremlin Leader","ascension_level":0}}