{"host":"kwyq3wo3fj8d4s27","time":1613355439,"event":{"mods":["AchievementEnabler","BaseMod","Colored Map","Highlight Path","Minty Spire (QoL Compilation)","StSLib"],"gold_per_floor":[114,4533,4533,4608,4620,4620,4638,4670,4747,4782,4782,4809,4809,3981,3981,3981,3981],"floor_reached":16,"language":"ENG","playtime":548,"items_purged":["Strike_G","Strike_G"],"score":208,"play_id":"9282b9d1-9fc4-4ee2-92e3-e6bd9116a424","local_time":"20210214181719","is_ascension_mode":true,"campfire_choices":[{"floor":6,"key":"RECALL"},{"data":"Survivor","floor":15,"key":"SMITH"}],"circlet_count":0,"master_deck":["Strike_G","Strike_G+1","Defend_G+1","Defend_G","Defend_G","Defend_G","Defend_G","Survivor+1","Neutralize+1","Madness+1"],"relics":["Ring of the Snake","Juzu Bracelet","Gremlin Horn","Akabeko","Pantograph","Happy Flower","Molten Egg 2","Frozen Eye","Potion Belt"],"acts_visited":["Exordium"],"potions_floor_usage":[],"damage_taken":[{"damage":0,"enemies":"2 Louse","floor":1,"turns":2},{"damage":0,"enemies":"Cultist","floor":5,"turns":5},{"damage":0,"enemies":"Jaw Worm","floor":7,"turns":7},{"damage":36,"enemies":"Gremlin Nob","floor":8,"turns":6},{"damage":59,"enemies":"Lagavulin","floor":10,"turns":10},{"damage":30,"enemies":"3 Sentries","floor":12,"turns":15},{"damage":42,"enemies":"Hexaghost","floor":16,"turns":11}],"seed_played":"-8691031076741911934","potions_obtained":[{"floor":7,"key":"SteroidPotion"},{"floor":8,"key":"Fire Potion"}],"is_trial":false,"path_per_floor":["M","$","?","?","M","R","M","E","T","E","?","E","?","$","R","B"],"character_chosen":"THE_SILENT","items_purchased":["Madness","Juzu Bracelet","Gremlin Horn","Molten Egg 2","Frozen Eye","Potion Belt","Regen Potion","Dexterity Potion","Fire Potion"],"campfire_rested":0,"item_purchase_floors":[2,2,2,14,14,14,14,14,14],"current_hp_per_floor":[70,70,70,59,59,59,59,46,46,61,61,31,17,17,17,0,0],"gold":3981,"neow_bonus":"UPGRADE_CARD","is_daily":false,"chose_seed":false,"campfire_upgraded":1,"win_rate":0.0,"timestamp":1613355439,"path_taken":["M","$","?","?","M","R","M","E","T","E","?","E","?","$","R","BOSS"],"items_purchased_type":["Card","Relic","Relic","Relic","Relic","Relic","Potion","Potion","Potion"],"build_version":"2020-12-22","purchased_purges":2,"victory":false,"max_hp_per_floor":[70,70,70,70,70,70,70,70,70,70,70,70,70,70,70,70,70],"card_choices":[{"not_picked":["Slice","Crippling Poison","Acrobatics"],"picked":"SKIP","floor":1},{"not_picked":["Heel Hook","Quick Slash","Dagger Throw"],"picked":"SKIP","floor":5},{"not_picked":["Prepared","Quick Slash","Sucker Punch"],"picked":"SKIP","floor":7},{"not_picked":["Poisoned Stab","Infinite Blades","Choke"],"picked":"SKIP","floor":8},{"not_picked":["Bane","Choke","Poisoned Stab"],"picked":"SKIP","floor":10},{"not_picked":["Sucker Punch","Flechettes","Choke"],"picked":"SKIP","floor":12}],"player_experience":33413,"relics_obtained":[{"floor":8,"key":"Akabeko"},{"floor":10,"key":"Pantograph"},{"floor":12,"key":"Happy Flower"}],"event_choices":[{"damage_healed":0,"gold_gain":0,"player_choice":"Forge","damage_taken":0,"max_hp_gain":0,"max_hp_loss":0,"event_name":"Accursed Blacksmith","floor":3,"gold_loss":0,"cards_upgraded":["Madness"]},{"damage_healed":0,"gold_gain":75,"player_choice":"Gather Gold","damage_taken":11,"max_hp_gain":0,"max_hp_loss":0,"event_name":"World of Goop","floor":4,"gold_loss":0},{"cards_removed":["Strike_G"],"damage_healed":0,"gold_gain":0,"player_choice":"Offered Basic","damage_taken":0,"max_hp_gain":0,"max_hp_loss":0,"event_name":"Bonfire Elementals","floor":11,"gold_loss":0},{"damage_healed":0,"gold_gain":0,"player_choice":"Entered Light","damage_taken":14,"max_hp_gain":0,"max_hp_loss":0,"event_name":"Shining Light","floor":13,"gold_loss":0,"cards_upgraded":["Strike_G","Defend_G"]}],"is_beta":false,"boss_relics":[],"items_purged_floors":[2,14],"is_endless":false,"potions_floor_spawned":[7,8],"killed_by":"Hexaghost","ascension_level":3}}