{"host":"Oniwa","time":1613376330,"event":{"mods":["BaseMod","Colored Map","Colored Powertips","Minty Spire (QoL Compilation)","Relic Stats","Slay the Relics Exporter","SpireBot","StSLib","ojb\u0027s Better Paths Mod","ojb\u0027s Info Mod"],"gold_per_floor":[109,109,34,34,50,50,78,78,78,89,104,120,148,159,159,235,235,212,212,237,237,98,98,98],"floor_reached":23,"language":"JPN","playtime":1247,"items_purged":[],"score":448,"play_id":"1ca31c4a-427c-4f10-aa43-826b40c1efe5","local_time":"20210215170530","is_ascension_mode":true,"campfire_choices":[{"data":"Consume","floor":6,"key":"SMITH"},{"data":"Biased Cognition","floor":8,"key":"SMITH"},{"data":"Hologram","floor":15,"key":"SMITH"}],"circlet_count":0,"master_deck":["AscendersBane","Strike_B","Strike_B","Strike_B","Strike_B","Defend_B","Defend_B","Defend_B","Defend_B","Zap","Dualcast","Cold Snap","Consume+1","Pain","Biased Cognition+1","Streamline","Doom and Gloom","Darkness","Hologram+1","Leap","Undo","Biased Cognition","Turbo"],"relics":["Cracked Core","NeowsBlessing","Matryoshka","WarpedTongs","Bottled Tornado","Tiny Chest","Mercury Hourglass","Gremlin Horn","SlaversCollar","Strawberry","MealTicket","StoneCalendar"],"acts_visited":["Exordium","TheCity"],"potions_floor_usage":[13,23],"damage_taken":[{"damage":0,"enemies":"Cultist","floor":1,"turns":1},{"damage":0,"enemies":"Jaw Worm","floor":5,"turns":1},{"damage":0,"enemies":"Lagavulin","floor":7,"turns":1},{"damage":7,"enemies":"2 Louse","floor":10,"turns":2},{"damage":4,"enemies":"Looter","floor":11,"turns":2},{"damage":1,"enemies":"Exordium Thugs","floor":12,"turns":4},{"damage":12,"enemies":"3 Sentries","floor":13,"turns":3},{"damage":2,"enemies":"2 Fungi Beasts","floor":14,"turns":3},{"damage":9,"enemies":"The Guardian","floor":16,"turns":10},{"damage":12,"enemies":"2 Thieves","floor":18,"turns":4},{"damage":34,"enemies":"Slavers","floor":23,"turns":3}],"seed_played":"5905024667968623831","potions_obtained":[{"floor":5,"key":"AttackPotion"},{"floor":7,"key":"Swift Potion"},{"floor":16,"key":"Ancient Potion"}],"is_trial":false,"path_per_floor":["M","T","$","?","M","R","E","R","T","M","M","M","E","M","R","B",null,"M","?","T","?","?","E"],"character_chosen":"DEFECT","items_purchased":["Consume"],"campfire_rested":0,"item_purchase_floors":[3],"current_hp_per_floor":[64,64,64,64,64,64,64,64,64,57,53,52,40,38,38,29,61,49,49,56,34,34,0,0],"gold":98,"neow_bonus":"THREE_ENEMY_KILL","is_daily":false,"chose_seed":false,"campfire_upgraded":3,"win_rate":0.0,"timestamp":1613376330,"path_taken":["M","?","$","?","M","R","E","R","T","?","?","M","E","M","R","BOSS","M","?","?","?","?","E"],"items_purchased_type":["Card"],"build_version":"2020-12-18","purchased_purges":0,"victory":false,"max_hp_per_floor":[71,71,71,71,71,71,71,71,71,71,71,71,71,71,71,71,71,71,71,78,83,83,83,83],"relic_stats":{"Gremlin Horn":[2,2],"counters":[11,33],"Tiny Chest":1,"MealTicket":0,"StoneCalendar":[0],"obtain_stats":[{"SlaversCollar":17,"Matryoshka":2,"NeowsBlessing":0,"Gremlin Horn":13,"Strawberry":20,"Tiny Chest":9,"MealTicket":20,"StoneCalendar":22,"Bottled Tornado":7,"Cracked Core":0,"WarpedTongs":4,"Mercury Hourglass":9},{"SlaversCollar":9,"Matryoshka":1,"NeowsBlessing":0,"Gremlin Horn":7,"Strawberry":10,"Tiny Chest":3,"MealTicket":10,"StoneCalendar":10,"Bottled Tornado":3,"Cracked Core":0,"WarpedTongs":1,"Mercury Hourglass":3},{"SlaversCollar":26,"Matryoshka":1,"NeowsBlessing":0,"Gremlin Horn":13,"Strawberry":30,"Tiny Chest":3,"MealTicket":30,"StoneCalendar":30,"Bottled Tornado":3,"Cracked Core":0,"WarpedTongs":1,"Mercury Hourglass":3}],"WarpedTongs":[32],"Mercury Hourglass":[136]},"card_choices":[{"not_picked":["Streamline","Hologram"],"picked":"Cold Snap","floor":1},{"not_picked":["Steam Power","Beam Cell"],"picked":"Biased Cognition","floor":5},{"not_picked":["Turbo","Steam Power"],"picked":"Streamline","floor":7},{"not_picked":["Go for the Eyes","Fission"],"picked":"Doom and Gloom","floor":10},{"not_picked":["Darkness","Rebound","Storm"],"picked":"SKIP","floor":11},{"not_picked":["Rebound","Storm"],"picked":"Darkness","floor":11},{"not_picked":["Sunder","Rip and Tear"],"picked":"Hologram","floor":12},{"not_picked":["Stack","Hologram"],"picked":"Leap","floor":13},{"not_picked":["Coolheaded","Leap"],"picked":"Undo","floor":14},{"not_picked":["Reboot","Hyperbeam"],"picked":"Biased Cognition","floor":16},{"not_picked":["Conserve Battery","Sweeping Beam"],"picked":"Turbo","floor":18}],"player_experience":2713388,"relics_obtained":[{"floor":2,"key":"Matryoshka"},{"floor":7,"key":"Bottled Tornado"},{"floor":9,"key":"Tiny Chest"},{"floor":9,"key":"Mercury Hourglass"},{"floor":13,"key":"Gremlin Horn"},{"floor":20,"key":"Strawberry"},{"floor":20,"key":"MealTicket"}],"event_choices":[{"damage_healed":0,"gold_gain":0,"player_choice":"Rummage","damage_taken":0,"relics_obtained":["WarpedTongs"],"max_hp_gain":0,"max_hp_loss":0,"event_name":"Accursed Blacksmith","floor":4,"gold_loss":0,"cards_obtained":["Pain"]},{"damage_healed":0,"gold_gain":0,"player_choice":"Ignored","damage_taken":0,"max_hp_gain":0,"max_hp_loss":0,"event_name":"The Mausoleum","floor":19,"gold_loss":0},{"damage_healed":0,"gold_gain":0,"player_choice":"Shed Blood","damage_taken":27,"max_hp_gain":5,"max_hp_loss":0,"event_name":"Forgotten Altar","floor":21,"gold_loss":0},{"damage_healed":0,"gold_gain":0,"player_choice":"Paid Gold","damage_taken":0,"relics_obtained":["StoneCalendar"],"max_hp_gain":0,"max_hp_loss":0,"event_name":"WeMeetAgain","floor":22,"gold_loss":139}],"is_beta":true,"boss_relics":[{"not_picked":["SacredBark","FrozenCore"],"picked":"SlaversCollar"}],"items_purged_floors":[],"is_endless":false,"potions_floor_spawned":[5,7,11,12,16],"killed_by":"Slavers","ascension_level":20}}