{"host":"7jxhn92mkgyil7o5","time":1613402101,"event":{"mods":["BaseMod","Colored Map","Colored Powertips","Friendly Minions","Hermit","Kiyohime????","Marisa????????","Minty Spire (QoL Compilation)","Permanent Neow","StSLib","The Cursed","The Disciple","The Hierophant","The Poker Player","The Runesmith"],"gold_per_floor":[364,439,455,0,33,85,85,85,85],"floor_reached":8,"language":"ENG","playtime":348,"items_purged":["Strike_P"],"score":112,"play_id":"d1e48658-48bf-4ba1-8f39-10c648be5873","local_time":"20210215161501","is_ascension_mode":true,"campfire_choices":[{"floor":7.0,"key":"REST"}],"circlet_count":0,"master_deck":["AscendersBane","Strike_P","Strike_P","Strike_P","Defend_P","Defend_P","Defend_P","Defend_P","Eruption","Vigilance","Swivel","MentalFortress","HandOfGreed","BowlingBash","Protect"],"relics":["PureWater","PreservedInsect","Strawberry"],"acts_visited":["Exordium"],"potions_floor_usage":[],"damage_taken":[{"damage":2.0,"enemies":"Jaw Worm","floor":1.0,"turns":3.0},{"damage":0.0,"enemies":"2 Louse","floor":3.0,"turns":3.0},{"damage":1.0,"enemies":"Cultist","floor":5.0,"turns":4.0},{"damage":2.0,"enemies":"3 Sentries","floor":6.0,"turns":3.0},{"damage":62,"enemies":"Gremlin Nob","floor":8,"turns":3}],"seed_played":"6408150829330755991","potions_obtained":[{"floor":1.0,"key":"Fire Potion"}],"is_trial":false,"path_per_floor":["M","?","M","$","M","E","R","E"],"character_chosen":"WATCHER","items_purchased":["PreservedInsect","HandOfGreed"],"campfire_rested":1,"item_purchase_floors":[4,4],"current_hp_per_floor":[41,30,30,30,29,34,56,0,0],"gold":85,"neow_bonus":"TWO_FIFTY_GOLD","is_daily":false,"chose_seed":false,"campfire_upgraded":0,"win_rate":0.0,"timestamp":1613402101,"path_taken":["M","?","M","$","M","E","R","E"],"items_purchased_type":["Relic","Card"],"build_version":"2020-12-22","purchased_purges":1,"victory":false,"max_hp_per_floor":[68,68,68,68,68,75,75,75,75],"card_choices":[{"not_picked":["ForeignInfluence","Halt"],"picked":"Swivel","floor":1.0},{"not_picked":["Nirvana","FlurryOfBlows"],"picked":"MentalFortress","floor":3.0},{"not_picked":["EmptyBody","Halt"],"picked":"BowlingBash","floor":5.0},{"not_picked":["FlurryOfBlows","EmptyBody"],"picked":"Protect","floor":6.0}],"player_experience":2028910,"relics_obtained":[{"floor":6.0,"key":"Strawberry"}],"event_choices":[{"damage_healed":0.0,"max_hp_gain":0.0,"max_hp_loss":0.0,"gold_gain":75.0,"event_name":"World of Goop","player_choice":"Gather Gold","floor":2.0,"gold_loss":0.0,"damage_taken":11.0}],"is_beta":false,"boss_relics":[],"items_purged_floors":[4],"is_endless":false,"potions_floor_spawned":[1],"killed_by":"Gremlin Nob","ascension_level":20}}