{"host":"5agrj1fd4s00r127","time":1613406353,"event":{"mods":["BaseMod","Minty Spire (QoL Compilation)","StSLib"],"gold_per_floor":[118,134,134,309,259,292,302,302,327,327,327,360,360,380,380,480,480,494,512,512,530,362,397,397,397],"floor_reached":24,"language":"RUS","playtime":1280,"items_purged":["Doubt"],"score":224,"play_id":"95c28d06-3937-4ee0-b64c-6036bd215afc","local_time":"20210215182553","is_ascension_mode":false,"campfire_choices":[{"floor":8,"key":"REST"},{"data":"Genetic Algorithm","floor":10,"key":"SMITH"},{"floor":15,"key":"REST"}],"circlet_count":0,"master_deck":["Strike_B","Strike_B+1","Strike_B","Defend_B","Defend_B+1","Defend_B","Zap","Dualcast","Electrodynamics","Hello World","Genetic Algorithm+1","Ball Lightning","Storm","Capacitor","Melter","Machine Learning","Coolheaded","Ball Lightning+1","Shame","Hologram","Static Discharge","Tempest","Cold Snap+1"],"relics":["Cracked Core","Smiling Mask","Juzu Bracelet","Bag of Marbles","Sozu","MealTicket","Ornamental Fan"],"acts_visited":["Exordium","TheCity"],"potions_floor_usage":[6,16,16,19],"damage_taken":[{"damage":5,"enemies":"2 Louse","floor":1,"turns":3},{"damage":7,"enemies":"Small Slimes","floor":2,"turns":3},{"damage":39,"enemies":"Lagavulin","floor":6,"turns":7},{"damage":3,"enemies":"Cultist","floor":7,"turns":3},{"damage":14,"enemies":"3 Sentries","floor":12,"turns":4},{"damage":4,"enemies":"Blue Slaver","floor":14,"turns":3},{"damage":21,"enemies":"Hexaghost","floor":16,"turns":9},{"damage":0,"enemies":"Spheric Guardian","floor":18,"turns":2},{"damage":13,"enemies":"3 Byrds","floor":19,"turns":3},{"damage":31,"enemies":"Snake Plant","floor":21,"turns":4},{"damage":38,"enemies":"Book of Stabbing","floor":23,"turns":5},{"damage":13,"enemies":"Cultist and Chosen","floor":24,"turns":3}],"seed_played":"-189223733121924600","potions_obtained":[{"floor":2,"key":"Regen Potion"},{"floor":6,"key":"LiquidMemories"},{"floor":7,"key":"Weak Potion"},{"floor":13,"key":"AttackPotion"},{"floor":13,"key":"Explosive Potion"},{"floor":13,"key":"Block Potion"},{"floor":14,"key":"DistilledChaos"}],"is_trial":false,"path_per_floor":["M","M","?","?","?","E","M","R","T","R","?","E","?","M","R","B",null,"M","M","?","M","$","E","M"],"character_chosen":"DEFECT","items_purchased":["Static Discharge","Tempest"],"campfire_rested":2,"item_purchase_floors":[22,22],"current_hp_per_floor":[70,63,56,56,56,31,28,50,50,50,35,21,21,17,39,18,75,75,62,62,31,46,8,0,0],"gold":397,"neow_bonus":"ONE_RANDOM_RARE_CARD","is_daily":false,"chose_seed":false,"campfire_upgraded":1,"win_rate":0.0,"timestamp":1613406353,"path_taken":["M","M","?","?","?","E","M","R","T","R","?","E","?","M","R","BOSS","M","M","?","M","$","E","M"],"items_purchased_type":["Card","Card"],"build_version":"2020-12-22","purchased_purges":1,"victory":false,"max_hp_per_floor":[75,75,75,75,75,75,75,75,75,75,75,75,75,75,75,75,75,75,75,75,75,75,75,75,75],"card_choices":[{"not_picked":["Stack","Steam"],"picked":"Hello World","floor":1},{"not_picked":["Chaos","Storm"],"picked":"Genetic Algorithm","floor":2},{"not_picked":["Undo","Rebound"],"picked":"Ball Lightning","floor":6},{"not_picked":["Self Repair","Rebound"],"picked":"Storm","floor":7},{"not_picked":["Compile Driver","Blizzard"],"picked":"Capacitor","floor":12},{"not_picked":["Aggregate","Barrage"],"picked":"Melter","floor":14},{"not_picked":["All For One","Fission"],"picked":"Machine Learning","floor":16},{"not_picked":["Cold Snap+1","Rebound+1"],"picked":"Coolheaded","floor":18},{"not_picked":["Cold Snap","Gash"],"picked":"Ball Lightning+1","floor":19},{"not_picked":["Gash","Machine Learning"],"picked":"Hologram","floor":21},{"not_picked":["Compile Driver","Hello World+1"],"picked":"Cold Snap+1","floor":23}],"player_experience":11798,"relics_obtained":[{"floor":6,"key":"Smiling Mask"},{"floor":9,"key":"Juzu Bracelet"},{"floor":12,"key":"Bag of Marbles"},{"floor":23,"key":"Ornamental Fan"}],"event_choices":[{"cards_removed":["Defend_B"],"damage_healed":0,"gold_gain":0,"player_choice":"Card Removal","damage_taken":7,"max_hp_gain":0,"max_hp_loss":0,"event_name":"Golden Wing","floor":3,"gold_loss":0},{"damage_healed":0,"gold_gain":175,"player_choice":"AGREE","damage_taken":0,"max_hp_gain":0,"max_hp_loss":0,"event_name":"Liars Game","floor":4,"gold_loss":0,"cards_obtained":["Doubt"]},{"cards_removed":["Strike_B"],"damage_healed":0,"gold_gain":0,"player_choice":"Card Removal","damage_taken":0,"max_hp_gain":0,"max_hp_loss":0,"event_name":"The Cleric","floor":5,"gold_loss":50},{"damage_healed":0,"gold_gain":0,"player_choice":"Entered Light","damage_taken":15,"max_hp_gain":0,"max_hp_loss":0,"event_name":"Shining Light","floor":11,"gold_loss":0,"cards_upgraded":["Strike_B","Defend_B"]},{"damage_healed":0,"gold_gain":0,"player_choice":"Got Potions","damage_taken":0,"max_hp_gain":0,"max_hp_loss":0,"event_name":"Lab","floor":13,"gold_loss":0},{"damage_healed":0,"gold_gain":0,"player_choice":"Stole Relic","damage_taken":0,"relics_obtained":["MealTicket"],"max_hp_gain":0,"max_hp_loss":0,"event_name":"Addict","floor":20,"gold_loss":0,"cards_obtained":["Shame"]}],"is_beta":false,"boss_relics":[{"not_picked":["Inserter","Empty Cage"],"picked":"Sozu"}],"items_purged_floors":[22],"is_endless":false,"potions_floor_spawned":[2,6,7,14,19,23],"killed_by":"Cultist and Chosen","ascension_level":0}}