{"host":"0a4nlh1ehg6g254n","time":1613409281,"event":{"mods":["Aspiration","BaseMod","Colored Map","Colored Powertips","Downfall","Friendly Minions","Hermit","Infinite Spire","Marisa????????","Minty Spire (QoL Compilation)","Replay The Spire","StSLib","The Cursed"],"gold_per_floor":[118,118,136,136,136,136,21,21,21,46,60,74,74,6,6,6,6],"floor_reached":16,"language":"SPA","playtime":1510,"items_purged":["Looming Evil"],"score":90,"play_id":"0e48667e-4025-460b-b5df-806a5df4567d","local_time":"20210215141441","is_ascension_mode":false,"campfire_choices":[{"data":"hermit:Showdown","floor":6,"key":"SMITH"},{"data":"hermit:ItchyTrigger","floor":8,"key":"SMITH"},{"floor":15,"key":"REST"}],"circlet_count":0,"master_deck":["hermit:Strike_Hermit","hermit:Strike_Hermit","hermit:Strike_Hermit","hermit:Strike_Hermit","hermit:Defend_Hermit","hermit:Defend_Hermit","hermit:Defend_Hermit","hermit:Defend_Hermit","hermit:Snapshot","hermit:Covet","hermit:ItchyTrigger+1","hermit:Showdown+1","hermit:Strike_Hermit","hermit:PistolWhip","hermit:Feint+1","hermit:Vantage","hermit:Brawl","hermit:HoleUp","hermit:Combo"],"relics":["hermit:Momento","Golden Idol","Replay:Arrowhead","Ring of Searing","Ring of Panic"],"acts_visited":["Exordium"],"potions_floor_usage":[12,16],"damage_taken":[{"damage":6,"enemies":"Cultist","floor":1,"turns":4},{"damage":0,"enemies":"2 Louse","floor":3,"turns":3},{"damage":8,"enemies":"Jaw Worm","floor":10,"turns":3},{"damage":13,"enemies":"2 Fungi Beasts","floor":11,"turns":4},{"damage":16,"enemies":"Lots of Slimes","floor":12,"turns":4},{"damage":76,"enemies":"Fading Forest","floor":16,"turns":10}],"seed_played":"-7209747710274426713","potions_obtained":[{"floor":1,"key":"LiquidBronze"},{"floor":10,"key":"Death Potion"},{"floor":11,"key":"Venom Potion"}],"is_trial":false,"path_per_floor":["M","?","M","?","?","R","$","R","T","M","M","M","?","$","R","B"],"character_chosen":"HERMIT","items_purchased":["hermit:Feint+1","hermit:Combo"],"campfire_rested":1,"item_purchase_floors":[7,14],"current_hp_per_floor":[76,76,76,76,76,76,76,76,76,68,55,39,39,39,61,0,0],"gold":6,"neow_bonus":"TEN_PERCENT_HP_BONUS","is_daily":false,"chose_seed":false,"campfire_upgraded":2,"win_rate":0.0,"timestamp":1613409281,"path_taken":["M","?","M","?","?","R","$","R","T","?","M","M","?","$","R","BOSS"],"items_purchased_type":["Card","Card"],"build_version":"2020-12-22","purchased_purges":1,"victory":false,"max_hp_per_floor":[82,82,82,76,76,76,76,76,76,76,76,76,76,76,76,76,76],"card_choices":[{"not_picked":["hermit:Feint","hermit:Roulette"],"picked":"hermit:ItchyTrigger","floor":1},{"not_picked":["hermit:Manifest","hermit:Maintenance"],"picked":"hermit:Showdown","floor":3},{"not_picked":["hermit:GhostlyPresence","hermit:Horror"],"picked":"hermit:Vantage","floor":10},{"not_picked":["hermit:Glare","hermit:Coalescence"],"picked":"hermit:Brawl","floor":11},{"not_picked":["hermit:Roulette","hermit:OverwhelmingPower"],"picked":"hermit:HoleUp","floor":12}],"player_experience":29877,"relics_obtained":[{"floor":9,"key":"Replay:Arrowhead"},{"floor":13,"key":"Ring of Searing"},{"floor":13,"key":"Ring of Panic"}],"event_choices":[{"damage_healed":0,"gold_gain":0,"player_choice":"Leave","damage_taken":0,"max_hp_gain":0,"max_hp_loss":0,"event_name":"The Cleric","floor":2,"gold_loss":0},{"damage_healed":0,"gold_gain":0,"player_choice":"Lose Max HP","damage_taken":0,"relics_obtained":["Golden Idol"],"max_hp_gain":0,"max_hp_loss":6,"event_name":"Golden Idol","floor":4,"gold_loss":0},{"damage_healed":0,"gold_gain":0,"player_choice":"3 cards matched","damage_taken":0,"max_hp_gain":0,"max_hp_loss":0,"event_name":"Match and Keep!","floor":5,"gold_loss":0,"cards_obtained":["hermit:Strike_Hermit","hermit:PistolWhip","Looming Evil"]}],"is_beta":false,"boss_relics":[],"items_purged_floors":[7],"is_endless":false,"potions_floor_spawned":[1,10,11],"killed_by":"Fading Forest","ascension_level":0}}