{"host":"4b06nrmhsmzqjm1r","time":1613423343,"event":{"mods":["2.2 Compatiblity","AchievementEnabler","BaseMod","BetterRewards","Colored Map","Colored Powertips","Hermit","Highlight Path","Minty Spire (QoL Compilation)","StSLib","The Cursed"],"gold_per_floor":[114,114,64,64,64,94,109,124,149,191,203,245,272,284,296,408,420,447,558,570,582,594,606,606],"floor_reached":23,"language":"ENG","playtime":1761,"items_purged":[],"score":205,"play_id":"8cddae99-9f3a-4e94-80ce-6b3f50c0572e","local_time":"20210215220903","daily_mods":["Heirloom","Flight","Night Terrors"],"is_ascension_mode":false,"campfire_choices":[{"floor":15,"key":"REST"}],"circlet_count":0,"master_deck":["Strike_R","Strike_R","Strike_R+1","Strike_R","Defend_R+1","Defend_R","Defend_R","Bash","Shrug It Off+1","Armaments","Twin Strike","Pommel Strike","Perfected Strike","Armaments+1","Wild Strike","Reaper","Seeing Red+1"],"relics":["Burning Blood","Torii","Anchor","Orichalcum","MawBank","Lantern","Letter Opener","Smiling Mask","War Paint","Empty Cage"],"acts_visited":["Exordium","TheCity"],"potions_floor_usage":[10,12,16,16,16,18,23,23,23],"damage_taken":[{"damage":8,"enemies":"2 Louse","floor":1,"turns":3},{"damage":38,"enemies":"Lagavulin","floor":6,"turns":10},{"damage":1,"enemies":"Jaw Worm","floor":7,"turns":3},{"damage":1,"enemies":"Cultist","floor":8,"turns":3},{"damage":3,"enemies":"3 Sentries","floor":10,"turns":11},{"damage":9,"enemies":"Lagavulin","floor":12,"turns":10},{"damage":17,"enemies":"Gremlin Gang","floor":13,"turns":5},{"damage":64,"enemies":"Hexaghost","floor":16,"turns":15},{"damage":11,"enemies":"2 Thieves","floor":18,"turns":5},{"damage":70,"enemies":"Book of Stabbing","floor":23,"turns":8}],"seed_played":"5535013652570512859","potions_obtained":[{"floor":1,"key":"SpeedPotion"},{"floor":7,"key":"Regen Potion"},{"floor":10,"key":"HeartOfIron"},{"floor":13,"key":"EntropicBrew"},{"floor":16,"key":"GamblersBrew"},{"floor":18,"key":"Energy Potion"}],"is_trial":false,"path_per_floor":["M","?","$","?","T","E","M","M","T","E","?","E","M","?","R","B",null,"M","?","?","?","?","E"],"character_chosen":"IRONCLAD","items_purchased":["Armaments"],"campfire_rested":1,"item_purchase_floors":[3],"current_hp_per_floor":[78,62,62,55,55,23,28,33,33,51,51,48,37,12,75,17,75,75,75,75,75,61,0,0],"gold":606,"neow_bonus":"","is_daily":true,"chose_seed":false,"campfire_upgraded":0,"win_rate":0.0,"timestamp":1613423343,"path_taken":["M","?","?","?","?","E","?","?","T","E","?","E","M","?","R","BOSS","M","?","?","?","?","E"],"items_purchased_type":["Card"],"build_version":"2020-12-22","purchased_purges":0,"victory":false,"max_hp_per_floor":[80,80,80,80,80,80,80,80,80,80,80,80,80,80,75,75,75,75,75,75,75,80,80,80],"card_choices":[{"not_picked":["Hemokinesis","Reckless Charge"],"picked":"Shrug It Off","floor":1},{"not_picked":["Havoc","Heavy Blade"],"picked":"Twin Strike","floor":6},{"not_picked":["Anger","Flex"],"picked":"Pommel Strike","floor":7},{"not_picked":["Headbutt","Whirlwind"],"picked":"Perfected Strike","floor":8},{"not_picked":["True Grit","Hemokinesis"],"picked":"Armaments","floor":10},{"not_picked":["Brutality","Iron Wave"],"picked":"Wild Strike","floor":12},{"not_picked":["Havoc","Cleave","Warcry"],"picked":"SKIP","floor":13},{"not_picked":["Feed","Barricade"],"picked":"Reaper","floor":16},{"not_picked":["Heavy Blade","Warcry"],"picked":"Seeing Red+1","floor":18}],"player_experience":219740,"relics_obtained":[{"floor":5,"key":"Anchor"},{"floor":6,"key":"Orichalcum"},{"floor":9,"key":"MawBank"},{"floor":10,"key":"Lantern"},{"floor":12,"key":"Smiling Mask"}],"event_choices":[{"damage_healed":0,"gold_gain":0,"player_choice":"Entered Light","damage_taken":16,"max_hp_gain":0,"max_hp_loss":0,"event_name":"Shining Light","floor":2,"gold_loss":0,"cards_upgraded":["Strike_R","Defend_R"]},{"cards_removed":["Strike_R"],"damage_healed":0,"gold_gain":0,"player_choice":"Card Removal","damage_taken":7,"max_hp_gain":0,"max_hp_loss":0,"event_name":"Golden Wing","floor":4,"gold_loss":0},{"damage_healed":0,"gold_gain":0,"player_choice":"Box","damage_taken":0,"relics_obtained":["Letter Opener"],"max_hp_gain":0,"max_hp_loss":0,"event_name":"Big Fish","floor":11,"gold_loss":0,"cards_obtained":["Regret"]},{"damage_healed":0,"gold_gain":0,"player_choice":"Success","damage_taken":25,"relics_obtained":["War Paint"],"max_hp_gain":0,"max_hp_loss":0,"event_name":"Scrap Ooze","floor":14,"gold_loss":0},{"damage_healed":0,"gold_gain":99,"player_choice":"Stole From Cult","damage_taken":0,"max_hp_gain":0,"max_hp_loss":0,"event_name":"Nest","floor":19,"gold_loss":0},{"damage_healed":0,"gold_gain":0,"player_choice":"Ignored","damage_taken":0,"max_hp_gain":0,"max_hp_loss":0,"event_name":"Ghosts","floor":20,"gold_loss":0},{"damage_healed":0,"gold_gain":0,"player_choice":"Ignored","damage_taken":0,"max_hp_gain":0,"max_hp_loss":0,"event_name":"Vampires","floor":21,"gold_loss":0},{"damage_healed":0,"gold_gain":0,"player_choice":"Shed Blood","damage_taken":19,"max_hp_gain":5,"max_hp_loss":0,"event_name":"Forgotten Altar","floor":22,"gold_loss":0}],"is_beta":false,"boss_relics":[{"not_picked":["Snecko Eye","Coffee Dripper"],"picked":"Empty Cage"}],"items_purged_floors":[],"is_endless":false,"potions_floor_spawned":[1,7,10,13,16,18],"killed_by":"Book of Stabbing","ascension_level":0}}