{"host":"wf1r1zhguvoo22rf","time":1613352620,"event":{"mods":["BaseMod","Colored Powertips","Minty Spire (QoL Compilation)","StSLib"],"gold_per_floor":[110,127,127,202,202,202,237,237,260,260,224,224,234,234,234,353,353,378,401,77,90,113,113,136,136,216,239,239,264,264,264],"floor_reached":30,"language":"ENG","playtime":1377,"items_purged":[],"score":255,"play_id":"ced3a82c-7322-4559-b614-76c96f62f895","local_time":"20210215033020","is_ascension_mode":false,"campfire_choices":[{"data":"Consecrate","floor":6,"key":"SMITH"},{"data":"FlurryOfBlows","floor":8,"key":"SMITH"},{"data":"Eruption","floor":10,"key":"SMITH"},{"data":"BowlingBash","floor":15,"key":"SMITH"},{"floor":23,"key":"REST"},{"floor":28,"key":"REST"}],"circlet_count":0,"master_deck":["Strike_P","Strike_P","Strike_P","Strike_P","Defend_P","Defend_P","Defend_P","Defend_P","Eruption+1","Vigilance","FlurryOfBlows+1","Consecrate+1","Protect","SandsOfTime","BowlingBash+1","DevaForm","FearNoEvil","BattleHymn","Metamorphosis","Pray+1","BowlingBash","LikeWater","FlurryOfBlows","WindmillStrike"],"relics":["PureWater","NeowsBlessing","Ornamental Fan","Ancient Tea Set","Strawberry","Golden Idol","SacredBark","Membership Card","Blood Vial","Question Card"],"acts_visited":["Exordium","TheCity"],"potions_floor_usage":[16,16,16,24,27],"damage_taken":[{"damage":0,"enemies":"Cultist","floor":1,"turns":1},{"damage":0,"enemies":"Jaw Worm","floor":2,"turns":1},{"damage":0,"enemies":"Lagavulin","floor":7,"turns":1},{"damage":0,"enemies":"2 Louse","floor":13,"turns":3},{"damage":62,"enemies":"Hexaghost","floor":16,"turns":8},{"damage":14,"enemies":"3 Byrds","floor":18,"turns":5},{"damage":2,"enemies":"Chosen","floor":19,"turns":3},{"damage":32,"enemies":"Snake Plant","floor":21,"turns":5},{"damage":15,"enemies":"Chosen and Byrds","floor":22,"turns":4},{"damage":0,"enemies":"Snecko","floor":24,"turns":2},{"damage":34,"enemies":"Centurion and Healer","floor":27,"turns":5},{"damage":26,"enemies":"Snake Plant","floor":29,"turns":5},{"damage":52,"enemies":"Book of Stabbing","floor":30,"turns":5}],"seed_played":"-7863561524769050077","potions_obtained":[{"floor":13,"key":"EntropicBrew"},{"floor":22,"key":"BlessingOfTheForge"},{"floor":24,"key":"Energy Potion"}],"is_trial":false,"path_per_floor":["M","M","$","?","T","R","E","R","T","R","$","?","M","?","R","B",null,"M","M","$","M","M","R","M","?","T","M","R","M","E"],"character_chosen":"WATCHER","items_purchased":["SandsOfTime","Membership Card","Blood Vial","Metamorphosis"],"campfire_rested":2,"item_purchase_floors":[11,20,20,20],"current_hp_per_floor":[72,72,72,61,61,61,61,61,68,68,68,79,79,73,73,11,73,59,57,57,27,14,35,37,37,37,5,26,2,0,0],"gold":264,"neow_bonus":"THREE_ENEMY_KILL","is_daily":false,"chose_seed":false,"campfire_upgraded":4,"win_rate":0.0,"timestamp":1613352620,"path_taken":["M","?","$","?","?","R","E","R","T","R","$","?","?","?","R","BOSS","M","M","$","M","M","R","M","?","T","?","R","M","E"],"items_purchased_type":["Card","Relic","Relic","Card"],"build_version":"2020-12-22","purchased_purges":0,"victory":false,"max_hp_per_floor":[72,72,72,72,72,72,72,72,79,79,79,79,79,73,73,73,73,73,73,73,73,73,73,73,70,70,70,70,70,70,70],"card_choices":[{"not_picked":["Protect","FlyingSleeves"],"picked":"FlurryOfBlows","floor":1},{"not_picked":["EmptyBody","FlurryOfBlows"],"picked":"Consecrate","floor":2},{"not_picked":["Vengeance","Study"],"picked":"Protect","floor":7},{"not_picked":["SashWhip","CrushJoints"],"picked":"BowlingBash","floor":13},{"not_picked":["Blasphemy","Scrawl"],"picked":"DevaForm","floor":16},{"not_picked":["Protect","Nirvana"],"picked":"FearNoEvil","floor":18},{"not_picked":["Crescendo","FollowUp"],"picked":"BattleHymn","floor":19},{"not_picked":["CarveReality","Halt"],"picked":"Pray+1","floor":21},{"not_picked":["Evaluate","InnerPeace"],"picked":"BowlingBash","floor":22},{"not_picked":["Crescendo+1","ReachHeaven"],"picked":"LikeWater","floor":24},{"not_picked":["EmptyFist","Vengeance+1","FlyingSleeves"],"picked":"FlurryOfBlows","floor":27},{"not_picked":["Indignation","Consecrate+1","Conclude"],"picked":"WindmillStrike","floor":29}],"player_experience":242197,"relics_obtained":[{"floor":5,"key":"Ornamental Fan"},{"floor":7,"key":"Ancient Tea Set"},{"floor":9,"key":"Strawberry"},{"floor":26,"key":"Question Card"}],"event_choices":[{"damage_healed":0,"gold_gain":75,"player_choice":"Gather Gold","damage_taken":11,"max_hp_gain":0,"max_hp_loss":0,"event_name":"World of Goop","floor":4,"gold_loss":0},{"damage_healed":19,"gold_gain":0,"player_choice":"Healed and dodged fight","damage_taken":0,"max_hp_gain":0,"max_hp_loss":0,"event_name":"Mushrooms","floor":12,"gold_loss":0,"cards_obtained":["Parasite"]},{"damage_healed":0,"gold_gain":0,"player_choice":"Lose Max HP","damage_taken":0,"relics_obtained":["Golden Idol"],"max_hp_gain":0,"max_hp_loss":6,"event_name":"Golden Idol","floor":14,"gold_loss":0},{"cards_removed":["Parasite"],"damage_healed":0,"gold_gain":0,"player_choice":"Removed Curses","damage_taken":0,"max_hp_gain":0,"max_hp_loss":0,"event_name":"Fountain of Cleansing","floor":25,"gold_loss":0}],"is_beta":false,"boss_relics":[{"not_picked":["Runic Pyramid","Velvet Choker"],"picked":"SacredBark"}],"items_purged_floors":[],"is_endless":false,"potions_floor_spawned":[13,22,24],"killed_by":"Book of Stabbing","ascension_level":0}}