{"host":"hb254truj5uxpodn","time":1613426821,"event":{"mods":["2.2 Compatiblity","AchievementEnabler","Aspiration","BaseMod","Bestiary","Better Altar","Better Match","Better Note","Better Sensory Stone","Better Skull","Better Third Choice","Better Vampires","BetterRewards","CapriCore","Colored Map","Colored Powertips","Conspire","Downfall","Energized Spire","Fiend Mod","Friendly Minions","GifTheSpireLib","Highlight Path","Hubris","Infinite Spire","Minty Spire (QoL Compilation)","Permanent Neow","Practice Mode","Quick Restart","Relic Stats","Replay The Spire","Shop Mod","Spicy Shops","StSLib","SuperFastMode","Uncapped"],"gold_per_floor":[116,116,127,127,138,166,166,182,182,202,202,202,253,264,264,360,360,380,380,397,407,407,407,407,424,439,162,175,193,193,193,216,216,254,254,254,268,287,287,418,418,432,457,457,507,523,523,566,555,555,555,555,555,575,593,593,721,721,737,758,758,776,789,789,789,789,789,803,803,846,846,846,846,846,846,846,846,886,886],"floor_reached":80,"language":"ENG","playtime":33370,"items_purged":["Parasite","Fiend:FiendDemonSlash","Fiend:FiendDemonSlash","Fiend:FiendDemonSlash"],"score":1519,"play_id":"800d5255-6b4d-4718-be59-e3471f085b95","local_time":"20210215140701","is_ascension_mode":false,"campfire_choices":[{"floor":7.0,"key":"RECALL"},{"floor":11.0,"key":"REST"},{"floor":15.0,"key":"REST"},{"data":"conspire:Banana","floor":23.0,"key":"SMITH"},{"data":"Fiend:FiendRiskyDice","floor":30.0,"key":"SMITH"},{"data":"Fiend:FiendSiphon","floor":39.0,"key":"SMITH"},{"data":"Fiend:FiendBloodlust","floor":47.0,"key":"SMITH"},{"floor":51.0,"key":"REST"},{"data":"Fiend:FiendRam","floor":53.0,"key":"SMITH"},{"data":"Fiend:FiendFleshWhip","floor":56.0,"key":"SMITH"},{"data":"Fiend:FiendViolentOutburst","floor":64,"key":"SMITH"},{"data":"Fiend:FiendViolentOutburst","floor":66,"key":"SMITH"},{"data":"Trip","floor":69,"key":"SMITH"},{"data":"Fiend:FiendMeditate","floor":71,"key":"SMITH"},{"floor":73,"key":"REST"},{"data":"Fiend:FiendMeditate","floor":76,"key":"SMITH"}],"circlet_count":1,"master_deck":["Fiend:FiendFortify","Fiend:FiendFortify","Fiend:FiendFortify","Fiend:FiendFortify","Fiend:FiendConsume","Fiend:FiendMeditate+1","Fiend:FiendFlay","conspire:Banana+1","Fiend:FiendInfect+1","Fiend:FiendDemonWhip","Fiend:FiendInfect","Fiend:FiendBloodlust+1","Fiend:FiendSalvage","Trip+1","Fiend:FiendFiendishCharge","Fiend:FiendMeditate+1","Fiend:FiendSalvage","Fiend:FiendSiphon+1","Fiend:FiendFleshWhip+1","Fiend:FiendInfect","Fiend:FiendRiskyDice+1","Fiend:FiendRam+1","Fiend:FiendViolentOutburst+1","Writhe","Fiend:FiendFlay","Fiend:FiendRam+1","conspire:Banana+1","Fiend:FiendSalvage+1","Fiend:FiendSalvage+1","Fiend:FiendViolentOutburst+1","Fiend:FiendRiskyDice+1","Fiend:FiendSalvage+1","Fiend:FiendExecute+1","Parasite","Fiend:FiendSalvage","conspire:Banana","Fiend:FiendHarden+1"],"relics":["Fiend:FiendTotem","Strawberry","Lantern","Membership Card","infinitespire:Eraser","hubris:TenFootPole","aspiration:SecretTechniqueScroll","betterThird:NestCultRelic","hubris:Potato","Replay:Baseball","Golden Idol","infinitespire:PuzzleCube","Mirror","ReplayTheSpireMod:Ring of Addiction","Potion Belt","White Beast Statue","conspire:SlowCooker","hexamod:BolsterEngine","Circlet","Nloth\u0027s Gift","aspiration:RitualDagger","Tiny Chest","Pear","TungstenRod","Blue Candle","TheAbacus","Art of War","Replay:Rubber Ducky","hubris:ToyBattleship","hubris:CrystalStatue"],"acts_visited":["Exordium","TheCity","Exordium","TheCity","TheBeyond","TheEnding"],"potions_floor_usage":[63,68,79],"damage_taken":[{"damage":0.0,"enemies":"Cultist","floor":1.0,"turns":3.0},{"damage":10.0,"enemies":"infinitespire:Voidling","floor":3.0,"turns":3.0},{"damage":0.0,"enemies":"Small Slimes","floor":5.0,"turns":2.0},{"damage":38.0,"enemies":"Replay:BlueRogue","floor":6.0,"turns":5.0},{"damage":12.0,"enemies":"3 Louse","floor":8.0,"turns":3.0},{"damage":15.0,"enemies":"conspire:2 RoseBushes","floor":10.0,"turns":4.0},{"damage":9.0,"enemies":"Red Slaver","floor":14.0,"turns":3.0},{"damage":39.0,"enemies":"Slime Boss","floor":16.0,"turns":9.0},{"damage":16.0,"enemies":"2 Thieves","floor":18.0,"turns":4.0},{"damage":20.0,"enemies":"Shell Parasite","floor":20.0,"turns":4.0},{"damage":22.0,"enemies":"Cultist and Chosen","floor":21.0,"turns":7.0},{"damage":0.0,"enemies":"Small Slimes","floor":25.0,"turns":3.0},{"damage":15.0,"enemies":"2 Louse","floor":26.0,"turns":3.0},{"damage":11.0,"enemies":"Jaw Worm","floor":28.0,"turns":3.0},{"damage":24.0,"enemies":"3 Louse","floor":29.0,"turns":4.0},{"damage":0.0,"enemies":"Large Slime","floor":32.0,"turns":4.0},{"damage":9.0,"enemies":"Replay:BlueRogue","floor":34.0,"turns":3.0},{"damage":10.0,"enemies":"2 Fungi Beasts","floor":37.0,"turns":3.0},{"damage":13.0,"enemies":"3 Louse","floor":38.0,"turns":3.0},{"damage":24.0,"enemies":"Hexaghost","floor":40.0,"turns":5.0},{"damage":20.0,"enemies":"Spheric Guardian","floor":42.0,"turns":5.0},{"damage":0.0,"enemies":"Shell Parasite","floor":43.0,"turns":2.0},{"damage":17.0,"enemies":"Chosen and Byrds","floor":46.0,"turns":5.0},{"damage":49.0,"enemies":"Gremlin Leader","floor":48.0,"turns":5.0},{"damage":15.0,"enemies":"Shelled Parasite and Fungi","floor":49.0,"turns":4.0},{"damage":10.0,"enemies":"3 Cultists","floor":54.0,"turns":5.0},{"damage":15.0,"enemies":"Chosen and Byrds","floor":55.0,"turns":4.0},{"damage":16.0,"enemies":"Collector","floor":57.0,"turns":6.0},{"damage":23.0,"enemies":"Orb Walker","floor":59.0,"turns":3.0},{"damage":22.0,"enemies":"3 Shapes","floor":60.0,"turns":5.0},{"damage":39.0,"enemies":"Jaw Worm Horde","floor":62.0,"turns":5.0},{"damage":27,"enemies":"Sphere and 2 Shapes","floor":63,"turns":5},{"damage":28,"enemies":"Writhing Mass","floor":68,"turns":5},{"damage":41,"enemies":"infinitespire:MassOfShapes","floor":74,"turns":8},{"damage":81,"enemies":"Shield and Spear","floor":78,"turns":6},{"damage":60,"enemies":"The Heart","floor":79,"turns":7}],"seed_played":"-2422785177845232461","potions_obtained":[{"floor":1.0,"key":"Regen Potion"},{"floor":5.0,"key":"Energy Potion"},{"floor":18.0,"key":"Fiend:FleshPotion"},{"floor":35.0,"key":"Energy Potion"},{"floor":35.0,"key":"Explosive Potion"},{"floor":37.0,"key":"hexamod:SoulburnPotion"},{"floor":38.0,"key":"DuplicationPotion"},{"floor":40.0,"key":"GamblersBrew"},{"floor":43.0,"key":"Strength Potion"},{"floor":48.0,"key":"sneckomod:MuddlingPotion"},{"floor":49.0,"key":"Energy Potion"},{"floor":54.0,"key":"BlessingOfTheForge"},{"floor":57.0,"key":"ColorlessPotion"},{"floor":60.0,"key":"SkillPotion"},{"floor":62,"key":"LifebloodPotion"},{"floor":63,"key":"sneckomod:MuddlingPotion"},{"floor":68,"key":"Flashbang"}],"is_trial":false,"path_per_floor":["M","?","M","$","M","E","R","M","T","M","R","?","T","M","R","B",null,"M","?","M","M","?","R","M","M","M","$","M","M","R","?","M","T","E","?","?","M","M","R_BF","B",null,"M","M","?","?","M","R","E","M","T","R","?","R","M","M","R","B",null,"M","M","?","M","M","R","AVR","R","T","M","R","?","R","?","R","B",null,"R","$","E","B",null],"character_chosen":"THE_FIEND","items_purchased":["BargainBundle","conspire:Banana","Strawberry","Lantern","Membership Card","Fiend:FiendInfect","Fiend:FiendDemonWhip","hubris:Potato","Replay:Baseball","BargainBundle","TheAbacus","Art of War","Replay:Rubber Ducky","hubris:ToyBattleship","conspire:Banana"],"campfire_rested":4,"item_purchase_floors":[4,4,4,4,4,4,4,27,27,77,77,77,77,77,77],"current_hp_per_floor":[77,77,67,74,74,38,38,29,29,16,42,42,42,35,61,30,92,85,85,67,47,47,47,102,105,93,93,88,64,64,64,67,67,69,69,69,62,60,60,50,112,101,101,101,101,96,96,59,58,58,93,93,93,123,108,108,126,129,109,102,102,97,120,120,120,120,130,157,157,124,124,122,166,167,172,172,172,175,142],"gold":886,"neow_bonus":"UPGRADE_CARD","is_daily":false,"chose_seed":false,"campfire_upgraded":11,"win_rate":0.0,"timestamp":1613426821,"path_taken":["M","?","?","$","M","E","R","M","T","M","R","?","?","?","R","BOSS","M","?","M","M","?","R","?","M","M","$","M","M","R","?","M","T","E","?","?","M","M","R_BF","BOSS","M","M","?","?","M","R","E","?","T","R","?","R","?","M","R","BOSS","M","M","?","M","M","R","AVR","R","T","M","R","?","R","?","R","BOSS","R","$","E","BOSS"],"items_purchased_type":["Relic","Card","Relic","Relic","Relic","Card","Card","Relic","Relic","Relic","Relic","Relic","Relic","Relic","Card"],"build_version":"2020-12-22","purchased_purges":4,"victory":true,"max_hp_per_floor":[77,77,77,81,81,83,83,85,85,87,87,87,87,89,89,92,92,95,95,97,99,99,99,102,105,108,108,111,111,111,103,106,106,106,106,106,109,109,109,112,112,115,115,115,115,115,113,117,119,119,119,119,117,123,123,123,129,129,132,136,136,142,151,151,151,151,159,168,168,168,168,166,166,174,172,172,172,180,188],"relic_stats":{"TheAbacus":[0],"counters":[37,163],"Golden Idol":192,"Blue Candle":[5],"Tiny Chest":0,"Nloth\u0027s Gift":3,"Art of War":[2],"obtain_stats":[{"Lantern":4,"hubris:CrystalStatue":78,"Replay:Rubber Ducky":77,"BranchBurnRelic":51,"TheAbacus":77,"Strawberry":4,"Tiny Chest":65,"infinitespire:Eraser":6,"Potion Belt":35,"BargainBundle":4,"Pear":67,"Ring of Hypnosis":35,"Golden Idol":31,"ReplayTheSpireMod:Ring of Addiction":35,"Dead Branch":48,"Blue Candle":72,"Circlet":0,"betterThird:NestCultRelic":19,"conspire:SlowCooker":41,"aspiration:SecretTechniqueScroll":17,"Fiend:FiendTotem":0,"White Beast Statue":35,"Replay:Baseball":27,"hubris:TenFootPole":13,"Nloth\u0027s Gift":52,"Art of War":77,"hubris:ToyBattleship":77,"Membership Card":4,"aspiration:RitualDagger":58,"hexamod:BolsterEngine":50,"Mirror":34,"hubris:Potato":27,"infinitespire:PuzzleCube":33,"TungstenRod":70},{"Lantern":2,"hubris:CrystalStatue":36,"Replay:Rubber Ducky":35,"BranchBurnRelic":26,"TheAbacus":35,"Strawberry":2,"Tiny Chest":33,"infinitespire:Eraser":4,"Potion Belt":18,"BargainBundle":2,"Pear":33,"Ring of Hypnosis":18,"Golden Idol":16,"ReplayTheSpireMod:Ring of Addiction":18,"Dead Branch":25,"Blue Candle":34,"Circlet":0,"betterThird:NestCultRelic":9,"conspire:SlowCooker":21,"aspiration:SecretTechniqueScroll":8,"Fiend:FiendTotem":0,"White Beast Statue":18,"Replay:Baseball":14,"hubris:TenFootPole":6,"Nloth\u0027s Gift":26,"Art of War":35,"hubris:ToyBattleship":35,"Membership Card":2,"aspiration:RitualDagger":29,"hexamod:BolsterEngine":26,"Mirror":18,"hubris:Potato":14,"infinitespire:PuzzleCube":17,"TungstenRod":34},{"Lantern":6,"hubris:CrystalStatue":156,"Replay:Rubber Ducky":150,"BranchBurnRelic":104,"TheAbacus":150,"Strawberry":6,"Tiny Chest":137,"infinitespire:Eraser":13,"Potion Belt":72,"BargainBundle":6,"Pear":137,"Ring of Hypnosis":72,"Golden Idol":65,"ReplayTheSpireMod:Ring of Addiction":72,"Dead Branch":100,"Blue Candle":142,"Circlet":0,"betterThird:NestCultRelic":36,"conspire:SlowCooker":83,"aspiration:SecretTechniqueScroll":32,"Fiend:FiendTotem":0,"White Beast Statue":72,"Replay:Baseball":58,"hubris:TenFootPole":20,"Nloth\u0027s Gift":104,"Art of War":150,"hubris:ToyBattleship":150,"Membership Card":6,"aspiration:RitualDagger":119,"hexamod:BolsterEngine":104,"Mirror":72,"hubris:Potato":58,"infinitespire:PuzzleCube":69,"TungstenRod":142}],"TungstenRod":42},"card_choices":[{"not_picked":["Fiend:FiendFleshPlating","Fiend:FiendDemonicContract"],"picked":"Fiend:FiendMeditate","floor":1.0},{"not_picked":["Fiend:FiendAlchemeat","Fiend:FiendSplat"],"picked":"Fiend:FiendFlay","floor":3.0},{"not_picked":["Fiend:FiendFlay","Fiend:FiendGreaterDemonSlash"],"picked":"Fiend:FiendMeatPaste","floor":5.0},{"not_picked":["Fiend:FiendInjection","Fiend:FiendCurse"],"picked":"Fiend:FiendInfect","floor":6.0},{"not_picked":["Fiend:FiendLeech","Fiend:FiendDemonicContract"],"picked":"Fiend:FiendBloodlust","floor":8.0},{"not_picked":["Fiend:FiendFleshWhip","Fiend:FiendDemonWhip"],"picked":"Fiend:FiendSalvage","floor":10.0},{"not_picked":["Metamorphosis","Dark Shackles"],"picked":"Trip","floor":12.0},{"not_picked":["Fiend:FiendFleshPlating","Fiend:FiendRadiation"],"picked":"Fiend:FiendFiendishCharge","floor":14.0},{"not_picked":["Fiend:FiendRage","Fiend:FiendSalvage"],"picked":"Fiend:FiendMeditate","floor":18.0},{"not_picked":["Fiend:FiendMutativeArms","Fiend:FiendDemonWhip+1"],"picked":"Fiend:FiendSalvage","floor":20.0},{"not_picked":["Fiend:FiendLeech+1","Fiend:FiendTransmeatation"],"picked":"Fiend:FiendUpstartDemon","floor":21.0},{"not_picked":["Fiend:FiendVaccine","Fiend:FiendRampage"],"picked":"Fiend:FiendSiphon","floor":25.0},{"not_picked":["Fiend:FiendBloodlust","Fiend:FiendInfect"],"picked":"Fiend:FiendFleshWhip","floor":26.0},{"not_picked":["Fiend:FiendDemonWhip","Fiend:FiendFleshPlating"],"picked":"Fiend:FiendInfect","floor":28.0},{"not_picked":["Fiend:FiendInjection","Fiend:FiendVaccine"],"picked":"Fiend:FiendRiskyDice","floor":29.0},{"not_picked":["Fiend:FiendCancer","Fiend:FiendSoulSwap"],"picked":"Fiend:FiendRam","floor":32.0},{"not_picked":["Fiend:FiendFiendishCharge","Fiend:FiendSliceAndDice"],"picked":"Fiend:FiendViolentOutburst","floor":34.0},{"not_picked":["Fiend:FiendConserve","Fiend:FiendRage","Fiend:FiendBlackMarket"],"picked":"SKIP","floor":37.0},{"not_picked":["Fiend:FiendMeatPaste","Fiend:FiendSiphon"],"picked":"Fiend:FiendFlay","floor":38.0},{"not_picked":["Fiend:FiendMutativeArms","Fiend:FiendMeatPaste"],"picked":"Fiend:FiendRam+1","floor":42.0},{"not_picked":["Fiend:FiendSplat","Fiend:FiendRage","Fiend:FiendMeatPaste"],"picked":"SKIP","floor":43.0},{"not_picked":["Fiend:FiendDemonicContract+1","Fiend:FiendUnstableCells"],"picked":"Fiend:FiendSalvage+1","floor":46.0},{"not_picked":["Fiend:FiendMutativeArms","Fiend:FiendDemonWhip+1"],"picked":"Fiend:FiendSalvage+1","floor":48.0},{"not_picked":["Fiend:FiendAlchemeat","Fiend:FiendSplat+1","Fiend:FiendBloodlust"],"picked":"SKIP","floor":49.0},{"not_picked":["Fiend:FiendSplat","Fiend:FiendFiendishCharge"],"picked":"Fiend:FiendViolentOutburst","floor":54.0},{"not_picked":["Fiend:FiendBloodstone","Fiend:FiendFiendishCharge+1"],"picked":"Fiend:FiendRiskyDice+1","floor":55.0},{"not_picked":["Fiend:FiendRampage","Fiend:FiendLeech+1","Fiend:FiendMeatPaste"],"picked":"SKIP","floor":59.0},{"not_picked":["Fiend:FiendVaccine+1","Fiend:FiendAlchemeat"],"picked":"Fiend:FiendSalvage+1","floor":60.0},{"not_picked":["Fiend:FiendMeatShield","Fiend:FiendAlchemeat"],"picked":"Fiend:FiendExecute+1","floor":62},{"not_picked":["Fiend:FiendDemonWhip+1","Fiend:FiendInfect","Fiend:FiendFiendishCharge+1"],"picked":"SKIP","floor":63},{"not_picked":["Fiend:FiendDemonicContract","Fiend:FiendInfect+1","Fiend:FiendExecute"],"picked":"SKIP","floor":68},{"not_picked":["Fiend:FiendBlackMarket","Fiend:FiendBloodlust"],"picked":"Fiend:FiendSalvage","floor":70},{"not_picked":["Fiend:FiendAja","Fiend:FiendMasochism"],"picked":"Fiend:FiendHarden+1","floor":78}],"player_experience":1112741,"relics_obtained":[{"floor":6.0,"key":"infinitespire:Eraser"},{"floor":13.0,"key":"hubris:TenFootPole"},{"floor":33.0,"key":"infinitespire:PuzzleCube"},{"floor":34.0,"key":"Mirror"},{"floor":35.0,"key":"Ring of Hypnosis"},{"floor":35.0,"key":"ReplayTheSpireMod:Ring of Addiction"},{"floor":35.0,"key":"Potion Belt"},{"floor":35.0,"key":"White Beast Statue"},{"floor":48.0,"key":"Dead Branch"},{"floor":50.0,"key":"hexamod:BolsterEngine"},{"floor":67,"key":"Pear"},{"floor":70,"key":"TungstenRod"},{"floor":78,"key":"hubris:CrystalStatue"}],"event_choices":[{"cards_removed":["Fiend:FiendMeditate"],"damage_healed":0.0,"max_hp_gain":0.0,"max_hp_loss":0.0,"gold_gain":0.0,"event_name":"betterNote:BetterNote","player_choice":"Give","floor":2.0,"gold_loss":0.0,"damage_taken":0.0,"cards_obtained":["None"]},{"damage_healed":0.0,"max_hp_gain":0.0,"max_hp_loss":0.0,"gold_gain":1.0,"event_name":"betterStone:BetterStone","player_choice":"1","floor":12.0,"gold_loss":0.0,"damage_taken":0.0},{"damage_healed":0.0,"max_hp_gain":0.0,"max_hp_loss":0.0,"gold_gain":0.0,"event_name":"betterThird:BetterNest","player_choice":"Madness","floor":19.0,"gold_loss":0.0,"damage_taken":0.0,"relics_obtained":["betterThird:NestCultRelic"]},{"damage_healed":0.0,"max_hp_gain":0.0,"max_hp_loss":0.0,"gold_gain":0.0,"event_name":"The Woman in Blue","player_choice":"Bought 0 Potions","floor":22.0,"gold_loss":0.0,"damage_taken":0.0},{"damage_healed":0.0,"max_hp_gain":0.0,"max_hp_loss":8.0,"gold_gain":0.0,"event_name":"Golden Idol","player_choice":"Lose Max HP","floor":31.0,"gold_loss":0.0,"damage_taken":0.0,"relics_obtained":["Golden Idol"]},{"damage_healed":0.0,"max_hp_gain":0.0,"max_hp_loss":0.0,"gold_gain":0.0,"event_name":"Duplicator","player_choice":"Copied","floor":44.0,"gold_loss":0.0,"damage_taken":0.0,"cards_obtained":["conspire:Banana"]},{"damage_healed":0.0,"max_hp_gain":0.0,"max_hp_loss":0.0,"gold_gain":100.0,"event_name":"The Joust","player_choice":"Bet on Murderer","floor":45.0,"gold_loss":50.0,"damage_taken":0.0},{"damage_healed":0.0,"max_hp_gain":0.0,"max_hp_loss":0.0,"gold_gain":0.0,"event_name":"N\u0027loth","player_choice":"Traded Relic","floor":52.0,"relics_lost":["Ring of Hypnosis"],"gold_loss":0.0,"damage_taken":0.0,"relics_obtained":["Nloth\u0027s Gift"]}],"is_beta":false,"boss_relics":[{"not_picked":["bronze:MakeshiftBattery","aspiration:RunicSpoon"],"picked":"aspiration:SecretTechniqueScroll"},{"not_picked":["Busted Crown","hubris:Stopwatch"],"picked":"conspire:SlowCooker"},{"not_picked":["ChewingGum","ReplayTheSpireMod:SealedPack"],"picked":"aspiration:RitualDagger"}],"items_purged_floors":[4,27,65,77],"is_endless":false,"potions_floor_spawned":[1,5,18,26,32,37,38,40,42,43,46,48,49,54,55,57,59,60,62,63,68,78],"ascension_level":0}}