{"host":"i3w38rq1z4slkels","time":1613390542,"event":{"mods":["2.2 Compatiblity","Act Like it!","BaseMod","Better Match","Better Vampires","BetterRewards","Conspire","Downfall","Hallownest","Minty Spire (QoL Compilation)","Rare Cards Sparkle","Replay The Spire","StSLib","The Bug Knight"],"gold_per_floor":[109,127,127,127,127,127,155,171,171,196,208,171,182,201,201,201,201],"floor_reached":16,"language":"ENG","playtime":704,"items_purged":[],"score":142,"play_id":"6b10a972-b1aa-48f7-8fb4-6697f37b5163","local_time":"20210215190222","is_ascension_mode":true,"campfire_choices":[{"floor":6,"key":"RECALL"},{"data":"ForeignInfluence","floor":11,"key":"SMITH"},{"data":"Study","floor":15,"key":"SMITH"}],"circlet_count":0,"master_deck":["Strike_P","Strike_P","Strike_P","Defend_P","Defend_P","Defend_P","Eruption","Vigilance","ForeignInfluence+1","Steam","Prostrate","PathToVictory","Study+1"],"relics":["PureWater","NeowsBlessing","Replay:Rubber Ducky","Guardian:PocketSentry","Ginger","MawBank"],"acts_visited":["Exordium"],"potions_floor_usage":[10,13],"damage_taken":[{"damage":0,"enemies":"conspire:RoseBush","floor":1,"turns":1},{"damage":0,"enemies":"Small Slimes","floor":2,"turns":1},{"damage":0,"enemies":"Lagavulin","floor":7,"turns":1},{"damage":0,"enemies":"2 Louse","floor":8,"turns":2},{"damage":43,"enemies":"Gremlin Nob","floor":10,"turns":6},{"damage":0,"enemies":"Gremlin Gang","floor":13,"turns":4},{"damage":4,"enemies":"2 Fungi Beasts","floor":14,"turns":2},{"damage":43,"enemies":"The Guardian","floor":16,"turns":8}],"seed_played":"-3868547797022886480","potions_obtained":[{"floor":2,"key":"BlessingOfTheForge"},{"floor":7,"key":"Elixir"},{"floor":8,"key":"champ:CounterPotion"}],"is_trial":false,"path_per_floor":["M","M","?","?","T","R","E","M","T","E","R","$","M","M","R","B"],"character_chosen":"WATCHER","items_purchased":["PathToVictory"],"campfire_rested":0,"item_purchase_floors":[12],"current_hp_per_floor":[72,72,77,77,77,77,77,77,77,34,34,34,34,30,30,0,0],"gold":201,"neow_bonus":"THREE_ENEMY_KILL","is_daily":false,"chose_seed":false,"campfire_upgraded":2,"win_rate":0.0,"timestamp":1613390542,"path_taken":["M","M","?","?","?","R","E","M","T","E","R","$","?","M","R","BOSS"],"items_purchased_type":["Card"],"build_version":"2020-12-22","purchased_purges":0,"victory":false,"max_hp_per_floor":[72,72,77,77,77,77,77,77,77,77,77,77,77,77,77,77,77],"card_choices":[{"not_picked":["EmptyBody","WreathOfFlame","LikeWater"],"picked":"SKIP","floor":1},{"not_picked":["DeceiveReality","EmptyBody","FollowUp"],"picked":"SKIP","floor":2},{"not_picked":["SpiritShield","Consecrate","Replay:AtTheReady"],"picked":"SKIP","floor":7},{"not_picked":["Replay:Battleflow","Replay:ManipulateFuture"],"picked":"Prostrate","floor":8},{"not_picked":["EmptyMind","Protect","Halt"],"picked":"SKIP","floor":10},{"not_picked":["CutThroughFate","Tantrum","FlyingSleeves"],"picked":"SKIP","floor":13},{"not_picked":["Establishment","EmptyBody"],"picked":"Study","floor":14}],"player_experience":504776,"relics_obtained":[{"floor":5,"key":"Replay:Rubber Ducky"},{"floor":7,"key":"Guardian:PocketSentry"},{"floor":9,"key":"Ginger"},{"floor":10,"key":"MawBank"}],"event_choices":[{"damage_healed":0,"gold_gain":0,"player_choice":"Donut","damage_taken":0,"max_hp_gain":5,"max_hp_loss":0,"event_name":"Big Fish","floor":3,"gold_loss":0}],"is_beta":false,"boss_relics":[],"items_purged_floors":[],"is_endless":false,"potions_floor_spawned":[2,7,8],"killed_by":"The Guardian","ascension_level":1}}