{"host":"0unxf5n5bucfuoy7","time":1613429585,"event":{"mods":["Act Like it!","AlwaysNeverKeys","Ascension Reborn","Aspiration","BaseMod","Beaked The Cultist","Better Altar","Better Match","Better Note","Better Sensory Stone","Better Third Choice","Better Vampires","Challenge The Spire","Conspire","Custom Start","DeckTracker","Downfall","Elementarium","Fiend Mod","Friendly Minions","GifTheSpireLib","GungeonMod","Hallownest","Hubris","Infinite Spire","Marked Mod","Minty Spire (QoL Compilation)","Permanent Neow","Potionbrewer","Practice Mode","Quick Restart","Random Character Button","Relic Filter","Relic Sorter","Replay The Spire","Spikes Relics","StSLib","Stuff the Spire","The Bug Knight","The Death Knight","The Disciple","The Exalted","The Hierophant","The Necromancer","The Spell Scribe","Trackpad","Transform Curses","Wandering Minibosses"],"gold_per_floor":[116,129,29,29,40,69,79,90,172,34,34,34],"floor_reached":11,"language":"ENG","playtime":652,"items_purged":[],"score":75,"play_id":"b6d5d30f-7ce2-4565-9204-c7aa4ecd1c65","local_time":"20210215175305","is_ascension_mode":true,"campfire_choices":[],"circlet_count":0,"master_deck":["Strike_W","Strike_W","Strike_W","Strike_W","Defend_W","Defend_W","Defend_W","Negative_Energy_Arrows","Bone_Wall","Skeleton_Dragon","Bone_Armor","Pandemic","Ghostly","Consume_Illness","Necrotic_Claws","Reap_The_Weak","Whirlwind_of_Bones","Thousand_Bone_Knives","Summon_Death_Knight","Consume_Illness+1","Bone_Shift","Negative_Energy_Sphere"],"relics":["Vampire_Amulet","DemoMod:ChaffGrenade","Replay:Mystery Machine"],"acts_visited":["Exordium"],"potions_floor_usage":[],"damage_taken":[{"damage":3.0,"enemies":"Jaw Worm","floor":1.0,"turns":6.0},{"damage":0.0,"enemies":"conspire:RoseBush","floor":2.0,"turns":4.0},{"damage":1.0,"enemies":"Cultist","floor":5.0,"turns":4.0},{"damage":43.0,"enemies":"Lagavulin","floor":6.0,"turns":9.0},{"damage":2.0,"enemies":"Red Slaver","floor":7.0,"turns":4.0},{"damage":14.0,"enemies":"Exordium Wildlife","floor":8.0,"turns":5.0},{"damage":25,"enemies":"Replay:BlueRogue","floor":11,"turns":3}],"seed_played":"-3114737937726518319","potions_obtained":[{"floor":6.0,"key":"potionbrewer:CleansingPotion"},{"floor":7.0,"key":"hexamod:SoulburnPotion"}],"is_trial":false,"path_per_floor":["M","M","?","?","M","E","M","M","T","$","E"],"character_chosen":"NECROMANCER","items_purchased":["Summon_Death_Knight","Consume_Illness+1","Bone_Shift","Negative_Energy_Sphere"],"campfire_rested":0,"item_purchase_floors":[10,10,10,10],"current_hp_per_floor":[53,55,55,55,56,18,18,11,11,11,0,0],"gold":34,"neow_bonus":"THREE_RARE_CARDS","is_daily":false,"chose_seed":false,"campfire_upgraded":0,"win_rate":0.0,"timestamp":1613429585,"path_taken":["M","M","?","?","M","E","M","?","T","?","E"],"items_purchased_type":["Card","Card","Card","Card"],"build_version":"2020-12-22","purchased_purges":0,"victory":false,"max_hp_per_floor":[75,75,75,75,75,75,75,75,75,75,75,75],"card_choices":[{"not_picked":["Grasp_Heart","Blood_Wake"],"picked":"Skeleton_Dragon","floor":0.0},{"not_picked":["Bone_Spikes","Blood_Is_Power"],"picked":"Bone_Armor","floor":1.0},{"not_picked":["Negative_Energy_Shield","Bones_to_Steel"],"picked":"Pandemic","floor":2.0},{"not_picked":["Death_Coil","Scare"],"picked":"Necrotic_Claws","floor":5.0},{"not_picked":["Negative_Energy_Shield","Thousand_Bone_Knives"],"picked":"Reap_The_Weak","floor":6.0},{"not_picked":["Pandemic","Negative_Energy_Shield"],"picked":"Whirlwind_of_Bones","floor":7.0},{"not_picked":["Bones_to_Steel","Shackles_Of_Pain"],"picked":"Thousand_Bone_Knives","floor":8.0}],"player_experience":139980,"relics_obtained":[{"floor":6.0,"key":"Replay:Mystery Machine"},{"floor":9.0,"key":"DemoMod:ChaffGrenade"}],"event_choices":[{"damage_healed":0.0,"max_hp_gain":0.0,"max_hp_loss":0.0,"gold_gain":0.0,"event_name":"conspire:LoneGhost","player_choice":"Argue","floor":3.0,"gold_loss":0.0,"damage_taken":0.0},{"damage_healed":0.0,"max_hp_gain":0.0,"max_hp_loss":0.0,"gold_gain":0.0,"cards_transformed":["Defend_W"],"event_name":"Transmorgrifier","player_choice":"Transformed","floor":4.0,"gold_loss":0.0,"damage_taken":0.0,"cards_obtained":["Consume_Illness"]}],"is_beta":false,"boss_relics":[],"items_purged_floors":[],"is_endless":false,"potions_floor_spawned":[6,7],"killed_by":"Replay:BlueRogue","ascension_level":0}}