{"host":"4rvakrj1idbgia3f","time":1613394872,"event":{"mods":["BaseMod","Colored Map","Colored Powertips","DeckTracker","Highlight Path","Minty Spire (QoL Compilation)","Random Character Button","StSLib"],"gold_per_floor":[109,126,72,72,72,72,14,14,14,14,30,46,78,153,153,228,228,243,243,71,71,71],"floor_reached":21,"language":"JPN","playtime":522,"items_purged":[],"score":350,"play_id":"97c5ab78-365b-43e8-887a-ff2dcea2fe94","local_time":"20210215221432","is_ascension_mode":true,"campfire_choices":[{"data":"Apotheosis","floor":6,"key":"SMITH"},{"data":"Cold Snap","floor":8,"key":"SMITH"},{"data":"Cold Snap","floor":10,"key":"SMITH"},{"data":"Loop","floor":15,"key":"SMITH"}],"circlet_count":0,"master_deck":["AscendersBane","Strike_B","Strike_B","Strike_B","Strike_B","Defend_B","Defend_B","Defend_B","Defend_B","Zap","Dualcast","Apotheosis+1","Skim","Coolheaded","Cold Snap+1","Cold Snap+1","Ball Lightning","Loop+1","Ball Lightning","Fission","Consume"],"relics":["Cracked Core","Happy Flower","Matryoshka","Turnip","Inserter","OrangePellets"],"acts_visited":["Exordium","TheCity"],"potions_floor_usage":[18],"damage_taken":[{"damage":0,"enemies":"2 Louse","floor":1,"turns":2},{"damage":7,"enemies":"Jaw Worm","floor":2,"turns":4},{"damage":0,"enemies":"Small Slimes","floor":11,"turns":4},{"damage":0,"enemies":"Blue Slaver","floor":12,"turns":3},{"damage":3,"enemies":"Lagavulin","floor":13,"turns":6},{"damage":9,"enemies":"Hexaghost","floor":16,"turns":9},{"damage":16,"enemies":"Shell Parasite","floor":18,"turns":4},{"damage":0,"enemies":"3 Byrds","floor":21,"turns":2}],"seed_played":"-1879184664329902151","potions_obtained":[{"floor":12,"key":"SkillPotion"},{"floor":16,"key":"Strength Potion"}],"is_trial":false,"path_per_floor":["M","M","$","?","?","R","$","R","T","R","M","M","E","?","R","B",null,"M","?","$","M"],"character_chosen":"DEFECT","items_purchased":["Cold Snap","Cold Snap","OrangePellets"],"campfire_rested":0,"item_purchase_floors":[3,7,20],"current_hp_per_floor":[46,39,39,44,39,39,39,39,39,39,39,39,36,25,25,16,61,45,45,45,45,45],"gold":71,"neow_bonus":"RANDOM_COLORLESS_2","is_daily":false,"chose_seed":false,"campfire_upgraded":4,"win_rate":0.0,"timestamp":1613394872,"path_taken":["M","M","$","?","?","R","?","R","T","R","?","M","E","?","R","BOSS","M","?","$","?"],"items_purchased_type":["Card","Card","Relic"],"build_version":"2020-12-22","purchased_purges":0,"victory":false,"max_hp_per_floor":[71,71,71,76,76,76,76,76,76,76,76,76,76,76,76,76,76,76,76,76,76,76],"card_choices":[{"not_picked":["Sadistic Nature","Thinking Ahead"],"picked":"Apotheosis","floor":0},{"not_picked":["Turbo","Reprogram"],"picked":"Skim","floor":1},{"not_picked":["Steam","Compile Driver"],"picked":"Coolheaded","floor":2},{"not_picked":["Steam Power","Beam Cell"],"picked":"Ball Lightning","floor":11},{"not_picked":["Scrape","Leap"],"picked":"Loop","floor":12},{"not_picked":["Sunder","Sweeping Beam"],"picked":"Ball Lightning","floor":13},{"not_picked":["Creative AI","Buffer"],"picked":"Fission","floor":16},{"not_picked":["Cold Snap","Lockon"],"picked":"Consume","floor":18}],"player_experience":2392869,"relics_obtained":[{"floor":9,"key":"Matryoshka"},{"floor":13,"key":"Turnip"}],"event_choices":[{"damage_healed":0,"gold_gain":0,"player_choice":"Donut","damage_taken":0,"max_hp_gain":5,"max_hp_loss":0,"event_name":"Big Fish","floor":4,"gold_loss":0},{"damage_healed":0,"gold_gain":0,"player_choice":"Success","damage_taken":5,"relics_obtained":["Happy Flower"],"max_hp_gain":0,"max_hp_loss":0,"event_name":"Scrap Ooze","floor":5,"gold_loss":0},{"damage_healed":0,"gold_gain":75,"player_choice":"Gather Gold","damage_taken":11,"max_hp_gain":0,"max_hp_loss":0,"event_name":"World of Goop","floor":14,"gold_loss":0},{"damage_healed":0,"gold_gain":0,"player_choice":"Ignored","damage_taken":0,"max_hp_gain":0,"max_hp_loss":0,"event_name":"N\u0027loth","floor":19,"gold_loss":0}],"is_beta":false,"boss_relics":[{"not_picked":["Calling Bell","Empty Cage"],"picked":"Inserter"}],"items_purged_floors":[],"is_endless":false,"potions_floor_spawned":[12,16],"killed_by":"3 Byrds","ascension_level":20}}