{"host":"Kdaddybrian","time":1613422816,"event":{"mods":["AchievementEnabler","BaseMod","Bestiary","Colored Map","Colored Powertips","Minty Spire (QoL Compilation)","Potion Indicator Mod","Quick Restart","Rare Cards Sparkle","Relic Stats","StSLib","Uncapped","Weighted Paths"],"gold_per_floor":[112,129,140,159,170,170,170,170],"floor_reached":7,"language":"ENG","playtime":238,"items_purged":[],"score":70,"play_id":"be6c963c-f347-4467-bb63-0aa5e83bdf47","local_time":"20210215160016","is_ascension_mode":true,"campfire_choices":[{"floor":6,"key":"REST"}],"circlet_count":0,"master_deck":["AscendersBane","Strike_P","Strike_P","Strike_P","Strike_P","Defend_P","Defend_P","Defend_P","Defend_P","Eruption","Vigilance","FlyingSleeves","BowlingBash","Pray","Adaptation","ThirdEye"],"relics":["PureWater","NeowsBlessing"],"acts_visited":["Exordium"],"potions_floor_usage":[4],"damage_taken":[{"damage":0,"enemies":"Small Slimes","floor":1,"turns":1},{"damage":0,"enemies":"Jaw Worm","floor":2,"turns":1},{"damage":0,"enemies":"2 Louse","floor":3,"turns":1},{"damage":32,"enemies":"Gremlin Gang","floor":4,"turns":4},{"damage":24,"enemies":"Lots of Slimes","floor":5,"turns":7},{"damage":35,"enemies":"Gremlin Nob","floor":7,"turns":3}],"seed_played":"-4936776462744243416","potions_obtained":[{"floor":3,"key":"SteroidPotion"}],"is_trial":false,"path_per_floor":["M","M","M","M","M","R","E"],"character_chosen":"WATCHER","items_purchased":[],"campfire_rested":1,"item_purchase_floors":[],"current_hp_per_floor":[65,65,65,33,9,30,0,0],"gold":170,"neow_bonus":"THREE_ENEMY_KILL","is_daily":false,"chose_seed":false,"campfire_upgraded":0,"win_rate":0.0,"timestamp":1613422816,"path_taken":["M","M","M","M","M","R","E"],"items_purchased_type":[],"build_version":"2020-12-18","purchased_purges":0,"victory":false,"max_hp_per_floor":[72,72,72,72,72,72,72,72],"relic_stats":{"counters":[6,17],"obtain_stats":[{"NeowsBlessing":0,"PureWater":0},{"NeowsBlessing":0,"PureWater":0},{"NeowsBlessing":0,"PureWater":0}]},"card_choices":[{"not_picked":["Meditate","Prostrate"],"picked":"FlyingSleeves","floor":1},{"not_picked":["FlyingSleeves","PathToVictory"],"picked":"BowlingBash","floor":2},{"not_picked":["Halt","FlyingSleeves"],"picked":"Pray","floor":3},{"not_picked":["EmptyMind","JustLucky"],"picked":"Adaptation","floor":4},{"not_picked":["FollowUp","Prostrate"],"picked":"ThirdEye","floor":5}],"player_experience":3043355,"relics_obtained":[],"event_choices":[],"is_beta":true,"boss_relics":[],"items_purged_floors":[],"is_endless":false,"potions_floor_spawned":[3],"killed_by":"Gremlin Nob","ascension_level":11}}