{"host":"Lucas","time":1613418030,"event":{"mods":["BaseMod","Downfall","Minty Spire (QoL Compilation)","READ ME - Guardian Mod","StSLib","The Cursed","The Disciple","The Necromancer","The Servant 0.9.4"],"gold_per_floor":[99,114,99,109,127,144,225,89,104,124,124,134,134,159,170,270,270,270,287,301,401,411,511,511,528,528,112,147,159,185,431,447,546,546,546,558,575,593,593,593,593,493,593,606,183,211,211,14,28,28],"floor_reached":51,"language":"ENG","playtime":2698,"items_purged":["Normality"],"score":1006,"play_id":"3692021e-373e-4a29-b402-289ac1855d83","local_time":"20210215194030","is_ascension_mode":true,"campfire_choices":[{"data":"TheCursedMod:CursedWand","floor":1.0,"key":"SMITH"},{"floor":11.0,"key":"REST"},{"data":"TheCursedMod:HellsGateOpen","floor":13.0,"key":"SMITH"},{"data":"TheCursedMod:DarkBarrier","floor":18.0,"key":"SMITH"},{"floor":26.0,"key":"REST"},{"data":"TheCursedMod:VoidForm","floor":35,"key":"SMITH"},{"data":"TheCursedMod:AntiAging","floor":42,"key":"SMITH"},{"data":"TheCursedMod:VoidForm","floor":47,"key":"SMITH"}],"circlet_count":0,"master_deck":["TheCursedMod:Strike_TheCursed","TheCursedMod:Strike_TheCursed","TheCursedMod:Strike_TheCursed","TheCursedMod:Defend_TheCursed","TheCursedMod:Defend_TheCursed","TheCursedMod:Defend_TheCursed","TheCursedMod:Defend_TheCursed","TheCursedMod:CursedWand+1","TheCursedMod:CleanUpWorkshop","TheCursedMod:Dregs","TheCursedMod:DarkBarrier+1","TheCursedMod:VitalStrike","TheCursedMod:CursedBlade","TheCursedMod:CursedShiv","TheCursedMod:HellsGateOpen+1","TheCursedMod:TacticalStrike+1","TheCursedMod:ManaBullet+1","TheCursedMod:SpitefulStrike+1","TheCursedMod:CursedShiv+1","TheCursedMod:SurpriseAttack+1","TheCursedMod:CursedShiv+1","TheCursedMod:Torture","TheCursedMod:LuckyCharm","TheCursedMod:DemonSword+1","TheCursedMod:CursedStaff+1","TheCursedMod:SaltUponWound+1","TheCursedMod:ReleasedStrength","TheCursedMod:VitalStrike+1","TheCursedMod:FleshFromBone","J.A.X.","TheCursedMod:CursedBlade+1","downfall:Aged","TheCursedMod:DoubleShield+1","TheCursedMod:CursedShiv+1","TheCursedMod:SoulReap+1","TheCursedMod:SmokeScreen","TheCursedMod:AntiAging+1","TheCursedMod:SpitefulStrike+1","TheCursedMod:SurpriseAttack+1","TheCursedMod:CircleOfFlame","TheCursedMod:VoidForm+1","TheCursedMod:CursedBlade+1","TheCursedMod:Obscuration+1","TheCursedMod:CircleOfFlame+1","downfall:Haunted","downfall:Haunted","downfall:Haunted","downfall:Bewildered","Injury","TheCursedMod:VoidForm+1","TheCursedMod:CursedShiv+1","TheCursedMod:CircleOfBlood+1","TheCursedMod:HellsGateOpen+1"],"relics":["TheCursedMod:BlackMagic101","Molten Egg 2","Odd Mushroom","Lantern","Cursed Key","Ice Cream","StrikeDummy","MutagenicStrength","Boot","Mummified Hand","Lee\u0027s Waffle","Orichalcum","Ornamental Fan","SlaversCollar","The Courier","downfall:HeartBlessingGreen","Du-Vu Doll","Akabeko","Strawberry","Pen Nib","TheCursedMod:SoulVessel","Mercury Hourglass"],"acts_visited":["Exordium","TheCity","TheBeyond"],"potions_floor_usage":[33,50,50],"damage_taken":[{"damage":0.0,"enemies":"2 Louse","floor":2.0,"turns":3.0},{"damage":0.0,"enemies":"downfall:FleeingMerchant","floor":3.0,"turns":4.0},{"damage":2.0,"enemies":"Jaw Worm","floor":4.0,"turns":5.0},{"damage":0.0,"enemies":"Small Slimes","floor":5.0,"turns":2.0},{"damage":0.0,"enemies":"2 Fungi Beasts","floor":6.0,"turns":3.0},{"damage":0.0,"enemies":"downfall:FleeingMerchant","floor":8.0,"turns":4.0},{"damage":0.0,"enemies":"Exordium Wildlife","floor":9.0,"turns":2.0},{"damage":21.0,"enemies":"The Mushroom Lair","floor":10.0,"turns":4.0},{"damage":0.0,"enemies":"downfall:LooterAlt","floor":12.0,"turns":2.0},{"damage":22.0,"enemies":"Gremlin Nob","floor":14.0,"turns":4.0},{"damage":2.0,"enemies":"Exordium Thugs","floor":15.0,"turns":2.0},{"damage":17.0,"enemies":"SI_SHIV_ARCHETYPE","floor":16.0,"turns":4.0},{"damage":12.0,"enemies":"Shell Parasite","floor":19.0,"turns":3.0},{"damage":0.0,"enemies":"Chosen","floor":20.0,"turns":3.0},{"damage":10.0,"enemies":"DF_ARCHETYPE_STREAMLINE","floor":21.0,"turns":5.0},{"damage":1.0,"enemies":"Snecko","floor":22.0,"turns":3.0},{"damage":7.0,"enemies":"downfall:Augmenter","floor":23.0,"turns":5.0},{"damage":0.0,"enemies":"Snake Plant","floor":25.0,"turns":2.0},{"damage":6.0,"enemies":"downfall:FleeingMerchant","floor":27.0,"turns":4.0},{"damage":18.0,"enemies":"Gremlin Leader","floor":28.0,"turns":3.0},{"damage":6.0,"enemies":"Centurion and Healer","floor":29.0,"turns":3.0},{"damage":20.0,"enemies":"Slavers","floor":30.0,"turns":4.0},{"damage":0.0,"enemies":"downfall:FleeingMerchant","floor":31.0,"turns":1.0},{"damage":0,"enemies":"Sentry and Sphere","floor":32,"turns":2},{"damage":7,"enemies":"IC_MUSHROOM_ARCHETYPE","floor":33,"turns":3},{"damage":6,"enemies":"Orb Walker","floor":36,"turns":2},{"damage":0,"enemies":"3 Darklings","floor":37,"turns":4},{"damage":3,"enemies":"Maw","floor":38,"turns":6},{"damage":21,"enemies":"Writhing Mass","floor":44,"turns":3},{"damage":0,"enemies":"Reptomancer","floor":46,"turns":4},{"damage":0,"enemies":"Jaw Worm Horde","floor":49,"turns":2},{"damage":12,"enemies":"DF_ARCHETYPE_ORBS","floor":50,"turns":3}],"seed_played":"4378737037086263657","potions_obtained":[{"floor":4.0,"key":"BlessingOfTheForge"},{"floor":9.0,"key":"FearPotion"},{"floor":10.0,"key":"FearPotion"},{"floor":22.0,"key":"Guardian:BlockOnCardUsePotion"},{"floor":23.0,"key":"Fire Potion"},{"floor":30.0,"key":"champ:CounterPotion"},{"floor":33,"key":"bronze:BurnAndBuffPotion"},{"floor":37,"key":"TheCursedMod:DregsPotion"}],"is_trial":false,"path_per_floor":["R","M","$","M","M","M","T","$","M","?","R","M","R","E","M","B",null,"R","M","M","?","M","?","T","M","R","$","E","M","E","$","M","B",null,"R","M","M","M","?","?","T","R","?","M","?","E","R","$","M","B",null],"character_chosen":"THE_CURSED","items_purchased":["TheCursedMod:ManaBullet+1","TheCursedMod:SpitefulStrike+1","Mummified Hand","Lee\u0027s Waffle","TheCursedMod:SpitefulStrike+1","TheCursedMod:SurpriseAttack+1","Akabeko","Strawberry","Pen Nib","Mercury Hourglass"],"campfire_rested":2,"item_purchase_floors":[8,8,27,27,31,31,45,45,45,48],"current_hp_per_floor":[75,75,75,73,73,73,73,73,73,52,74,74,74,52,50,33,75,75,63,63,53,52,45,45,45,67,82,64,58,47,47,47,40,82,82,84,84,86,86,86,86,86,91,70,77,80,80,80,99,101],"gold":28,"neow_bonus":"ONE_RANDOM_RARE_CARD","is_daily":false,"chose_seed":false,"campfire_upgraded":6,"win_rate":0.0,"timestamp":1613418030,"path_taken":["R","M","$","M","M","M","T","$","M","?","R","M","R","E","M","BOSS","R","M","M","?","M","?","T","M","R","$","E","M","E","$","M","BOSS","R","M","M","M","?","?","T","R","?","M","?","E","R","$","M","BOSS"],"items_purchased_type":["Card","Card","Relic","Relic","Card","Card","Relic","Relic","Relic","Relic"],"build_version":"2020-12-18","purchased_purges":1,"victory":true,"max_hp_per_floor":[75,75,75,75,75,75,75,75,75,75,75,75,75,75,75,75,75,75,75,75,75,75,75,75,75,75,82,82,82,82,82,82,82,82,82,84,84,86,86,86,86,86,91,91,98,101,101,101,101,101],"card_choices":[{"not_picked":["TheCursedMod:RapidMovement","TheCursedMod:Stretching"],"picked":"TheCursedMod:VitalStrike","floor":2.0},{"not_picked":["TheCursedMod:Wield","TheCursedMod:CircleOfFlame"],"picked":"TheCursedMod:CursedBlade","floor":3.0},{"not_picked":["TheCursedMod:RavingStaff","TheCursedMod:SmokeScreen"],"picked":"TheCursedMod:CursedShiv","floor":4.0},{"not_picked":["TheCursedMod:RapidMovement","TheCursedMod:Hemoplague"],"picked":"TheCursedMod:HellsGateOpen","floor":5.0},{"not_picked":["TheCursedMod:BlessingInDisguise","TheCursedMod:Stretching"],"picked":"TheCursedMod:StingEye","floor":6.0},{"not_picked":["TheCursedMod:Obscuration","TheCursedMod:CursedMace+1"],"picked":"TheCursedMod:TacticalStrike+1","floor":8.0},{"not_picked":["TheCursedMod:Stigma+1","TheCursedMod:FleshFromBone"],"picked":"TheCursedMod:CursedShiv+1","floor":9.0},{"not_picked":["TheCursedMod:RavingStaff+1","TheCursedMod:SpitefulPlan"],"picked":"TheCursedMod:SurpriseAttack+1","floor":10.0},{"not_picked":["TheCursedMod:ManaCirculation","TheCursedMod:CursedAmulet"],"picked":"TheCursedMod:CursedShiv+1","floor":12.0},{"not_picked":["TheCursedMod:RavingStaff+1","TheCursedMod:FleshFromBone"],"picked":"TheCursedMod:Torture","floor":14.0},{"not_picked":["TheCursedMod:HellsGateOpen","TheCursedMod:Mangle+1"],"picked":"TheCursedMod:LuckyCharm","floor":15.0},{"not_picked":["TheCursedMod:CursedRelics+1","TheCursedMod:UltimatePain"],"picked":"TheCursedMod:DemonSword+1","floor":16.0},{"not_picked":["TheCursedMod:CursedAmulet","TheCursedMod:TacticalStrike+1"],"picked":"TheCursedMod:CursedStaff+1","floor":19.0},{"not_picked":["TheCursedMod:Obscuration","TheCursedMod:Wield+1"],"picked":"TheCursedMod:SaltUponWound+1","floor":20.0},{"not_picked":["TheCursedMod:CircleOfFocus","TheCursedMod:CursedShiv+1"],"picked":"TheCursedMod:ReleasedStrength","floor":21.0},{"not_picked":["TheCursedMod:SoulCrush+1","TheCursedMod:CircleOfWindfury+1"],"picked":"TheCursedMod:VitalStrike+1","floor":22.0},{"not_picked":[],"picked":"J.A.X.","floor":23.0},{"not_picked":["TheCursedMod:SmokeScreen","TheCursedMod:Wield+1"],"picked":"TheCursedMod:CursedBlade+1","floor":23.0},{"not_picked":["TheCursedMod:BloodBarrier","TheCursedMod:SmokeScreen"],"picked":"TheCursedMod:DoubleShield+1","floor":25.0},{"not_picked":["TheCursedMod:DoubleShield","TheCursedMod:Stretching"],"picked":"TheCursedMod:CursedShiv+1","floor":27.0},{"not_picked":["TheCursedMod:Stretching","TheCursedMod:SpitefulStrike+1"],"picked":"TheCursedMod:SoulReap+1","floor":28.0},{"not_picked":["TheCursedMod:FleshFromBone","TheCursedMod:EmpowerCircles"],"picked":"TheCursedMod:SmokeScreen","floor":29.0},{"not_picked":["TheCursedMod:Stigma+1","TheCursedMod:StingEye+1"],"picked":"TheCursedMod:AntiAging","floor":30.0},{"not_picked":["TheCursedMod:StingEye+1","TheCursedMod:SmokeScreen"],"picked":"TheCursedMod:CircleOfFlame","floor":32},{"not_picked":["TheCursedMod:UltimatePain","TheCursedMod:StunningStrike+1"],"picked":"TheCursedMod:VoidForm","floor":33},{"not_picked":["TheCursedMod:LuckyCharm","TheCursedMod:CursedSpellbook"],"picked":"TheCursedMod:CursedBlade+1","floor":36},{"not_picked":["TheCursedMod:Wield+1","TheCursedMod:CursedAmulet+1"],"picked":"TheCursedMod:Obscuration+1","floor":37},{"not_picked":["TheCursedMod:SmokeScreen+1","TheCursedMod:Hemoplague"],"picked":"TheCursedMod:CircleOfFlame+1","floor":38},{"not_picked":["TheCursedMod:Torture","TheCursedMod:PrepareRite+1"],"picked":"TheCursedMod:CursedShiv+1","floor":44},{"not_picked":["TheCursedMod:StingEye+1","TheCursedMod:CircleOfCorruption+1"],"picked":"TheCursedMod:CircleOfBlood+1","floor":46},{"not_picked":["TheCursedMod:SmokeScreen","TheCursedMod:CircleOfAbyss"],"picked":"TheCursedMod:HellsGateOpen+1","floor":49}],"player_experience":1327001,"relics_obtained":[{"floor":7.0,"key":"Molten Egg 2"},{"floor":10.0,"key":"Odd Mushroom"},{"floor":14.0,"key":"Lantern"},{"floor":21.0,"key":"Ice Cream"},{"floor":21.0,"key":"StrikeDummy"},{"floor":23.0,"key":"MutagenicStrength"},{"floor":24.0,"key":"Boot"},{"floor":28.0,"key":"Orichalcum"},{"floor":30.0,"key":"Ornamental Fan"},{"floor":41,"key":"The Courier"},{"floor":46,"key":"TheCursedMod:SoulVessel"}],"event_choices":[{"damage_healed":0.0,"max_hp_gain":0.0,"max_hp_loss":0.0,"gold_gain":0.0,"event_name":"Mushrooms","player_choice":"Fought Mushrooms","floor":10.0,"gold_loss":0.0,"damage_taken":0.0},{"cards_removed":["TheCursedMod:StingEye"],"damage_healed":0,"gold_gain":0,"player_choice":"Removed Attack","damage_taken":0,"max_hp_gain":0,"max_hp_loss":0,"event_name":"Falling","floor":40,"gold_loss":0}],"is_beta":true,"boss_relics":[{"not_picked":["Runic Dome","Fusion Hammer"],"picked":"Cursed Key"},{"not_picked":["Coffee Dripper","Astrolabe"],"picked":"SlaversCollar"}],"items_purged_floors":[45],"is_endless":false,"potions_floor_spawned":[4,9,10,14,22,23,30,33,37,44,46,49],"ascension_level":1}}