{"host":"lxu17chzujqn8whl","time":1613366454,"event":{"mods":["BaseMod","Minty Spire (QoL Compilation)","Relic Stats","StSLib"],"gold_per_floor":[154,154,8,65,20,20,68,157,157,197,220,264,264,279,279,452,452,476,476,539,583,626,667,667,706,706,779,779,376,444,490,490,490,490],"floor_reached":33,"language":"ENG","playtime":1282,"items_purged":["Fusion"],"score":316,"play_id":"b2da98be-a88f-4d2f-afaa-53b891699df3","local_time":"20210214212054","is_ascension_mode":false,"campfire_choices":[{"data":"HandOfGreed","floor":6.0,"key":"SMITH"},{"floor":13.0,"key":"REST"},{"floor":15,"key":"REST"},{"floor":24,"key":"REST"},{"data":"Electrodynamics","floor":32,"key":"SMITH"}],"circlet_count":0,"master_deck":["Zap","Dualcast","HandOfGreed+1","Hologram","Injury","Conserve Battery","Turbo","Sweeping Beam","Coolheaded","Seek","BootSequence","Aggregate","Ball Lightning","Tempest","Reboot","Steam","Compile Driver","Capacitor","Glacier","Defragment","Chill","Seek","Electrodynamics+1"],"relics":["Cracked Core","Golden Idol","DataDisk","Whetstone","PreservedInsect","Pandora\u0027s Box","Ornamental Fan","Bronze Scales","MealTicket","Happy Flower","Membership Card","Ancient Tea Set","Dream Catcher"],"acts_visited":["Exordium","TheCity"],"potions_floor_usage":[33],"damage_taken":[{"damage":2.0,"enemies":"Small Slimes","floor":1.0,"turns":3.0},{"damage":0.0,"enemies":"2 Louse","floor":7.0,"turns":2.0},{"damage":33.0,"enemies":"3 Sentries","floor":8.0,"turns":5.0},{"damage":1.0,"enemies":"Jaw Worm","floor":10.0,"turns":2.0},{"damage":15.0,"enemies":"Exordium Thugs","floor":11.0,"turns":3.0},{"damage":0.0,"enemies":"Exordium Wildlife","floor":12.0,"turns":4.0},{"damage":4,"enemies":"Blue Slaver","floor":14,"turns":4},{"damage":28,"enemies":"Slime Boss","floor":16,"turns":13},{"damage":0,"enemies":"Chosen","floor":18,"turns":3},{"damage":7,"enemies":"3 Byrds","floor":20,"turns":4},{"damage":14,"enemies":"Sentry and Sphere","floor":21,"turns":4},{"damage":28,"enemies":"Shelled Parasite and Fungi","floor":22,"turns":7},{"damage":3,"enemies":"Book of Stabbing","floor":23,"turns":5},{"damage":6,"enemies":"Gremlin Leader","floor":25,"turns":5},{"damage":0,"enemies":"3 Cultists","floor":27,"turns":6},{"damage":1,"enemies":"Sentry and Sphere","floor":30,"turns":6},{"damage":0,"enemies":"Centurion and Healer","floor":31,"turns":3},{"damage":68,"enemies":"Champ","floor":33,"turns":18}],"seed_played":"-697187218011881177","potions_obtained":[{"floor":7.0,"key":"Fruit Juice"},{"floor":14,"key":"Strength Potion"},{"floor":16,"key":"CultistPotion"},{"floor":20,"key":"SpeedPotion"},{"floor":30,"key":"PowerPotion"}],"is_trial":false,"path_per_floor":["M","?","$","?","$","R","M","E","T","M","M","M","R","M","R","B",null,"M","?","M","M","M","E","R","E","T","M","?","$","M","M","R","B"],"character_chosen":"DEFECT","items_purchased":["DataDisk","Conserve Battery","Membership Card","Ancient Tea Set","Dream Catcher","Seek"],"campfire_rested":3,"item_purchase_floors":[3,5,29,29,29,29],"current_hp_per_floor":[73,73,73,73,73,73,78,45,45,44,29,29,53,49,73,45,80,80,80,73,59,31,28,52,46,46,46,46,61,60,60,60,0,0],"gold":490,"neow_bonus":"RANDOM_COLORLESS_2","is_daily":false,"chose_seed":false,"campfire_upgraded":2,"win_rate":0.0,"timestamp":1613366454,"path_taken":["M","?","$","?","?","R","M","E","T","M","?","M","R","M","R","BOSS","M","?","M","M","M","E","R","E","T","M","?","$","M","M","R","BOSS"],"items_purchased_type":["Relic","Card","Relic","Relic","Relic","Card"],"build_version":"2020-12-22","purchased_purges":1,"victory":false,"max_hp_per_floor":[75,75,75,75,75,75,80,80,80,80,80,80,80,80,80,80,80,80,80,80,80,80,80,80,80,80,80,80,80,80,80,80,80,80],"relic_stats":{"Dream Catcher":0,"Happy Flower":[11],"counters":[18,97],"Golden Idol":98,"Ornamental Fan":[12],"Bronze Scales":[76],"Pandora\u0027s Box":["BootSequence","Aggregate","Ball Lightning","Tempest","Reboot","Fusion","Steam","Compile Driver"],"MealTicket":15,"PreservedInsect":84,"Whetstone":["Strike_B","Strike_B"],"obtain_stats":[{"Happy Flower":26,"Golden Idol":2,"PreservedInsect":9,"Whetstone":8,"Ancient Tea Set":29,"DataDisk":3,"Dream Catcher":29,"Ornamental Fan":19,"Bronze Scales":23,"Pandora\u0027s Box":17,"MealTicket":25,"Membership Card":29,"Cracked Core":0},{"Happy Flower":14,"Golden Idol":1,"PreservedInsect":3,"Whetstone":3,"Ancient Tea Set":15,"DataDisk":1,"Dream Catcher":15,"Ornamental Fan":9,"Bronze Scales":13,"Pandora\u0027s Box":8,"MealTicket":14,"Membership Card":15,"Cracked Core":0},{"Happy Flower":64,"Golden Idol":3,"PreservedInsect":10,"Whetstone":10,"Ancient Tea Set":70,"DataDisk":3,"Dream Catcher":70,"Ornamental Fan":39,"Bronze Scales":59,"Pandora\u0027s Box":36,"MealTicket":64,"Membership Card":70,"Cracked Core":0}]},"card_choices":[{"not_picked":["Master of Strategy","Violence"],"picked":"HandOfGreed","floor":0.0},{"not_picked":["Ball Lightning","Skim"],"picked":"Hologram","floor":1.0},{"not_picked":["Stack","Reinforced Body","Redo"],"picked":"SKIP","floor":7.0},{"not_picked":["Chaos","Hello World"],"picked":"Turbo","floor":8.0},{"not_picked":["Rebound","FTL"],"picked":"Sweeping Beam","floor":10.0},{"not_picked":["Lockon","Sweeping Beam","Redo"],"picked":"SKIP","floor":11.0},{"not_picked":["Turbo","Reinforced Body","Steam Power"],"picked":"SKIP","floor":12.0},{"not_picked":["Steam Power","Conserve Battery"],"picked":"Coolheaded","floor":14},{"not_picked":["Meteor Strike","All For One"],"picked":"Seek","floor":16},{"not_picked":["Sunder","Go for the Eyes"],"picked":"Capacitor","floor":18},{"not_picked":["Go for the Eyes+1","Tempest+1"],"picked":"Glacier","floor":20},{"not_picked":["Leap+1","Go for the Eyes","Fusion+1"],"picked":"SKIP","floor":21},{"not_picked":["Streamline","Go for the Eyes"],"picked":"Defragment","floor":22},{"not_picked":["Barrage+1","Turbo"],"picked":"Chill","floor":23},{"not_picked":["Leap","Steam+1","Reinforced Body"],"picked":"SKIP","floor":25},{"not_picked":["Stack+1","Sweeping Beam","Redo+1"],"picked":"SKIP","floor":27},{"not_picked":["Double Energy","Chill"],"picked":"Electrodynamics","floor":30},{"not_picked":["Lockon","Steam","Compile Driver"],"picked":"SKIP","floor":31}],"player_experience":680017,"relics_obtained":[{"floor":8.0,"key":"Whetstone"},{"floor":9.0,"key":"PreservedInsect"},{"floor":23,"key":"Bronze Scales"},{"floor":25,"key":"MealTicket"},{"floor":26,"key":"Happy Flower"}],"event_choices":[{"damage_healed":0.0,"max_hp_gain":0.0,"max_hp_loss":0.0,"gold_gain":0.0,"event_name":"Golden Idol","player_choice":"Take Wound","floor":2.0,"gold_loss":0.0,"damage_taken":0.0,"relics_obtained":["Golden Idol"],"cards_obtained":["Injury"]},{"damage_healed":0.0,"max_hp_gain":0.0,"max_hp_loss":0.0,"gold_gain":57.0,"event_name":"Golden Wing","player_choice":"Gained Gold","floor":4.0,"gold_loss":0.0,"damage_taken":0.0},{"damage_healed":0,"gold_gain":0,"player_choice":"Opened","damage_taken":0,"relics_obtained":["Ornamental Fan"],"max_hp_gain":0,"max_hp_loss":0,"event_name":"The Mausoleum","floor":19,"gold_loss":0},{"cards_removed":["Shame"],"damage_healed":0,"gold_gain":0,"player_choice":"Elegance","damage_taken":0,"max_hp_gain":0,"max_hp_loss":0,"event_name":"Back to Basics","floor":28,"gold_loss":0}],"is_beta":false,"boss_relics":[{"not_picked":["SacredBark","Velvet Choker"],"picked":"Pandora\u0027s Box"}],"items_purged_floors":[29],"is_endless":false,"potions_floor_spawned":[7,14,16,20,25,27,30],"killed_by":"Champ","ascension_level":0}}