{"host":"q5l3nirlejh5mn15","time":1613363939,"event":{"mods":["BaseMod","Bossed Relics","Downfall","Energized Spire","FoggyMod","Hermit","Koishi","Lobotomy","LobotomyExtend","Marisa£¨ìFÓê¡¡Ä§ÀíÉ³£©","Minty Spire (QoL Compilation)","MostiFishMod","Reimu£¨²©ÀöÁéÃÎ£©","Relic Filter Mod","Reliquary","Remilia£¨ÀÙÃ×ÀòÑÇ£©","RumiaBox-Â¶Ã×æ«µÄÉñÃØºÐ×Ó","Spicy Shops","StSLib","TestMod","The Hierophant","The Servant 0.9.4","UnlockEverythingMod","¡¾¹¦ÄÜMod¡¿»ìãçÖ®»·ÐÞ¸´²¹¶¡","¡¾ÒÅÎï¿¨ÅÆ¡¿REMEMod"],"gold_per_floor":[100,60,123,123,139,139,139,172,572,572,607,621,242,262,281,282,282],"floor_reached":16,"language":"ZHS","playtime":559,"items_purged":["DreamingCurrent"],"score":108,"play_id":"c7b1579d-16e7-4b8b-ab7a-c12c77ed528a","local_time":"20210215123859","is_ascension_mode":false,"campfire_choices":[],"circlet_count":0,"master_deck":["SpecialBullet","SpecialBullet","SpecialBullet","SpecialBullet","SpecialBullet","SpecialBullet","SpecialBullet","InformationCode","ExtractionCode","CentralCode","Mimicry+1","LaLuna","WristCuter","WristCuter","ShyLook","Adoration+1","FairyFestival","CherryBlossom+1","downfall:Malfunctioning","SnowQueen","Logging","Loneliness","OldLady","Regret_ego","GreedKing","WristCuter","Ecstasy","QueenBee","TheSmile"],"relics":["CogitoBucket","testmod-TestBox","REME_ComplimentaryCards","testmod-Acrobat","ShadowXiaoBlade","PaintedHorse:ReiMu","Boot","LetterFromLob","MealTicket","reliquary:SharkskinSheath","REME_CardOfGreed","reliquary:Knoch","SkinProphecy"],"acts_visited":["Exordium"],"potions_floor_usage":[11,16],"damage_taken":[{"damage":31,"enemies":"Lagavulin Event","floor":3,"turns":4},{"damage":5,"enemies":"Jaw Worm","floor":5,"turns":2},{"damage":13,"enemies":"Lagavulin","floor":8,"turns":3},{"damage":9,"enemies":"Gremlin Nob","floor":11,"turns":3},{"damage":5,"enemies":"2 Louse","floor":12,"turns":2},{"damage":0,"enemies":"downfall:FleeingMerchant","floor":13,"turns":4},{"damage":52,"enemies":"Cultist","floor":14,"turns":3},{"damage":10,"enemies":"downfall:LooterAlt","floor":15,"turns":2},{"damage":1,"enemies":"SI_SHIV_ARCHETYPE","floor":16,"turns":2}],"seed_played":"1148049338834147645","potions_obtained":[{"floor":11,"key":"EntropicBrew"}],"is_trial":false,"path_per_floor":["R","?","?","?","M","R","T","E","?","?","E","M","$","M","M","B"],"character_chosen":"Angela","items_purchased":["REME_CardOfGreed","reliquary:Knoch"],"campfire_rested":0,"item_purchase_floors":[13,13],"current_hp_per_floor":[77,77,46,58,53,53,53,40,40,40,31,26,65,15,1,0,0],"gold":282,"neow_bonus":"TEN_PERCENT_HP_BONUS","is_daily":false,"chose_seed":false,"campfire_upgraded":0,"win_rate":0.0,"timestamp":1613363939,"path_taken":["R","?","?","?","?","R","T","E","?","?","E","?","$","?","M","BOSS"],"items_purchased_type":["Relic","Relic"],"build_version":"2020-12-22","purchased_purges":1,"victory":false,"max_hp_per_floor":[77,77,77,77,77,77,77,77,77,77,77,77,77,77,79,81,81],"card_choices":[{"not_picked":["Wellcheers","Scorched"],"picked":"LaLuna","floor":3},{"not_picked":["Beak"],"picked":"WristCuter","floor":3},{"not_picked":["InTheNameOfLoveAndHate"],"picked":"WristCuter","floor":3},{"not_picked":["SpiderBud","BigBird"],"picked":"ShyLook","floor":5},{"not_picked":["SwordSharpenedByTears"],"picked":"Adoration","floor":5},{"not_picked":["Bloodbath","PunishingBird"],"picked":"FairyFestival","floor":8},{"not_picked":["CrimsonScar"],"picked":"CherryBlossom","floor":8},{"not_picked":["CUTE","FeatherOfHonor"],"picked":"SKIP","floor":8},{"not_picked":["Porccubus","Yin"],"picked":"SnowQueen","floor":11},{"not_picked":["WristCuter"],"picked":"Logging","floor":11},{"not_picked":["Freischutz","BigBird"],"picked":"DreamingCurrent","floor":12},{"not_picked":["Lantern"],"picked":"Loneliness","floor":12},{"not_picked":["BlackSwan","BigBird"],"picked":"OldLady","floor":13},{"not_picked":["InTheNameOfLoveAndHate"],"picked":"Regret_ego","floor":13},{"not_picked":["CherryBlossoms","SpiderBud"],"picked":"GreedKing","floor":14},{"not_picked":["Horn"],"picked":"WristCuter","floor":14},{"not_picked":["Galaxy","Amita"],"picked":"SKIP","floor":14},{"not_picked":["Lantern"],"picked":"Ecstasy","floor":15},{"not_picked":["HeroicMonk","OSAHOGD"],"picked":"QueenBee","floor":15},{"not_picked":["Noise"],"picked":"TheSmile","floor":15}],"player_experience":277787,"relics_obtained":[{"floor":5,"key":"LetterFromLob"},{"floor":8,"key":"MealTicket"},{"floor":11,"key":"reliquary:SharkskinSheath"}],"event_choices":[{"damage_healed":0,"gold_gain":0,"player_choice":"ÈûÇ®","damage_taken":0,"relics_obtained":["PaintedHorse:ReiMu"],"max_hp_gain":0,"max_hp_loss":0,"event_name":"yidonshenshe","floor":2,"gold_loss":40},{"damage_healed":0,"gold_gain":400,"player_choice":"Sell","damage_taken":0,"max_hp_gain":0,"max_hp_loss":0,"event_name":"¶÷ÂåË¹µÄÅÌ×Ó","floor":9,"relics_lost":["DaveBox"],"gold_loss":0}],"is_beta":false,"boss_relics":[],"items_purged_floors":[13],"is_endless":false,"potions_floor_spawned":[11,14,15],"killed_by":"SI_SHIV_ARCHETYPE","ascension_level":0}}