{"host":"q8mjpf3krl0t4p3x","time":1613366670,"event":{"mods":["BaseMod","Colored Map","Colored Powertips","Googly Eyes","Minty Spire (QoL Compilation)","Quick Restart","StSLib","everything is the same but u backflip on backflip","slay the spire mod where everything is the same but ironclad has a cowboy hat"],"gold_per_floor":[112,112,112,112,40,40,52,85,85,109,109,109,121,135,135,233,233,245,18,34,46,46,46,56,56,83,83,103,103,118,66,66,162,162,175,189,40,53,66,366,377,377,377,377,396,396,19,39,39,39],"floor_reached":51,"language":"ENG","playtime":2021,"items_purged":[],"score":801,"play_id":"998608c9-4c8e-4071-a5dc-a1c4ab0e49fa","local_time":"20210214212430","is_ascension_mode":false,"campfire_choices":[{"data":"Eruption","floor":6.0,"key":"SMITH"},{"data":"BattleHymn","floor":11.0,"key":"SMITH"},{"floor":15.0,"key":"REST"},{"data":"MentalFortress","floor":23.0,"key":"SMITH"},{"data":"MentalFortress","floor":29.0,"key":"SMITH"},{"floor":32.0,"key":"REST"},{"floor":44.0,"key":"REST"},{"floor":49.0,"key":"REST"}],"circlet_count":0,"master_deck":["Strike_P","Strike_P","Strike_P","Strike_P","Defend_P","Defend_P","Defend_P","Defend_P","Eruption+1","Vigilance+1","EmptyMind","BattleHymn+1","EmptyBody","Halt","MentalFortress+1","MentalFortress+1","CurseOfTheBell","Tantrum","FlurryOfBlows","Consecrate+1","EmptyFist","SignatureMove+1","Conclude+1"],"relics":["PureWater","Toy Ornithopter","Vajra","Pantograph","Odd Mushroom","Calling Bell","Happy Flower","Darkstone Periapt","Dead Branch","Anchor","Fusion Hammer","HandDrill","Ginger","Strawberry","Potion Belt"],"acts_visited":["Exordium","TheCity","TheBeyond"],"potions_floor_usage":[50,50,50,50,50],"damage_taken":[{"damage":2.0,"enemies":"Cultist","floor":1.0,"turns":3.0},{"damage":0.0,"enemies":"Small Slimes","floor":7.0,"turns":2.0},{"damage":12.0,"enemies":"3 Sentries","floor":8.0,"turns":6.0},{"damage":8.0,"enemies":"The Mushroom Lair","floor":10.0,"turns":5.0},{"damage":0.0,"enemies":"Jaw Worm","floor":13.0,"turns":2.0},{"damage":0.0,"enemies":"Exordium Wildlife","floor":14.0,"turns":3.0},{"damage":0.0,"enemies":"Slime Boss","floor":16.0,"turns":4.0},{"damage":2.0,"enemies":"Spheric Guardian","floor":18.0,"turns":3.0},{"damage":12.0,"enemies":"3 Byrds","floor":20.0,"turns":4.0},{"damage":26.0,"enemies":"Snake Plant","floor":21.0,"turns":8.0},{"damage":7.0,"enemies":"3 Cultists","floor":24.0,"turns":3.0},{"damage":0.0,"enemies":"Cultist and Chosen","floor":28.0,"turns":4.0},{"damage":8.0,"enemies":"Sentry and Sphere","floor":30.0,"turns":4.0},{"damage":12.0,"enemies":"Collector","floor":33.0,"turns":3.0},{"damage":0.0,"enemies":"3 Darklings","floor":35.0,"turns":3.0},{"damage":0.0,"enemies":"Orb Walker","floor":36.0,"turns":2.0},{"damage":4.0,"enemies":"4 Shapes","floor":38.0,"turns":3.0},{"damage":0.0,"enemies":"Jaw Worm Horde","floor":39.0,"turns":3.0},{"damage":21.0,"enemies":"Maw","floor":41.0,"turns":7.0},{"damage":1.0,"enemies":"3 Darklings","floor":42.0,"turns":2.0},{"damage":16.0,"enemies":"Writhing Mass","floor":45.0,"turns":4.0},{"damage":26.0,"enemies":"Spire Growth","floor":48.0,"turns":4.0},{"damage":37,"enemies":"Awakened One","floor":50,"turns":10}],"seed_played":"455536016576581627","potions_obtained":[{"floor":7.0,"key":"LiquidMemories"},{"floor":13.0,"key":"SneckoOil"},{"floor":16.0,"key":"BottledMiracle"},{"floor":20.0,"key":"ColorlessPotion"},{"floor":36.0,"key":"SkillPotion"},{"floor":38.0,"key":"EntropicBrew"},{"floor":45.0,"key":"GamblersBrew"},{"floor":48.0,"key":"Weak Potion"}],"is_trial":false,"path_per_floor":["M","?","?","?","$","R","M","E","T","?","R","?","M","M","R","B",null,"M","$","M","M","?","R","M","$","T","?","M","R","M","$","R","B",null,"M","M","$","M","M","?","M","M","T","R","M","?","$","M","R","B",null],"character_chosen":"WATCHER","items_purchased":["BattleHymn","Tantrum","DuplicationPotion","DuplicationPotion","Strength Potion","HandDrill","Strawberry","Potion Belt","EssenceOfSteel"],"campfire_rested":4,"item_purchase_floors":[5,19,19,19,31,37,47,47,47],"current_hp_per_floor":[77,52,52,57,57,57,57,45,45,37,37,37,37,37,62,84,84,82,82,72,46,46,46,44,44,44,44,44,44,36,36,61,72,84,84,84,84,80,84,84,63,67,67,84,68,68,75,49,76,69],"gold":39,"neow_bonus":"TEN_PERCENT_HP_BONUS","is_daily":false,"chose_seed":false,"campfire_upgraded":4,"win_rate":0.0,"timestamp":1613366670,"path_taken":["M","?","?","?","?","R","?","E","T","?","R","?","M","M","R","BOSS","M","$","M","M","?","R","M","?","T","?","M","R","M","$","R","BOSS","M","M","$","?","M","?","?","M","T","R","M","?","?","M","R","BOSS"],"items_purchased_type":["Card","Card","Potion","Potion","Potion","Relic","Relic","Relic","Potion"],"build_version":"2020-12-22","purchased_purges":0,"victory":true,"max_hp_per_floor":[79,79,79,84,84,84,84,84,84,84,84,84,84,84,84,84,84,84,84,84,84,84,84,84,84,84,84,84,84,84,84,84,84,84,84,84,84,84,84,84,84,84,84,84,84,84,91,91,91,91],"card_choices":[{"not_picked":["ThirdEye","EmptyBody"],"picked":"EmptyMind","floor":1.0},{"not_picked":["Prostrate","CutThroughFate"],"picked":"EmptyBody","floor":7.0},{"not_picked":["Study","BattleHymn"],"picked":"Halt","floor":8.0},{"not_picked":["Brilliance","Prostrate"],"picked":"MentalFortress","floor":10.0},{"not_picked":["Study","WaveOfTheHand","Crescendo"],"picked":"SKIP","floor":13.0},{"not_picked":["CutThroughFate","ThirdEye"],"picked":"MentalFortress","floor":14.0},{"not_picked":["FearNoEvil+1","ThirdEye","SashWhip"],"picked":"SKIP","floor":18.0},{"not_picked":["Wallop+1","ForeignInfluence+1"],"picked":"FlurryOfBlows","floor":20.0},{"not_picked":["Evaluate","FlurryOfBlows"],"picked":"Consecrate+1","floor":21.0},{"not_picked":["SashWhip+1","Tantrum+1"],"picked":"EmptyFist","floor":24.0},{"not_picked":["FollowUp","WheelKick","WaveOfTheHand"],"picked":"SKIP","floor":28.0},{"not_picked":["SandsOfTime","Study","SashWhip+1"],"picked":"SKIP","floor":30.0},{"not_picked":["ThirdEye+1","Study","Weave"],"picked":"SKIP","floor":35.0},{"not_picked":["FlurryOfBlows","WreathOfFlame","Prostrate"],"picked":"SKIP","floor":36.0},{"not_picked":["BowlingBash","SashWhip+1"],"picked":"SignatureMove+1","floor":38.0},{"not_picked":["WindmillStrike+1","ThirdEye"],"picked":"Conclude+1","floor":39.0},{"not_picked":["Evaluate","CrushJoints","ClearTheMind+1"],"picked":"SKIP","floor":41.0},{"not_picked":["Indignation+1","Crescendo","Prostrate"],"picked":"SKIP","floor":45.0},{"not_picked":["TalkToTheHand+1","CrushJoints+1","Protect"],"picked":"SKIP","floor":48.0}],"player_experience":115437,"relics_obtained":[{"floor":8.0,"key":"Vajra"},{"floor":9.0,"key":"Pantograph"},{"floor":10.0,"key":"Odd Mushroom"},{"floor":17.0,"key":"Happy Flower"},{"floor":17.0,"key":"Darkstone Periapt"},{"floor":17.0,"key":"Dead Branch"},{"floor":26.0,"key":"Anchor"},{"floor":43.0,"key":"Ginger"}],"event_choices":[{"damage_healed":0.0,"max_hp_gain":0.0,"max_hp_loss":0.0,"gold_gain":0.0,"event_name":"Scrap Ooze","player_choice":"Success","floor":2.0,"gold_loss":0.0,"damage_taken":25.0,"relics_obtained":["Toy Ornithopter"]},{"damage_healed":0.0,"max_hp_gain":0.0,"max_hp_loss":0.0,"gold_gain":0.0,"event_name":"Living Wall","player_choice":"Grow","floor":3.0,"gold_loss":0.0,"damage_taken":0.0,"cards_upgraded":["Vigilance"]},{"damage_healed":0.0,"max_hp_gain":5.0,"max_hp_loss":0.0,"gold_gain":0.0,"event_name":"Big Fish","player_choice":"Donut","floor":4.0,"gold_loss":0.0,"damage_taken":0.0},{"damage_healed":0.0,"max_hp_gain":0.0,"max_hp_loss":0.0,"gold_gain":0.0,"event_name":"Mushrooms","player_choice":"Fought Mushrooms","floor":10.0,"gold_loss":0.0,"damage_taken":0.0},{"damage_healed":0.0,"max_hp_gain":0.0,"max_hp_loss":0.0,"gold_gain":0.0,"event_name":"Liars Game","player_choice":"Ignored","floor":12.0,"gold_loss":0.0,"damage_taken":0.0},{"damage_healed":0.0,"max_hp_gain":0.0,"max_hp_loss":0.0,"gold_gain":0.0,"event_name":"NoteForYourself","player_choice":"Ignored","floor":22.0,"gold_loss":0.0,"damage_taken":0.0},{"damage_healed":0.0,"max_hp_gain":0.0,"max_hp_loss":0.0,"gold_gain":0.0,"event_name":"The Woman in Blue","player_choice":"Bought 0 Potions","floor":27.0,"gold_loss":0.0,"damage_taken":0.0},{"damage_healed":0.0,"max_hp_gain":0.0,"max_hp_loss":0.0,"gold_gain":300.0,"event_name":"Wheel of Change","player_choice":"Gold","floor":40.0,"gold_loss":0.0,"damage_taken":0.0},{"damage_healed":0.0,"max_hp_gain":0.0,"max_hp_loss":0.0,"gold_gain":0.0,"event_name":"SensoryStone","player_choice":"Memory 1","floor":46.0,"gold_loss":0.0,"damage_taken":0.0}],"is_beta":false,"boss_relics":[{"not_picked":["Philosopher\u0027s Stone","SacredBark"],"picked":"Calling Bell"},{"not_picked":["Black Star","Coffee Dripper"],"picked":"Fusion Hammer"}],"items_purged_floors":[],"is_endless":false,"potions_floor_spawned":[7,13,16,20,21,36,38,45,48],"ascension_level":0}}