{"host":"kh6fvhxn285ncg0o","time":1613353398,"event":{"mods":["Act Like it!","BaseMod","Colored Map","Friendly Minions","Keyboard Shortcuts","Minty Spire (QoL Compilation)","Quick Restart","Relic Stats","StSLib","SuperFastMode","UnlockEverythingMod"],"gold_per_floor":[119,119,194,217,217,236,236,318,342,385,404,404,404],"floor_reached":12,"language":"KOR","playtime":219,"items_purged":[],"score":156,"play_id":"c020bd03-5e11-457b-b0fc-d7490a3ddd9e","local_time":"20210215104318","is_ascension_mode":true,"campfire_choices":[{"data":"Bouncing Flask","floor":7,"key":"SMITH"}],"circlet_count":0,"master_deck":["AscendersBane","Strike_G+1","Strike_G","Strike_G","Strike_G","Strike_G","Defend_G","Defend_G","Defend_G","Defend_G+1","Defend_G","Survivor","Neutralize","Bouncing Flask+1","Dash","Tactician","Noxious Fumes"],"relics":["Snecko Eye","Golden Idol","Strawberry","Happy Flower"],"acts_visited":["Exordium"],"potions_floor_usage":[10,12],"damage_taken":[{"damage":4,"enemies":"Jaw Worm","floor":1,"turns":7},{"damage":10,"enemies":"Small Slimes","floor":4,"turns":5},{"damage":2,"enemies":"2 Louse","floor":6,"turns":2},{"damage":9,"enemies":"Lagavulin","floor":10,"turns":5},{"damage":6,"enemies":"2 Fungi Beasts","floor":11,"turns":3},{"damage":10,"enemies":"3 Sentries","floor":12,"turns":4}],"seed_played":"-8390335421391526926","potions_obtained":[{"floor":4,"key":"Block Potion"},{"floor":6,"key":"SkillPotion"}],"is_trial":false,"path_per_floor":["M","?","?","M","?","M","R","T","T","E","M","E"],"character_chosen":"THE_SILENT","items_purchased":[],"campfire_rested":0,"item_purchase_floors":[],"current_hp_per_floor":[55,55,44,34,16,14,14,14,21,12,6,0,0],"gold":404,"neow_bonus":"BOSS_RELIC","is_daily":false,"chose_seed":false,"campfire_upgraded":1,"win_rate":0.0,"timestamp":1613353398,"path_taken":["M","?","?","M","?","M","R","?","T","E","M","E"],"items_purchased_type":[],"build_version":"2020-12-22","purchased_purges":0,"victory":false,"max_hp_per_floor":[66,60,60,60,60,60,60,60,67,67,67,67,67],"relic_stats":{"Happy Flower":[2],"counters":[6,26],"Golden Idol":22,"Snecko Eye":[38,46,35,48],"obtain_stats":[{"Happy Flower":10,"Golden Idol":2,"Strawberry":9,"Snecko Eye":0,"Ring of the Snake":0},{"Happy Flower":4,"Golden Idol":1,"Strawberry":3,"Snecko Eye":0,"Ring of the Snake":0},{"Happy Flower":19,"Golden Idol":7,"Strawberry":14,"Snecko Eye":0,"Ring of the Snake":0}]},"card_choices":[{"not_picked":["Blade Dance","Heel Hook"],"picked":"Bouncing Flask","floor":4},{"not_picked":["Backflip","Blade Dance"],"picked":"Dash","floor":6},{"not_picked":["Terror","Reflex"],"picked":"Tactician","floor":10},{"not_picked":["Poisoned Stab","Distraction"],"picked":"Noxious Fumes","floor":11}],"player_experience":1419880,"relics_obtained":[{"floor":9,"key":"Strawberry"},{"floor":10,"key":"Happy Flower"}],"event_choices":[{"damage_healed":0,"gold_gain":0,"player_choice":"Lose Max HP","damage_taken":0,"relics_obtained":["Golden Idol"],"max_hp_gain":0,"max_hp_loss":6,"event_name":"Golden Idol","floor":2,"gold_loss":0},{"damage_healed":0,"gold_gain":75,"player_choice":"Gather Gold","damage_taken":11,"max_hp_gain":0,"max_hp_loss":0,"event_name":"World of Goop","floor":3,"gold_loss":0},{"damage_healed":0,"gold_gain":0,"player_choice":"Entered Light","damage_taken":18,"max_hp_gain":0,"max_hp_loss":0,"event_name":"Shining Light","floor":5,"gold_loss":0,"cards_upgraded":["Strike_G","Defend_G"]}],"is_beta":false,"boss_relics":[],"items_purged_floors":[],"is_endless":false,"potions_floor_spawned":[4,6],"killed_by":"3 Sentries","ascension_level":20}}