{"host":"0mhttqdumuceah7q","time":1613401793,"event":{"mods":["AchievementEnabler","BaseMod","Colored Map","DeckTracker","Minty Spire (QoL Compilation)","Permanent Neow"],"gold_per_floor":[113,124,124,134,153,153,188,188,488,488,516,12,12,24,24,123,123,133,0,20,20,38,64,82,116,116,130,148,167,198,98,98,194,194,210,230,241,12,23,23,51,51,51,65,99,99,99,117,117,117,117,117,63,92,92,92],"floor_reached":55,"language":"KOR","playtime":3661,"items_purged":["Strike_B","Pain"],"score":891,"play_id":"bbe22760-aab0-40ea-a183-ecc22302cc82","local_time":"20210216000953","is_ascension_mode":true,"campfire_choices":[{"data":"Self Repair","floor":6.0,"key":"SMITH"},{"floor":10.0,"key":"REST"},{"data":"Defragment","floor":15.0,"key":"SMITH"},{"data":"Jack Of All Trades","floor":32.0,"key":"SMITH"},{"data":"Fission","floor":40.0,"key":"SMITH"},{"floor":49.0,"key":"RECALL"},{"data":"Storm","floor":52.0,"key":"SMITH"}],"circlet_count":0,"master_deck":["Zap","Dualcast","Electrodynamics","Cold Snap","Beam Cell","Aggregate","Self Repair+1","Defragment","Double Energy","Seek","Defragment+1","Compile Driver","Jack Of All Trades+1","Redo","Biased Cognition","Chill","Force Field","White Noise","Hologram","Ball Lightning","Machine Learning","Redo","Go for the Eyes+1","BootSequence+1","Auto Shields","Fission+1","Sunder","Rebound+1","Thunder Strike","Sweeping Beam","Go for the Eyes+1","Reboot","Capacitor","Master of Strategy","Discovery","Flash of Steel","Storm+1","Steam Power","Conserve Battery","Beam Cell"],"relics":["Cracked Core","Unceasing Top","Ginger","Old Coin","Regal Pillow","Pear","Pandora\u0027s Box","WarpedTongs","Orichalcum","Blue Candle","Pantograph","Darkstone Periapt","Nuclear Battery","Centennial Puzzle","Meat on the Bone","Bag of Marbles","Letter Opener","White Beast Statue"],"acts_visited":["Exordium","TheCity","TheBeyond","TheEnding"],"potions_floor_usage":[55,55,55],"damage_taken":[{"damage":6.0,"enemies":"2 Louse","floor":1.0,"turns":2.0},{"damage":0.0,"enemies":"Small Slimes","floor":2.0,"turns":2.0},{"damage":11.0,"enemies":"Jaw Worm","floor":4.0,"turns":3.0},{"damage":10.0,"enemies":"Blue Slaver","floor":5.0,"turns":3.0},{"damage":26.0,"enemies":"3 Sentries","floor":7.0,"turns":4.0},{"damage":18.0,"enemies":"Lagavulin","floor":11.0,"turns":7.0},{"damage":7.0,"enemies":"3 Louse","floor":14.0,"turns":2.0},{"damage":30.0,"enemies":"Hexaghost","floor":16.0,"turns":8.0},{"damage":6.0,"enemies":"3 Byrds","floor":18.0,"turns":3.0},{"damage":0.0,"enemies":"2 Thieves","floor":20.0,"turns":3.0},{"damage":23.0,"enemies":"Snake Plant","floor":22.0,"turns":4.0},{"damage":20.0,"enemies":"Slavers","floor":23.0,"turns":2.0},{"damage":4.0,"enemies":"3 Cultists","floor":24.0,"turns":5.0},{"damage":14.0,"enemies":"Book of Stabbing","floor":25.0,"turns":5.0},{"damage":12.0,"enemies":"Snecko","floor":27.0,"turns":5.0},{"damage":6.0,"enemies":"Centurion and Healer","floor":28.0,"turns":6.0},{"damage":21.0,"enemies":"3 Cultists","floor":29.0,"turns":5.0},{"damage":3.0,"enemies":"Gremlin Leader","floor":30.0,"turns":6.0},{"damage":48.0,"enemies":"Champ","floor":33.0,"turns":8.0},{"damage":1.0,"enemies":"3 Darklings","floor":35.0,"turns":4.0},{"damage":0.0,"enemies":"3 Shapes","floor":36.0,"turns":5.0},{"damage":0.0,"enemies":"Spire Growth","floor":37.0,"turns":4.0},{"damage":2.0,"enemies":"3 Darklings","floor":39.0,"turns":2.0},{"damage":30.0,"enemies":"Reptomancer","floor":41.0,"turns":5.0},{"damage":0.0,"enemies":"Transient","floor":44.0,"turns":5.0},{"damage":47.0,"enemies":"Nemesis","floor":45.0,"turns":5.0},{"damage":21.0,"enemies":"Writhing Mass","floor":48.0,"turns":3.0},{"damage":44.0,"enemies":"Time Eater","floor":50.0,"turns":7.0},{"damage":24.0,"enemies":"Shield and Spear","floor":54.0,"turns":3.0},{"damage":75,"enemies":"The Heart","floor":55,"turns":3}],"seed_played":"-5164610805051910602","potions_obtained":[{"floor":2.0,"key":"Ancient Potion"},{"floor":11.0,"key":"FocusPotion"},{"floor":14.0,"key":"Block Potion"},{"floor":20.0,"key":"Ancient Potion"},{"floor":24.0,"key":"SpeedPotion"},{"floor":25.0,"key":"EssenceOfSteel"},{"floor":33.0,"key":"DistilledChaos"},{"floor":36.0,"key":"SteroidPotion"},{"floor":44.0,"key":"Dexterity Potion"},{"floor":48.0,"key":"FearPotion"},{"floor":54.0,"key":"LiquidBronze"}],"is_trial":false,"path_per_floor":["M","M","?","M","M","R","E","?","T","R","E","$","?","M","R","B",null,"M","?","M","?","M","E","M","E","T","M","M","M","E","$","R","B",null,"M","M","M","$","M","R","E","?","T","M","E","?","?","M","R","B",null,"R","$","E","B"],"character_chosen":"DEFECT","items_purchased":["Pear","Defragment","Compile Driver","Jack Of All Trades","Centennial Puzzle","PotionOfCapacity","Conserve Battery"],"campfire_rested":1,"item_purchase_floors":[12,12,12,12,38,38,53],"current_hp_per_floor":[69,69,51,40,30,30,14,14,14,36,28,38,38,31,31,11,85,79,79,85,85,72,52,58,54,54,52,56,45,52,52,52,29,85,84,85,85,85,83,83,63,53,53,63,38,74,74,63,63,52,74,74,74,60,0,0],"gold":92,"neow_bonus":"ONE_RANDOM_RARE_CARD","is_daily":false,"chose_seed":false,"campfire_upgraded":5,"win_rate":0.0,"timestamp":1613401793,"path_taken":["M","M","?","M","M","R","E","?","T","R","E","$","?","M","R","BOSS","M","?","M","?","M","E","M","E","T","M","?","M","E","$","R","BOSS","M","?","M","$","M","R","E","?","T","M","E","?","?","M","R","BOSS","R","$","E","BOSS"],"items_purchased_type":["Relic","Card","Card","Card","Relic","Potion","Card"],"build_version":"2020-12-22","purchased_purges":2,"victory":false,"max_hp_per_floor":[75,75,75,75,75,75,75,75,75,75,75,85,85,85,85,85,85,85,85,85,85,85,85,85,85,85,85,85,85,85,85,85,85,85,85,85,85,85,85,85,85,85,85,85,85,74,74,74,74,74,74,74,74,74,74,74],"card_choices":[{"not_picked":["Steam","Hologram"],"picked":"Cold Snap","floor":1.0},{"not_picked":["Turbo","Coolheaded"],"picked":"Beam Cell","floor":2.0},{"not_picked":["Darkness","Consume"],"picked":"Aggregate","floor":4.0},{"not_picked":["Heatsinks","Leap"],"picked":"Self Repair","floor":5.0},{"not_picked":["Hello World","Machine Learning"],"picked":"Defragment","floor":7.0},{"not_picked":["Barrage","Hologram"],"picked":"Seek","floor":11.0},{"not_picked":["Hologram","Force Field"],"picked":"Redo","floor":14.0},{"not_picked":["Multi-Cast","All For One"],"picked":"Biased Cognition","floor":16.0},{"not_picked":["Consume+1","Compile Driver"],"picked":"Redo","floor":18.0},{"not_picked":["Scrape","Steam Power"],"picked":"Go for the Eyes+1","floor":20.0},{"not_picked":["Ball Lightning","Leap"],"picked":"BootSequence+1","floor":22.0},{"not_picked":["Blizzard","Cold Snap"],"picked":"Auto Shields","floor":23.0},{"not_picked":["Streamline","Heatsinks","Undo"],"picked":"SKIP","floor":24.0},{"not_picked":["Multi-Cast","Blizzard"],"picked":"Fission","floor":25.0},{"not_picked":["Conserve Battery","Melter"],"picked":"Sunder","floor":27.0},{"not_picked":["Coolheaded","Steam"],"picked":"Rebound+1","floor":28.0},{"not_picked":["Steam","Hologram","Gash"],"picked":"SKIP","floor":29.0},{"not_picked":["Glacier","Gash","Coolheaded"],"picked":"SKIP","floor":30.0},{"not_picked":["Reboot","Multi-Cast"],"picked":"Thunder Strike","floor":33.0},{"not_picked":["Fusion","Heatsinks"],"picked":"Sweeping Beam","floor":35.0},{"not_picked":["Undo","BootSequence","Barrage"],"picked":"SKIP","floor":36.0},{"not_picked":["Barrage","Compile Driver"],"picked":"Go for the Eyes+1","floor":37.0},{"not_picked":["Cold Snap+1","Heatsinks"],"picked":"Reboot","floor":39.0},{"not_picked":["Reinforced Body+1","Sunder"],"picked":"Capacitor","floor":41.0},{"not_picked":["PanicButton","Forethought"],"picked":"Master of Strategy","floor":42.0},{"not_picked":["Mind Blast","Madness"],"picked":"Discovery","floor":42.0},{"not_picked":["Secret Technique","Forethought"],"picked":"Flash of Steel","floor":42.0},{"not_picked":["Force Field","Doom and Gloom"],"picked":"Storm","floor":44.0},{"not_picked":["Rebound+1","Streamline+1"],"picked":"Steam Power","floor":45.0},{"not_picked":["Go for the Eyes","Leap+1","Barrage+1"],"picked":"SKIP","floor":48.0},{"not_picked":["Undo+1","Steam Power"],"picked":"Beam Cell","floor":54.0}],"player_experience":100277,"relics_obtained":[{"floor":7.0,"key":"Ginger"},{"floor":9.0,"key":"Old Coin"},{"floor":11.0,"key":"Regal Pillow"},{"floor":23.0,"key":"Orichalcum"},{"floor":25.0,"key":"Blue Candle"},{"floor":26.0,"key":"Pantograph"},{"floor":30.0,"key":"Darkstone Periapt"},{"floor":41.0,"key":"Meat on the Bone"},{"floor":45.0,"key":"Bag of Marbles"},{"floor":47.0,"key":"Letter Opener"},{"floor":54.0,"key":"White Beast Statue"}],"event_choices":[{"damage_healed":0.0,"max_hp_gain":0.0,"max_hp_loss":0.0,"gold_gain":0.0,"event_name":"Scrap Ooze","player_choice":"Success","floor":3.0,"gold_loss":0.0,"damage_taken":18.0,"relics_obtained":["Unceasing Top"]},{"damage_healed":0.0,"max_hp_gain":0.0,"max_hp_loss":0.0,"gold_gain":0.0,"cards_transformed":["Strike_B"],"event_name":"Living Wall","player_choice":"Change","floor":8.0,"gold_loss":0.0,"damage_taken":0.0,"cards_obtained":["Double Energy"]},{"damage_healed":0.0,"max_hp_gain":0.0,"max_hp_loss":0.0,"gold_gain":0.0,"event_name":"Liars Game","player_choice":"Ignored","floor":13.0,"gold_loss":0.0,"damage_taken":0.0},{"damage_healed":0.0,"max_hp_gain":0.0,"max_hp_loss":0.0,"gold_gain":0.0,"event_name":"Masked Bandits","player_choice":"Paid Fearfully","floor":19.0,"gold_loss":133.0,"damage_taken":0.0},{"damage_healed":0.0,"max_hp_gain":0.0,"max_hp_loss":0.0,"gold_gain":0.0,"event_name":"Accursed Blacksmith","player_choice":"Rummage","floor":21.0,"gold_loss":0.0,"damage_taken":0.0,"relics_obtained":["WarpedTongs"],"cards_obtained":["Pain"]},{"damage_healed":0.0,"max_hp_gain":0.0,"max_hp_loss":0.0,"gold_gain":0.0,"event_name":"SensoryStone","player_choice":"Memory 3","floor":42.0,"gold_loss":0.0,"damage_taken":10.0},{"damage_healed":74.0,"max_hp_gain":0.0,"max_hp_loss":11.0,"gold_gain":0.0,"event_name":"The Moai Head","player_choice":"Heal","floor":46.0,"gold_loss":0.0,"damage_taken":0.0},{"damage_healed":0.0,"max_hp_gain":0.0,"max_hp_loss":0.0,"gold_gain":0.0,"event_name":"Wheel of Change","player_choice":"Relic","floor":47.0,"gold_loss":0.0,"damage_taken":0.0}],"is_beta":false,"boss_relics":[{"not_picked":["Snecko Eye","Fusion Hammer"],"picked":"Pandora\u0027s Box"},{"not_picked":["Sozu","Runic Pyramid"],"picked":"Nuclear Battery"}],"items_purged_floors":[12,31],"is_endless":false,"potions_floor_spawned":[2,11,14,20,24,25,27,29,33,36,44,45,48,54],"killed_by":"The Heart","ascension_level":1}}