{"host":"mq3ujo75gqb6jwby","time":1613380243,"event":{"mods":["BaseMod","BetterRewards","Colored Map","Downfall","Minty Spire (QoL Compilation)","Permanent Neow","Quick Restart","Relic Stats","StSLib","everything is the same but u backflip on backflip"],"gold_per_floor":[99,99,274,274,330,5,32,66,66,82,67,67,101,18,36,136,136,36,53,65,65,79,104,127,139,39,50,50,85,85,96,108,210,210,210,228,240,390,401,411,411,84,95,95,122,173,73,88,107,107,107,136,64,64,64,64],"floor_reached":57,"language":"ENG","playtime":11620,"items_purged":["Guardian:TimeBomb"],"score":1332,"play_id":"90d7f08b-3a10-4e08-a0ce-d015c844fee9","local_time":"20210215101043","is_ascension_mode":true,"campfire_choices":[{"floor":1.0,"key":"RECALL"},{"data":"Guardian:StasisField","floor":9.0,"key":"SMITH"},{"data":"Guardian:TwinSlam","floor":12.0,"key":"SMITH"},{"floor":18.0,"key":"DIG"},{"data":"Guardian:SphericShield","floor":26.0,"key":"SMITH"},{"data":"Guardian:Clone","floor":28.0,"key":"SMITH"},{"floor":30.0,"key":"DIG"},{"data":"Guardian:CurlUp","floor":35.0,"key":"SMITH"},{"data":"Guardian:SphericShield","floor":47,"key":"SMITH"},{"floor":54,"key":"DIG"}],"circlet_count":0,"master_deck":["Guardian:Strike_Guardian","Guardian:Strike_Guardian","Guardian:Defend_Guardian","Guardian:Defend_Guardian","Guardian:Defend_Guardian","Guardian:CurlUp+1","Guardian:TwinSlam+1","Guardian:RollAttack","Guardian:PiercingHide+1","Guardian:StasisField+1","Guardian:BronzeOrb+1","Guardian:Reroute+1","Guardian:WalkerClaw+1","Guardian:SphericShield+1","Guardian:Orbwalk+1","Guardian:Suspension+1","Guardian:Clone+1","Guardian:BaubleBeam+1","Guardian:ArmoredProtocol","Guardian:FloatingOrbs+1","Guardian:BronzeArmor","Guardian:SphericShield+1","expansioncontent:Chronoboost","Guardian:VentSteam+1","Guardian:BodySlam+1","Guardian:EvasiveProtocol+1","Guardian:BodySlam+1"],"relics":["Guardian:ModeShifter","downfall:HeartsMalice","Kunai","Molten Egg 2","Akabeko","Letter Opener","Shovel","Sozu","downfall:HeartBlessingRed","White Beast Statue","Du-Vu Doll","Bag of Preparation","downfall:HeartBlessingGreen","Prayer Wheel","Empty Cage","Happy Flower","Blue Candle","Vajra","StoneCalendar","downfall:HeartBlessingBlue","StrikeDummy","Bottled Tornado"],"acts_visited":["Exordium","TheCity","TheBeyond","TheEnding"],"potions_floor_usage":[56],"damage_taken":[{"damage":0.0,"enemies":"Jaw Worm","floor":2.0,"turns":1.0},{"damage":0.0,"enemies":"Lagavulin Event","floor":5.0,"turns":1.0},{"damage":0.0,"enemies":"downfall:FleeingMerchant","floor":6.0,"turns":1.0},{"damage":36.0,"enemies":"Lagavulin","floor":8.0,"turns":17.0},{"damage":0.0,"enemies":"2 Louse","floor":10.0,"turns":2.0},{"damage":0.0,"enemies":"downfall:FleeingMerchant","floor":11.0,"turns":4.0},{"damage":4.0,"enemies":"Gremlin Nob","floor":13.0,"turns":4.0},{"damage":15.0,"enemies":"downfall:FleeingMerchant","floor":14.0,"turns":4.0},{"damage":0.0,"enemies":"Small Slimes","floor":15.0,"turns":2.0},{"damage":10.0,"enemies":"SI_SHIV_ARCHETYPE","floor":16.0,"turns":9.0},{"damage":1.0,"enemies":"downfall:LooterAlt2","floor":19.0,"turns":4.0},{"damage":0.0,"enemies":"Spheric Guardian","floor":20.0,"turns":2.0},{"damage":5.0,"enemies":"Snake Plant","floor":22.0,"turns":3.0},{"damage":10.0,"enemies":"Gremlin Leader","floor":23.0,"turns":6.0},{"damage":6.0,"enemies":"Sentry and Sphere","floor":25.0,"turns":4.0},{"damage":0.0,"enemies":"Centurion and Healer","floor":27.0,"turns":4.0},{"damage":0.0,"enemies":"Book of Stabbing","floor":29.0,"turns":4.0},{"damage":0.0,"enemies":"Snake Plant","floor":31.0,"turns":4.0},{"damage":1.0,"enemies":"Shelled Parasite and Fungi","floor":32.0,"turns":3.0},{"damage":4.0,"enemies":"DF_ARCHETYPE_CLAW","floor":33.0,"turns":8.0},{"damage":0.0,"enemies":"Orb Walker","floor":36.0,"turns":3.0},{"damage":0.0,"enemies":"3 Shapes","floor":37.0,"turns":4.0},{"damage":0.0,"enemies":"Transient","floor":39.0,"turns":5.0},{"damage":4.0,"enemies":"3 Darklings","floor":40.0,"turns":4.0},{"damage":0.0,"enemies":"downfall:FleeingMerchant","floor":42.0,"turns":4.0},{"damage":0.0,"enemies":"Sphere and 2 Shapes","floor":43.0,"turns":5.0},{"damage":0.0,"enemies":"Giant Head","floor":45.0,"turns":7.0},{"damage":8,"enemies":"2 Orb Walkers","floor":46,"turns":4},{"damage":0,"enemies":"Transient","floor":48,"turns":5},{"damage":0,"enemies":"Jaw Worm Horde","floor":49,"turns":2},{"damage":7,"enemies":"IC_BLOCK_ARCHETYPE","floor":50,"turns":7},{"damage":0,"enemies":"downfall:CharBossMerchant","floor":52,"turns":7},{"damage":11,"enemies":"downfall:NeowBoss","floor":55,"turns":14},{"damage":62,"enemies":"downfall:NeowBossFinal","floor":56,"turns":11}],"seed_played":"7823060620443861537","potions_obtained":[{"floor":5.0,"key":"Block Potion"},{"floor":13.0,"key":"BlessingOfTheForge"},{"floor":15.0,"key":"DuplicationPotion"},{"floor":16.0,"key":"Guardian:AcceleratePotion"}],"is_trial":false,"path_per_floor":["R","M","?","?","?","$","T","E","R","M","$","R","E","$","M","B",null,"R","M","M","?","M","E","T","M","R","M","R","E","R","M","M","B",null,"R","M","M","?","M","M","T","$","M","?","E","?","R","M","M","B",null,"E","$","R","B","B",null],"character_chosen":"GUARDIAN","items_purchased":["Molten Egg 2","Guardian:BronzeOrb+1","Guardian:Gem_Yellow","Happy Flower","expansioncontent:Chronoboost","Guardian:BodySlam+1"],"campfire_rested":0,"item_purchase_floors":[6,6,14,42,42,53],"current_hp_per_floor":[80,80,80,80,80,80,80,44,44,44,44,44,40,25,25,15,80,80,79,79,71,66,56,56,50,50,50,50,50,50,50,49,45,80,80,80,80,80,80,76,76,76,76,71,71,63,73,73,73,66,90,90,90,90,79,17],"gold":64,"neow_bonus":"THREE_ENEMY_KILL","is_daily":false,"chose_seed":false,"campfire_upgraded":6,"win_rate":0.0,"timestamp":1613380243,"path_taken":["R","M","?","?","?","?","T","E","R","M","$","R","E","?","M","BOSS","R","?","M","?","M","E","T","M","R","?","R","E","R","M","M","BOSS","R","M","M","?","?","M","T","$","M","?","E","?","R","M","M","BOSS","E","$","R","BOSS","BOSS"],"items_purchased_type":["Relic","Card","Card","Relic","Card","Card"],"build_version":"2020-12-22","purchased_purges":1,"victory":true,"max_hp_per_floor":[80,80,80,80,80,80,80,80,80,80,80,80,80,80,80,80,80,80,80,80,80,80,80,80,80,80,80,80,80,80,80,80,80,80,80,80,80,80,80,80,80,80,80,80,80,80,90,90,90,90,90,90,90,90,90,90],"relic_stats":{"Sozu":20,"Shovel":3,"Happy Flower":[20],"counters":[34,166],"Blue Candle":[7],"Prayer Wheel":9,"StoneCalendar":[188],"Bag of Preparation":[40],"Kunai":[62],"Letter Opener":[301],"obtain_stats":[{"Potion Belt":30,"downfall:HeartBlessingRed":18,"Happy Flower":42,"Blue Candle":44,"Guardian:ModeShifter":0,"Vajra":45,"downfall:HeartsMalice":0,"downfall:HeartBlessingGreen":26,"StoneCalendar":46,"Bag of Preparation":24,"Letter Opener":8,"Bottled Tornado":54,"Empty Cage":34,"Akabeko":7,"White Beast Statue":18,"Sozu":17,"Du-Vu Doll":23,"Shovel":13,"downfall:HeartBlessingBlue":47,"Molten Egg 2":6,"Prayer Wheel":29,"Kunai":5,"StrikeDummy":52},{"Potion Belt":17,"downfall:HeartBlessingRed":10,"Happy Flower":25,"Blue Candle":26,"Guardian:ModeShifter":0,"Vajra":27,"downfall:HeartsMalice":0,"downfall:HeartBlessingGreen":15,"StoneCalendar":28,"Bag of Preparation":14,"Letter Opener":4,"Bottled Tornado":32,"Empty Cage":20,"Akabeko":3,"White Beast Statue":10,"Sozu":10,"Du-Vu Doll":14,"Shovel":7,"downfall:HeartBlessingBlue":28,"Molten Egg 2":3,"Prayer Wheel":17,"Kunai":2,"StrikeDummy":32},{"Potion Belt":69,"downfall:HeartBlessingRed":42,"Happy Flower":104,"Blue Candle":109,"Guardian:ModeShifter":0,"Vajra":116,"downfall:HeartsMalice":0,"downfall:HeartBlessingGreen":61,"StoneCalendar":120,"Bag of Preparation":57,"Letter Opener":17,"Bottled Tornado":141,"Empty Cage":84,"Akabeko":0,"White Beast Statue":42,"Sozu":42,"Du-Vu Doll":57,"Shovel":27,"downfall:HeartBlessingBlue":120,"Molten Egg 2":0,"Prayer Wheel":69,"Kunai":0,"StrikeDummy":141}]},"card_choices":[{"not_picked":["Guardian:Clone","Guardian:Emergency"],"picked":"Guardian:RollAttack","floor":2.0},{"not_picked":["Guardian:CrystalBeam","Guardian:Gem_Red"],"picked":"Guardian:PiercingHide","floor":5.0},{"not_picked":["Guardian:WalkerClaw","Guardian:GatlingBeam"],"picked":"Guardian:StasisField","floor":6.0},{"not_picked":["Guardian:Reroute+1","Guardian:EvasiveProtocol"],"picked":"Guardian:Gem_Synthetic","floor":8.0},{"not_picked":["Guardian:CrystalBeam+1","Guardian:TimeCapacitor"],"picked":"Guardian:Gem_Fragmented","floor":10.0},{"not_picked":["Guardian:Preprogram","Guardian:TemporalShield"],"picked":"Guardian:Reroute+1","floor":11.0},{"not_picked":["Guardian:Harden","Guardian:BronzeArmor"],"picked":"Guardian:WalkerClaw+1","floor":13.0},{"not_picked":["Guardian:Gem_Lightblue","Guardian:ChargeCore+1"],"picked":"Guardian:Gem_Red","floor":14.0},{"not_picked":["Guardian:CrystalBeam+1","Guardian:FloatingOrbs"],"picked":"Guardian:TimeBomb","floor":15.0},{"not_picked":["Guardian:TimeSifter","Guardian:ConstructionForm"],"picked":"Guardian:SphericShield","floor":16.0},{"not_picked":["Guardian:Gem_Red","Guardian:Gem_Cyan"],"picked":"Guardian:Orbwalk+1","floor":19.0},{"not_picked":["Guardian:MultiBeam+1","Guardian:TemporalStrike+1"],"picked":"Guardian:Suspension+1","floor":20.0},{"not_picked":["Guardian:Reroute+1","Guardian:Harden+1"],"picked":"Guardian:Clone","floor":22.0},{"not_picked":["Guardian:Gem_Lightblue","Guardian:Planning"],"picked":"Guardian:BaubleBeam+1","floor":23.0},{"not_picked":["Guardian:VentSteam+1","Guardian:DecasProtection+1"],"picked":"Guardian:Gem_White","floor":25.0},{"not_picked":["Guardian:Repulse","Guardian:PiercingHide","Guardian:TemporalStrike+1"],"picked":"SKIP","floor":27.0},{"not_picked":["Guardian:Recover+1","Guardian:VentSteam","Guardian:PrismaticBeam+1"],"picked":"SKIP","floor":29.0},{"not_picked":["Guardian:Recover","Guardian:Gem_Lightblue"],"picked":"Guardian:ArmoredProtocol","floor":31.0},{"not_picked":["Guardian:Reroute+1","Guardian:ShieldCharger","Guardian:PrimingBeam+1"],"picked":"SKIP","floor":31.0},{"not_picked":["Guardian:Gem_Purple","Guardian:TemporalShield"],"picked":"Guardian:Gem_Cyan","floor":32.0},{"not_picked":["Guardian:PrismaticBarrier","Guardian:WalkerClaw+1"],"picked":"Guardian:Gem_Red","floor":32.0},{"not_picked":["Guardian:Gem_Lightblue","Guardian:ShieldCharger+1"],"picked":"Guardian:FloatingOrbs+1","floor":36.0},{"not_picked":["Guardian:TemporalStrike+1","Guardian:PrimingBeam+1"],"picked":"Guardian:BronzeArmor","floor":36.0},{"not_picked":["Guardian:Gem_Yellow","Guardian:Incinerate+1"],"picked":"Guardian:SphericShield","floor":37.0},{"not_picked":["Guardian:BronzeOrb+1","Guardian:TemporalStrike+1"],"picked":"Guardian:Gem_Yellow","floor":37.0},{"not_picked":["Guardian:Suspension+1","Guardian:ShieldSpikes","Guardian:Harden"],"picked":"SKIP","floor":39.0},{"not_picked":["Guardian:Recover","Guardian:Orbwalk","Guardian:Gem_Red"],"picked":"SKIP","floor":39.0},{"not_picked":["Guardian:MultiBeam+1","Guardian:Gem_Blue","Guardian:Recover+1"],"picked":"SKIP","floor":40.0},{"not_picked":["Guardian:Suspension+1","Guardian:TemporalShield","Guardian:Recover+1"],"picked":"SKIP","floor":40.0},{"not_picked":["Guardian:Gem_Red","Guardian:TimeSifter"],"picked":"Guardian:Gem_White","floor":42.0},{"not_picked":["Guardian:Gem_Green","Guardian:Gem_White"],"picked":"Guardian:VentSteam+1","floor":43.0},{"not_picked":["Guardian:Gem_Cyan","Guardian:PrimingBeam+1","Guardian:RollAttack+1"],"picked":"SKIP","floor":43.0},{"not_picked":["Guardian:DonusPower","Guardian:Recover+1"],"picked":"Guardian:BodySlam+1","floor":45.0},{"not_picked":["Guardian:TimeCapacitor","Guardian:PrimingBeam+1"],"picked":"Guardian:Gem_Purple","floor":46},{"not_picked":["Guardian:Gem_Red","Guardian:WalkerClaw+1","Guardian:PiercingHide+1"],"picked":"SKIP","floor":48},{"not_picked":["Guardian:MultiBeam+1","Guardian:PrimingBeam+1","Guardian:Gem_Red"],"picked":"SKIP","floor":48},{"not_picked":["Guardian:Gem_Green","Guardian:Harden+1","Guardian:SpikerProtocol"],"picked":"SKIP","floor":49},{"not_picked":["Guardian:Gem_Fragmented","Guardian:Gem_Cyan","Guardian:PrismaticBarrier"],"picked":"SKIP","floor":49},{"not_picked":["Guardian:Gem_Lightblue","Guardian:StasisStrike+1"],"picked":"Guardian:EvasiveProtocol+1","floor":52}],"player_experience":753558,"relics_obtained":[{"floor":5.0,"key":"Kunai"},{"floor":7.0,"key":"Akabeko"},{"floor":8.0,"key":"Letter Opener"},{"floor":13.0,"key":"Shovel"},{"floor":18.0,"key":"White Beast Statue"},{"floor":23.0,"key":"Du-Vu Doll"},{"floor":24.0,"key":"Bag of Preparation"},{"floor":29.0,"key":"Prayer Wheel"},{"floor":30.0,"key":"Potion Belt"},{"floor":45.0,"key":"Vajra"},{"floor":46,"key":"StoneCalendar"},{"floor":52,"key":"StrikeDummy"},{"floor":54,"key":"Bottled Tornado"}],"event_choices":[{"damage_healed":0,"gold_gain":0,"player_choice":"Fight","damage_taken":0,"max_hp_gain":0,"max_hp_loss":0,"event_name":"Mysterious Sphere","floor":46,"gold_loss":0}],"is_beta":false,"boss_relics":[{"not_picked":["SlaversCollar","Runic Pyramid"],"picked":"Sozu"},{"not_picked":["Fusion Hammer","Calling Bell"],"picked":"Empty Cage"}],"items_purged_floors":[42],"is_endless":false,"potions_floor_spawned":[5,13,15,16,19,20,22,23,25,27,29,31,32,33,36,37,39,40,42,43,45,46,48,49,52],"ascension_level":1}}