{"host":"xw5nub7n7iasb503","time":1613362796,"event":{"mods":["BaseMod","Minty Spire (QoL Compilation)"],"gold_per_floor":[113,113,123,137,151,184,196,217,243,256,256,331,348,365,365,462,462,479,578,592,609,625,652,652,652],"floor_reached":24,"language":"ENG","playtime":1806,"items_purged":[],"score":224,"play_id":"81739aba-a92c-4cb3-b500-5cd18c2feaeb","local_time":"20210214211956","is_ascension_mode":false,"campfire_choices":[{"floor":15,"key":"RECALL"}],"circlet_count":0,"master_deck":["Strike_R","Strike_R","Strike_R","Strike_R","Strike_R","Defend_R","Defend_R","Defend_R","Defend_R","Bash","Blood for Blood","Heavy Blade","Entrench","Heavy Blade","Reaper","Body Slam+1"],"relics":["Snecko Eye","Red Skull","Odd Mushroom","Sundial","Fusion Hammer","PreservedInsect"],"acts_visited":["Exordium","TheCity"],"potions_floor_usage":[5,6,6,7,13,22,23],"damage_taken":[{"damage":10,"enemies":"Small Slimes","floor":1,"turns":4},{"damage":0,"enemies":"Cultist","floor":3,"turns":2},{"damage":0,"enemies":"2 Louse","floor":4,"turns":2},{"damage":0,"enemies":"Exordium Wildlife","floor":5,"turns":2},{"damage":6,"enemies":"Lagavulin","floor":6,"turns":3},{"damage":5,"enemies":"3 Louse","floor":7,"turns":2},{"damage":5,"enemies":"The Mushroom Lair","floor":8,"turns":4},{"damage":2,"enemies":"Blue Slaver","floor":10,"turns":2},{"damage":0,"enemies":"Large Slime","floor":13,"turns":1},{"damage":0,"enemies":"3 Louse","floor":14,"turns":1},{"damage":25,"enemies":"Slime Boss","floor":16,"turns":8},{"damage":5,"enemies":"Chosen","floor":18,"turns":4},{"damage":12,"enemies":"Shell Parasite","floor":20,"turns":2},{"damage":6,"enemies":"Chosen and Byrds","floor":21,"turns":5},{"damage":27,"enemies":"3 Cultists","floor":22,"turns":4},{"damage":49,"enemies":"Gremlin Leader","floor":23,"turns":4},{"damage":6,"enemies":"Snake Plant","floor":24,"turns":1}],"seed_played":"-3761540797216206809","potions_obtained":[{"floor":1,"key":"SkillPotion"},{"floor":2,"key":"DistilledChaos"},{"floor":2,"key":"FearPotion"},{"floor":4,"key":"DuplicationPotion"},{"floor":6,"key":"Explosive Potion"},{"floor":10,"key":"LiquidMemories"},{"floor":16,"key":"Explosive Potion"},{"floor":22,"key":"SteroidPotion"},{"floor":23,"key":"SpeedPotion"}],"is_trial":false,"path_per_floor":["M","?","M","M","M","E","M","?","T","M","T","?","M","M","R","B",null,"M","?","M","M","M","E","M"],"character_chosen":"IRONCLAD","items_purchased":[],"campfire_rested":0,"item_purchase_floors":[],"current_hp_per_floor":[70,70,70,70,70,64,59,54,54,52,52,41,41,41,41,16,80,79,79,67,65,50,5,0,0],"gold":652,"neow_bonus":"BOSS_RELIC","is_daily":false,"chose_seed":false,"campfire_upgraded":0,"win_rate":0.0,"timestamp":1613362796,"path_taken":["M","?","?","M","M","E","M","?","T","M","?","?","?","M","R","BOSS","M","?","M","M","M","E","M"],"items_purchased_type":[],"build_version":"2020-12-22","purchased_purges":0,"victory":false,"max_hp_per_floor":[80,80,80,80,80,80,80,80,80,80,80,80,80,80,80,80,80,80,80,80,80,80,80,80,80],"card_choices":[{"not_picked":["Metallicize","Shrug It Off"],"picked":"Blood for Blood","floor":1},{"not_picked":["Shrug It Off","Twin Strike"],"picked":"Heavy Blade","floor":3},{"not_picked":["Intimidate","Cleave"],"picked":"Entrench","floor":4},{"not_picked":["Evolve","True Grit","Clash"],"picked":"SKIP","floor":5},{"not_picked":["Warcry","Clash","Clothesline"],"picked":"SKIP","floor":6},{"not_picked":["Ghostly Armor","Clothesline","Berserk"],"picked":"SKIP","floor":7},{"not_picked":["Ghostly Armor","Pommel Strike"],"picked":"Heavy Blade","floor":10},{"not_picked":["Twin Strike","Whirlwind","Headbutt"],"picked":"SKIP","floor":13},{"not_picked":["Cleave","Evolve","Fire Breathing"],"picked":"SKIP","floor":14},{"not_picked":["Berserk","Fiend Fire"],"picked":"Reaper","floor":16},{"not_picked":["Thunderclap+1","Evolve","Twin Strike"],"picked":"SKIP","floor":18},{"not_picked":["Warcry","Burning Pact","Twin Strike"],"picked":"SKIP","floor":20},{"not_picked":["Warcry","Power Through","Twin Strike"],"picked":"SKIP","floor":21},{"not_picked":["Pommel Strike+1","Pummel","Headbutt"],"picked":"SKIP","floor":22},{"not_picked":["Perfected Strike+1","Sentinel"],"picked":"Body Slam+1","floor":23}],"player_experience":124964,"relics_obtained":[{"floor":6,"key":"Red Skull"},{"floor":8,"key":"Odd Mushroom"},{"floor":11,"key":"Sundial"},{"floor":23,"key":"PreservedInsect"}],"event_choices":[{"damage_healed":0,"gold_gain":0,"player_choice":"Got Potions","damage_taken":0,"max_hp_gain":0,"max_hp_loss":0,"event_name":"Lab","floor":2,"gold_loss":0},{"damage_healed":0,"gold_gain":0,"player_choice":"Fought Mushrooms","damage_taken":0,"max_hp_gain":0,"max_hp_loss":0,"event_name":"Mushrooms","floor":8,"gold_loss":0},{"damage_healed":0,"gold_gain":75,"player_choice":"Gather Gold","damage_taken":11,"max_hp_gain":0,"max_hp_loss":0,"event_name":"World of Goop","floor":12,"gold_loss":0},{"damage_healed":0,"gold_gain":99,"player_choice":"Stole From Cult","damage_taken":0,"max_hp_gain":0,"max_hp_loss":0,"event_name":"Nest","floor":19,"gold_loss":0}],"is_beta":false,"boss_relics":[{"not_picked":["Coffee Dripper","Ectoplasm"],"picked":"Fusion Hammer"}],"items_purged_floors":[],"is_endless":false,"potions_floor_spawned":[1,4,6,10,16,22,23],"killed_by":"Snake Plant","ascension_level":0}}