{"host":"vk2xyavtylxbvrfq","time":1613424538,"event":{"mods":["Bard","BaseMod","Bestiary","Better Altar","Better Match","Better Note","Better Sensory Stone","Better Skull","Better Vampires","Block Reminder","Bossed Relics","Colored Map","Curses Come First","Displayed Cursed Tome","Downfall","Fox Events","Hermit","Ironclad Rager","Marked Mod","Minty Spire (QoL Compilation)","Quick Restart","Rare Cards Sparkle","Relic Sorter","Reliquary","Robot Space Explorer","StSLib","The Hayseed","The Runesmith","TheSurvivalist","Unceasing Turn Reminder"],"gold_per_floor":[112,132,132,149,149,149,181,181,263,263,263,263,27,45,45,45,45],"floor_reached":16,"language":"ENG","playtime":377,"items_purged":[],"score":98,"play_id":"5d531c60-964a-4237-af73-6edfb83fc3c1","local_time":"20210215162858","is_ascension_mode":false,"campfire_choices":[{"data":"hermit:Snapshot","floor":6,"key":"SMITH"},{"data":"hermit:TakeAim","floor":15,"key":"SMITH"}],"circlet_count":0,"master_deck":["hermit:Strike_Hermit","hermit:Strike_Hermit","hermit:Strike_Hermit","hermit:Strike_Hermit","hermit:Defend_Hermit","hermit:Defend_Hermit","hermit:Defend_Hermit+1","hermit:Defend_Hermit","hermit:Snapshot+1","hermit:Covet","hermit:ItchyTrigger","hermit:Ricochet+1","hermit:TrackingShot+1","hermit:Snipe","Injury","hermit:TakeAim+1","hermit:Cheat"],"relics":["hermit:Momento","Juzu Bracelet","WingedGreaves","InkBottle","reliquary:ExpiredCoupon","Golden Idol","Tiny Chest"],"acts_visited":["Exordium"],"potions_floor_usage":[7],"damage_taken":[{"damage":0,"enemies":"Cultist","floor":1,"turns":3},{"damage":0,"enemies":"Small Slimes","floor":2,"turns":2},{"damage":6,"enemies":"Jaw Worm","floor":4,"turns":3},{"damage":17,"enemies":"3 Sentries","floor":7,"turns":5},{"damage":6,"enemies":"Exordium Thugs","floor":14,"turns":4},{"damage":38,"enemies":"Hexaghost","floor":16,"turns":9}],"seed_played":"-1176423240655315552","potions_obtained":[{"floor":1,"key":"AttackPotion"}],"is_trial":false,"path_per_floor":["M","M","?","M","?","R","E","?","T","?","?","?","$","M","R","B"],"character_chosen":"HERMIT","items_purchased":["Tiny Chest","hermit:TakeAim"],"campfire_rested":0,"item_purchase_floors":[13,13],"current_hp_per_floor":[82,82,75,69,69,69,52,36,36,36,36,63,63,57,57,19,19],"gold":45,"neow_bonus":"TEN_PERCENT_HP_BONUS","is_daily":false,"chose_seed":false,"campfire_upgraded":2,"win_rate":0.0,"timestamp":1613424538,"path_taken":["M","?","?","M","?","R","E","?","T","?","?","?","$","M","R","BOSS"],"items_purchased_type":["Relic","Card"],"build_version":"2020-12-22","purchased_purges":0,"victory":false,"max_hp_per_floor":[82,82,82,82,82,82,82,82,82,82,82,82,82,82,82,82,82],"card_choices":[{"not_picked":["hermit:Scavenge","hermit:Feint"],"picked":"hermit:ItchyTrigger","floor":1},{"not_picked":["hermit:Spite","hermit:Determination"],"picked":"hermit:Ricochet","floor":2},{"not_picked":["hermit:Gestalt","hermit:BlackWind"],"picked":"hermit:TrackingShot","floor":4},{"not_picked":["hermit:NoHoldsBarred","hermit:Horror"],"picked":"hermit:Snipe","floor":7},{"not_picked":["hermit:HighCaliber","hermit:CursedWeapon"],"picked":"hermit:Cheat","floor":14}],"player_experience":1384080,"relics_obtained":[{"floor":7,"key":"WingedGreaves"},{"floor":9,"key":"InkBottle"}],"event_choices":[{"damage_healed":0,"gold_gain":0,"player_choice":"Success","damage_taken":7,"relics_obtained":["Juzu Bracelet"],"max_hp_gain":0,"max_hp_loss":0,"event_name":"Scrap Ooze","floor":3,"gold_loss":0},{"damage_healed":0,"gold_gain":0,"player_choice":"Upgraded","damage_taken":0,"max_hp_gain":0,"max_hp_loss":0,"event_name":"Upgrade Shrine","floor":5,"gold_loss":0,"cards_upgraded":["hermit:Ricochet"]},{"damage_healed":0,"gold_gain":0,"player_choice":"Entered Light","damage_taken":16,"max_hp_gain":0,"max_hp_loss":0,"event_name":"Shining Light","floor":8,"gold_loss":0,"cards_upgraded":["hermit:TrackingShot","hermit:Defend_Hermit"]},{"damage_healed":0,"gold_gain":0,"player_choice":"Searched \u00271\u0027 times","damage_taken":0,"relics_obtained":["reliquary:ExpiredCoupon"],"max_hp_gain":0,"max_hp_loss":0,"event_name":"Dead Adventurer","floor":10,"gold_loss":0},{"damage_healed":0,"gold_gain":0,"player_choice":"Take Wound","damage_taken":0,"relics_obtained":["Golden Idol"],"max_hp_gain":0,"max_hp_loss":0,"event_name":"Golden Idol","floor":11,"gold_loss":0,"cards_obtained":["Injury"]},{"damage_healed":27,"gold_gain":0,"player_choice":"Banana","damage_taken":0,"max_hp_gain":0,"max_hp_loss":0,"event_name":"Big Fish","floor":12,"gold_loss":0}],"is_beta":false,"boss_relics":[],"items_purged_floors":[],"is_endless":false,"potions_floor_spawned":[1],"killed_by":"Hexaghost","ascension_level":0}}