{"host":"qhbbxt9nia1s4hz5","time":1613425530,"event":{"mods":["2.2 Compatiblity","Act Like it!","AlwaysNeverKeys","BaseMod","Better Altar","Better Note","Better Sensory Stone","Better Skull","Better Third Choice","Better Vampires","BetterRewards","Block Reminder","Booster Modes","Colored Map","Colored Powertips","Displayed Cursed Tome","Emptier Cage","Energized Spire","Faster Ascension Climbing","Friendly Minions","Gensokyo","GifTheSpireLib","Gold Saver","Infinite Spire","Minty Spire (QoL Compilation)","Permanent Neow","Rare Cards Sparkle","Relic Filter","Reliquary","Replay The Spire","Ruina","Shop Mod","StSLib","Td1madao Mod","The Cursed"],"gold_per_floor":[528,203,218,218,228,228,228,228,228,337,353,370,370,387,387,492,492,504,504,518,518,518,518,518,518,536,8,88,103,103,120,130,143,143,241,241,259,259,259,259,259,259,275,275,275,293,293,293,293,313,313,313,313,313,29,57,57],"floor_reached":58,"language":"ENG","playtime":5504,"items_purged":["TheCursedMod:Defend_TheCursed","TheCursedMod:Defend_TheCursed","TheCursedMod:Defend_TheCursed","TheCursedMod:Defend_TheCursed","TheCursedMod:Strike_TheCursed","Injury"],"score":1424,"play_id":"259385d2-03b3-4342-9c9d-08c5f4d9a0e1","local_time":"20210215234530","is_ascension_mode":false,"campfire_choices":[{"data":"TheCursedMod:ReleasedStrength","floor":6,"key":"SMITH"},{"data":"TheCursedMod:CursedBlade","floor":8,"key":"SMITH"},{"floor":13,"key":"REST"},{"data":"TheCursedMod:CursedWand","floor":15,"key":"SMITH"},{"data":"ruina:Mimicry","floor":25,"key":"SMITH"},{"data":"TheCursedMod:StunningStrike","floor":30,"key":"SMITH"},{"data":"TheCursedMod:SpitefulStrike","floor":34,"key":"SMITH"},{"data":"TheCursedMod:SpitefulPray","floor":42,"key":"SMITH"},{"data":"TheCursedMod:SpitefulStrike","floor":47,"key":"SMITH"},{"data":"TheCursedMod:SmokeScreen","floor":49,"key":"SMITH"},{"data":"TheCursedMod:SurpriseAttack","floor":54,"key":"SMITH"}],"circlet_count":0,"master_deck":["TheCursedMod:CursedWand+1","TheCursedMod:Dregs","TheCursedMod:SpitefulStrike+1","TheCursedMod:SpitefulStrike+1","TheCursedMod:CursedShiv","TheCursedMod:SmokeScreen+1","TheCursedMod:SurpriseAttack+1","TheCursedMod:CursedBlade+1","TheCursedMod:ReleasedStrength+1","TheCursedMod:CursedShiv+1","TheCursedMod:NeowsMight+1","TheCursedMod:CursedAmulet+1","ruina:Mimicry+1","TheCursedMod:StunningStrike+1","ruina:CobaltScar+1","ruina:CrimsonScar+1","TheCursedMod:HellfireBreathing+1","TheCursedMod:SoulReap+1","TheCursedMod:AntiAging+1","CommonCold","TheCursedMod:SpitefulPray+1","TheCursedMod:CursedMace+1","TheCursedMod:NeowsMight+1","TheCursedMod:LuckyCharm+1","TheCursedMod:AbyssShockwave+1","TheCursedMod:AbyssShockwave+1","TheCursedMod:StunningStrike+1"],"relics":["TheCursedMod:BlackMagic101","Membership Card","MealTicket","reliquary:RoseTintedGlasses","Pear","ReplayTheSpireMod:Ninjato","reliquary:GummyVitamins","Kunai","reliquary:IridiumChain","reliquary:Knoch","ChewingGum","infinitespire:Cupcake","reliquary:PorcupineQuills","Golden Egg","ClockworkSouvenir","Simple Rune","TheCursedMod:BloodyHarpoon","Kintsugi","ReplayTheSpireMod:Ring of Exchange","Lantern","reliquary:PrincelyHelmet","Gambling Chip","Counterbalance","reliquary:BoilingFlask"],"acts_visited":["Gensokyo:Gensokyo","ruina:Briah","Gensokyo:Gensokyoest","TheEnding"],"potions_floor_usage":[16,31,35,52,52,52,56,57,57,57],"damage_taken":[{"damage":0,"enemies":"Gensokyo:Gryphon","floor":1,"turns":3},{"damage":0,"enemies":"Gensokyo:Python","floor":3,"turns":3},{"damage":0,"enemies":"Gensokyo:2_Kodama","floor":5,"turns":1},{"damage":0,"enemies":"Gensokyo:VengefulSpirit","floor":11,"turns":2},{"damage":2,"enemies":"Gensokyo:CorruptedTreant","floor":12,"turns":3},{"damage":0,"enemies":"Gensokyo:Kitsune","floor":14,"turns":2},{"damage":30,"enemies":"Gensokyo:Yukari","floor":16,"turns":8},{"damage":0,"enemies":"ruina:Nosferatu","floor":18,"turns":2},{"damage":0,"enemies":"ruina:3_Bats","floor":20,"turns":1},{"damage":0,"enemies":"ruina:KnightOfDespair","floor":26,"turns":2},{"damage":0,"enemies":"ruina:QueenOfHate","floor":29,"turns":2},{"damage":0,"enemies":"ruina:3_Scarecrows","floor":31,"turns":2},{"damage":0,"enemies":"ruina:Woodsman","floor":32,"turns":2},{"damage":8,"enemies":"ruina:Nos_and_Bat","floor":33,"turns":3},{"damage":24,"enemies":"ruina:Red_and_Wolf","floor":35,"turns":6},{"damage":14,"enemies":"Gensokyo:AncientGuardian","floor":37,"turns":2},{"damage":16,"enemies":"Gensokyo:3_Bats","floor":43,"turns":2},{"damage":1,"enemies":"Gensokyo:Rafflesia","floor":46,"turns":4},{"damage":0,"enemies":"Gensokyo:SeedOfUnknown","floor":50,"turns":2},{"damage":0,"enemies":"Gensokyo:Yuyuko","floor":52,"turns":3},{"damage":0,"enemies":"Shield and Spear","floor":56,"turns":1},{"damage":28,"enemies":"The Heart","floor":57,"turns":7}],"seed_played":"6470907557173208946","potions_obtained":[{"floor":1,"key":"Block Potion"},{"floor":11,"key":"Ancient Potion"},{"floor":14,"key":"SmokeBomb"},{"floor":18,"key":"Block Potion"},{"floor":26,"key":"FearPotion"},{"floor":33,"key":"Weak Potion"},{"floor":37,"key":"Venom Potion"},{"floor":43,"key":"Explosive Potion"},{"floor":46,"key":"Strength Potion"},{"floor":56,"key":"LiquidMemories"}],"is_trial":false,"path_per_floor":["M","$","M","?","M","R","?","R","T","?","M","M","R","M","R","B",null,"M","?","M","AVR","PTL","PTL","?","R","M","$","T","M","R","M","M","M","R","B",null,"M","?","?","?","?","R","M","COS","T","M","R","AVR","R","M","R_BF","B",null,"R","$","E","B",null],"character_chosen":"THE_CURSED","items_purchased":["Membership Card","MealTicket","reliquary:RoseTintedGlasses","TheCursedMod:WearCloak","TheCursedMod:SpitefulStrike","Pear","TheCursedMod:CursedShiv","TheCursedMod:SmokeScreen","ReplayTheSpireMod:Ninjato","reliquary:GummyVitamins","Golden Egg","ruina:CobaltScar","ClockworkSouvenir","Simple Rune","ruina:CrimsonScar","Counterbalance","TheCursedMod:AbyssShockwave","Regen Potion","Ancient Potion","Adrenaline Potion"],"campfire_rested":1,"item_purchase_floors":[0,0,0,0,0,0,0,0,2,2,27,27,27,27,27,55,55,55,55,55],"current_hp_per_floor":[85,85,85,93,93,93,75,75,75,36,36,34,61,61,61,31,93,93,93,93,93,93,93,44,44,56,71,71,93,93,93,93,93,93,79,93,79,66,66,66,66,66,53,53,53,81,81,81,81,97,58,58,99,99,99,99,101],"gold":57,"neow_bonus":"","is_daily":false,"chose_seed":false,"campfire_upgraded":10,"win_rate":0.0,"timestamp":1613425530,"path_taken":["M","$","M","?","M","R","?","R","T","?","M","M","R","M","R","BOSS","M","?","M","AVR","PTL","PTL","?","R","?","?","T","M","R","M","?","M","R","BOSS","M","?","?","?","?","R","M","COS","T","M","R","AVR","R","M","R_BF","BOSS","R","$","E","BOSS"],"items_purchased_type":["Relic","Relic","Relic","Card","Card","Relic","Card","Card","Relic","Relic","Relic","Card","Relic","Relic","Card","Relic","Card","Potion","Potion","Potion"],"build_version":"2020-12-22","purchased_purges":6,"victory":true,"max_hp_per_floor":[85,85,85,93,93,93,93,93,93,93,93,93,93,93,93,93,93,93,93,93,93,93,93,93,93,93,93,93,93,93,93,93,93,93,93,93,93,93,93,93,93,93,96,96,96,99,99,99,99,99,99,99,99,99,99,99,102],"card_choices":[{"not_picked":["TheCursedMod:CircleOfCorruption","TheCursedMod:Wield"],"picked":"TheCursedMod:SurpriseAttack","floor":1},{"not_picked":["TheCursedMod:PrepareRite","TheCursedMod:CursedAmulet"],"picked":"TheCursedMod:CursedBlade","floor":3},{"not_picked":["TheCursedMod:CircleOfFlame","TheCursedMod:CursedStaff"],"picked":"TheCursedMod:ReleasedStrength","floor":5},{"not_picked":["TheCursedMod:Torture","TheCursedMod:RapidMovement","TheCursedMod:Wield"],"picked":"SKIP","floor":11},{"not_picked":["TheCursedMod:RapidMovement","TheCursedMod:Stretching","TheCursedMod:CircleOfWindfury"],"picked":"SKIP","floor":12},{"not_picked":["TheCursedMod:CircleOfCorruption","TheCursedMod:FleshFromBone"],"picked":"TheCursedMod:CursedShiv","floor":14},{"not_picked":["TheCursedMod:DemonicPact","TheCursedMod:ParallelWorld"],"picked":"TheCursedMod:NeowsMight","floor":16},{"not_picked":["TheCursedMod:Obscuration","TheCursedMod:RavingStaff"],"picked":"TheCursedMod:CursedAmulet+1","floor":18},{"not_picked":["TheCursedMod:CircleOfWindfury","TheCursedMod:FleshFromBone","TheCursedMod:Torture"],"picked":"SKIP","floor":20},{"not_picked":["TheCursedMod:CircleOfCorruption+1","TheCursedMod:CursedShiv+1"],"picked":"TheCursedMod:StunningStrike","floor":26},{"not_picked":["TheCursedMod:Grudge","TheCursedMod:CircleOfBlood+1"],"picked":"TheCursedMod:HellfireBreathing+1","floor":29},{"not_picked":["TheCursedMod:Evocation","TheCursedMod:CursedSpellbook"],"picked":"TheCursedMod:SoulReap+1","floor":31},{"not_picked":["TheCursedMod:Obscuration","TheCursedMod:Wield","TheCursedMod:Hemoplague"],"picked":"SKIP","floor":32},{"not_picked":["TheCursedMod:SaltUponWound","TheCursedMod:VitalStrike","TheCursedMod:TacticalStrike"],"picked":"SKIP","floor":33},{"not_picked":["TheCursedMod:DemonicPact","TheCursedMod:DarkBarrier"],"picked":"TheCursedMod:AntiAging","floor":35},{"not_picked":["TheCursedMod:RavingStaff+1","TheCursedMod:SpitefulStrike"],"picked":"TheCursedMod:SpitefulPray","floor":37},{"not_picked":["TheCursedMod:SoulReap+1","TheCursedMod:Stretching"],"picked":"TheCursedMod:CursedMace+1","floor":43},{"not_picked":["TheCursedMod:VitalStrike+1","TheCursedMod:FuryStrike+1"],"picked":"TheCursedMod:NeowsMight","floor":46},{"not_picked":["TheCursedMod:Grudge","TheCursedMod:WearCloak"],"picked":"TheCursedMod:LuckyCharm+1","floor":50},{"not_picked":["TheCursedMod:Mangle","TheCursedMod:VitalStrike+1"],"picked":"TheCursedMod:StunningStrike","floor":56}],"player_experience":886967,"relics_obtained":[{"floor":9,"key":"reliquary:IridiumChain"},{"floor":28,"key":"TheCursedMod:BloodyHarpoon"},{"floor":39,"key":"ReplayTheSpireMod:Ring of Exchange"},{"floor":45,"key":"Lantern"},{"floor":56,"key":"reliquary:BoilingFlask"}],"event_choices":[{"damage_healed":0,"gold_gain":109,"player_choice":"GO RE UP ","damage_taken":44,"relics_obtained":["reliquary:Knoch"],"max_hp_gain":0,"max_hp_loss":0,"event_name":"betterSkull:BetterSkull","floor":10,"gold_loss":0,"cards_upgraded":["TheCursedMod:Strike_TheCursed"]},{"damage_healed":0,"gold_gain":0,"player_choice":"RE UP UP ","damage_taken":55,"relics_obtained":["reliquary:PorcupineQuills"],"max_hp_gain":0,"max_hp_loss":0,"event_name":"betterSkull:BetterSkull","floor":24,"gold_loss":0,"cards_upgraded":["TheCursedMod:CursedShiv","TheCursedMod:NeowsMight"]}],"is_beta":false,"boss_relics":[{"not_picked":["energizedSpire:SpiderWeb","Ectoplasm"],"picked":"ChewingGum"},{"not_picked":["reliquary:RedCape","Sozu"],"picked":"Kintsugi"}],"items_purged_floors":[0,0,0,2,27,48],"is_endless":false,"potions_floor_spawned":[1,11,14,18,26,29,33,37,43,46,56],"ascension_level":0}}