{"host":"t1puqh5lxz8sp6fn","time":1613356746,"event":{"mods":["AchievementEnabler","BaseMod","Colored Powertips","Minty Spire (QoL Compilation)","Rare Cards Sparkle","Relic Stats","StSLib"],"gold_per_floor":[211,226,43,43,75,75,110,110,110,110,126,186,186,212,224,337,349,371,395,445,192,217,217],"floor_reached":22,"playtime":810,"items_purged":[],"score":387,"play_id":"f9db7493-caa3-4219-9400-d7b91f74925d","local_time":"20210214233906","is_ascension_mode":true,"campfire_choices":[{"data":"HandOfGreed","floor":6.0,"key":"SMITH"},{"floor":10.0,"key":"REST"},{"data":"Beam Cell","floor":15.0,"key":"SMITH"}],"circlet_count":0,"master_deck":["AscendersBane","Strike_B","Strike_B","Strike_B","Strike_B","Defend_B","Defend_B","Defend_B+1","Defend_B","Zap","Dualcast","Defragment+1","Ball Lightning","HandOfGreed+1","Beam Cell+1","Conserve Battery","Aggregate","Coolheaded","Chill","Multi-Cast","Self Repair","Go for the Eyes+1","Self Repair","Dramatic Entrance","Coolheaded"],"relics":["Cracked Core","Bag of Preparation","Ancient Tea Set","Sundial","MawBank","Sozu","Oddly Smooth Stone"],"acts_visited":["Exordium","TheCity"],"potions_floor_usage":[],"damage_taken":[{"damage":2.0,"enemies":"2 Louse","floor":1.0,"turns":3.0},{"damage":11.0,"enemies":"Small Slimes","floor":2.0,"turns":3.0},{"damage":0.0,"enemies":"Cultist","floor":5.0,"turns":3.0},{"damage":0.0,"enemies":"Gremlin Nob","floor":7.0,"turns":2.0},{"damage":0.0,"enemies":"Looter","floor":11.0,"turns":2.0},{"damage":10.0,"enemies":"Gremlin Gang","floor":12.0,"turns":5.0},{"damage":18.0,"enemies":"3 Sentries","floor":14.0,"turns":3.0},{"damage":4.0,"enemies":"The Guardian","floor":16.0,"turns":10.0},{"damage":2.0,"enemies":"Chosen","floor":18.0,"turns":3.0},{"damage":25.0,"enemies":"2 Thieves","floor":19.0,"turns":4.0},{"damage":26.0,"enemies":"Snake Plant","floor":20.0,"turns":7.0},{"damage":32,"enemies":"Chosen and Byrds","floor":22,"turns":5}],"seed_played":"-3537664186751386368","potions_obtained":[{"floor":2.0,"key":"Weak Potion"},{"floor":5.0,"key":"BlessingOfTheForge"},{"floor":12.0,"key":"Regen Potion"},{"floor":13.0,"key":"ColorlessPotion"},{"floor":14.0,"key":"EssenceOfSteel"}],"is_trial":false,"path_per_floor":["M","M","$","?","M","R","E","?","T","R","M","M","?","E","R","B",null,"M","M","M","$","M"],"character_chosen":"DEFECT","items_purchased":["HandOfGreed","Oddly Smooth Stone","Dramatic Entrance","Coolheaded"],"campfire_rested":1,"item_purchase_floors":[3,21,21,21],"current_hp_per_floor":[62,51,51,30,30,30,30,30,30,51,51,41,41,35,35,31,61,59,41,22,22,0,0],"gold":217,"neow_bonus":"HUNDRED_GOLD","is_daily":false,"chose_seed":false,"campfire_upgraded":2,"win_rate":0.0,"timestamp":1613356746,"path_taken":["M","M","$","?","M","R","E","?","T","R","?","M","?","E","R","BOSS","M","M","?","$","M"],"items_purchased_type":["Card","Relic","Card","Card"],"build_version":"2020-12-13","purchased_purges":0,"victory":false,"max_hp_per_floor":[71,71,71,71,71,71,71,71,71,71,71,71,71,71,71,71,71,71,71,71,71,71,71],"relic_stats":{"Sozu":2,"counters":[12,50],"Sundial":[4],"Bag of Preparation":[16],"MawBank":84,"obtain_stats":[{"Sozu":17,"Sundial":9,"Oddly Smooth Stone":21,"Bag of Preparation":7,"Cracked Core":0,"Ancient Tea Set":8,"MawBank":14},{"Sozu":8,"Sundial":4,"Oddly Smooth Stone":11,"Bag of Preparation":4,"Cracked Core":0,"Ancient Tea Set":4,"MawBank":7},{"Sozu":31,"Sundial":11,"Oddly Smooth Stone":45,"Bag of Preparation":11,"Cracked Core":0,"Ancient Tea Set":11,"MawBank":21}]},"card_choices":[{"not_picked":["Leap","Hologram"],"picked":"Defragment","floor":1.0},{"not_picked":["Storm","Fusion"],"picked":"Ball Lightning","floor":2.0},{"not_picked":["Steam Power","Static Discharge"],"picked":"Beam Cell","floor":5.0},{"not_picked":["Turbo","Static Discharge"],"picked":"Conserve Battery","floor":7.0},{"not_picked":["Rip and Tear","Beam Cell"],"picked":"Aggregate","floor":11.0},{"not_picked":["Ball Lightning","Gash"],"picked":"Coolheaded","floor":12.0},{"not_picked":["Rebound","Fusion"],"picked":"Chill","floor":14.0},{"not_picked":["All For One","Amplify"],"picked":"Multi-Cast","floor":16.0},{"not_picked":["Go for the Eyes","White Noise"],"picked":"Self Repair","floor":18.0},{"not_picked":["Steam","Compile Driver"],"picked":"Go for the Eyes+1","floor":19.0},{"not_picked":["Go for the Eyes","Cold Snap"],"picked":"Self Repair","floor":20.0}],"player_experience":526391,"relics_obtained":[{"floor":7.0,"key":"Bag of Preparation"},{"floor":9.0,"key":"Sundial"},{"floor":14.0,"key":"MawBank"}],"event_choices":[{"damage_healed":0.0,"max_hp_gain":0.0,"max_hp_loss":0.0,"gold_gain":0.0,"event_name":"Shining Light","player_choice":"Entered Light","floor":4.0,"gold_loss":0.0,"damage_taken":21.0,"cards_upgraded":["Defend_B","Defragment"]},{"damage_healed":0.0,"max_hp_gain":0.0,"max_hp_loss":0.0,"gold_gain":0.0,"event_name":"WeMeetAgain","player_choice":"Gave Potion","floor":8.0,"gold_loss":0.0,"damage_taken":0.0,"relics_obtained":["Ancient Tea Set"]},{"damage_healed":0.0,"max_hp_gain":0.0,"max_hp_loss":0.0,"gold_gain":0.0,"event_name":"Lab","player_choice":"Got Potions","floor":13.0,"gold_loss":0.0,"damage_taken":0.0}],"is_beta":false,"boss_relics":[{"not_picked":["Fusion Hammer","Runic Dome"],"picked":"Sozu"}],"items_purged_floors":[],"is_endless":false,"potions_floor_spawned":[2,5,12,14,19,20],"killed_by":"Chosen and Byrds","ascension_level":15}}