{"host":"04hh9gplt9wkfmr1","time":1613419530,"event":{"mods":["AchievementEnabler","BaseMod","Colored Map","KOR Keyword Fix","Minty Spire (QoL Compilation)","Rare Cards Sparkle","SuperFastMode"],"gold_per_floor":[112,127,137,149,166,196,196,196,222,234,234,264,264,281,281,377,377,395,395,427,443,443,472,472,483,783,815,815,109,109,136,136,240,240,255,267,267,267,24,24,41,51,51,51,51],"floor_reached":44,"language":"KOR","playtime":1482,"items_purged":["Defend_P","Defend_P"],"score":632,"play_id":"3218b108-d3fa-43b9-a421-ba7961fe2a40","local_time":"20210216050530","is_ascension_mode":true,"campfire_choices":[{"data":"Apotheosis","floor":8.0,"key":"SMITH"},{"data":"Devotion","floor":11.0,"key":"SMITH"},{"floor":13.0,"key":"REST"},{"data":"Pray","floor":15.0,"key":"SMITH"},{"data":"J.A.X.","floor":24.0,"key":"SMITH"},{"data":"Blasphemy","floor":28.0,"key":"SMITH"},{"data":"Devotion","floor":32.0,"key":"SMITH"},{"data":"Wish","floor":40.0,"key":"SMITH"}],"circlet_count":0,"master_deck":["Strike_P","Strike_P","Strike_P","Strike_P","Defend_P","Defend_P","Eruption","Vigilance","Apotheosis+1","CarveReality","Protect","Pray+1","Devotion+1","Prostrate","WheelKick","Blasphemy+1","CarveReality+1","Prostrate","J.A.X.+1","Prostrate","Wish+1","Brilliance","MasterReality","Devotion+1","Omniscience","InnerPeace","ReachHeaven+1","BattleHymn","Study","BattleHymn+1","DeusExMachina","Prostrate+1"],"relics":["PureWater","Prayer Wheel","Happy Flower","Blood Vial","Sozu","Oddly Smooth Stone","Red Mask","MealTicket","Old Coin","Potion Belt","Damaru","Bottled Tornado","Toy Ornithopter","VioletLotus","Bird Faced Urn","Membership Card","Bottled Flame"],"acts_visited":["Exordium","TheCity","TheBeyond"],"potions_floor_usage":[],"damage_taken":[{"damage":0.0,"enemies":"Jaw Worm","floor":1.0,"turns":3.0},{"damage":0.0,"enemies":"Small Slimes","floor":2.0,"turns":2.0},{"damage":0.0,"enemies":"2 Louse","floor":3.0,"turns":2.0},{"damage":8.0,"enemies":"Exordium Wildlife","floor":4.0,"turns":3.0},{"damage":2.0,"enemies":"Large Slime","floor":5.0,"turns":7.0},{"damage":4.0,"enemies":"3 Sentries","floor":6.0,"turns":4.0},{"damage":3.0,"enemies":"Looter","floor":10.0,"turns":3.0},{"damage":0.0,"enemies":"Lagavulin","floor":12.0,"turns":4.0},{"damage":2.0,"enemies":"Red Slaver","floor":14.0,"turns":3.0},{"damage":32.0,"enemies":"Hexaghost","floor":16.0,"turns":8.0},{"damage":18.0,"enemies":"2 Thieves","floor":18.0,"turns":3.0},{"damage":3.0,"enemies":"Masked Bandits","floor":20.0,"turns":2.0},{"damage":3.0,"enemies":"Shell Parasite","floor":21.0,"turns":4.0},{"damage":3.0,"enemies":"Gremlin Leader","floor":23.0,"turns":5.0},{"damage":3.0,"enemies":"Snecko","floor":25.0,"turns":4.0},{"damage":21.0,"enemies":"Slavers","floor":27.0,"turns":5.0},{"damage":12.0,"enemies":"Book of Stabbing","floor":31.0,"turns":3.0},{"damage":17.0,"enemies":"Automaton","floor":33.0,"turns":5.0},{"damage":15.0,"enemies":"3 Shapes","floor":35.0,"turns":5.0},{"damage":29.0,"enemies":"3 Darklings","floor":36.0,"turns":3.0},{"damage":35.0,"enemies":"Spire Growth","floor":41.0,"turns":4.0},{"damage":23.0,"enemies":"Transient","floor":42.0,"turns":5.0},{"damage":0,"enemies":"3 Darklings","floor":44,"turns":1}],"seed_played":"-8535564999133759967","potions_obtained":[{"floor":1.0,"key":"BottledMiracle"},{"floor":3.0,"key":"SneckoOil"},{"floor":5.0,"key":"Fire Potion"},{"floor":14.0,"key":"Ancient Potion"}],"is_trial":false,"path_per_floor":["M","M","M","M","M","E","?","R","T","M","R","E","R","M","R","B",null,"M","?","?","M","?","E","R","M","T","E","R","$","?","E","R","B",null,"M","M","T","?","$","R","M","M","T","M"],"character_chosen":"WATCHER","items_purchased":["Wish","Brilliance","Damaru","Bottled Tornado","Membership Card","Study"],"campfire_rested":1,"item_purchase_floors":[29,29,29,29,39,39],"current_hp_per_floor":[51,51,51,43,41,37,42,42,42,39,39,39,62,62,62,32,77,59,59,58,57,57,56,56,55,55,36,36,51,51,41,41,26,77,62,35,35,35,50,50,23,12,12,14,14],"gold":51,"neow_bonus":"RANDOM_COLORLESS_2","is_daily":false,"chose_seed":false,"campfire_upgraded":7,"win_rate":0.0,"timestamp":1613419530,"path_taken":["M","M","M","M","M","E","?","R","T","M","R","E","R","M","R","BOSS","M","?","?","?","?","E","R","M","T","E","R","$","?","E","R","BOSS","M","M","?","?","$","R","M","M","T","M"],"items_purchased_type":["Card","Card","Relic","Relic","Relic","Card"],"build_version":"2020-12-22","purchased_purges":2,"victory":false,"max_hp_per_floor":[72,72,72,72,72,72,77,77,77,77,77,77,77,77,77,77,77,77,77,77,77,77,77,77,77,77,77,77,77,77,77,77,77,77,77,77,77,77,77,77,77,77,77,77,77],"card_choices":[{"not_picked":["Panache","Magnetism"],"picked":"Apotheosis","floor":0.0},{"not_picked":["CutThroughFate","FollowUp"],"picked":"CarveReality","floor":1.0},{"not_picked":["Nirvana","SashWhip","Halt"],"picked":"SKIP","floor":2.0},{"not_picked":["BowlingBash","ClearTheMind","JustLucky"],"picked":"SKIP","floor":3.0},{"not_picked":["Evaluate","Vengeance"],"picked":"Protect","floor":4.0},{"not_picked":["SashWhip","MentalFortress"],"picked":"Pray","floor":5.0},{"not_picked":["FollowUp","Sanctity"],"picked":"Devotion","floor":6.0},{"not_picked":["CutThroughFate","Consecrate"],"picked":"Prostrate","floor":10.0},{"not_picked":["JustLucky","CutThroughFate"],"picked":"WheelKick","floor":10.0},{"not_picked":["CutThroughFate","WaveOfTheHand","Indignation"],"picked":"SKIP","floor":12.0},{"not_picked":["CrushJoints","Consecrate","PathToVictory"],"picked":"SKIP","floor":14.0},{"not_picked":["FlurryOfBlows","JustLucky","EmptyBody"],"picked":"SKIP","floor":14.0},{"not_picked":["Judgement","DeusExMachina"],"picked":"Blasphemy","floor":16.0},{"not_picked":["JustLucky+1","Conclude+1"],"picked":"CarveReality+1","floor":18.0},{"not_picked":["PathToVictory+1","CutThroughFate","Indignation+1"],"picked":"SKIP","floor":18.0},{"not_picked":["Meditate","Conclude"],"picked":"Prostrate","floor":21.0},{"not_picked":["SashWhip+1","JustLucky+1","ClearTheMind+1"],"picked":"SKIP","floor":21.0},{"not_picked":["SashWhip+1","JustLucky+1","ClearTheMind+1"],"picked":"SKIP","floor":21.0},{"not_picked":["WaveOfTheHand","Crescendo","Evaluate"],"picked":"SKIP","floor":23.0},{"not_picked":["Halt","Crescendo"],"picked":"Prostrate","floor":25.0},{"not_picked":["ThirdEye","EmptyFist","Adaptation"],"picked":"SKIP","floor":25.0},{"not_picked":["Nirvana","Crescendo+1","Indignation"],"picked":"SKIP","floor":27.0},{"not_picked":["DeceiveReality","EmptyBody+1"],"picked":"Devotion","floor":31.0},{"not_picked":["Wish","LessonLearned"],"picked":"Omniscience","floor":33.0},{"not_picked":["Crescendo","Protect+1"],"picked":"InnerPeace","floor":35.0},{"not_picked":["EmptyBody","Sanctity+1"],"picked":"ReachHeaven+1","floor":35.0},{"not_picked":["Halt+1","WheelKick+1"],"picked":"BattleHymn","floor":36.0},{"not_picked":["MentalFortress","LikeWater+1","PathToVictory"],"picked":"SKIP","floor":36.0},{"not_picked":["MentalFortress","LikeWater+1","PathToVictory"],"picked":"SKIP","floor":36.0},{"not_picked":["CutThroughFate+1","JustLucky"],"picked":"BattleHymn+1","floor":41.0},{"not_picked":["EmptyBody","CutThroughFate+1","ThirdEye+1"],"picked":"SKIP","floor":41.0},{"not_picked":["SashWhip+1","ClearTheMind"],"picked":"DeusExMachina","floor":42.0},{"not_picked":["Vengeance+1","ClearTheMind+1"],"picked":"Prostrate+1","floor":42.0}],"player_experience":153844,"relics_obtained":[{"floor":6.0,"key":"Prayer Wheel"},{"floor":9.0,"key":"Happy Flower"},{"floor":12.0,"key":"Blood Vial"},{"floor":20.0,"key":"Red Mask"},{"floor":23.0,"key":"MealTicket"},{"floor":26.0,"key":"Old Coin"},{"floor":27.0,"key":"Potion Belt"},{"floor":31.0,"key":"Toy Ornithopter"},{"floor":37.0,"key":"Bird Faced Urn"},{"floor":43.0,"key":"Bottled Flame"}],"event_choices":[{"damage_healed":0.0,"max_hp_gain":5.0,"max_hp_loss":0.0,"gold_gain":0.0,"event_name":"Big Fish","player_choice":"Donut","floor":7.0,"gold_loss":0.0,"damage_taken":0.0},{"damage_healed":0.0,"max_hp_gain":0.0,"max_hp_loss":0.0,"gold_gain":0.0,"event_name":"The Mausoleum","player_choice":"Opened","floor":19.0,"gold_loss":0.0,"damage_taken":0.0,"relics_obtained":["Oddly Smooth Stone"]},{"damage_healed":0.0,"max_hp_gain":0.0,"max_hp_loss":0.0,"gold_gain":0.0,"event_name":"Masked Bandits","player_choice":"Fought Bandits","floor":20.0,"gold_loss":0.0,"damage_taken":0.0},{"damage_healed":0.0,"max_hp_gain":0.0,"max_hp_loss":0.0,"gold_gain":0.0,"event_name":"Drug Dealer","player_choice":"Obtain J.A.X.","floor":22.0,"gold_loss":0.0,"damage_taken":0.0,"cards_obtained":["J.A.X."]},{"damage_healed":0.0,"max_hp_gain":0.0,"max_hp_loss":0.0,"gold_gain":0.0,"event_name":"Match and Keep!","player_choice":"1 cards matched","floor":30.0,"gold_loss":0.0,"damage_taken":0.0,"cards_obtained":["MasterReality"]},{"damage_healed":0.0,"max_hp_gain":0.0,"max_hp_loss":0.0,"gold_gain":0.0,"event_name":"The Moai Head","player_choice":"Ignored","floor":38.0,"gold_loss":0.0,"damage_taken":0.0}],"is_beta":false,"boss_relics":[{"not_picked":["Tiny House","Pandora\u0027s Box"],"picked":"Sozu"},{"not_picked":["Velvet Choker","Coffee Dripper"],"picked":"VioletLotus"}],"items_purged_floors":[29,39],"is_endless":false,"potions_floor_spawned":[1,3,5,14,18,21,33,35,36],"killed_by":"3 Darklings","ascension_level":3}}