{"host":"yeg3u3dfqewtiiug","time":1613429037,"event":{"mods":["AchievementEnabler","BaseMod","Downfall","Minty Spire (QoL Compilation)","StSLib"],"gold_per_floor":[99,113,125,125,125,56,133,166,166,76,110,123,123,123,134,239,239,239,259,279,279,291,291,291,291],"floor_reached":23,"language":"ENG","playtime":2999,"items_purged":["bronze:Strike"],"score":224,"play_id":"108f4c12-baf5-44de-aee8-ac70506f29bf","local_time":"20210215164357","is_ascension_mode":false,"campfire_choices":[{"data":"bronze:Replicate","floor":1,"key":"SMITH"},{"floor":13,"key":"REST"},{"data":"bronze:Mutator","floor":18,"key":"SMITH"}],"circlet_count":0,"master_deck":["bronze:Strike","bronze:Strike","bronze:Defend","bronze:Defend","bronze:Defend","bronze:Defend","bronze:Replicate+1","bronze:Goto","bronze:FineTuning","bronze:WhirlingStrike","bronze:FineTuning","bronze:OilSpill","bronze:HardenedForm","bronze:OilSpill","bronze:CutThrough","bronze:Flail","bronze:Mutator+1","bronze:CloningBeam+1"],"relics":["bronze:BronzeCore","Blue Candle","bronze:ProtectiveGoggles","Nunchaku","downfall:ShatteredFragment","Black Star","downfall:RedIOU"],"acts_visited":["Exordium","TheCity"],"potions_floor_usage":[11,11,22],"damage_taken":[{"damage":1,"enemies":"2 Louse","floor":2,"turns":4},{"damage":2,"enemies":"Small Slimes","floor":3,"turns":3},{"damage":0,"enemies":"downfall:FleeingMerchant","floor":6,"turns":4},{"damage":20,"enemies":"Gremlin Nob","floor":8,"turns":4},{"damage":3,"enemies":"downfall:FleeingMerchant","floor":10,"turns":4},{"damage":0,"enemies":"Lagavulin","floor":11,"turns":4},{"damage":6,"enemies":"Jaw Worm","floor":12,"turns":3},{"damage":0,"enemies":"Exordium Wildlife","floor":15,"turns":2},{"damage":23,"enemies":"SI_SHIV_ARCHETYPE","floor":16,"turns":10},{"damage":5,"enemies":"Chosen","floor":19,"turns":3},{"damage":25,"enemies":"downfall:LooterAlt2","floor":20,"turns":3},{"damage":14,"enemies":"Sentry and Sphere","floor":22,"turns":3},{"damage":40,"enemies":"Sentry and Sphere","floor":23,"turns":2}],"seed_played":"-7942415642830815071","potions_obtained":[{"floor":2,"key":"Fire Potion"},{"floor":3,"key":"ColorlessPotion"},{"floor":8,"key":"Weak Potion"},{"floor":12,"key":"GamblersBrew"},{"floor":15,"key":"SteroidPotion"}],"is_trial":false,"path_per_floor":["R","M","M","?","?","$","T","E","?","$","E","M","R","?","M","B",null,"R","M","M","?","M","?"],"character_chosen":"THE_AUTOMATON","items_purchased":["bronze:OilSpill"],"campfire_rested":1,"item_purchase_floors":[6],"current_hp_per_floor":[77,76,74,79,79,79,79,59,56,53,53,47,71,50,50,27,82,82,77,52,52,38,0,0,0],"gold":291,"neow_bonus":"TEN_PERCENT_HP_BONUS","is_daily":false,"chose_seed":false,"campfire_upgraded":2,"win_rate":0.0,"timestamp":1613429037,"path_taken":["R","M","M","?","?","$","T","E","?","$","E","M","R","?","M","BOSS","R","M","M","?","M","?"],"items_purchased_type":["Card"],"build_version":"2020-12-22","purchased_purges":1,"victory":false,"max_hp_per_floor":[77,77,77,82,82,82,82,82,82,82,82,82,82,82,82,82,82,82,82,82,82,82,82,82,82],"card_choices":[{"not_picked":["bronze:ItsAFeature","bronze:FollowUp"],"picked":"bronze:FineTuning","floor":2},{"not_picked":["bronze:ChildClass","bronze:WildBeam"],"picked":"bronze:WhirlingStrike","floor":3},{"not_picked":["bronze:Invalidate","bronze:NullPointer"],"picked":"bronze:FineTuning","floor":6},{"not_picked":["bronze:DelayedGuard","bronze:Boost"],"picked":"bronze:HardenedForm","floor":8},{"not_picked":["bronze:Shield","bronze:Deprecate"],"picked":"bronze:OilSpill","floor":10},{"not_picked":["bronze:DelayedSlice","bronze:FollowUp"],"picked":"bronze:CutThrough","floor":11},{"not_picked":["bronze:Backtrace","bronze:GetLatest","bronze:DarkDash"],"picked":"SKIP","floor":12},{"not_picked":["bronze:DelayedGuard","bronze:WildBeam"],"picked":"bronze:Flail","floor":15},{"not_picked":["bronze:BurnOut","bronze:HardenedForm"],"picked":"bronze:Mutator","floor":16},{"not_picked":["bronze:Shell","bronze:BugBarrage+1","bronze:DelayedSlice"],"picked":"SKIP","floor":19},{"not_picked":["bronze:DelayedGuard","bronze:WildBeam"],"picked":"bronze:CloningBeam+1","floor":20},{"not_picked":["bronze:Overheat","bronze:DarkDash+1","bronze:CleanCode"],"picked":"SKIP","floor":22}],"player_experience":383287,"relics_obtained":[{"floor":7,"key":"Blue Candle"},{"floor":8,"key":"bronze:ProtectiveGoggles"},{"floor":11,"key":"Juzu Bracelet"}],"event_choices":[{"damage_healed":0,"gold_gain":0,"player_choice":"Donut","damage_taken":0,"max_hp_gain":5,"max_hp_loss":0,"event_name":"Big Fish","floor":4,"gold_loss":0},{"cards_removed":["bronze:Strike"],"damage_healed":0,"gold_gain":0,"player_choice":"Card Removal","damage_taken":0,"max_hp_gain":0,"max_hp_loss":0,"event_name":"The Cleric","floor":5,"gold_loss":0},{"damage_healed":0,"gold_gain":0,"player_choice":"Success","damage_taken":3,"relics_obtained":["Nunchaku"],"max_hp_gain":0,"max_hp_loss":0,"event_name":"Scrap Ooze","floor":9,"gold_loss":0}],"is_beta":false,"boss_relics":[{"not_picked":["Runic Dome","Coffee Dripper"],"picked":"Black Star"}],"items_purged_floors":[10],"is_endless":false,"potions_floor_spawned":[2,3,8,12,15,20],"killed_by":"Sentry and Sphere","ascension_level":0}}