{"host":"y4fuci1jk2rsxnep","time":1613401101,"event":{"mods":["AchievementEnabler","BaseMod","Colored Powertips","Custom Start","Defuse TimeMaze Blight","Dio Mod","Downfall","Hermit","Hero for Fun","Hubris","Hunter ??","Infinite Spire","Minty Spire (QoL Compilation)","Quick Restart","Reliquary","Remove Card Discount Mod","Replay The Spire","StSLib","The Blackbeard","The Bug Knight","The Mystic","The Runesmith"],"gold_per_floor":[117,133,153,153,171,187,187,219,290,366,366,291,291,56,56,151,151,162,162,162,162,178,178,178],"floor_reached":23,"language":"ENG","playtime":2919,"items_purged":["ReplayTheSpireMod:Splinters"],"score":214,"play_id":"0f0f85ea-cc71-4585-a2e4-6bc68e125208","local_time":"20210215155821","daily_mods":["Heirloom","Time Dilation","Flight"],"is_ascension_mode":false,"campfire_choices":[{"data":"hermit:Combo","floor":7,"key":"SMITH"},{"floor":11,"key":"REST"},{"data":"Mayhem","floor":15,"key":"SMITH"}],"circlet_count":0,"master_deck":["hermit:Defend_Hermit","hermit:Defend_Hermit","hermit:Defend_Hermit","hermit:Defend_Hermit","hermit:Snapshot","hermit:Covet","hermit:WideOpen","hermit:WideOpen","hermit:Combo+1","hermit:ShadowCloak","hermit:BlackWind","hermit:Enervate","hermit:Dive","hermit:DeadMansHand","hermit:TakeAim","Mayhem+1","hermit:FlashPowder","hermit:FromBeyond","hermit:Misfire+1","Amnesia","Bite","Bite","Bite","Bite","Bite"],"relics":["hermit:Momento","replay:Trail_Library","mysticmod:CrystalBall","Replay:Towering Pillar of Hats","hubris:Icosahedron","reliquary:TridentHead","BranchBurnRelic","Black Star","ReplayTheSpireMod:Ring of Challenge"],"acts_visited":["Exordium","TheCity"],"potions_floor_usage":[],"damage_taken":[{"damage":1,"enemies":"Small Slimes","floor":1,"turns":3},{"damage":5,"enemies":"2 Louse","floor":2,"turns":3},{"damage":11,"enemies":"Jaw Worm","floor":3,"turns":2},{"damage":13,"enemies":"Exordium Thugs","floor":5,"turns":3},{"damage":10,"enemies":"Looter","floor":6,"turns":2},{"damage":31,"enemies":"3 Sentries","floor":8,"turns":7},{"damage":9,"enemies":"Slime Boss","floor":16,"turns":4},{"damage":42,"enemies":"Spheric Guardian","floor":18,"turns":7},{"damage":19,"enemies":"Chosen","floor":22,"turns":6},{"damage":52,"enemies":"Gremlin Leader","floor":23,"turns":4}],"seed_played":"5618370410324379397","potions_obtained":[{"floor":2,"key":"Languid Potion"},{"floor":16,"key":"Fire Potion"}],"is_trial":true,"path_per_floor":["M","M","M","?","M","M","R","E","T","?","R","$","?","$","R","B",null,"M","?","?","?","M","E"],"character_chosen":"HERMIT","items_purchased":["hermit:TakeAim","Mayhem","hermit:FlashPowder"],"campfire_rested":1,"item_purchase_floors":[12,14,14],"current_hp_per_floor":[74,69,58,58,45,35,35,4,4,4,26,26,26,26,26,29,75,33,33,33,33,28,0,0],"gold":178,"neow_bonus":"","is_daily":false,"chose_seed":false,"campfire_upgraded":2,"win_rate":0.0,"timestamp":1613401101,"path_taken":["M","M","M","?","M","M","R","E","T","?","R","$","?","$","R","BOSS","M","?","?","?","M","E"],"items_purchased_type":["Card","Card","Card"],"build_version":"2020-12-22","purchased_purges":1,"victory":false,"max_hp_per_floor":[75,75,75,75,75,75,75,75,75,75,75,75,75,75,75,75,75,75,75,52,52,52,52,52],"card_choices":[{"not_picked":["hermit:TrackingShot","hermit:Misfire","hermit:TakeCover"],"picked":"SKIP","floor":1},{"not_picked":["hermit:Snipe","hermit:SprayPray"],"picked":"hermit:WideOpen","floor":2},{"not_picked":["hermit:Dive","hermit:Manifest"],"picked":"hermit:WideOpen","floor":3},{"not_picked":["hermit:TakeCover","hermit:Horror","hermit:Scavenge"],"picked":"SKIP","floor":5},{"not_picked":["hermit:LoneWolf","hermit:Manifest"],"picked":"hermit:Combo","floor":6},{"not_picked":["hermit:Dive","hermit:CursedWeapon"],"picked":"hermit:ShadowCloak","floor":8},{"not_picked":["hermit:Feint","hermit:CursedWeapon"],"picked":"hermit:Enervate","floor":10},{"not_picked":["hermit:TrackingShot","hermit:Ricochet"],"picked":"hermit:Dive","floor":10},{"not_picked":["hermit:SprayPray","hermit:Showdown"],"picked":"hermit:DeadMansHand","floor":10},{"not_picked":["hermit:OverwhelmingPower","hermit:Purgatory"],"picked":"hermit:FromBeyond","floor":16},{"not_picked":["hermit:ItchyTrigger+1","hermit:HoleUp+1"],"picked":"hermit:Misfire+1","floor":18},{"not_picked":["hermit:OverwhelmingPower","hermit:Roulette+1","hermit:Gestalt"],"picked":"SKIP","floor":22}],"player_experience":567251,"relics_obtained":[{"floor":8,"key":"Dead Branch"},{"floor":9,"key":"reliquary:TridentHead"},{"floor":19,"key":"ReplayTheSpireMod:Ring of Challenge"}],"event_choices":[{"damage_healed":0,"gold_gain":0,"player_choice":"Became a vampire","damage_taken":0,"max_hp_gain":0,"max_hp_loss":23,"event_name":"Vampires","floor":20,"gold_loss":0,"cards_obtained":["Bite","Bite","Bite","Bite","Bite"]}],"is_beta":false,"boss_relics":[{"not_picked":["Tiny House","hubris:HollowSoul"],"picked":"Black Star"}],"items_purged_floors":[12],"is_endless":false,"potions_floor_spawned":[2,16],"killed_by":"Gremlin Leader","ascension_level":0}}