{"host":"sygfylmorsvdndbx","time":1613406069,"event":{"mods":["AchievementEnabler","BaseMod","Bestiary","Highlight Path","Minty Spire (QoL Compilation)","Permanent Neow","Quick Restart","Relic Stats"],"gold_per_floor":[113,130,141,141,160,160,16,16,16,31,49,77,77,107,107,205,205,219,134,134,152,165,165,16,43,43,55,88,20,52,72,72,169,169,181,198,1197,1197,1217,1250,950,965,965,991,991,991,991,1020,1020,1020,1020,1020,57,88,88],"floor_reached":56,"language":"ENG","playtime":12558,"items_purged":["MasterReality","Eruption+1"],"score":2103,"play_id":"b3a60709-f25f-4f41-a5b3-e66265ca810a","local_time":"20210215112109","is_ascension_mode":true,"campfire_choices":[{"data":"Eruption","floor":6.0,"key":"SMITH"},{"data":"CutThroughFate","floor":8.0,"key":"SMITH"},{"data":"BattleHymn","floor":13.0,"key":"SMITH"},{"data":"Vault","floor":15.0,"key":"SMITH"},{"data":"Blasphemy","floor":23.0,"key":"SMITH"},{"data":"Adaptation","floor":32.0,"key":"SMITH"},{"data":"Ragnarok","floor":45.0,"key":"SMITH"},{"data":"Vault","floor":47.0,"key":"SMITH"},{"floor":49.0,"key":"RECALL"},{"data":"SpiritShield","floor":52,"key":"SMITH"}],"circlet_count":0,"master_deck":["AscendersBane","Vigilance","Vault+1","BattleHymn+1","CutThroughFate+1","ThirdEye","Weave","Protect","Adaptation+1","Crescendo","Meditate","Blasphemy+1","Wallop","Ragnarok+1","CrushJoints+1","Tantrum+1","Vault+1","Blasphemy","Evaluate","WindmillStrike+1","SandsOfTime+1","SpiritShield+1","EmptyMind","ClearTheMind+1","EmptyBody+1","SashWhip+1","DevaForm","Wireheading","FlurryOfBlows+1","JustLucky+1","SandsOfTime+1","TalkToTheHand+1"],"relics":["PureWater","White Beast Statue","Strawberry","Orichalcum","CloakClasp","Mango","Black Star","Nunchaku","Toolbox","Ancient Tea Set","Centennial Puzzle","Molten Egg 2","InkBottle","Oddly Smooth Stone","Omamori","Meat on the Bone","Pandora\u0027s Box","Damaru","Bronze Scales","Lee\u0027s Waffle","Singing Bowl","Pantograph","Incense Burner","Vajra","HornCleat","Torii","Medical Kit","Thread and Needle","StrikeDummy"],"acts_visited":["Exordium","TheCity","TheBeyond","TheEnding"],"potions_floor_usage":[50,54,55],"damage_taken":[{"damage":3.0,"enemies":"Jaw Worm","floor":1.0,"turns":5.0},{"damage":8.0,"enemies":"Small Slimes","floor":2.0,"turns":5.0},{"damage":1.0,"enemies":"2 Louse","floor":3.0,"turns":3.0},{"damage":15.0,"enemies":"Lots of Slimes","floor":5.0,"turns":7.0},{"damage":2.0,"enemies":"3 Louse","floor":10.0,"turns":3.0},{"damage":5.0,"enemies":"Blue Slaver","floor":11.0,"turns":3.0},{"damage":5.0,"enemies":"Lagavulin","floor":12.0,"turns":4.0},{"damage":4.0,"enemies":"3 Sentries","floor":14.0,"turns":5.0},{"damage":0.0,"enemies":"Slime Boss","floor":16.0,"turns":6.0},{"damage":0.0,"enemies":"Shell Parasite","floor":18.0,"turns":3.0},{"damage":11.0,"enemies":"2 Thieves","floor":21.0,"turns":4.0},{"damage":14.0,"enemies":"Shelled Parasite and Fungi","floor":22.0,"turns":5.0},{"damage":7.0,"enemies":"Book of Stabbing","floor":25.0,"turns":3.0},{"damage":0.0,"enemies":"Snake Plant","floor":27.0,"turns":3.0},{"damage":20.0,"enemies":"Slavers","floor":28.0,"turns":5.0},{"damage":10.0,"enemies":"Book of Stabbing","floor":30.0,"turns":4.0},{"damage":0.0,"enemies":"Centurion and Healer","floor":31.0,"turns":2.0},{"damage":7.0,"enemies":"Collector","floor":33.0,"turns":4.0},{"damage":0.0,"enemies":"3 Darklings","floor":35.0,"turns":2.0},{"damage":2.0,"enemies":"Orb Walker","floor":36.0,"turns":5.0},{"damage":0.0,"enemies":"Sphere and 2 Shapes","floor":39.0,"turns":3.0},{"damage":1.0,"enemies":"Giant Head","floor":40.0,"turns":7.0},{"damage":15.0,"enemies":"Jaw Worm Horde","floor":42.0,"turns":4.0},{"damage":16.0,"enemies":"Reptomancer","floor":44.0,"turns":4.0},{"damage":0.0,"enemies":"Giant Head","floor":48.0,"turns":6.0},{"damage":38,"enemies":"Time Eater","floor":50,"turns":7},{"damage":6,"enemies":"Shield and Spear","floor":54,"turns":3},{"damage":10,"enemies":"The Heart","floor":55,"turns":7}],"seed_played":"592405794315095017","potions_obtained":[{"floor":1.0,"key":"Ambrosia"},{"floor":5.0,"key":"SteroidPotion"},{"floor":10.0,"key":"LiquidMemories"},{"floor":11.0,"key":"Explosive Potion"},{"floor":14.0,"key":"PowerPotion"},{"floor":16.0,"key":"DuplicationPotion"},{"floor":25.0,"key":"Fire Potion"},{"floor":27.0,"key":"BottledMiracle"},{"floor":28.0,"key":"SkillPotion"},{"floor":30.0,"key":"Weak Potion"},{"floor":31.0,"key":"Strength Potion"},{"floor":33.0,"key":"DuplicationPotion"},{"floor":35.0,"key":"LiquidBronze"},{"floor":36.0,"key":"Swift Potion"},{"floor":44.0,"key":"PowerPotion"},{"floor":48.0,"key":"SkillPotion"},{"floor":54,"key":"SkillPotion"}],"is_trial":false,"path_per_floor":["M","M","M","?","M","R","$","R","T","M","M","E","R","E","R","B",null,"M","?","?","M","M","R","$","E","T","M","E","$","E","M","R","B",null,"M","M","?","?","M","E","$","M","T","E","R","?","R","E","R","B",null,"R","$","E","B",null],"character_chosen":"WATCHER","items_purchased":["Strawberry","Toolbox","Tantrum+1","Lee\u0027s Waffle","Wireheading","HornCleat","Torii","Dexterity Potion","Medical Kit","JustLucky+1","SandsOfTime+1"],"campfire_rested":0,"item_purchase_floors":[7,24,29,41,41,53,53,53,53,53,53],"current_hp_per_floor":[62,54,53,50,35,35,42,42,42,40,35,30,30,40,40,40,80,80,80,80,69,55,55,55,48,48,48,28,28,18,30,30,35,79,79,77,77,77,77,76,100,85,85,71,71,71,71,71,71,58,91,91,91,85,92],"gold":88,"neow_bonus":"ONE_RANDOM_RARE_CARD","is_daily":false,"chose_seed":false,"campfire_upgraded":9,"win_rate":0.0,"timestamp":1613406069,"path_taken":["M","M","M","?","M","R","$","R","T","M","M","E","R","E","R","BOSS","M","?","?","M","M","R","?","E","T","M","E","$","E","M","R","BOSS","M","M","?","?","M","E","$","?","T","E","R","?","R","E","R","BOSS","R","$","E","BOSS"],"items_purchased_type":["Relic","Relic","Card","Relic","Card","Relic","Relic","Potion","Relic","Card","Card"],"build_version":"2020-12-22","purchased_purges":2,"victory":true,"max_hp_per_floor":[72,72,72,72,72,72,79,79,79,79,79,79,79,93,93,93,93,93,93,93,93,93,93,93,93,93,93,93,93,93,93,93,93,93,93,93,93,93,93,93,100,100,100,102,102,102,102,102,102,102,102,102,102,102,102],"relic_stats":{"Lee\u0027s Waffle":24,"Singing Bowl":2,"Torii":0,"counters":[28,122],"CloakClasp":[395],"Orichalcum":[204],"Medical Kit":[0],"Nunchaku":[17],"Centennial Puzzle":[30],"Bronze Scales":[141],"Pantograph":42,"Pandora\u0027s Box":["Blasphemy","Evaluate","MasterReality","WindmillStrike","SandsOfTime","SpiritShield","MasterReality","EmptyMind"],"Black Star":7,"obtain_stats":[{"Singing Bowl":44,"Torii":53,"Vajra":48,"Mango":14,"CloakClasp":12,"Incense Burner":48,"Ancient Tea Set":25,"Nunchaku":19,"Centennial Puzzle":25,"HornCleat":53,"Strawberry":7,"Pantograph":44,"Toolbox":24,"InkBottle":28,"Lee\u0027s Waffle":41,"Oddly Smooth Stone":28,"Damaru":40,"Thread and Needle":54,"Omamori":30,"Orichalcum":9,"Medical Kit":53,"White Beast Statue":4,"Bronze Scales":40,"Molten Egg 2":26,"Pandora\u0027s Box":34,"Black Star":17,"PureWater":0,"StrikeDummy":54,"Meat on the Bone":30},{"Singing Bowl":24,"Torii":26,"Vajra":25,"Mango":8,"CloakClasp":7,"Incense Burner":25,"Ancient Tea Set":13,"Nunchaku":10,"Centennial Puzzle":13,"HornCleat":26,"Strawberry":4,"Pantograph":24,"Toolbox":12,"InkBottle":15,"Lee\u0027s Waffle":22,"Oddly Smooth Stone":15,"Damaru":22,"Thread and Needle":27,"Omamori":16,"Orichalcum":4,"Medical Kit":26,"White Beast Statue":3,"Bronze Scales":22,"Molten Egg 2":13,"Pandora\u0027s Box":18,"Black Star":9,"PureWater":0,"StrikeDummy":27,"Meat on the Bone":16},{"Singing Bowl":99,"Torii":112,"Vajra":105,"Mango":35,"CloakClasp":30,"Incense Burner":105,"Ancient Tea Set":56,"Nunchaku":44,"Centennial Puzzle":56,"HornCleat":112,"Strawberry":20,"Pantograph":99,"Toolbox":53,"InkBottle":64,"Lee\u0027s Waffle":91,"Oddly Smooth Stone":64,"Damaru":91,"Thread and Needle":115,"Omamori":68,"Orichalcum":20,"Medical Kit":112,"White Beast Statue":13,"Bronze Scales":91,"Molten Egg 2":56,"Pandora\u0027s Box":74,"Black Star":41,"PureWater":0,"StrikeDummy":115,"Meat on the Bone":68}],"InkBottle":[28],"Meat on the Bone":24},"card_choices":[{"not_picked":["Indignation","MentalFortress"],"picked":"BattleHymn","floor":1.0},{"not_picked":["Weave","CrushJoints"],"picked":"CutThroughFate","floor":2.0},{"not_picked":["ClearTheMind","FlurryOfBlows"],"picked":"ThirdEye","floor":3.0},{"not_picked":["ThirdEye","ReachHeaven"],"picked":"Weave","floor":5.0},{"not_picked":["Prostrate","Worship"],"picked":"Protect","floor":10.0},{"not_picked":["Weave","Prostrate"],"picked":"Adaptation","floor":11.0},{"not_picked":["Ragnarok","ClearTheMind"],"picked":"Crescendo","floor":12.0},{"not_picked":["FollowUp","BowlingBash"],"picked":"Meditate","floor":14.0},{"not_picked":["DeusExMachina","Brilliance"],"picked":"Blasphemy","floor":16.0},{"not_picked":["FollowUp","Crescendo","ClearTheMind"],"picked":"SKIP","floor":18.0},{"not_picked":["EmptyBody","Halt"],"picked":"Wallop","floor":21.0},{"not_picked":["ReachHeaven","InnerPeace","WheelKick"],"picked":"SKIP","floor":22.0},{"not_picked":["Crescendo","JustLucky"],"picked":"Ragnarok","floor":25.0},{"not_picked":["Study","EmptyBody","Halt"],"picked":"SKIP","floor":27.0},{"not_picked":["FollowUp+1","Prostrate"],"picked":"CrushJoints+1","floor":28.0},{"not_picked":["CarveReality+1","Conclude+1","WindmillStrike+1"],"picked":"SKIP","floor":30.0},{"not_picked":["FlyingSleeves+1","WreathOfFlame","WaveOfTheHand+1"],"picked":"SKIP","floor":31.0},{"not_picked":["FlyingSleeves+1","WreathOfFlame","WaveOfTheHand+1"],"picked":"SKIP","floor":31.0},{"not_picked":["Omniscience","Scrawl"],"picked":"Vault","floor":33.0},{"not_picked":["Halt","FollowUp+1"],"picked":"ClearTheMind+1","floor":35.0},{"not_picked":["Crescendo","FlurryOfBlows+1"],"picked":"EmptyBody+1","floor":36.0},{"not_picked":["EmptyFist+1","FollowUp+1"],"picked":"SashWhip+1","floor":39.0},{"not_picked":["InnerPeace+1","Vengeance+1"],"picked":"DevaForm","floor":40.0},{"not_picked":["Swivel","Pray","Fasting2"],"picked":"SKIP","floor":42.0},{"not_picked":["Halt+1","Judgement","EmptyBody+1"],"picked":"Singing Bowl","floor":44.0},{"not_picked":["Fasting2","PathToVictory+1"],"picked":"FlurryOfBlows+1","floor":48.0},{"not_picked":["Adaptation","DeceiveReality"],"picked":"TalkToTheHand+1","floor":54}],"player_experience":524260,"relics_obtained":[{"floor":9.0,"key":"Orichalcum"},{"floor":12.0,"key":"CloakClasp"},{"floor":14.0,"key":"Mango"},{"floor":25.0,"key":"Ancient Tea Set"},{"floor":25.0,"key":"Centennial Puzzle"},{"floor":26.0,"key":"Molten Egg 2"},{"floor":28.0,"key":"InkBottle"},{"floor":28.0,"key":"Oddly Smooth Stone"},{"floor":30.0,"key":"Omamori"},{"floor":30.0,"key":"Meat on the Bone"},{"floor":40.0,"key":"Damaru"},{"floor":40.0,"key":"Bronze Scales"},{"floor":44.0,"key":"Singing Bowl"},{"floor":44.0,"key":"Pantograph"},{"floor":48.0,"key":"Incense Burner"},{"floor":48.0,"key":"Vajra"},{"floor":54,"key":"Thread and Needle"},{"floor":54,"key":"StrikeDummy"}],"event_choices":[{"damage_healed":0.0,"max_hp_gain":0.0,"max_hp_loss":0.0,"gold_gain":0.0,"event_name":"Scrap Ooze","player_choice":"Success","floor":4.0,"gold_loss":0.0,"damage_taken":3.0,"relics_obtained":["White Beast Statue"]},{"damage_healed":0.0,"max_hp_gain":0.0,"max_hp_loss":0.0,"gold_gain":0.0,"event_name":"Addict","player_choice":"Obtained Relic","floor":19.0,"gold_loss":85.0,"damage_taken":0.0,"relics_obtained":["Nunchaku"]},{"damage_healed":0.0,"max_hp_gain":0.0,"max_hp_loss":0.0,"gold_gain":0.0,"event_name":"Cursed Tome","player_choice":"Ignored","floor":20.0,"gold_loss":0.0,"damage_taken":0.0},{"damage_healed":0.0,"max_hp_gain":0.0,"max_hp_loss":0.0,"gold_gain":999.0,"event_name":"MindBloom","player_choice":"Gold","floor":37.0,"gold_loss":0.0,"damage_taken":0.0,"cards_obtained":["Normality","Normality"]},{"cards_removed":["MasterReality"],"damage_healed":0.0,"max_hp_gain":0.0,"max_hp_loss":0.0,"gold_gain":0.0,"event_name":"Purifier","player_choice":"Purged","floor":38.0,"gold_loss":0.0,"damage_taken":0.0},{"damage_healed":0.0,"max_hp_gain":0.0,"max_hp_loss":0.0,"gold_gain":0.0,"event_name":"Tomb of Lord Red Mask","player_choice":"Ignored","floor":46.0,"gold_loss":0.0,"damage_taken":0.0}],"is_beta":false,"boss_relics":[{"not_picked":["Velvet Choker","VioletLotus"],"picked":"Black Star"},{"not_picked":["SlaversCollar","Astrolabe"],"picked":"Pandora\u0027s Box"}],"items_purged_floors":[41,53],"is_endless":false,"potions_floor_spawned":[1,5,10,11,12,14,16,18,21,22,25,27,28,30,31,33,35,36,39,40,42,44,48,54],"ascension_level":12}}