{"host":"z4s4qib7mdvdkfud","time":1613402042,"event":{"mods":["BaseMod","Colored Map","Colored Powertips","Curses Come First","DeckTracker","Downfall","Highlight Path","Minty Spire (QoL Compilation)","Permanent Neow","StSLib"],"gold_per_floor":[112,112,37,37,37,64,64,91,91,105,118,118,118,128,128,225,225,235,254,254,280,37,62,62,62,62,82,82,82,40,58,58,58,58],"floor_reached":33,"language":"ENG","playtime":1564,"items_purged":["Defend_B","Strike_B"],"score":298,"play_id":"b29f669b-fce5-4abb-8a25-6d6218db098c","local_time":"20210216021402","is_ascension_mode":true,"campfire_choices":[{"data":"Dualcast","floor":7,"key":"SMITH"},{"floor":12,"key":"RECALL"},{"data":"Seek","floor":15,"key":"SMITH"},{"floor":25,"key":"REST"},{"floor":28,"key":"REST"},{"data":"Defragment","floor":32,"key":"SMITH"}],"circlet_count":0,"master_deck":["Strike_B","Strike_B","Defend_B","Defend_B","Defend_B","Zap+1","Dualcast+1","Mayhem+1","Leap","Sweeping Beam+1","Seek+1","Conserve Battery","Ball Lightning+1","Barrage+1","Machine Learning","Ball Lightning+1","Defragment+1","Coolheaded+1","Flash of Steel+1"],"relics":["Cracked Core","Molten Egg 2","Omamori","Matryoshka","Black Star","Bag of Marbles","Red Mask","Membership Card","Regal Pillow","Juzu Bracelet","Toxic Egg 2","Tiny Chest","Necronomicon"],"acts_visited":["Exordium","TheCity"],"potions_floor_usage":[16,21,23,33],"damage_taken":[{"damage":7,"enemies":"Jaw Worm","floor":1,"turns":4},{"damage":13,"enemies":"3 Sentries","floor":6,"turns":8},{"damage":14,"enemies":"Gremlin Nob","floor":8,"turns":3},{"damage":0,"enemies":"Small Slimes","floor":10,"turns":2},{"damage":1,"enemies":"Cultist","floor":11,"turns":3},{"damage":0,"enemies":"Large Slime","floor":14,"turns":3},{"damage":15,"enemies":"Hexaghost","floor":16,"turns":8},{"damage":5,"enemies":"Chosen","floor":18,"turns":4},{"damage":11,"enemies":"Shell Parasite","floor":19,"turns":5},{"damage":14,"enemies":"Masked Bandits","floor":21,"turns":4},{"damage":18,"enemies":"Book of Stabbing","floor":23,"turns":5},{"damage":31,"enemies":"Sentry and Sphere","floor":27,"turns":4},{"damage":3,"enemies":"Chosen and Byrds","floor":31,"turns":4},{"damage":46,"enemies":"Collector","floor":33,"turns":9}],"seed_played":"-4565696279957092841","potions_obtained":[{"floor":1,"key":"Explosive Potion"},{"floor":11,"key":"SteroidPotion"},{"floor":16,"key":"FearPotion"},{"floor":19,"key":"Regen Potion"}],"is_trial":false,"path_per_floor":["M","?","$","?","?","E","R","E","T","M","M","R","?","M","R","B",null,"M","M","?","?","$","E","?","R","T","M","R","?","$","M","R","B"],"character_chosen":"DEFECT","items_purchased":["Membership Card","Defragment","Flash of Steel+1"],"campfire_rested":2,"item_purchase_floors":[22,22,30],"current_hp_per_floor":[61,61,61,54,54,41,41,27,27,27,26,26,26,26,26,11,68,63,52,52,38,38,20,8,44,44,13,49,33,33,30,30,0,0],"gold":58,"neow_bonus":"RANDOM_COLORLESS_2","is_daily":false,"chose_seed":false,"campfire_upgraded":3,"win_rate":0.0,"timestamp":1613402042,"path_taken":["M","?","?","?","?","E","R","E","T","M","?","R","?","?","R","BOSS","M","M","?","?","$","E","?","R","T","M","R","?","?","M","R","BOSS"],"items_purchased_type":["Relic","Card","Card"],"build_version":"2020-12-22","purchased_purges":2,"victory":false,"max_hp_per_floor":[68,68,68,68,68,68,68,68,68,68,68,68,68,68,68,68,68,68,68,68,68,68,68,73,73,73,73,73,73,73,73,73,73,73],"card_choices":[{"not_picked":["Master of Strategy","Magnetism"],"picked":"Mayhem","floor":0},{"not_picked":["Stack","Scrape"],"picked":"Leap","floor":1},{"not_picked":["Heatsinks","BootSequence"],"picked":"Sweeping Beam+1","floor":6},{"not_picked":["Darkness","Coolheaded"],"picked":"Seek","floor":8},{"not_picked":["Sweeping Beam+1","Stack"],"picked":"Conserve Battery","floor":10},{"not_picked":["Scrape+1","Cold Snap+1"],"picked":"Ball Lightning+1","floor":11},{"not_picked":["Streamline+1","Coolheaded"],"picked":"Barrage+1","floor":14},{"not_picked":["Hyperbeam+1","Multi-Cast"],"picked":"Machine Learning","floor":16},{"not_picked":["Streamline+1","Barrage+1","Turbo"],"picked":"SKIP","floor":18},{"not_picked":["Scrape+1","Barrage+1","Steam Power+1"],"picked":"SKIP","floor":19},{"not_picked":["Consume","Go for the Eyes+1"],"picked":"Ball Lightning+1","floor":21},{"not_picked":["BootSequence","Aggregate","Gash+1"],"picked":"SKIP","floor":23},{"not_picked":["Gash+1","Streamline+1"],"picked":"Coolheaded+1","floor":27},{"not_picked":["Doom and Gloom+1","Rainbow+1","Hologram+1"],"picked":"SKIP","floor":31}],"player_experience":67470,"relics_obtained":[{"floor":6,"key":"Molten Egg 2"},{"floor":8,"key":"Omamori"},{"floor":9,"key":"Matryoshka"},{"floor":21,"key":"Red Mask"},{"floor":23,"key":"Regal Pillow"},{"floor":23,"key":"Juzu Bracelet"},{"floor":26,"key":"Toxic Egg 2"},{"floor":26,"key":"Tiny Chest"},{"floor":29,"key":"Necronomicon"}],"event_choices":[{"damage_healed":0,"gold_gain":0,"player_choice":"Grow","damage_taken":0,"max_hp_gain":0,"max_hp_loss":0,"event_name":"Living Wall","floor":2,"gold_loss":0,"cards_upgraded":["Mayhem"]},{"cards_removed":["Strike_B"],"damage_healed":0,"gold_gain":0,"player_choice":"Card Removal","damage_taken":7,"max_hp_gain":0,"max_hp_loss":0,"event_name":"Golden Wing","floor":4,"gold_loss":0},{"damage_healed":0,"gold_gain":0,"player_choice":"Upgraded","damage_taken":0,"max_hp_gain":0,"max_hp_loss":0,"event_name":"Upgrade Shrine","floor":5,"gold_loss":0,"cards_upgraded":["Zap"]},{"damage_healed":0,"gold_gain":0,"player_choice":"0 cards matched","damage_taken":0,"max_hp_gain":0,"max_hp_loss":0,"event_name":"Match and Keep!","floor":13,"gold_loss":0,"cards_obtained":[]},{"damage_healed":0,"gold_gain":0,"player_choice":"Opened","damage_taken":0,"relics_obtained":["Bag of Marbles"],"max_hp_gain":0,"max_hp_loss":0,"event_name":"The Mausoleum","floor":20,"gold_loss":0},{"damage_healed":0,"gold_gain":0,"player_choice":"Fought Bandits","damage_taken":0,"max_hp_gain":0,"max_hp_loss":0,"event_name":"Masked Bandits","floor":21,"gold_loss":0},{"damage_healed":0,"gold_gain":0,"player_choice":"Shed Blood","damage_taken":17,"max_hp_gain":5,"max_hp_loss":0,"event_name":"Forgotten Altar","floor":24,"gold_loss":0},{"damage_healed":0,"gold_gain":0,"player_choice":"Obtained Book","damage_taken":16,"max_hp_gain":0,"max_hp_loss":0,"event_name":"Cursed Tome","floor":29,"gold_loss":0}],"is_beta":false,"boss_relics":[{"not_picked":["Tiny House","Snecko Eye"],"picked":"Black Star"}],"items_purged_floors":[3,22],"is_endless":false,"potions_floor_spawned":[1,11,16,19],"killed_by":"Collector","ascension_level":2}}