{"host":"jwbw4f4imxd0v0b0","time":1613356949,"event":{"mods":["BaseMod","Colored Map","Highlight Path","Minty Spire (QoL Compilation)","Relic Stats","StSLib"],"gold_per_floor":[113,126,106,121,138,168,168,193,193,193,268,233,243,272,272,347,347,365,378,378,391,27,62,62,79,103,117,167,10,26,53,53,126,126,143,162,1161,1161,633,668,11,11,11,28,42,42,57,89,89,89],"floor_reached":51,"language":"ENG","playtime":2704,"items_purged":["Strike_P","Eruption+1"],"score":1399,"play_id":"84256795-acae-4df6-bd58-5d20a9b3b8db","local_time":"20210214204229","is_ascension_mode":true,"campfire_choices":[{"data":"Eruption","floor":7.0,"key":"SMITH"},{"floor":10.0,"key":"REST"},{"data":"Wallop","floor":15.0,"key":"SMITH"},{"floor":24.0,"key":"REST"},{"floor":32.0,"key":"REST"},{"floor":42,"key":"REST"},{"floor":49,"key":"REST"}],"circlet_count":0,"master_deck":["AscendersBane","Defend_P","Defend_P","Defend_P","Defend_P","Vigilance","BowlingBash","Wallop+1","BattleHymn","CutThroughFate+1","Consecrate+1","Tantrum+1","Tantrum+1","DeusExMachina","Prostrate","Prostrate","Evaluate","WindmillStrike+1","MentalFortress","Ragnarok+1","EmptyMind","Vault","Prostrate","WaveOfTheHand","DevaForm","EmptyBody+1","ConjureBlade+1","Blasphemy+1","Adaptation+1","Wallop+1","Finesse","Panache+1","Panacea","EmptyFist+1","Parasite","Study+1"],"relics":["PureWater","Damaru","Molten Egg 2","Mummified Hand","Pear","Bottled Tornado","Fusion Hammer","Omamori","Orichalcum","Regal Pillow","Sling","Shuriken","Astrolabe","Ancient Tea Set","Strawberry","DollysMirror","Matryoshka","Frozen Egg 2","MealTicket","Peace Pipe","Anchor"],"acts_visited":["Exordium","TheCity","TheBeyond"],"potions_floor_usage":[50,50],"damage_taken":[{"damage":2.0,"enemies":"Jaw Worm","floor":1.0,"turns":4.0},{"damage":6.0,"enemies":"Cultist","floor":2.0,"turns":5.0},{"damage":0.0,"enemies":"Small Slimes","floor":4.0,"turns":2.0},{"damage":1.0,"enemies":"2 Fungi Beasts","floor":5.0,"turns":3.0},{"damage":30.0,"enemies":"Lagavulin","floor":6.0,"turns":5.0},{"damage":19.0,"enemies":"Gremlin Nob","floor":8.0,"turns":4.0},{"damage":3.0,"enemies":"Blue Slaver","floor":13.0,"turns":2.0},{"damage":10.0,"enemies":"Lagavulin","floor":14.0,"turns":5.0},{"damage":17.0,"enemies":"Hexaghost","floor":16.0,"turns":7.0},{"damage":7.0,"enemies":"Chosen","floor":18.0,"turns":3.0},{"damage":0.0,"enemies":"3 Byrds","floor":19.0,"turns":3.0},{"damage":21.0,"enemies":"Snake Plant","floor":21.0,"turns":3.0},{"damage":27.0,"enemies":"Book of Stabbing","floor":23.0,"turns":4.0},{"damage":1.0,"enemies":"Sentry and Sphere","floor":25.0,"turns":3.0},{"damage":0.0,"enemies":"Centurion and Healer","floor":27.0,"turns":3.0},{"damage":15.0,"enemies":"Snake Plant","floor":30.0,"turns":4.0},{"damage":8.0,"enemies":"Gremlin Leader","floor":31.0,"turns":3.0},{"damage":19.0,"enemies":"Automaton","floor":33.0,"turns":7.0},{"damage":18,"enemies":"3 Darklings","floor":35,"turns":4},{"damage":4,"enemies":"Orb Walker","floor":36,"turns":2},{"damage":0,"enemies":"Giant Head","floor":40,"turns":6},{"damage":15,"enemies":"Transient","floor":44,"turns":5},{"damage":17,"enemies":"Writhing Mass","floor":45,"turns":5},{"damage":0,"enemies":"Sphere and 2 Shapes","floor":47,"turns":2},{"damage":11,"enemies":"Reptomancer","floor":48,"turns":4},{"damage":81,"enemies":"Awakened One","floor":50,"turns":8}],"seed_played":"-2675084931805802106","potions_obtained":[{"floor":2.0,"key":"EssenceOfSteel"},{"floor":3.0,"key":"Swift Potion"},{"floor":4.0,"key":"PowerPotion"},{"floor":6.0,"key":"SpeedPotion"},{"floor":13.0,"key":"SteroidPotion"},{"floor":18.0,"key":"DistilledChaos"},{"floor":23.0,"key":"Explosive Potion"},{"floor":25.0,"key":"GamblersBrew"}],"is_trial":false,"path_per_floor":["M","M","?","M","M","E","R","E","T","R","?","?","M","E","R","B",null,"M","M","?","M","$","E","R","M","T","M","?","$","M","E","R","B",null,"M","M","?","?","$","E","$","R","T","M","M","?","M","E","R","B",null],"character_chosen":"WATCHER","items_purchased":["Omamori","Ragnarok+1","Sling","Strawberry","DollysMirror","Finesse","PowerPotion","Ambrosia","Frozen Egg 2","Panache+1","Panacea","EmptyFist+1"],"campfire_rested":5,"item_purchase_floors":[22,22,29,39,39,39,39,39,41,41,41,41],"current_hp_per_floor":[59,53,53,53,52,22,22,3,13,36,25,44,41,31,31,14,62,55,55,55,34,34,7,30,29,29,29,29,29,14,6,44,25,65,47,43,43,43,50,50,50,85,85,70,53,53,53,42,82,1],"gold":89,"neow_bonus":"RANDOM_COMMON_RELIC","is_daily":false,"chose_seed":false,"campfire_upgraded":2,"win_rate":0.0,"timestamp":1613356949,"path_taken":["M","M","?","M","?","E","R","E","T","R","?","?","M","E","R","BOSS","M","M","?","?","$","E","R","M","T","?","?","?","?","E","R","BOSS","M","M","?","?","$","E","$","R","T","M","?","?","?","E","R","BOSS"],"items_purchased_type":["Relic","Card","Relic","Relic","Relic","Card","Potion","Potion","Relic","Card","Card","Card"],"build_version":"2020-12-22","purchased_purges":2,"victory":true,"max_hp_per_floor":[68,68,68,68,68,68,68,68,78,78,78,78,78,78,78,78,78,78,78,78,78,78,78,78,78,78,78,78,78,78,78,78,78,78,78,78,78,78,85,85,85,85,85,85,85,85,85,85,85,85],"relic_stats":{"Peace Pipe":0,"Regal Pillow":40,"counters":[26,106],"Mummified Hand":[38],"Shuriken":[23],"Astrolabe":["EmptyBody","ConjureBlade","Blasphemy"],"MealTicket":0,"Orichalcum":[48],"obtain_stats":[{"Regal Pillow":26,"Pear":9,"Astrolabe":34,"Damaru":0,"Omamori":22,"Bottled Tornado":14,"Orichalcum":23,"Frozen Egg 2":41,"Sling":29,"Ancient Tea Set":38,"Peace Pipe":43,"Anchor":48,"Matryoshka":40,"Mummified Hand":8,"Shuriken":31,"DollysMirror":39,"Strawberry":39,"Molten Egg 2":6,"MealTicket":43,"Fusion Hammer":17,"PureWater":0},{"Regal Pillow":14,"Pear":6,"Astrolabe":18,"Damaru":0,"Omamori":12,"Bottled Tornado":8,"Orichalcum":13,"Frozen Egg 2":21,"Sling":15,"Ancient Tea Set":20,"Peace Pipe":21,"Anchor":25,"Matryoshka":21,"Mummified Hand":6,"Shuriken":17,"DollysMirror":20,"Strawberry":20,"Molten Egg 2":5,"MealTicket":21,"Fusion Hammer":9,"PureWater":0},{"Regal Pillow":53,"Pear":23,"Astrolabe":70,"Damaru":0,"Omamori":46,"Bottled Tornado":30,"Orichalcum":50,"Frozen Egg 2":82,"Sling":56,"Ancient Tea Set":76,"Peace Pipe":82,"Anchor":98,"Matryoshka":82,"Mummified Hand":23,"Shuriken":63,"DollysMirror":76,"Strawberry":76,"Molten Egg 2":19,"MealTicket":82,"Fusion Hammer":37,"PureWater":0}]},"card_choices":[{"not_picked":["ClearTheMind","Prostrate"],"picked":"BowlingBash","floor":1.0},{"not_picked":["FlyingSleeves","Sanctity"],"picked":"FollowUp","floor":2.0},{"not_picked":["FollowUp","Wireheading"],"picked":"Wallop","floor":4.0},{"not_picked":["CarveReality","MentalFortress"],"picked":"BattleHymn","floor":5.0},{"not_picked":["EmptyMind","WaveOfTheHand"],"picked":"CutThroughFate+1","floor":6.0},{"not_picked":["PathToVictory","JustLucky+1"],"picked":"Consecrate+1","floor":8.0},{"not_picked":["Halt","SashWhip+1"],"picked":"Tantrum+1","floor":13.0},{"not_picked":["SpiritShield","Protect"],"picked":"Tantrum+1","floor":14.0},{"not_picked":["SpiritShield","ConjureBlade"],"picked":"DeusExMachina","floor":16.0},{"not_picked":["FollowUp+1","SashWhip+1"],"picked":"Prostrate","floor":18.0},{"not_picked":["ReachHeaven+1","Sanctity"],"picked":"Prostrate","floor":19.0},{"not_picked":["FlyingSleeves+1","Vengeance"],"picked":"MentalFortress","floor":21.0},{"not_picked":["DeceiveReality+1","Indignation"],"picked":"EmptyMind","floor":23.0},{"not_picked":["CutThroughFate+1","PathToVictory"],"picked":"Vault","floor":25.0},{"not_picked":["CutThroughFate+1","FlurryOfBlows+1"],"picked":"Prostrate","floor":27.0},{"not_picked":["BattleHymn","WheelKick+1"],"picked":"WaveOfTheHand","floor":30.0},{"not_picked":["CarveReality+1","FlyingSleeves+1","Perseverance"],"picked":"SKIP","floor":31.0},{"not_picked":["Alpha","Omniscience"],"picked":"DevaForm","floor":33.0},{"not_picked":["SignatureMove+1","JustLucky+1","Crescendo+1"],"picked":"SKIP","floor":35},{"not_picked":["FlurryOfBlows+1","PathToVictory"],"picked":"Adaptation","floor":36},{"not_picked":["Swivel+1","FlyingSleeves+1","LessonLearned+1"],"picked":"SKIP","floor":40},{"not_picked":["EmptyMind","BattleHymn+1","ThirdEye"],"picked":"SKIP","floor":44},{"not_picked":["Collect","Weave+1","ReachHeaven+1"],"picked":"SKIP","floor":45},{"not_picked":["FollowUp+1","Wireheading+1"],"picked":"Study+1","floor":47},{"not_picked":["Fasting2+1","PathToVictory+1","Protect"],"picked":"SKIP","floor":48}],"player_experience":1281586,"relics_obtained":[{"floor":6.0,"key":"Molten Egg 2"},{"floor":8.0,"key":"Mummified Hand"},{"floor":9.0,"key":"Pear"},{"floor":14.0,"key":"Bottled Tornado"},{"floor":23.0,"key":"Orichalcum"},{"floor":26.0,"key":"Regal Pillow"},{"floor":31.0,"key":"Shuriken"},{"floor":40,"key":"Matryoshka"},{"floor":43,"key":"MealTicket"},{"floor":43,"key":"Peace Pipe"},{"floor":48,"key":"Anchor"}],"event_choices":[{"damage_healed":0.0,"max_hp_gain":0.0,"max_hp_loss":0.0,"gold_gain":0.0,"event_name":"The Woman in Blue","player_choice":"Bought 1 Potion","floor":3.0,"gold_loss":0.0,"damage_taken":0.0},{"damage_healed":0.0,"max_hp_gain":0.0,"max_hp_loss":0.0,"gold_gain":75.0,"event_name":"World of Goop","player_choice":"Gather Gold","floor":11.0,"gold_loss":0.0,"damage_taken":11.0},{"damage_healed":19.0,"max_hp_gain":0.0,"max_hp_loss":0.0,"gold_gain":0.0,"event_name":"The Cleric","player_choice":"Healed","floor":12.0,"gold_loss":35.0,"damage_taken":0.0},{"damage_healed":0.0,"max_hp_gain":0.0,"max_hp_loss":0.0,"gold_gain":0.0,"event_name":"Match and Keep!","player_choice":"2 cards matched","floor":20.0,"gold_loss":0.0,"damage_taken":0.0,"cards_obtained":["Evaluate","WindmillStrike"]},{"damage_healed":0.0,"max_hp_gain":0.0,"max_hp_loss":0.0,"gold_gain":100.0,"event_name":"The Joust","player_choice":"Bet on Murderer","floor":28.0,"gold_loss":50.0,"damage_taken":0.0},{"damage_healed":0,"gold_gain":999,"player_choice":"Gold","damage_taken":0,"max_hp_gain":0,"max_hp_loss":0,"event_name":"MindBloom","floor":37,"gold_loss":0,"cards_obtained":["Normality","Normality"]},{"cards_removed":["FollowUp"],"damage_healed":0,"gold_gain":0,"player_choice":"Gave Card","damage_taken":0,"relics_obtained":["Ancient Tea Set"],"max_hp_gain":0,"max_hp_loss":0,"event_name":"WeMeetAgain","floor":38,"gold_loss":0},{"damage_healed":0,"gold_gain":0,"player_choice":"Upgraded","damage_taken":0,"max_hp_gain":0,"max_hp_loss":0,"event_name":"Upgrade Shrine","floor":46,"gold_loss":0,"cards_upgraded":["Adaptation"]}],"is_beta":false,"boss_relics":[{"not_picked":["Busted Crown","Runic Pyramid"],"picked":"Fusion Hammer"},{"not_picked":["Runic Dome","VioletLotus"],"picked":"Astrolabe"}],"items_purged_floors":[22,41],"is_endless":false,"potions_floor_spawned":[2,4,5,6,13,18,23,25,40,48],"ascension_level":15}}