{"host":"sgqhwtqjaxn0ibpt","time":1613352639,"event":{"mods":["2.2 Compatiblity","AchievementEnabler","Aspiration","BaseMod","Beaked The Cultist","Clockwork Mod","Colored Powertips","Conspire","Disable Question Mark Monsters","Downfall","Energized Spire","Glutton Mod","Gremlin Mod","Gremlin Skip","Hubris","Jorbs\u0027s Wanderer Trilogy","Mad Scientist","Minty Spire (QoL Compilation)","Permanent Neow","Quick Restart","Random Character Button","Rare Cards Sparkle","SacredBarkPlus","StSLib","The Bug Knight","The Hierophant","The Runesmith","Trackpad","Wandering Minibosses"],"gold_per_floor":[119,151,101,136,136,195,195,241,241,241,253,308,358,373,373,491,491,542,537,559,659,113,157,157,197,197,257,330,43,53,53,53,159,159,183,243,310,321,366,366,276,309,309,309,309,309,309,309,309,309,309,309,32,101,101],"floor_reached":56,"language":"ENG","playtime":4361,"items_purged":["stsjorbsmod:Strike_Wanderer","stsjorbsmod:Strike_Wanderer"],"score":1585,"play_id":"7ae55902-323f-46b6-94e5-6874fee91db4","local_time":"20210214203039","is_ascension_mode":true,"campfire_choices":[{"data":"stsjorbsmod:EyeOfTheStorm","floor":7.0,"key":"SMITH"},{"data":"stsjorbsmod:ChatteringStrike","floor":10.0,"key":"SMITH"},{"floor":15.0,"key":"REST"},{"data":"stsjorbsmod:MagicMissiles","floor":24.0,"key":"SMITH"},{"data":"stsjorbsmod:DeathThroes","floor":32.0,"key":"SMITH"},{"floor":40.0,"key":"RECALL"},{"data":"stsjorbsmod:ColorSpray","floor":44.0,"key":"SMITH"},{"data":"stsjorbsmod:ArcaneForm","floor":47.0,"key":"SMITH"},{"data":"stsjorbsmod:Strike_Wanderer","floor":49.0,"key":"SMITH"},{"floor":52.0,"key":"REST"}],"circlet_count":0,"master_deck":["stsjorbsmod:ForbiddenGrimoire+1","stsjorbsmod:Strike_Wanderer+1","stsjorbsmod:Defend_Wanderer+1","stsjorbsmod:FreshAdventure+1","stsjorbsmod:EyeOfTheStorm+1","stsjorbsmod:ChatteringStrike+1","stsjorbsmod:LocateObject+1","stsjorbsmod:Materialize+1","conspire:SpireCoStock+1","stsjorbsmod:FindFamiliar+1","stsjorbsmod:MageArmor+1","stsjorbsmod:Inferno+1","stsjorbsmod:Materialize+1","stsjorbsmod:WanderingMind+1","stsjorbsmod:SiphonEnergy+1","stsjorbsmod:MageArmor+1","stsjorbsmod:Withdraw+1","stsjorbsmod:ColorSpray+1","stsjorbsmod:LoseGrip+1","stsjorbsmod:Firebolt+1","stsjorbsmod:GatherPower+1","stsjorbsmod:MagicMissiles+1","stsjorbsmod:RefuseToForget+1","stsjorbsmod:Index+1","stsjorbsmod:BurningFlask+1","stsjorbsmod:Withdraw+1","stsjorbsmod:DisguiseSelf+1","stsjorbsmod:DeathThroes+1","stsjorbsmod:HedgeWizard+1","stsjorbsmod:Determination+1","stsjorbsmod:RayOfFrost+1","stsjorbsmod:FranticSearch+1","stsjorbsmod:Message+1","stsjorbsmod:Thorns+1","stsjorbsmod:ArcaneForm+1","stsjorbsmod:MagicMissiles+1","stsjorbsmod:TinyHut","stsjorbsmod:ThirstingSword+1"],"relics":["stsjorbsmod:GrimoireRelic","trackpad:DisasterInABottle","Toxic Egg 2","trackpad:PetRock","StoneCalendar","energizedSpire:NeverEndingSparkler","conspire:BottledYoYo","conspire:DecoderRing","Juzu Bracelet","Ornamental Fan","Lizard Tail","Empty Cage","FossilizedHelix","trackpad:HandOfMidas","Eternal Feather","DollysMirror","Mummified Hand"],"acts_visited":["Exordium","TheCity","TheBeyond","TheEnding"],"potions_floor_usage":[55,55],"damage_taken":[{"damage":3.0,"enemies":"conspire:RoseBush","floor":1.0,"turns":4.0},{"damage":7.0,"enemies":"2 Louse","floor":2.0,"turns":4.0},{"damage":2.0,"enemies":"Cultist","floor":4.0,"turns":4.0},{"damage":29.0,"enemies":"Gremlin Nob","floor":6.0,"turns":5.0},{"damage":24.0,"enemies":"Lagavulin","floor":8.0,"turns":7.0},{"damage":0.0,"enemies":"Blue Slaver","floor":11.0,"turns":3.0},{"damage":7.0,"enemies":"HollowMod:MossKnight","floor":12.0,"turns":7.0},{"damage":3.0,"enemies":"Exordium Thugs","floor":13.0,"turns":5.0},{"damage":14.0,"enemies":"Red Slaver","floor":14.0,"turns":3.0},{"damage":0.0,"enemies":"Hexaghost","floor":16.0,"turns":7.0},{"damage":2.0,"enemies":"3 Byrds","floor":18.0,"turns":5.0},{"damage":7.0,"enemies":"2 Thieves","floor":19.0,"turns":4.0},{"damage":0.0,"enemies":"Snecko","floor":20.0,"turns":5.0},{"damage":2.0,"enemies":"Gremlin Leader","floor":23.0,"turns":4.0},{"damage":0.0,"enemies":"conspire:Head Lice","floor":25.0,"turns":3.0},{"damage":11.0,"enemies":"Slavers","floor":27.0,"turns":4.0},{"damage":11.0,"enemies":"3 Cultists","floor":28.0,"turns":5.0},{"damage":15.0,"enemies":"conspire:HollyBat","floor":30.0,"turns":5.0},{"damage":8.0,"enemies":"Automaton","floor":33.0,"turns":6.0},{"damage":11.0,"enemies":"3 Darklings","floor":35.0,"turns":5.0},{"damage":0.0,"enemies":"Mind Bloom Boss Battle","floor":36.0,"turns":4.0},{"damage":15.0,"enemies":"2 Orb Walkers","floor":37.0,"turns":3.0},{"damage":0.0,"enemies":"3 Shapes","floor":38.0,"turns":2.0},{"damage":0.0,"enemies":"Jaw Worm Horde","floor":39.0,"turns":3.0},{"damage":12.0,"enemies":"Reptomancer","floor":42.0,"turns":5.0},{"damage":19.0,"enemies":"Time Eater","floor":50.0,"turns":7.0},{"damage":55,"enemies":"Shield and Spear","floor":54,"turns":4},{"damage":73,"enemies":"The Heart","floor":55,"turns":6}],"seed_played":"-700689099616580363","potions_obtained":[{"floor":1.0,"key":"FearPotion"},{"floor":2.0,"key":"Block Potion"},{"floor":14.0,"key":"BlessingOfTheForge"},{"floor":19.0,"key":"Swift Potion"},{"floor":25.0,"key":"FearPotion"},{"floor":27.0,"key":"GamblersBrew"},{"floor":36.0,"key":"Fruit Juice"},{"floor":37.0,"key":"Fire Potion"}],"is_trial":false,"path_per_floor":["M","M","?","M","?","E","R","E","T","R","M","E","M","M","R","B",null,"M","M","M","?","$","E","R","E","T","E","M","$","M","?","R","B",null,"M","?","?","M","M","R","?","E","T","R","?","$","R","?","R","B",null,"R","$","E","B",null],"character_chosen":"WANDERER","items_purchased":["stsjorbsmod:GatherPower+1","conspire:BottledYoYo","stsjorbsmod:MagicMissiles","stsjorbsmod:DisguiseSelf+1","stsjorbsmod:DeathThroes","DollysMirror","stsjorbsmod:TinyHut","PowerPotion"],"campfire_rested":2,"item_purchase_floors":[22,22,22,29,29,53,53,53],"current_hp_per_floor":[67,62,62,62,62,38,38,14,14,14,16,12,17,7,29,37,65,74,71,74,74,74,78,78,80,80,73,66,66,55,55,55,53,75,69,72,67,70,72,72,72,66,66,84,84,84,87,87,87,78,86,89,89,42,19],"gold":101,"neow_bonus":"TRANSFORM_CARD","is_daily":false,"chose_seed":false,"campfire_upgraded":7,"win_rate":0.0,"timestamp":1613352639,"path_taken":["M","M","?","M","?","E","R","E","T","R","M","E","M","M","R","BOSS","M","M","?","?","$","E","R","E","T","E","M","?","M","?","R","BOSS","M","?","?","M","M","R","?","E","T","R","?","$","R","?","R","BOSS","R","$","E","BOSS"],"items_purchased_type":["Card","Relic","Card","Card","Card","Relic","Card","Potion"],"build_version":"2020-12-22","purchased_purges":2,"victory":true,"max_hp_per_floor":[68,68,68,68,68,70,70,70,70,70,70,70,72,74,74,74,74,80,80,80,80,80,82,82,82,82,82,82,82,82,82,82,82,82,82,82,87,87,87,87,87,87,87,87,87,87,87,87,87,89,89,89,89,89,82],"card_choices":[{"not_picked":["stsjorbsmod:Counterspell","stsjorbsmod:Will"],"picked":"stsjorbsmod:LocateObject","floor":1.0},{"not_picked":["stsjorbsmod:Hurt","stsjorbsmod:ChatteringStrike"],"picked":"stsjorbsmod:Materialize","floor":2.0},{"not_picked":["stsjorbsmod:ArcaneWeapon","stsjorbsmod:Channel"],"picked":"stsjorbsmod:FindFamiliar","floor":4.0},{"not_picked":["stsjorbsmod:Firebolt","stsjorbsmod:Channel"],"picked":"stsjorbsmod:MageArmor","floor":6.0},{"not_picked":["stsjorbsmod:Prepare+1","stsjorbsmod:FracturedMind"],"picked":"stsjorbsmod:Inferno+1","floor":8.0},{"not_picked":["stsjorbsmod:LocateObject+1","stsjorbsmod:BookOfTongues"],"picked":"stsjorbsmod:Materialize+1","floor":11.0},{"not_picked":["stsjorbsmod:ArcaneWeapon","stsjorbsmod:FranticSearch+1"],"picked":"stsjorbsmod:WanderingMind+1","floor":12.0},{"not_picked":["stsjorbsmod:Prestidigitation","stsjorbsmod:DoubleCheck+1"],"picked":"stsjorbsmod:SiphonEnergy+1","floor":13.0},{"not_picked":["stsjorbsmod:ArcaneWeapon","stsjorbsmod:ChainLightning"],"picked":"stsjorbsmod:MageArmor+1","floor":14.0},{"not_picked":["stsjorbsmod:HoldMonster+1","stsjorbsmod:SiphonEnergy+1"],"picked":"stsjorbsmod:Withdraw+1","floor":16.0},{"not_picked":["stsjorbsmod:ChatteringStrike","stsjorbsmod:Rest+1"],"picked":"stsjorbsmod:ColorSpray","floor":18.0},{"not_picked":["stsjorbsmod:ChatteringStrike","stsjorbsmod:Hurt"],"picked":"stsjorbsmod:LoseGrip+1","floor":19.0},{"not_picked":["stsjorbsmod:Will+1","stsjorbsmod:WeightOfMemory"],"picked":"stsjorbsmod:Firebolt","floor":20.0},{"not_picked":["stsjorbsmod:PurgeMind","stsjorbsmod:DisguiseSelf+1"],"picked":"stsjorbsmod:RefuseToForget+1","floor":23.0},{"not_picked":["stsjorbsmod:Counterspell+1","stsjorbsmod:TrueStrike"],"picked":"stsjorbsmod:Index+1","floor":25.0},{"not_picked":["stsjorbsmod:UnseenServant+1","stsjorbsmod:Prepare+1"],"picked":"stsjorbsmod:BurningFlask+1","floor":27.0},{"not_picked":["stsjorbsmod:RefuseToForget+1","stsjorbsmod:DoubleCheck+1"],"picked":"stsjorbsmod:Withdraw+1","floor":28.0},{"not_picked":["stsjorbsmod:TollTheDead","stsjorbsmod:Will+1"],"picked":"stsjorbsmod:HedgeWizard+1","floor":30.0},{"not_picked":["stsjorbsmod:Banish+1","stsjorbsmod:Pyromancy"],"picked":"stsjorbsmod:Determination+1","floor":33.0},{"not_picked":["stsjorbsmod:HedgeWizard+1","stsjorbsmod:BlackTentacles+1"],"picked":"stsjorbsmod:RayOfFrost+1","floor":35.0},{"not_picked":["stsjorbsmod:Firebolt","stsjorbsmod:BurningFlask+1"],"picked":"stsjorbsmod:FranticSearch+1","floor":36.0},{"not_picked":["stsjorbsmod:LocateObject+1","stsjorbsmod:ChatteringStrike+1"],"picked":"stsjorbsmod:Message+1","floor":37.0},{"not_picked":["stsjorbsmod:Prestidigitation+1","stsjorbsmod:Channel+1","stsjorbsmod:ArcaneWeapon"],"picked":"SKIP","floor":38.0},{"not_picked":["stsjorbsmod:ColorSpray+1","stsjorbsmod:ChatteringStrike+1"],"picked":"stsjorbsmod:Thorns+1","floor":39.0},{"not_picked":["stsjorbsmod:Prestidigitation","stsjorbsmod:UnseenServant+1","stsjorbsmod:Index+1"],"picked":"SKIP","floor":42.0},{"not_picked":["stsjorbsmod:MageArmor+1","stsjorbsmod:Channel+1"],"picked":"stsjorbsmod:ThirstingSword","floor":54}],"player_experience":160095,"relics_obtained":[{"floor":6.0,"key":"trackpad:DisasterInABottle"},{"floor":8.0,"key":"Toxic Egg 2"},{"floor":9.0,"key":"trackpad:PetRock"},{"floor":12.0,"key":"StoneCalendar"},{"floor":23.0,"key":"conspire:DecoderRing"},{"floor":25.0,"key":"Juzu Bracelet"},{"floor":26.0,"key":"Ornamental Fan"},{"floor":27.0,"key":"Lizard Tail"},{"floor":36.0,"key":"FossilizedHelix"},{"floor":37.0,"key":"trackpad:HandOfMidas"},{"floor":42.0,"key":"Eternal Feather"},{"floor":54,"key":"Mummified Hand"}],"event_choices":[{"damage_healed":0.0,"max_hp_gain":0.0,"max_hp_loss":0.0,"gold_gain":0.0,"event_name":"conspire:Investor","player_choice":"Invest 1","floor":3.0,"gold_loss":0.0,"damage_taken":0.0},{"damage_healed":0.0,"max_hp_gain":0.0,"max_hp_loss":0.0,"gold_gain":0.0,"event_name":"The Woman in Blue","player_choice":"Bought 0 Potions","floor":5.0,"gold_loss":0.0,"damage_taken":0.0},{"damage_healed":0.0,"max_hp_gain":0.0,"max_hp_loss":0.0,"gold_gain":100.0,"event_name":"Golden Shrine","player_choice":"Pray","floor":21.0,"gold_loss":0.0,"damage_taken":0.0},{"damage_healed":0.0,"max_hp_gain":0.0,"max_hp_loss":0.0,"gold_gain":0.0,"event_name":"MindBloom","player_choice":"Fight","floor":36.0,"gold_loss":0.0,"damage_taken":0.0},{"damage_healed":0.0,"max_hp_gain":0.0,"max_hp_loss":0.0,"gold_gain":0.0,"event_name":"Mysterious Sphere","player_choice":"Fight","floor":37.0,"gold_loss":0.0,"damage_taken":0.0},{"cards_removed":["stsjorbsmod:Defend_Wanderer"],"damage_healed":0.0,"max_hp_gain":0.0,"max_hp_loss":0.0,"gold_gain":0.0,"event_name":"Designer","player_choice":"Upgrade and Remove","floor":41.0,"gold_loss":90.0,"damage_taken":0.0,"cards_upgraded":["stsjorbsmod:FreshAdventure"]},{"damage_healed":0.0,"max_hp_gain":0.0,"max_hp_loss":0.0,"gold_gain":0.0,"event_name":"Tomb of Lord Red Mask","player_choice":"Ignored","floor":48.0,"gold_loss":0.0,"damage_taken":0.0}],"is_beta":false,"boss_relics":[{"not_picked":["conspire:SeveredTorchhead","Runesmith:UraniumAnvil"],"picked":"energizedSpire:NeverEndingSparkler"},{"not_picked":["hubris:Stopwatch","Runic Pyramid"],"picked":"Empty Cage"}],"items_purged_floors":[22,29],"is_endless":false,"potions_floor_spawned":[1,2,14,19,25,27,28,30,36,37],"ascension_level":5}}