{"host":"d6oxvn0vsgxeumax","time":1613413698,"event":{"mods":["BaseMod","Better Altar","Better Match","Better Note","Better Sensory Stone","Better Skull","Better Third Choice","BetterRewards","Bossed Relics","Colored Powertips","Defuse TimeMaze Blight","Downfall","Hubris","Infinite Spire","Minty Spire (QoL Compilation)","Relic Sorter","Replay The Spire","Shop Mod","Spicy Shops","Spire Arcade","StSLib","The Bug Knight"],"gold_per_floor":[111,111,111,111,111,40,40,51,128,146,65,95,123,138,234,332,332,349,349,361,361,361,361,393,413,413,413,413,433,99,134,134,231,231,249,159,171,171,171,206,206,241,267,317,646,646,646,660,660,660],"floor_reached":51,"language":"ENG","playtime":1351,"items_purged":["ReplayTheSpireMod:Book of Names+1","Doubt","Amnesia","Defend_R+1"],"score":1429,"play_id":"e655bf5c-ac17-492a-8e48-05daac1cda79","local_time":"20210215122818","is_ascension_mode":true,"campfire_choices":[{"data":"Whirlwind","floor":7,"key":"SMITH"},{"data":"Double Tap","floor":23,"key":"SMITH"},{"data":"Flex","floor":32,"key":"SMITH"},{"data":"Infernal Blade","floor":32,"key":"SMITH"},{"data":"Limit Break","floor":49,"key":"SMITH"},{"data":"Bash","floor":49,"key":"SMITH"}],"circlet_count":0,"master_deck":["ReplayTheSpireMod:Book of Names+1","Strike_R","Strike_R+1","Strike_R","Strike_R+1","Defend_R+1","Bash+1","Whirlwind+1","Massacre+1","Flex+1","Panacea+1","Replay:Battleflow+1","Double Tap+1","Infernal Blade+1","Limit Break+1","Whirlwind+1","Normality"],"relics":["Burning Blood","Another Sword","Pandora\u0027s Box","hubris:CrystalStatue","champ:Barbells","Counterbalance","Shuriken","FaceOfCleric","Sling","Replay:Wax Seal","MerchantsRug","hubris:64BitClover","FossilizedHelix","hubris:GlazedTorus","ClockworkSouvenir","Orrery","Bottled Tornado","Singing Bowl","Membership Card","Brimstone","Juzu Bracelet","sneckomod:BlankCard","Mummified Hand","ReplayTheSpireMod:Spearhead","Anchor","Mercury Hourglass","Blue Candle","bronze:DecasWashers","Guardian:GemstoneGun","infinitespire:CheckeredPen","bronze:MakeshiftBattery","ReplayTheSpireMod:CursedCoin","infinitespire:BottledMercury","Replay:Arrowhead","Mirror","Guide Book","Iron Hammer","hubris:MysteriousPyramids","infinitespire:Burning Sword","Ancient Tea Set","Garlic","Turnip","Replay:Mystery Machine","Charon\u0027s Ashes","PreservedInsect","Red Skull","Regal Pillow"],"acts_visited":["Exordium","TheCity","TheBeyond"],"potions_floor_usage":[],"damage_taken":[{"damage":0,"enemies":"Cultist","floor":1,"turns":2},{"damage":0,"enemies":"Lagavulin","floor":6,"turns":3},{"damage":0,"enemies":"Small Slimes","floor":8,"turns":1},{"damage":0,"enemies":"Jaw Worm","floor":10,"turns":1},{"damage":0,"enemies":"Gremlin Nob","floor":13,"turns":1},{"damage":0,"enemies":"Blue Slaver","floor":14,"turns":1},{"damage":23,"enemies":"The Guardian","floor":16,"turns":3},{"damage":0,"enemies":"Chosen","floor":18,"turns":1},{"damage":0,"enemies":"Slavers","floor":24,"turns":1},{"damage":0,"enemies":"Shell Parasite","floor":25,"turns":1},{"damage":0,"enemies":"Snake Plant","floor":29,"turns":1},{"damage":0,"enemies":"Book of Stabbing","floor":31,"turns":1},{"damage":0,"enemies":"Champ","floor":33,"turns":2},{"damage":0,"enemies":"Orb Walker","floor":35,"turns":1},{"damage":6,"enemies":"3 Shapes","floor":37,"turns":1},{"damage":0,"enemies":"Reptomancer","floor":40,"turns":1},{"damage":0,"enemies":"R_Hoarder","floor":42,"turns":2},{"damage":0,"enemies":"Mind Bloom Boss Battle","floor":44,"turns":1},{"damage":2,"enemies":"Transient","floor":48,"turns":3},{"damage":0,"enemies":"Donu and Deca","floor":50,"turns":1}],"seed_played":"1156617131783315826","potions_obtained":[{"floor":6,"key":"LiquidBronze"},{"floor":8,"key":"hexamod:SoulburnPotion"},{"floor":24,"key":"Ancient Potion"},{"floor":35,"key":"Fire Potion"},{"floor":40,"key":"Energy Potion"}],"is_trial":false,"path_per_floor":["M","T","?","?","?","E","R","M","T","M","$","?","E","M","R","B",null,"M","?","$","?","?","R","E","M","T","AVR","?","M","$","E","R","B",null,"M","?","M","?","AVR","E","?","E","T","?","?","?","?","M","R","B",null],"character_chosen":"IRONCLAD","items_purchased":["Replay:Baseball","Lee\u0027s Waffle","MerchantsRug","Whirlwind","FossilizedHelix","Massacre","Flex","Matryoshka","hubris:GlazedTorus","ClockworkSouvenir","Replay:Wax Seal","Orrery","Bottled Tornado","Singing Bowl","Whetstone","Membership Card","Brimstone","Juzu Bracelet","sneckomod:BlankCard","Guardian:GemstoneGun","infinitespire:CheckeredPen","champ:Barbells","ReplayTheSpireMod:CursedCoin","Sling","Guide Book","hubris:CrystalStatue","Iron Hammer"],"campfire_rested":0,"item_purchase_floors":[0,0,0,0,0,0,0,0,0,0,0,0,0,0,0,0,0,0,0,11,11,11,20,20,30,30,30],"current_hp_per_floor":[97,97,97,74,74,82,82,90,90,98,98,98,105,107,107,90,107,109,109,109,109,99,99,108,115,115,115,88,97,97,106,106,113,124,127,127,130,130,130,133,133,136,136,139,12,122,122,125,125,126],"gold":660,"neow_bonus":"","is_daily":false,"chose_seed":false,"campfire_upgraded":6,"win_rate":0.0,"timestamp":1613413698,"path_taken":["M","?","?","?","?","E","R","M","T","M","$","?","E","M","R","BOSS","M","?","$","?","?","R","E","M","T","AVR","?","M","$","E","R","BOSS","M","?","M","?","AVR","E","?","E","T","?","?","?","?","M","R","BOSS"],"items_purchased_type":["Relic","Relic","Relic","Card","Relic","Card","Card","Relic","Relic","Relic","Relic","Relic","Relic","Relic","Relic","Relic","Relic","Relic","Relic","Relic","Relic","Relic","Relic","Relic","Relic","Relic","Relic"],"build_version":"2020-12-22","purchased_purges":4,"victory":true,"max_hp_per_floor":[97,97,97,97,97,99,99,101,101,103,103,103,105,107,107,107,107,109,109,109,109,109,109,112,115,115,115,117,120,120,123,123,124,124,127,127,130,130,130,133,133,136,136,139,139,122,122,125,125,126],"card_choices":[{"not_picked":["Shrug It Off","Dual Wield"],"picked":"Inflame","floor":0},{"not_picked":["Cleave","ReplayTheSpireMod:Strike From Hell","Hemokinesis"],"picked":"Singing Bowl","floor":0},{"not_picked":["Rupture","Demon Form","Pummel"],"picked":"Singing Bowl","floor":0},{"not_picked":["Wild Strike","ReplayTheSpireMod:Strike From Hell","Disarm"],"picked":"Singing Bowl","floor":0},{"not_picked":["Hemogenesis","Burning Pact","hubris:ReadiedAction"],"picked":"Singing Bowl","floor":0},{"not_picked":["Clash","Run Through","Wild Strike"],"picked":"Singing Bowl","floor":1},{"not_picked":["Juggernaut","Perfected Strike","Pommel Strike"],"picked":"Singing Bowl","floor":6},{"not_picked":["Headbutt","Metallicize","hubris:ReadiedAction"],"picked":"Singing Bowl","floor":8},{"not_picked":["Perfected Strike","Inflame","Wild Strike"],"picked":"Singing Bowl","floor":10},{"not_picked":["Feel No Pain","Flex","Blood for Blood"],"picked":"Singing Bowl","floor":13},{"not_picked":["Warcry","Burning Pact","Heavy Blade"],"picked":"Singing Bowl","floor":14},{"not_picked":["Feed","Barricade"],"picked":"Double Tap","floor":16},{"not_picked":["Armaments+1","ReplayTheSpireMod:LeadingStrike","ReplayTheSpireMod:Strike From Hell"],"picked":"Singing Bowl","floor":18},{"not_picked":["Seeing Red","hubris:CleavingFinish","Warcry"],"picked":"Singing Bowl","floor":24},{"not_picked":["True Grit","Fire Breathing+1","Perfected Strike"],"picked":"Singing Bowl","floor":25},{"not_picked":["infinitespire:Fortify","ReplayTheSpireMod:Black Plague","infinitespire:SealOfDarkness+"],"picked":"Singing Bowl","floor":28},{"not_picked":["Massacre","Intimidate","Twin Strike"],"picked":"Singing Bowl","floor":29},{"not_picked":["Life Link+1","ReplayTheSpireMod:Strike From Hell+1","Heavy Blade"],"picked":"Singing Bowl","floor":31},{"not_picked":["Berserk","Corruption"],"picked":"Limit Break","floor":33},{"not_picked":["Body Slam+1","Burning Pact","Sword Boomerang"],"picked":"Singing Bowl","floor":35},{"not_picked":["Wild Strike","ReplayTheSpireMod:Strike From Hell+1","Second Wind+1"],"picked":"Singing Bowl","floor":37},{"not_picked":["Wild Strike+1","Heavy Blade","True Grit+1"],"picked":"Singing Bowl","floor":40},{"not_picked":["Sentinel","Massacre+1","Pommel Strike+1"],"picked":"Singing Bowl","floor":42},{"not_picked":["Battle Trance","Combust+1","Heavy Blade"],"picked":"Singing Bowl","floor":44},{"not_picked":["Bloodletting","Warcry+1","Ghostly Armor"],"picked":"Singing Bowl","floor":48}],"player_experience":1095451,"relics_obtained":[{"floor":2,"key":"Mummified Hand"},{"floor":2,"key":"ReplayTheSpireMod:Spearhead"},{"floor":6,"key":"Mercury Hourglass"},{"floor":9,"key":"Blue Candle"},{"floor":9,"key":"bronze:DecasWashers"},{"floor":13,"key":"Counterbalance"},{"floor":24,"key":"infinitespire:BottledMercury"},{"floor":25,"key":"Another Sword"},{"floor":26,"key":"Replay:Arrowhead"},{"floor":31,"key":"hubris:MysteriousPyramids"},{"floor":40,"key":"Garlic"},{"floor":42,"key":"Turnip"},{"floor":43,"key":"Replay:Mystery Machine"},{"floor":44,"key":"Charon\u0027s Ashes"}],"event_choices":[{"cards_removed":["Defend_R"],"damage_healed":0,"gold_gain":0,"player_choice":"Purged","damage_taken":0,"max_hp_gain":0,"max_hp_loss":0,"event_name":"Purifier","floor":3,"gold_loss":0},{"damage_healed":0,"gold_gain":0,"player_choice":"Grow","damage_taken":0,"max_hp_gain":0,"max_hp_loss":0,"event_name":"Living Wall","floor":5,"gold_loss":0,"cards_upgraded":["Replay:Battleflow"]},{"damage_healed":0,"gold_gain":30,"player_choice":"Searched \u00273\u0027 times","damage_taken":0,"relics_obtained":["Shuriken"],"max_hp_gain":0,"max_hp_loss":0,"event_name":"Dead Adventurer","floor":12,"gold_loss":0},{"damage_healed":0,"gold_gain":0,"cards_transformed":["Defend_R"],"player_choice":"Transformed","damage_taken":0,"max_hp_gain":0,"max_hp_loss":0,"event_name":"Transmorgrifier","floor":19,"gold_loss":0,"cards_obtained":["Infernal Blade"]},{"damage_healed":0,"gold_gain":0,"player_choice":"Trade","damage_taken":0,"relics_obtained":["FaceOfCleric"],"max_hp_gain":0,"max_hp_loss":0,"event_name":"FaceTrader","floor":21,"gold_loss":0},{"damage_healed":0,"gold_gain":0,"player_choice":"Damaged","damage_taken":10,"max_hp_gain":0,"max_hp_loss":0,"event_name":"Wheel of Change","floor":22,"gold_loss":0},{"cards_removed":["Strike_R"],"damage_healed":0,"gold_gain":0,"player_choice":"Upgrade and Remove","damage_taken":0,"max_hp_gain":0,"max_hp_loss":0,"event_name":"Designer","floor":36,"gold_loss":90,"cards_upgraded":["Defend_R"]},{"damage_healed":0,"gold_gain":0,"player_choice":"Copied","damage_taken":0,"max_hp_gain":0,"max_hp_loss":0,"event_name":"Duplicator","floor":38,"gold_loss":0,"cards_obtained":["Whirlwind"]},{"cards_removed":["Inflame"],"damage_healed":0,"gold_gain":0,"player_choice":"Removed Power","damage_taken":0,"max_hp_gain":0,"max_hp_loss":0,"event_name":"Falling","floor":41,"gold_loss":0},{"damage_healed":0,"gold_gain":0,"player_choice":"Fight","damage_taken":0,"max_hp_gain":0,"max_hp_loss":0,"event_name":"MindBloom","floor":44,"gold_loss":0},{"damage_healed":0,"gold_gain":329,"player_choice":"GO GO GO RE RE RE ","damage_taken":136,"relics_obtained":["PreservedInsect","Red Skull","Regal Pillow"],"max_hp_gain":0,"max_hp_loss":0,"event_name":"betterSkull:BetterSkull","floor":45,"gold_loss":0,"cards_upgraded":[]},{"damage_healed":122,"gold_gain":0,"player_choice":"Heal","damage_taken":0,"max_hp_gain":0,"max_hp_loss":17,"event_name":"The Moai Head","floor":46,"gold_loss":0}],"is_beta":false,"boss_relics":[{"not_picked":["hubris:ScarierMask","Honey Jar"],"picked":"bronze:MakeshiftBattery"},{"not_picked":["Philosopher\u0027s Stone","Fusion Hammer"],"picked":"infinitespire:Burning Sword"}],"items_purged_floors":[0,11,20,39],"is_endless":false,"potions_floor_spawned":[6,8,14,16,24,31,33,35,40,42,48],"ascension_level":1}}