{"host":"lxu17chzujqn8whl","time":1613371965,"event":{"mods":["BaseMod","Minty Spire (QoL Compilation)","Relic Stats","StSLib"],"gold_per_floor":[112,112,163,177,194,237,237,272,325,0,0,0,21,54,54,159,159,183,183,192,192,219,239,275,299,323,323,87,2,30,52,52,152,152,178,0,0,14,33,33,48,67,67,95,95,95,95,104,104,104],"floor_reached":51,"language":"ENG","playtime":1277,"items_purged":["Writhe"],"score":805,"play_id":"dcc6d4b1-275c-4905-ae2e-074ab6f9bf10","local_time":"20210214225245","is_ascension_mode":false,"campfire_choices":[{"data":"Conserve Battery","floor":7.0,"key":"SMITH"},{"floor":15.0,"key":"REST"},{"floor":27.0,"key":"REST"},{"data":"Aggregate","floor":32.0,"key":"SMITH"},{"data":"Seek","floor":40.0,"key":"SMITH"},{"data":"Seek","floor":45,"key":"SMITH"},{"floor":49,"key":"REST"}],"circlet_count":0,"master_deck":["Strike_B+1","Strike_B+1","Strike_B+1","Strike_B+1","Defend_B+1","Defend_B+1","Defend_B+1","Defend_B+1","Zap+1","Dualcast+1","Doom and Gloom+1","Conserve Battery+1","BootSequence+1","Hologram+1","Melter+1","Seek+1","FTL+1","Turbo+1","Seek+1","Streamline+1","Skim+1","Defragment+1","Double Energy+1","Cold Snap+1","Swift Strike+1","Barrage+1","Aggregate+1","Beam Cell+1","Aggregate+1"],"relics":["Cracked Core","White Beast Statue","Juzu Bracelet","CeramicFish","Molten Egg 2","Potion Belt","Toy Ornithopter","Odd Mushroom","Nuclear Battery","Darkstone Periapt","MutagenicStrength","Oddly Smooth Stone","Happy Flower","Unceasing Top","Busted Crown","Red Mask","The Courier","Bottled Flame","Mark of the Bloom"],"acts_visited":["Exordium","TheCity","TheBeyond"],"potions_floor_usage":[41,50,50,50,50,50],"damage_taken":[{"damage":1.0,"enemies":"Cultist","floor":1.0,"turns":3.0},{"damage":3.0,"enemies":"Jaw Worm","floor":4.0,"turns":3.0},{"damage":7.0,"enemies":"Small Slimes","floor":5.0,"turns":3.0},{"damage":19.0,"enemies":"Lagavulin","floor":6.0,"turns":4.0},{"damage":12.0,"enemies":"3 Sentries","floor":8.0,"turns":7.0},{"damage":0.0,"enemies":"Blue Slaver","floor":13.0,"turns":3.0},{"damage":0.0,"enemies":"The Mushroom Lair","floor":14.0,"turns":4.0},{"damage":10.0,"enemies":"Slime Boss","floor":16.0,"turns":7.0},{"damage":13.0,"enemies":"3 Byrds","floor":18.0,"turns":4.0},{"damage":10.0,"enemies":"Shell Parasite","floor":22.0,"turns":3.0},{"damage":22.0,"enemies":"Shelled Parasite and Fungi","floor":23.0,"turns":5.0},{"damage":17.0,"enemies":"Book of Stabbing","floor":24.0,"turns":5.0},{"damage":1.0,"enemies":"Sentry and Sphere","floor":25.0,"turns":3.0},{"damage":5.0,"enemies":"Centurion and Healer","floor":30.0,"turns":2.0},{"damage":6.0,"enemies":"Snecko","floor":31.0,"turns":6.0},{"damage":23.0,"enemies":"Collector","floor":33.0,"turns":10.0},{"damage":0.0,"enemies":"3 Darklings","floor":35.0,"turns":1.0},{"damage":0.0,"enemies":"Orb Walker","floor":38.0,"turns":1.0},{"damage":4.0,"enemies":"Maw","floor":39.0,"turns":3.0},{"damage":0,"enemies":"Writhing Mass","floor":41,"turns":2},{"damage":0,"enemies":"3 Darklings","floor":42,"turns":1},{"damage":0,"enemies":"Reptomancer","floor":44,"turns":1},{"damage":0,"enemies":"Donu and Deca","floor":50,"turns":3}],"seed_played":"8791182474209468827","potions_obtained":[{"floor":4.0,"key":"SpeedPotion"},{"floor":5.0,"key":"GamblersBrew"},{"floor":6.0,"key":"Energy Potion"},{"floor":8.0,"key":"SteroidPotion"},{"floor":13.0,"key":"EssenceOfSteel"},{"floor":14.0,"key":"FocusPotion"},{"floor":16.0,"key":"Ancient Potion"},{"floor":18.0,"key":"Strength Potion"},{"floor":23.0,"key":"Fire Potion"},{"floor":24.0,"key":"ColorlessPotion"},{"floor":25.0,"key":"Energy Potion"},{"floor":30.0,"key":"SpeedPotion"},{"floor":33.0,"key":"FearPotion"},{"floor":35.0,"key":"FocusPotion"},{"floor":38.0,"key":"LiquidBronze"},{"floor":41,"key":"SpeedPotion"},{"floor":44,"key":"CultistPotion"}],"is_trial":false,"path_per_floor":["M","T","T","M","M","E","R","E","T","$","?","$","M","?","R","B",null,"M","?","?","?","M","M","E","M","T","R","$","?","M","M","R","B",null,"M","?","?","M","M","R","M","M","T","E","R","$","?","?","R","B",null],"character_chosen":"DEFECT","items_purchased":["Seek","Toy Ornithopter","Block Potion","ColorlessPotion","DistilledChaos","Swift Strike+1"],"campfire_rested":3,"item_purchase_floors":[10,10,10,10,28,28],"current_hp_per_floor":[81,81,81,78,71,52,52,40,40,40,24,24,24,29,53,48,82,69,69,75,75,65,48,41,45,45,71,71,71,71,65,65,57,88,88,88,78,78,74,74,79,79,79,79,79,79,79,79,79,79],"gold":104,"neow_bonus":"TEN_PERCENT_HP_BONUS","is_daily":false,"chose_seed":false,"campfire_upgraded":4,"win_rate":0.0,"timestamp":1613371965,"path_taken":["M","?","?","M","M","E","R","E","T","$","?","?","M","?","R","BOSS","M","?","?","?","M","M","E","M","T","R","$","?","M","M","R","BOSS","M","?","?","M","M","R","M","M","T","E","R","?","?","?","R","BOSS"],"items_purchased_type":["Card","Relic","Potion","Potion","Potion","Card"],"build_version":"2020-12-22","purchased_purges":1,"victory":true,"max_hp_per_floor":[82,82,82,82,82,82,82,82,82,82,82,82,82,82,82,82,82,82,82,88,88,88,88,88,88,88,88,88,88,88,88,88,88,88,88,88,88,88,88,88,88,88,88,88,88,88,88,88,88,88],"relic_stats":{"Darkstone Periapt":6,"Mark of the Bloom":51,"Busted Crown":18,"Happy Flower":[10],"counters":[23,84],"CeramicFish":153,"Juzu Bracelet":2,"obtain_stats":[{"Potion Belt":9,"Darkstone Periapt":20,"Mark of the Bloom":47,"Happy Flower":26,"CeramicFish":6,"Oddly Smooth Stone":24,"The Courier":43,"Juzu Bracelet":3,"Odd Mushroom":14,"White Beast Statue":2,"Nuclear Battery":17,"Bottled Flame":44,"Busted Crown":34,"MutagenicStrength":21,"Molten Egg 2":8,"Red Mask":36,"Cracked Core":0,"Toy Ornithopter":10,"Unceasing Top":29},{"Potion Belt":5,"Darkstone Periapt":9,"Mark of the Bloom":22,"Happy Flower":13,"CeramicFish":4,"Oddly Smooth Stone":12,"The Courier":21,"Juzu Bracelet":1,"Odd Mushroom":7,"White Beast Statue":1,"Nuclear Battery":8,"Bottled Flame":22,"Busted Crown":16,"MutagenicStrength":9,"Molten Egg 2":5,"Red Mask":17,"Cracked Core":0,"Toy Ornithopter":5,"Unceasing Top":13},{"Potion Belt":20,"Darkstone Periapt":38,"Mark of the Bloom":81,"Happy Flower":54,"CeramicFish":13,"Oddly Smooth Stone":51,"The Courier":80,"Juzu Bracelet":3,"Odd Mushroom":27,"White Beast Statue":3,"Nuclear Battery":34,"Bottled Flame":81,"Busted Crown":72,"MutagenicStrength":38,"Molten Egg 2":20,"Red Mask":73,"Cracked Core":0,"Toy Ornithopter":20,"Unceasing Top":54}],"Toy Ornithopter":55,"Unceasing Top":[110]},"card_choices":[{"not_picked":["Go for the Eyes","Barrage"],"picked":"Doom and Gloom","floor":1.0},{"not_picked":["Aggregate","Barrage"],"picked":"Conserve Battery","floor":4.0},{"not_picked":["Streamline","Go for the Eyes"],"picked":"BootSequence","floor":5.0},{"not_picked":["Sweeping Beam","Beam Cell"],"picked":"Hologram","floor":6.0},{"not_picked":["Stack","Capacitor"],"picked":"Melter+1","floor":8.0},{"not_picked":["Meteor Strike+1","Conserve Battery"],"picked":"FTL+1","floor":13.0},{"not_picked":["Coolheaded","Conserve Battery"],"picked":"Turbo","floor":14.0},{"not_picked":["Reboot","Amplify"],"picked":"Seek","floor":16.0},{"not_picked":["Redo","Stack"],"picked":"Streamline+1","floor":18.0},{"not_picked":["Force Field","Redo"],"picked":"Skim","floor":22.0},{"not_picked":["Recycle","Lockon+1"],"picked":"Defragment","floor":23.0},{"not_picked":["Creative AI","Cold Snap+1"],"picked":"Double Energy+1","floor":24.0},{"not_picked":["Lockon+1","Rebound+1"],"picked":"Cold Snap+1","floor":25.0},{"not_picked":["Turbo","Ball Lightning+1"],"picked":"Barrage+1","floor":30.0},{"not_picked":["BootSequence","Conserve Battery"],"picked":"Aggregate","floor":31.0},{"not_picked":[],"picked":"Beam Cell+1","floor":35.0},{"not_picked":["Go for the Eyes+1"],"picked":"SKIP","floor":38.0},{"not_picked":["Redo"],"picked":"SKIP","floor":39.0},{"not_picked":["Beam Cell+1"],"picked":"SKIP","floor":41},{"not_picked":["Leap"],"picked":"SKIP","floor":42},{"not_picked":["Cold Snap+1"],"picked":"SKIP","floor":44}],"player_experience":683239,"relics_obtained":[{"floor":2.0,"key":"White Beast Statue"},{"floor":3.0,"key":"Juzu Bracelet"},{"floor":6.0,"key":"CeramicFish"},{"floor":8.0,"key":"Molten Egg 2"},{"floor":9.0,"key":"Potion Belt"},{"floor":14.0,"key":"Odd Mushroom"},{"floor":24.0,"key":"Oddly Smooth Stone"},{"floor":26.0,"key":"Happy Flower"},{"floor":43,"key":"The Courier"},{"floor":44,"key":"Bottled Flame"}],"event_choices":[{"damage_healed":0.0,"max_hp_gain":0.0,"max_hp_loss":0.0,"gold_gain":0.0,"event_name":"Shining Light","player_choice":"Entered Light","floor":11.0,"gold_loss":0.0,"damage_taken":16.0,"cards_upgraded":["Defend_B","Defend_B"]},{"damage_healed":0.0,"max_hp_gain":0.0,"max_hp_loss":0.0,"gold_gain":0.0,"event_name":"Mushrooms","player_choice":"Fought Mushrooms","floor":14.0,"gold_loss":0.0,"damage_taken":0.0},{"damage_healed":0.0,"max_hp_gain":0.0,"max_hp_loss":0.0,"gold_gain":0.0,"event_name":"Back to Basics","player_choice":"Simplicity","floor":19.0,"gold_loss":0.0,"damage_taken":0.0,"cards_upgraded":["Strike_B","Strike_B","Strike_B","Strike_B","Defend_B","Defend_B"]},{"damage_healed":0.0,"max_hp_gain":0.0,"max_hp_loss":0.0,"gold_gain":0.0,"event_name":"The Mausoleum","player_choice":"Opened","floor":20.0,"gold_loss":0.0,"damage_taken":0.0,"relics_obtained":["Darkstone Periapt"],"cards_obtained":["Writhe"]},{"damage_healed":0.0,"max_hp_gain":0.0,"max_hp_loss":0.0,"gold_gain":0.0,"event_name":"Drug Dealer","player_choice":"Inject Mutagens","floor":21.0,"gold_loss":0.0,"damage_taken":0.0,"relics_obtained":["MutagenicStrength"]},{"damage_healed":0.0,"max_hp_gain":0.0,"max_hp_loss":0.0,"gold_gain":0.0,"event_name":"Addict","player_choice":"Obtained Relic","floor":29.0,"gold_loss":85.0,"damage_taken":0.0,"relics_obtained":["Unceasing Top"]},{"damage_healed":0.0,"max_hp_gain":0.0,"max_hp_loss":0.0,"gold_gain":0.0,"event_name":"Tomb of Lord Red Mask","player_choice":"Paid","floor":36.0,"gold_loss":178.0,"damage_taken":0.0,"relics_obtained":["Red Mask"]},{"damage_healed":0.0,"max_hp_gain":0.0,"max_hp_loss":0.0,"gold_gain":0.0,"event_name":"SensoryStone","player_choice":"Memory 3","floor":37.0,"gold_loss":0.0,"damage_taken":10.0},{"damage_healed":0,"gold_gain":0,"player_choice":"Upgrade","damage_taken":0,"relics_obtained":["Mark of the Bloom"],"max_hp_gain":0,"max_hp_loss":0,"event_name":"MindBloom","floor":47,"gold_loss":0,"cards_upgraded":["Zap","Dualcast","Doom and Gloom","BootSequence","Hologram","Turbo","Skim","Defragment"]},{"damage_healed":0,"gold_gain":0,"player_choice":"Copied","damage_taken":0,"max_hp_gain":0,"max_hp_loss":0,"event_name":"Duplicator","floor":48,"gold_loss":0,"cards_obtained":["Aggregate"]}],"is_beta":false,"boss_relics":[{"not_picked":["Sozu","FrozenCore"],"picked":"Nuclear Battery"},{"not_picked":["Empty Cage","Snecko Eye"],"picked":"Busted Crown"}],"items_purged_floors":[28],"is_endless":false,"potions_floor_spawned":[4,5,6,8,13,14,16,18,22,23,24,25,30,31,33,35,38,39,41,42,44],"ascension_level":0}}