{"host":"mq3ujo75gqb6jwby","time":1613383805,"event":{"mods":["BaseMod","BetterRewards","Colored Map","Downfall","Minty Spire (QoL Compilation)","Permanent Neow","Quick Restart","Relic Stats","StSLib","everything is the same but u backflip on backflip"],"gold_per_floor":[99,112,132,151,151,181,236,236,262,259,287,299,330,376,403,514,526,538,565,596,293,293,393,467,494,514,82,117,128,128,147,163,163,163,163],"floor_reached":33,"language":"ENG","playtime":2788,"items_purged":["Guardian:Strike_Guardian","Guardian:GemFinder"],"score":395,"play_id":"98ac3994-2803-454b-b7df-335ee5d58005","local_time":"20210215111005","is_ascension_mode":true,"campfire_choices":[{"data":"Guardian:TwinSlam","floor":1,"key":"SMITH"},{"data":"Guardian:VentSteam","floor":12,"key":"SMITH"},{"data":"Guardian:TemporalShield","floor":18,"key":"SMITH"},{"floor":30,"key":"REST"}],"circlet_count":0,"master_deck":["Guardian:Defend_Guardian","Guardian:Defend_Guardian","Guardian:CurlUp","Guardian:TwinSlam+1","Guardian:PiercingHide","Guardian:ChargeCore","Guardian:VentSteam+1","Guardian:MultiBeam","Guardian:ShieldCharger","Guardian:SentryBeam","Guardian:TemporalShield+1","Guardian:Incinerate","Guardian:DecasProtection+1","Guardian:PiercingHide","Guardian:StasisStrike","Guardian:PrismaticBeam+1","Guardian:Recover+1"],"relics":["Guardian:ModeShifter","Bronze Scales","Pen Nib","Regal Pillow","MawBank","Happy Flower","Astrolabe","Membership Card","Lantern","InkBottle","Shuriken","ClockworkSouvenir","Toy Ornithopter","Centennial Puzzle","Bottled Lightning"],"acts_visited":["Exordium","TheCity"],"potions_floor_usage":[9,14,22,25,25,28,29,33],"damage_taken":[{"damage":1,"enemies":"Cultist","floor":2,"turns":4},{"damage":5,"enemies":"Small Slimes","floor":3,"turns":3},{"damage":2,"enemies":"Jaw Worm","floor":4,"turns":4},{"damage":24,"enemies":"3 Sentries","floor":6,"turns":9},{"damage":12,"enemies":"Lagavulin","floor":9,"turns":9},{"damage":3,"enemies":"downfall:FleeingMerchant","floor":10,"turns":4},{"damage":1,"enemies":"2 Fungi Beasts","floor":11,"turns":4},{"damage":0,"enemies":"Lots of Slimes","floor":13,"turns":1},{"damage":0,"enemies":"3 Sentries","floor":14,"turns":5},{"damage":0,"enemies":"3 Louse","floor":15,"turns":2},{"damage":11,"enemies":"SI_SHIV_ARCHETYPE","floor":16,"turns":5},{"damage":2,"enemies":"Chosen","floor":19,"turns":5},{"damage":25,"enemies":"downfall:LooterAlt2","floor":20,"turns":3},{"damage":5,"enemies":"downfall:FleeingMerchant","floor":21,"turns":4},{"damage":21,"enemies":"downfall:FleeingMerchant","floor":22,"turns":5},{"damage":11,"enemies":"Gremlin Leader","floor":25,"turns":6},{"damage":8,"enemies":"Centurion and Healer","floor":26,"turns":5},{"damage":4,"enemies":"downfall:FleeingMerchant","floor":27,"turns":4},{"damage":0,"enemies":"Book of Stabbing","floor":28,"turns":4},{"damage":2,"enemies":"Sentry and Sphere","floor":29,"turns":4},{"damage":2,"enemies":"Snake Plant","floor":31,"turns":2},{"damage":0,"enemies":"Snecko","floor":32,"turns":4},{"damage":54,"enemies":"IC_MUSHROOM_ARCHETYPE","floor":33,"turns":8}],"seed_played":"8221086927750567275","potions_obtained":[{"floor":4,"key":"sneckomod:MuddlingPotion"},{"floor":11,"key":"EssenceOfSteel"},{"floor":14,"key":"Fire Potion"},{"floor":16,"key":"SteroidPotion"},{"floor":20,"key":"Swift Potion"},{"floor":28,"key":"Guardian:DefensiveModePotion"},{"floor":31,"key":"Swift Potion"},{"floor":32,"key":"EssenceOfSteel"}],"is_trial":false,"path_per_floor":["R","M","M","M","?","E","T","?","E","$","M","R","M","E","M","B",null,"R","M","M","$","?","?","T","E","M","$","E","M","R","M","M","B"],"character_chosen":"GUARDIAN","items_purchased":["Membership Card","Guardian:StasisStrike","Lantern","ClockworkSouvenir","Toy Ornithopter","Centennial Puzzle","Guardian:Gem_White","Guardian:DefensiveModePotion","SteroidPotion","GamblersBrew"],"campfire_rested":1,"item_purchase_floors":[21,21,21,27,27,27,27,27,27,27],"current_hp_per_floor":[80,79,74,72,72,48,48,48,36,33,32,32,32,32,32,21,80,80,78,53,48,27,27,27,16,8,4,9,12,51,49,49,0,0,0],"gold":163,"neow_bonus":"RANDOM_COMMON_RELIC","is_daily":false,"chose_seed":false,"campfire_upgraded":3,"win_rate":0.0,"timestamp":1613383805,"path_taken":["R","M","M","M","?","E","T","?","E","$","?","R","M","E","M","BOSS","R","M","M","$","?","?","T","E","?","$","E","M","R","M","M","BOSS"],"items_purchased_type":["Relic","Card","Relic","Relic","Relic","Relic","Card","Potion","Potion","Potion"],"build_version":"2020-12-22","purchased_purges":2,"victory":false,"max_hp_per_floor":[80,80,80,80,80,80,80,80,80,80,80,80,80,80,80,80,80,80,80,80,80,80,80,80,80,80,80,80,80,80,80,80,80,80,80],"relic_stats":{"Regal Pillow":15,"Centennial Puzzle":[9],"Happy Flower":[20],"counters":[23,104],"Shuriken":[10],"Bronze Scales":[258],"Astrolabe":["Guardian:Gem_Synthetic","Guardian:StasisEngine","Guardian:DecasProtection"],"Pen Nib":[15],"MawBank":144,"obtain_stats":[{"Regal Pillow":7,"Lantern":21,"Happy Flower":14,"Astrolabe":17,"Guardian:ModeShifter":0,"Pen Nib":6,"MawBank":9,"ClockworkSouvenir":27,"Centennial Puzzle":27,"Shuriken":25,"Bronze Scales":0,"Membership Card":21,"Bottled Lightning":28,"InkBottle":24,"Toy Ornithopter":27},{"Regal Pillow":4,"Lantern":14,"Happy Flower":9,"Astrolabe":11,"Guardian:ModeShifter":0,"Pen Nib":4,"MawBank":5,"ClockworkSouvenir":18,"Centennial Puzzle":18,"Shuriken":16,"Bronze Scales":0,"Membership Card":14,"Bottled Lightning":19,"InkBottle":15,"Toy Ornithopter":18},{"Regal Pillow":20,"Lantern":62,"Happy Flower":43,"Astrolabe":50,"Guardian:ModeShifter":0,"Pen Nib":20,"MawBank":29,"ClockworkSouvenir":82,"Centennial Puzzle":82,"Shuriken":73,"Bronze Scales":0,"Membership Card":62,"Bottled Lightning":86,"InkBottle":67,"Toy Ornithopter":82}],"InkBottle":[21],"Toy Ornithopter":15},"card_choices":[{"not_picked":["Guardian:CrystalBeam","Guardian:Gem_Lightblue"],"picked":"Guardian:GuardianWhirl","floor":2},{"not_picked":["Guardian:Planning","Guardian:BronzeOrb"],"picked":"Guardian:PiercingHide","floor":3},{"not_picked":["Guardian:PrismaticBarrier","Guardian:Gem_Red"],"picked":"Guardian:ChargeCore","floor":4},{"not_picked":["Guardian:VentSteam","Guardian:PrismaticBeam","Guardian:WalkerClaw"],"picked":"SKIP","floor":6},{"not_picked":["Guardian:PrismaticBeam","Guardian:WalkerClaw"],"picked":"Guardian:VentSteam","floor":6},{"not_picked":["Guardian:WalkerClaw","Guardian:GuardianWhirl"],"picked":"Guardian:MultiBeam","floor":9},{"not_picked":["Guardian:PrimingBeam","Guardian:GatlingBeam"],"picked":"Guardian:ShieldCharger","floor":10},{"not_picked":["Guardian:ChargeCore","Guardian:CrystalBeam"],"picked":"Guardian:SentryBeam","floor":11},{"not_picked":["Guardian:Gem_Red","Guardian:Planning","Guardian:Gem_Green"],"picked":"SKIP","floor":13},{"not_picked":["Guardian:Gem_Cyan","Guardian:Reroute"],"picked":"Guardian:TemporalShield","floor":14},{"not_picked":["Guardian:PiercingHide","Guardian:Suspension"],"picked":"Guardian:Incinerate","floor":15},{"not_picked":["Guardian:StasisStrike","Guardian:GemFire"],"picked":"Guardian:GemFinder","floor":16},{"not_picked":["Guardian:Gem_Red","Guardian:Gem_Green"],"picked":"Guardian:Gem_Cyan","floor":19},{"not_picked":["Guardian:Suspension","Guardian:Emergency","Guardian:Gem_Yellow"],"picked":"SKIP","floor":19},{"not_picked":["Guardian:Gem_Green","Guardian:Gem_Red"],"picked":"Guardian:Gem_Cyan","floor":20},{"not_picked":["Guardian:ShieldCharger","Guardian:WalkerClaw"],"picked":"Guardian:PiercingHide","floor":20},{"not_picked":["Guardian:CrystalBeam","Guardian:DecasProtection+1","Guardian:VentSteam"],"picked":"SKIP","floor":21},{"not_picked":["Guardian:EvasiveProtocol+1","Guardian:GatlingBeam"],"picked":"Guardian:PrismaticBeam+1","floor":25},{"not_picked":["Guardian:Gem_Red","Guardian:Gem_Green"],"picked":"Guardian:Gem_Cyan","floor":25},{"not_picked":["Guardian:PiercingHide","Guardian:TemporalStrike+1","Guardian:PrimingBeam"],"picked":"SKIP","floor":26},{"not_picked":["Guardian:PiercingHide","Guardian:TemporalStrike+1","Guardian:PrimingBeam"],"picked":"SKIP","floor":26},{"not_picked":["Guardian:Orbwalk+1","Guardian:PrimingBeam"],"picked":"Guardian:Gem_White","floor":27},{"not_picked":["Guardian:TemporalStrike","Guardian:StasisField","Guardian:ArmoredProtocol+1"],"picked":"SKIP","floor":28},{"not_picked":["Guardian:PiercingHide","Guardian:Gem_Cyan"],"picked":"Guardian:Recover+1","floor":29},{"not_picked":["Guardian:TemporalShield","Guardian:Reroute","Guardian:Suspension"],"picked":"SKIP","floor":31},{"not_picked":["Guardian:MultiBeam","Guardian:Harden","Guardian:Gem_Green"],"picked":"SKIP","floor":32}],"player_experience":765810,"relics_obtained":[{"floor":6,"key":"Pen Nib"},{"floor":7,"key":"Regal Pillow"},{"floor":9,"key":"MawBank"},{"floor":14,"key":"Happy Flower"},{"floor":24,"key":"InkBottle"},{"floor":25,"key":"Shuriken"},{"floor":28,"key":"Bottled Lightning"}],"event_choices":[{"cards_removed":["Guardian:Strike_Guardian"],"damage_healed":0,"gold_gain":0,"player_choice":"Card Removal","damage_taken":0,"max_hp_gain":0,"max_hp_loss":0,"event_name":"The Cleric","floor":5,"gold_loss":0}],"is_beta":false,"boss_relics":[{"not_picked":["Snecko Eye","Sozu"],"picked":"Astrolabe"}],"items_purged_floors":[21,27],"is_endless":false,"potions_floor_spawned":[4,11,14,16,20,22,28,31,32],"killed_by":"IC_MUSHROOM_ARCHETYPE","ascension_level":2}}