{"host":"phy652c7lim9lcu2","time":1613383133,"event":{"mods":["BaseMod","Colored Powertips","Googly Eyes","Minty Spire (QoL Compilation)","Relic Stats","Spicy Shops","StSLib","everything is the same but u backflip on backflip"],"gold_per_floor":[112,131,141,155,174,174,204,204,204,204,233,15,44,61,61,161,161,176,191,45,58,77,77,112,129,129,31,50,50,50,84,84,84,84],"floor_reached":33,"language":"ENG","playtime":1380,"items_purged":["Defend_P"],"score":599,"play_id":"0a8f89a6-e343-4efd-927b-5b31c14c1e26","local_time":"20210215195853","is_ascension_mode":true,"campfire_choices":[{"data":"Eruption","floor":6.0,"key":"SMITH"},{"data":"ClearTheMind","floor":8.0,"key":"SMITH"},{"data":"FlurryOfBlows","floor":15.0,"key":"SMITH"},{"floor":23.0,"key":"REST"},{"floor":30,"key":"REST"},{"data":"MentalFortress","floor":32,"key":"SMITH"}],"circlet_count":0,"master_deck":["AscendersBane","Strike_P","Strike_P","Strike_P","Strike_P","Defend_P","Defend_P","Defend_P","Eruption+1","Vigilance","FlurryOfBlows","FlurryOfBlows+1","ClearTheMind+1","EmptyBody","Tantrum","EmptyMind","Wireheading","MentalFortress+1","Perseverance","Devotion","LikeWater","Prostrate","ClearTheMind","WheelKick","Crescendo","Shame","EmptyFist+1","Decay","Halt","TalkToTheHand+1"],"relics":["PureWater","Dream Catcher","Lantern","Anchor","FaceOfCleric","Blood Vial","Lee\u0027s Waffle","Bottled Flame","Sozu","Happy Flower","Nunchaku","Mercury Hourglass","TeardropLocket","Letter Opener"],"acts_visited":["Exordium","TheCity"],"potions_floor_usage":[33],"damage_taken":[{"damage":1.0,"enemies":"2 Louse","floor":1.0,"turns":4.0},{"damage":0.0,"enemies":"Cultist","floor":2.0,"turns":2.0},{"damage":0.0,"enemies":"Jaw Worm","floor":3.0,"turns":2.0},{"damage":0.0,"enemies":"Large Slime","floor":4.0,"turns":3.0},{"damage":10.0,"enemies":"3 Louse","floor":5.0,"turns":4.0},{"damage":0.0,"enemies":"Gremlin Nob","floor":7.0,"turns":2.0},{"damage":0.0,"enemies":"3 Sentries","floor":11.0,"turns":6.0},{"damage":6.0,"enemies":"Gremlin Nob","floor":13.0,"turns":4.0},{"damage":0.0,"enemies":"Exordium Thugs","floor":14.0,"turns":2.0},{"damage":47.0,"enemies":"Hexaghost","floor":16.0,"turns":8.0},{"damage":7.0,"enemies":"2 Thieves","floor":18.0,"turns":3.0},{"damage":0.0,"enemies":"Chosen","floor":19.0,"turns":3.0},{"damage":11.0,"enemies":"Shelled Parasite and Fungi","floor":21.0,"turns":6.0},{"damage":47.0,"enemies":"Snake Plant","floor":22.0,"turns":6.0},{"damage":9.0,"enemies":"Slavers","floor":24.0,"turns":5.0},{"damage":19,"enemies":"3 Cultists","floor":25,"turns":4},{"damage":3,"enemies":"Cultist and Chosen","floor":28,"turns":4},{"damage":27,"enemies":"Book of Stabbing","floor":31,"turns":5},{"damage":60,"enemies":"Automaton","floor":33,"turns":6}],"seed_played":"-6773916381721960066","potions_obtained":[{"floor":1.0,"key":"LiquidMemories"},{"floor":4.0,"key":"DuplicationPotion"},{"floor":7.0,"key":"Explosive Potion"}],"is_trial":false,"path_per_floor":["M","M","M","M","M","R","E","R","T","?","E","$","E","M","R","B",null,"M","M","$","M","M","R","E","M","T","$","M","?","R","E","R","B"],"character_chosen":"WATCHER","items_purchased":["MentalFortress","Lee\u0027s Waffle","Happy Flower","TeardropLocket"],"campfire_rested":2,"item_purchase_floors":[12,12,20,27],"current_hp_per_floor":[64,64,64,64,54,54,54,54,54,54,55,80,75,78,78,34,71,67,70,70,62,18,44,38,22,22,22,22,22,49,25,25,0,0],"gold":84,"neow_bonus":"RANDOM_COMMON_RELIC","is_daily":false,"chose_seed":false,"campfire_upgraded":4,"win_rate":0.0,"timestamp":1613383133,"path_taken":["M","M","M","M","M","R","E","R","T","?","E","?","E","M","R","BOSS","M","M","$","M","M","R","E","?","T","$","M","?","R","E","R","BOSS"],"items_purchased_type":["Card","Relic","Relic","Relic"],"build_version":"2020-12-22","purchased_purges":1,"victory":false,"max_hp_per_floor":[72,72,72,72,72,72,72,72,72,72,73,80,81,82,82,83,83,84,85,85,86,87,87,88,89,89,89,90,90,90,91,91,91,91],"relic_stats":{"Blood Vial":22,"Sozu":3,"Dream Catcher":2,"Lee\u0027s Waffle":25,"Nunchaku":[8],"FaceOfCleric":12,"Happy Flower":[12],"counters":[19,79],"Letter Opener":[15],"obtain_stats":[{"Lantern":7,"Lee\u0027s Waffle":12,"Happy Flower":20,"TeardropLocket":27,"Letter Opener":31,"Mercury Hourglass":26,"Blood Vial":11,"Sozu":17,"Dream Catcher":0,"Anchor":9,"Bottled Flame":13,"Nunchaku":24,"FaceOfCleric":10,"PureWater":0},{"Lantern":6,"Lee\u0027s Waffle":7,"Happy Flower":12,"TeardropLocket":16,"Letter Opener":18,"Mercury Hourglass":16,"Blood Vial":7,"Sozu":10,"Dream Catcher":0,"Anchor":6,"Bottled Flame":8,"Nunchaku":15,"FaceOfCleric":6,"PureWater":0},{"Lantern":17,"Lee\u0027s Waffle":23,"Happy Flower":43,"TeardropLocket":64,"Letter Opener":73,"Mercury Hourglass":64,"Blood Vial":23,"Sozu":37,"Dream Catcher":0,"Anchor":17,"Bottled Flame":27,"Nunchaku":60,"FaceOfCleric":17,"PureWater":0}],"Mercury Hourglass":[62]},"card_choices":[{"not_picked":["Prostrate","InnerPeace"],"picked":"FlurryOfBlows","floor":1.0},{"not_picked":["PathToVictory","ThirdEye"],"picked":"FlurryOfBlows","floor":2.0},{"not_picked":["Swivel","EmptyMind"],"picked":"ClearTheMind","floor":3.0},{"not_picked":["Swivel","WindmillStrike"],"picked":"EmptyBody","floor":4.0},{"not_picked":["JustLucky","Swivel"],"picked":"Tantrum","floor":5.0},{"not_picked":["Evaluate","Vault"],"picked":"EmptyMind","floor":7.0},{"not_picked":["JustLucky","Nirvana"],"picked":"Wireheading","floor":11.0},{"not_picked":["Halt","PathToVictory","WreathOfFlame"],"picked":"SKIP","floor":13.0},{"not_picked":["ForeignInfluence","ReachHeaven"],"picked":"Perseverance","floor":14.0},{"not_picked":["LessonLearned","ConjureBlade"],"picked":"Devotion","floor":16.0},{"not_picked":["Pray+1","JustLucky"],"picked":"LikeWater","floor":18.0},{"not_picked":["Meditate","CutThroughFate"],"picked":"Prostrate","floor":19.0},{"not_picked":["Wireheading","Wallop","WindmillStrike"],"picked":"SKIP","floor":21.0},{"not_picked":["ReachHeaven","Tantrum"],"picked":"ClearTheMind","floor":22.0},{"not_picked":["WreathOfFlame","PathToVictory"],"picked":"WheelKick","floor":23.0},{"not_picked":["SashWhip","Alpha"],"picked":"Crescendo","floor":24.0},{"not_picked":["EmptyBody","JustLucky","WindmillStrike"],"picked":"SKIP","floor":25},{"not_picked":["JustLucky","SignatureMove"],"picked":"EmptyFist+1","floor":28},{"not_picked":["Prostrate","Crescendo"],"picked":"Halt","floor":30},{"not_picked":["Nirvana","MentalFortress"],"picked":"TalkToTheHand+1","floor":31}],"player_experience":330994,"relics_obtained":[{"floor":7.0,"key":"Lantern"},{"floor":9.0,"key":"Anchor"},{"floor":11.0,"key":"Blood Vial"},{"floor":13.0,"key":"Bottled Flame"},{"floor":24.0,"key":"Nunchaku"},{"floor":26,"key":"Mercury Hourglass"},{"floor":31,"key":"Letter Opener"}],"event_choices":[{"damage_healed":0.0,"max_hp_gain":0.0,"max_hp_loss":0.0,"gold_gain":0.0,"event_name":"FaceTrader","player_choice":"Trade","floor":10.0,"gold_loss":0.0,"damage_taken":0.0,"relics_obtained":["FaceOfCleric"]},{"damage_healed":0,"gold_gain":0,"player_choice":"Smashed Altar","damage_taken":0,"max_hp_gain":0,"max_hp_loss":0,"event_name":"Forgotten Altar","floor":29,"gold_loss":0,"cards_obtained":["Decay"]}],"is_beta":false,"boss_relics":[{"not_picked":["Velvet Choker","Philosopher\u0027s Stone"],"picked":"Sozu"}],"items_purged_floors":[12],"is_endless":false,"potions_floor_spawned":[1,4,7,11,13,21,25,31],"killed_by":"Automaton","ascension_level":12}}