{"host":"8d3fefv2347kqkpz","time":1613408870,"event":{"mods":["AchievementEnabler","Aspiration","BaseMod","Better Vampires","Colored Map","Colored Powertips","Downfall","Emptier Cage","Highlight Path","Minty Spire (QoL Compilation)","Quick Restart","Rare Cards Sparkle","Relic Stats","Spicy Shops","StSLib","Waifu the Spire"],"gold_per_floor":[99,111,124,143,53,53,53,70,70,70,95,129,129,14,27,127,127,27,27,37,57,83,93,93,78,110,110,127,127,127,140,155,155,155,155],"floor_reached":33,"language":"ZHS","playtime":1153,"items_purged":["bronze:Strike","bronze:Strike"],"score":267,"play_id":"9977ad91-a222-487f-9aa1-a850b38d4096","local_time":"20210216010750","is_ascension_mode":false,"campfire_choices":[{"floor":1.0,"key":"RECALL"},{"data":"bronze:ChosenStrike","floor":10.0,"key":"SMITH"},{"data":"bronze:HyperBeam","floor":13.0,"key":"SMITH"},{"data":"bronze:HyperBeam","floor":18.0,"key":"SMITH"},{"floor":30.0,"key":"REST"}],"circlet_count":0,"master_deck":["bronze:Strike","bronze:Strike","bronze:Defend","bronze:Defend","bronze:Defend","bronze:Defend","bronze:Replicate","bronze:Return","bronze:ClassDefault","bronze:ChosenStrike+1","bronze:ChosenStrike","bronze:BurnOut","bronze:HyperBeam+1","bronze:HyperBeam+1"],"relics":["bronze:BronzeCore","Odd Mushroom","Thread and Needle","SacredBark","downfall:HeartBlessingRed","Red Mask","The Courier","Juzu Bracelet","Nloth\u0027s Gift"],"acts_visited":["Exordium","TheCity"],"potions_floor_usage":[32],"damage_taken":[{"damage":0.0,"enemies":"Small Slimes","floor":2.0,"turns":3.0},{"damage":2.0,"enemies":"2 Louse","floor":3.0,"turns":3.0},{"damage":1.0,"enemies":"Jaw Worm","floor":4.0,"turns":6.0},{"damage":5.0,"enemies":"downfall:FleeingMerchant","floor":5.0,"turns":4.0},{"damage":9.0,"enemies":"Exordium Thugs","floor":8.0,"turns":7.0},{"damage":16.0,"enemies":"The Mushroom Lair","floor":11.0,"turns":5.0},{"damage":18.0,"enemies":"3 Sentries","floor":12.0,"turns":7.0},{"damage":6.0,"enemies":"downfall:FleeingMerchant","floor":14.0,"turns":4.0},{"damage":9.0,"enemies":"Gremlin Gang","floor":15.0,"turns":3.0},{"damage":6.0,"enemies":"SI_SHIV_ARCHETYPE","floor":16.0,"turns":8.0},{"damage":0.0,"enemies":"Chosen","floor":19.0,"turns":1.0},{"damage":6.0,"enemies":"Spheric Guardian","floor":20.0,"turns":3.0},{"damage":14.0,"enemies":"Snecko","floor":21.0,"turns":4.0},{"damage":17.0,"enemies":"Masked Bandits","floor":22.0,"turns":3.0},{"damage":5.0,"enemies":"Centurion and Healer","floor":23.0,"turns":4.0},{"damage":0.0,"enemies":"downfall:FleeingMerchant","floor":25.0,"turns":4.0},{"damage":27.0,"enemies":"Slavers","floor":26.0,"turns":4.0},{"damage":8.0,"enemies":"Shelled Parasite and Fungi","floor":28.0,"turns":4.0},{"damage":5.0,"enemies":"3 Cultists","floor":31.0,"turns":5.0},{"damage":0,"enemies":"Snake Plant","floor":32,"turns":2},{"damage":45,"enemies":"WA_ARCHETYPE_CALM","floor":33,"turns":5}],"seed_played":"4541170639821001649","potions_obtained":[{"floor":2.0,"key":"Ancient Potion"},{"floor":8.0,"key":"bronze:FreeFunctionsPotion"},{"floor":11.0,"key":"Ancient Potion"},{"floor":12.0,"key":"Energy Potion"},{"floor":16.0,"key":"Energy Potion"},{"floor":20.0,"key":"bronze:CleanCodePotion"},{"floor":22.0,"key":"PowerPotion"},{"floor":28.0,"key":"Strength Potion"}],"is_trial":false,"path_per_floor":["R","M","M","M","$","?","T","M","?","R","?","E","R","$","M","B",null,"R","M","M","M","?","M","T","$","E","?","M","?","R","M","M","B"],"character_chosen":"THE_AUTOMATON","items_purchased":[],"campfire_rested":1,"item_purchase_floors":[],"current_hp_per_floor":[77,77,75,74,69,69,76,67,67,67,51,33,33,27,18,12,84,84,84,78,64,47,42,42,42,15,15,7,7,32,27,27,0,0,0],"gold":155,"neow_bonus":"TEN_PERCENT_HP_BONUS","is_daily":false,"chose_seed":false,"campfire_upgraded":3,"win_rate":0.0,"timestamp":1613408870,"path_taken":["R","M","M","M","$","?","T","M","?","R","?","E","R","$","M","BOSS","R","M","M","M","?","M","T","$","E","?","M","?","R","M","M","BOSS"],"items_purchased_type":[],"build_version":"2020-12-22","purchased_purges":2,"victory":false,"max_hp_per_floor":[77,77,77,77,77,77,84,84,84,84,84,84,84,84,84,84,84,84,84,84,84,84,84,84,84,84,84,84,84,84,84,84,84,84,84],"relic_stats":{"counters":[21,89],"Juzu Bracelet":0,"Nloth\u0027s Gift":1,"obtain_stats":[{"bronze:BronzeCore":0,"downfall:BrokenWingStatue":6,"downfall:HeartBlessingRed":18,"Strawberry":7,"SacredBark":17,"Thread and Needle":12,"The Courier":24,"Red Mask":22,"Juzu Bracelet":26,"Nloth\u0027s Gift":29,"Odd Mushroom":11},{"bronze:BronzeCore":0,"downfall:BrokenWingStatue":4,"downfall:HeartBlessingRed":10,"Strawberry":4,"SacredBark":10,"Thread and Needle":7,"The Courier":15,"Red Mask":14,"Juzu Bracelet":17,"Nloth\u0027s Gift":18,"Odd Mushroom":6},{"bronze:BronzeCore":0,"downfall:BrokenWingStatue":16,"downfall:HeartBlessingRed":50,"Strawberry":16,"SacredBark":50,"Thread and Needle":35,"The Courier":65,"Red Mask":61,"Juzu Bracelet":73,"Nloth\u0027s Gift":77,"Odd Mushroom":28}]},"card_choices":[{"not_picked":["bronze:GetLatest","bronze:WhirlingStrike"],"picked":"bronze:Return","floor":2.0},{"not_picked":["bronze:FineTuning","bronze:Turbo"],"picked":"bronze:ClassDefault","floor":3.0},{"not_picked":["bronze:WhirlingStrike","bronze:Repair"],"picked":"bronze:ChosenStrike","floor":4.0},{"not_picked":["bronze:Deprecate","bronze:BugBarrage","bronze:HyperBeam"],"picked":"SKIP","floor":5.0},{"not_picked":["bronze:ClassDefault","bronze:OilSpill"],"picked":"bronze:ChosenStrike","floor":8.0},{"not_picked":["bronze:Allocate","bronze:DarkDash"],"picked":"bronze:HyperBeam","floor":12.0},{"not_picked":["bronze:BugBarrage","bronze:WildBeam","bronze:Deprecate"],"picked":"SKIP","floor":14.0},{"not_picked":["bronze:Constructor","bronze:DelayedGuard"],"picked":"bronze:HyperBeam","floor":15.0},{"not_picked":["bronze:Invalidate","bronze:Frontload","bronze:CutThrough"],"picked":"SKIP","floor":19.0},{"not_picked":["bronze:BronzeOrb","bronze:WildBeam","bronze:BitShift"],"picked":"SKIP","floor":20.0},{"not_picked":["bronze:Frontload+1","bronze:GetLatest","bronze:Philosophize+1"],"picked":"SKIP","floor":21.0},{"not_picked":["bronze:ForLoop","bronze:GetLatest","bronze:ChildClass"],"picked":"SKIP","floor":23.0},{"not_picked":["bronze:DelayedGuard+1","bronze:DigitalCarnage","bronze:MaxOutput+1"],"picked":"SKIP","floor":25.0},{"not_picked":["bronze:Backtrace+1","bronze:Invalidate","bronze:Verify"],"picked":"SKIP","floor":26.0},{"not_picked":["bronze:Frontload","bronze:Shield","bronze:FineTuning"],"picked":"SKIP","floor":28.0},{"not_picked":["bronze:GetLatest+1","bronze:Invalidate+1","bronze:Verify"],"picked":"SKIP","floor":31.0},{"not_picked":["bronze:Shield","bronze:Return","bronze:Overheat"],"picked":"SKIP","floor":32}],"player_experience":393866,"relics_obtained":[{"floor":7.0,"key":"Strawberry"},{"floor":11.0,"key":"Odd Mushroom"},{"floor":12.0,"key":"Thread and Needle"},{"floor":22.0,"key":"Red Mask"},{"floor":24.0,"key":"The Courier"},{"floor":26.0,"key":"Juzu Bracelet"}],"event_choices":[{"damage_healed":0.0,"max_hp_gain":0.0,"max_hp_loss":0.0,"gold_gain":0.0,"cards_transformed":["bronze:Goto"],"event_name":"Living Wall","player_choice":"Change","floor":9.0,"gold_loss":0.0,"damage_taken":0.0,"cards_obtained":["bronze:BurnOut"]},{"damage_healed":0.0,"max_hp_gain":0.0,"max_hp_loss":0.0,"gold_gain":0.0,"event_name":"Mushrooms","player_choice":"Fought Mushrooms","floor":11.0,"gold_loss":0.0,"damage_taken":0.0},{"damage_healed":0.0,"max_hp_gain":0.0,"max_hp_loss":0.0,"gold_gain":0.0,"event_name":"Masked Bandits","player_choice":"Fought Bandits","floor":22.0,"gold_loss":0.0,"damage_taken":0.0}],"is_beta":false,"boss_relics":[{"not_picked":["Pandora\u0027s Box","Fusion Hammer"],"picked":"SacredBark"}],"items_purged_floors":[5,14],"is_endless":false,"potions_floor_spawned":[2,8,11,12,16,20,21,22,28,31],"killed_by":"WA_ARCHETYPE_CALM","ascension_level":0}}