{"host":"8lvnnmfamkc2d31d","time":1613421099,"event":{"mods":["2.2 Compatiblity","Act Like it!","Arknights","BaseMod","Colored Map","Downfall","Minty Spire (QoL Compilation)","Relic Stats","StSLib"],"gold_per_floor":[109,121,131,148,148,181,281,281,281],"floor_reached":8,"language":"ENG","playtime":654,"items_purged":[],"score":61,"play_id":"9b977448-1d03-4ffd-a2e8-f87c3dfa4943","local_time":"20210215143139","is_ascension_mode":true,"campfire_choices":[],"circlet_count":0,"master_deck":["ats:Strike C","ats:Strike G","ats:Strike S","ats:Strike V","ats:Armor Crushing Shot","ats:Defend","ats:Defend","ats:Defend","ats:Defend","ats:Emotion Absorption","ats:Echo Reverb+1","ats:Part Time Job","ats:Hammer On","ats:Apocalypse","ats:Healing Drone","ats:Curse Doll"],"relics":["ats:Sanity","ats:Originium","ats:Hidden Killer"],"acts_visited":["Exordium"],"potions_floor_usage":[4,6,6],"damage_taken":[{"damage":12,"enemies":"ats:Genji","floor":1,"turns":6},{"damage":20,"enemies":"Jaw Worm","floor":2,"turns":6},{"damage":12,"enemies":"Cultist","floor":3,"turns":5},{"damage":9,"enemies":"3 Louse","floor":4,"turns":3},{"damage":64,"enemies":"Lagavulin","floor":6,"turns":12},{"damage":45,"enemies":"Gremlin Nob","floor":8,"turns":4}],"seed_played":"6316973186468867296","potions_obtained":[{"floor":1,"key":"EssenceOfSteel"},{"floor":2,"key":"Fire Potion"},{"floor":4,"key":"Guardian:BlockOnCardUsePotion"}],"is_trial":false,"path_per_floor":["M","M","M","M","?","E","?","E"],"character_chosen":"DOCTOR_CLASS","items_purchased":[],"campfire_rested":0,"item_purchase_floors":[],"current_hp_per_floor":[60,46,40,40,40,22,22,0,0],"gold":281,"neow_bonus":"ONE_RANDOM_RARE_CARD","is_daily":false,"chose_seed":false,"campfire_upgraded":0,"win_rate":0.0,"timestamp":1613421099,"path_taken":["M","M","M","M","?","E","?","E"],"items_purchased_type":[],"build_version":"2020-12-22","purchased_purges":0,"victory":false,"max_hp_per_floor":[72,72,72,72,72,72,72,72,72],"relic_stats":{"counters":[6,36],"obtain_stats":[{"ats:Originium":6,"ats:Hidden Killer":6,"ats:Sanity":0},{"ats:Originium":5,"ats:Hidden Killer":5,"ats:Sanity":0},{"ats:Originium":32,"ats:Hidden Killer":32,"ats:Sanity":0}]},"card_choices":[{"not_picked":["ats:Ignite","ats:Shadow Raid"],"picked":"ats:Part Time Job","floor":1},{"not_picked":["ats:Poison Spread","ats:Assault Order"],"picked":"ats:Hammer On","floor":2},{"not_picked":["ats:Directed Diagnosis","ats:Mental Burst"],"picked":"ats:Apocalypse","floor":3},{"not_picked":["ats:Collapsing Strike","ats:Phantom"],"picked":"ats:Healing Drone","floor":4},{"not_picked":["ats:Shell Defense","ats:Guard Mode"],"picked":"ats:Curse Doll","floor":6}],"player_experience":505928,"relics_obtained":[{"floor":6,"key":"ats:Originium"},{"floor":6,"key":"ats:Hidden Killer"}],"event_choices":[{"damage_healed":0,"gold_gain":0,"player_choice":"Grow","damage_taken":0,"max_hp_gain":0,"max_hp_loss":0,"event_name":"Living Wall","floor":5,"gold_loss":0,"cards_upgraded":["ats:Echo Reverb"]},{"damage_healed":0,"gold_gain":100,"player_choice":"Pray","damage_taken":0,"max_hp_gain":0,"max_hp_loss":0,"event_name":"Golden Shrine","floor":7,"gold_loss":0}],"is_beta":false,"boss_relics":[],"items_purged_floors":[],"is_endless":false,"potions_floor_spawned":[1,2,4],"killed_by":"Gremlin Nob","ascension_level":1}}