{"host":"x4i48uok34n1rpsm","time":1613403337,"event":{"mods":["Aspiration","BaseMod","Better Third Choice","Colored Map","Highlight Path","Minty Spire (QoL Compilation)","Permanent Neow","Replay The Spire","StSLib","The Mystic"],"gold_per_floor":[217,232,43,54,54,86,86,116,141,175,175,175,175,175,188,188,188,290,290,306,306,324,324,338,372,372,397,397,397,410,429,455,468,568,672,672,684,684,703,703,703,729,729,758,785,804,836,852,870,902,902,902,902,902,558,586,586],"floor_reached":58,"language":"ENG","playtime":8420,"items_purged":["mysticmod:Strike_Mystic","mysticmod:Defend_Mystic"],"score":1615,"play_id":"79e69869-9c93-4161-a8de-9e1ef5f3f7a8","local_time":"20210215173537","is_ascension_mode":true,"campfire_choices":[{"floor":7.0,"key":"REST"},{"data":"mysticmod:SuddenClarity","floor":14.0,"key":"SMITH"},{"floor":17.0,"key":"DIG"},{"floor":26,"key":"RECALL"},{"floor":43,"key":"DIG"},{"floor":51,"key":"DIG"},{"data":"mysticmod:MysticalShield","floor":54,"key":"SMITH"}],"circlet_count":0,"master_deck":["mysticmod:Strike_Mystic","mysticmod:Defend_Mystic","mysticmod:Defend_Mystic","mysticmod:ArcaneDodge","mysticmod:ShockingGrasp","mysticmod:FiveFootStep+1","mysticmod:MirrorStrike+1","mysticmod:LightningBolt","mysticmod:TomeOfSpells","mysticmod:Shield","mysticmod:Flourish+1","mysticmod:Alacrity","mysticmod:SuddenClarity+1","mysticmod:CureLightWounds","mysticmod:ObscuringMist","mysticmod:ArcaneAccuracy+1","mysticmod:Fly+1","mysticmod:MightyMagic","mysticmod:SuddenClarity+1","mysticmod:Snowball","mysticmod:PunishingArmor","mysticmod:DiviningBlow","mysticmod:MysticalShield+1","mysticmod:MightyMagic","mysticmod:Discipline"],"relics":["mysticmod:SpellBook","Astrolabe","Replay:Wanted Poster","mysticmod:Kama","Shovel","Bottled Lightning","Incense Burner","Pantograph","Painkiller Herb","Enchiridion","Blood Vial","StrikeDummy","Replay:Ringing Soul","BranchBurnRelic","Bird Faced Urn","Mirror","aspiration:RandomNobGenerator","Centennial Puzzle","Replay:Multitool","Akabeko","Blue Doll","Pocketwatch","Bottled Flame","Oddly Smooth Stone","Bronze Scales","Replay:Bottled Flurry"],"acts_visited":["Exordium","TheCity","TheBeyond","TheEnding"],"potions_floor_usage":[31,33,39,42,49,50,50,50,52,56,57,57],"damage_taken":[{"damage":9.0,"enemies":"Small Slimes","floor":1.0,"turns":6.0},{"damage":1.0,"enemies":"Jaw Worm","floor":2.0,"turns":2.0},{"damage":0.0,"enemies":"Cultist","floor":4.0,"turns":3.0},{"damage":33.0,"enemies":"Lagavulin","floor":6.0,"turns":7.0},{"damage":15.0,"enemies":"3 Sentries","floor":8.0,"turns":12.0},{"damage":10.0,"enemies":"Gremlin Nob","floor":10.0,"turns":4.0},{"damage":0.0,"enemies":"Blue Slaver","floor":15.0,"turns":5.0},{"damage":5.0,"enemies":"Slime Boss","floor":18.0,"turns":13.0},{"damage":0,"enemies":"3 Byrds","floor":20,"turns":5},{"damage":0,"enemies":"Shell Parasite","floor":22,"turns":3},{"damage":2,"enemies":"Centurion and Healer","floor":24,"turns":7},{"damage":20,"enemies":"Gremlin Leader","floor":25,"turns":7},{"damage":0,"enemies":"Book of Stabbing","floor":27,"turns":5},{"damage":0,"enemies":"Shelled Parasite and Fungi","floor":30,"turns":5},{"damage":0,"enemies":"Snecko","floor":31,"turns":4},{"damage":14,"enemies":"Gremlin Leader","floor":32,"turns":6},{"damage":10,"enemies":"Snake Plant","floor":33,"turns":4},{"damage":0,"enemies":"Colosseum Slavers","floor":34,"turns":3},{"damage":0,"enemies":"Colosseum Nobs","floor":34,"turns":4},{"damage":0,"enemies":"Automaton","floor":35,"turns":11},{"damage":0,"enemies":"Orb Walker","floor":37,"turns":2},{"damage":0,"enemies":"3 Shapes","floor":39,"turns":5},{"damage":27,"enemies":"R_Hoarder","floor":42,"turns":6},{"damage":0,"enemies":"Nemesis","floor":44,"turns":3},{"damage":0,"enemies":"Writhing Mass","floor":46,"turns":6},{"damage":0,"enemies":"Giant Head","floor":47,"turns":6},{"damage":0,"enemies":"Spire Growth","floor":48,"turns":5},{"damage":2,"enemies":"Maw","floor":49,"turns":7},{"damage":8,"enemies":"R_Hoarder","floor":50,"turns":7},{"damage":4,"enemies":"Awakened One","floor":52,"turns":9},{"damage":21,"enemies":"Shield and Spear","floor":56,"turns":7},{"damage":0,"enemies":"The Heart","floor":57,"turns":6}],"seed_played":"-921442143691129179","potions_obtained":[{"floor":10.0,"key":"Toxic Potion"},{"floor":15.0,"key":"Block Potion"},{"floor":18,"key":"LiquidBronze"},{"floor":24,"key":"Energy Potion"},{"floor":27,"key":"Block Potion"},{"floor":33,"key":"PowerPotion"},{"floor":35,"key":"Swift Potion"},{"floor":42,"key":"Elixir"},{"floor":46,"key":"LiquidMemories"},{"floor":56,"key":"Block Potion"}],"is_trial":false,"path_per_floor":["M","M","$","M","?","E","R","E","T","E","PTL","PTL","?","R","M","?","R","B",null,"?","T","?","?","?","E","T","E","T","T","?","?","E","?","T","B",null,"?","?","?","?","?","E","T","E","T","?","E","?","?","E","T","B",null,"T","T","E","B",null],"character_chosen":"MYSTIC_CLASS","items_purchased":["mysticmod:Shield","mysticmod:EbbAndFlow","Bronze Scales","Block Potion","Dexterity Potion"],"campfire_rested":1,"item_purchase_floors":[3,3,55,55,55],"current_hp_per_floor":[68,67,67,67,67,34,57,42,42,32,32,32,32,32,35,77,77,75,77,77,77,77,61,62,45,45,50,50,50,58,63,57,52,72,89,89,92,92,92,92,92,72,72,95,95,95,95,95,95,95,95,95,95,95,95,94,95],"gold":586,"neow_bonus":"DOUBLE_BOSS_RELIC","is_daily":false,"chose_seed":false,"campfire_upgraded":2,"win_rate":0.0,"timestamp":1613403337,"path_taken":["M","M","$","M","?","E","R","E","T","E","PTL","PTL","?","R","?","?","R","BOSS","BOSS","?","?","?","?","?","E","T","E","T","T","?","?","E","?","T","BOSS","?","?","?","?","?","E","T","E","T","?","E","?","?","E","T","BOSS","T","T","E","BOSS"],"items_purchased_type":["Card","Card","Relic","Potion","Potion"],"build_version":"2020-12-22","purchased_purges":2,"victory":true,"max_hp_per_floor":[77,77,77,77,77,77,77,77,77,77,77,77,77,77,77,77,77,77,77,77,77,77,77,77,77,77,77,77,77,80,80,83,83,86,89,89,92,92,92,92,92,92,92,95,95,95,95,95,95,95,95,95,95,95,95,95,95],"card_choices":[{"not_picked":["mysticmod:KeenEdge","mysticmod:BulkUp"],"picked":"mysticmod:LightningBolt","floor":1.0},{"not_picked":["mysticmod:PowerSlash","mysticmod:CorrosiveTouch"],"picked":"mysticmod:TomeOfSpells","floor":2.0},{"not_picked":["mysticmod:VorpalThrust","mysticmod:Probe","mysticmod:PureInstinct"],"picked":"SKIP","floor":4.0},{"not_picked":["mysticmod:PunishingArmor","mysticmod:TomeOfSpells"],"picked":"mysticmod:Alacrity","floor":6.0},{"not_picked":["mysticmod:Riposte","mysticmod:ChargedParry"],"picked":"mysticmod:SuddenClarity","floor":8.0},{"not_picked":["mysticmod:FiveFootStep","mysticmod:Alacrity"],"picked":"mysticmod:CureLightWounds","floor":10.0},{"not_picked":["mysticmod:HeavyStrike","mysticmod:Probe","mysticmod:Riposte"],"picked":"SKIP","floor":15.0},{"not_picked":["mysticmod:Doublecast","mysticmod:EnchantedMoulinet"],"picked":"mysticmod:ObscuringMist","floor":18},{"not_picked":["mysticmod:LightningBolt","mysticmod:Riposte+1"],"picked":"mysticmod:ArcaneAccuracy+1","floor":20},{"not_picked":["mysticmod:PowerSlash+1","mysticmod:IllusionOfCalm"],"picked":"mysticmod:Fly+1","floor":22},{"not_picked":["mysticmod:Fireball+1","mysticmod:HeavyStrike"],"picked":"mysticmod:MightyMagic","floor":24},{"not_picked":["mysticmod:Fly","mysticmod:ComboCaster","mysticmod:Riposte+1"],"picked":"SKIP","floor":25},{"not_picked":["mysticmod:Haste","mysticmod:ComboCaster+1"],"picked":"mysticmod:SuddenClarity+1","floor":27},{"not_picked":["mysticmod:CorrosiveTouch","mysticmod:EbbAndFlow"],"picked":"mysticmod:Snowball","floor":30},{"not_picked":["mysticmod:SpellCombat+1","mysticmod:HeavyStrike","mysticmod:Disengage"],"picked":"SKIP","floor":31},{"not_picked":["mysticmod:SpellCombat+1","mysticmod:HeavyStrike","mysticmod:Disengage"],"picked":"SKIP","floor":31},{"not_picked":["mysticmod:Snowball","mysticmod:Shield+1"],"picked":"mysticmod:PunishingArmor","floor":32},{"not_picked":["mysticmod:Disengage","mysticmod:PowerSlash+1","mysticmod:BladeMaster"],"picked":"SKIP","floor":33},{"not_picked":["mysticmod:BladedDash+1","mysticmod:PowerSlash"],"picked":"mysticmod:DiviningBlow","floor":34},{"not_picked":["mysticmod:SpellRecall","mysticmod:Natural20"],"picked":"mysticmod:MysticalShield","floor":35},{"not_picked":["mysticmod:Disengage+1","mysticmod:Alacrity+1"],"picked":"mysticmod:MightyMagic","floor":37},{"not_picked":["mysticmod:MightyMagic","mysticmod:HeavyStrike+1","mysticmod:Alacrity+1"],"picked":"SKIP","floor":39},{"not_picked":["mysticmod:PreparedCaster","mysticmod:Sideswipe","mysticmod:Snowball"],"picked":"SKIP","floor":42},{"not_picked":["mysticmod:LightningBolt+1","mysticmod:ComponentsPouch+1"],"picked":"mysticmod:Discipline","floor":44},{"not_picked":["mysticmod:ComponentsPouch","mysticmod:TomeOfSpells","mysticmod:SuddenClarity"],"picked":"SKIP","floor":46},{"not_picked":["mysticmod:KnowledgePool","mysticmod:Probe+1","mysticmod:PowerSlash"],"picked":"SKIP","floor":47},{"not_picked":["mysticmod:Sideswipe","mysticmod:Probe+1","mysticmod:CorrosiveTouch"],"picked":"SKIP","floor":48},{"not_picked":["mysticmod:Alacrity+1","mysticmod:PowerAttack","mysticmod:Stoneskin"],"picked":"SKIP","floor":49},{"not_picked":["mysticmod:Alacrity","mysticmod:EnchantedMoulinet","mysticmod:SpellRecall"],"picked":"SKIP","floor":50},{"not_picked":["mysticmod:Riposte","mysticmod:PowerAttack+1","mysticmod:IllusionOfCalm+1"],"picked":"SKIP","floor":56}],"player_experience":292202,"relics_obtained":[{"floor":6.0,"key":"mysticmod:Kama"},{"floor":8.0,"key":"Shovel"},{"floor":10.0,"key":"Bottled Lightning"},{"floor":17.0,"key":"Pantograph"},{"floor":23,"key":"Enchiridion"},{"floor":25,"key":"Blood Vial"},{"floor":27,"key":"StrikeDummy"},{"floor":28,"key":"Replay:Ringing Soul"},{"floor":32,"key":"Dead Branch"},{"floor":34,"key":"Bird Faced Urn"},{"floor":34,"key":"Mirror"},{"floor":42,"key":"Centennial Puzzle"},{"floor":43,"key":"Replay:Multitool"},{"floor":44,"key":"Akabeko"},{"floor":45,"key":"Blue Doll"},{"floor":47,"key":"Pocketwatch"},{"floor":50,"key":"Bottled Flame"},{"floor":51,"key":"Oddly Smooth Stone"},{"floor":56,"key":"Replay:Bottled Flurry"}],"event_choices":[{"damage_healed":0.0,"max_hp_gain":0.0,"max_hp_loss":0.0,"gold_gain":0.0,"event_name":"WeMeetAgain","player_choice":"Gave Potion","floor":13.0,"gold_loss":0.0,"damage_taken":0.0,"relics_obtained":["Incense Burner"]},{"cards_removed":["mysticmod:EbbAndFlow"],"damage_healed":42.0,"max_hp_gain":0.0,"max_hp_loss":0.0,"gold_gain":0.0,"event_name":"Bonfire Elementals","player_choice":"Offered Uncommon","floor":16.0,"gold_loss":0.0,"damage_taken":0.0},{"damage_healed":0,"gold_gain":0,"player_choice":"Obtained Book","damage_taken":16,"max_hp_gain":0,"max_hp_loss":0,"event_name":"Cursed Tome","floor":23,"gold_loss":0},{"damage_healed":0,"gold_gain":0,"player_choice":"Fight","damage_taken":0,"max_hp_gain":0,"max_hp_loss":0,"event_name":"Colosseum","floor":34,"gold_loss":0},{"damage_healed":0,"gold_gain":0,"player_choice":"Fought Nobs","damage_taken":0,"max_hp_gain":0,"max_hp_loss":0,"event_name":"Colosseum","floor":34,"gold_loss":0},{"damage_healed":0,"gold_gain":0,"player_choice":"Ignored","damage_taken":0,"max_hp_gain":0,"max_hp_loss":0,"event_name":"Tomb of Lord Red Mask","floor":38,"gold_loss":0},{"damage_healed":0,"gold_gain":0,"player_choice":"Ignored","damage_taken":0,"max_hp_gain":0,"max_hp_loss":0,"event_name":"NoteForYourself","floor":41,"gold_loss":0}],"is_beta":false,"boss_relics":[{"not_picked":["Honey Jar","aspiration:SilentSkillbook"],"picked":"Painkiller Herb"},{"not_picked":["aspiration:SecretTechniqueScroll","Calling Bell"],"picked":"aspiration:RandomNobGenerator"}],"items_purged_floors":[3,55],"is_endless":false,"potions_floor_spawned":[10,15,18,24,27,33,35,42,46,47,56],"ascension_level":1}}