{"host":"5oe6e4b9xi36nq9o","time":1613424374,"event":{"mods":["2.2 Compatiblity","AchievementEnabler","Aspiration","Bard","BaseMod","Better Altar","Better Match","Better Note","Better Sensory Stone","Better Skull","Better Third Choice","BetterRewards","Block Reminder","Colored Powertips","Conspire","Downfall","Energized Spire","Hermit","Highlight Path","Hubris","Infinite Spire","Ironclad Rager","Jedi Mod","Minty Spire (QoL Compilation)","Permanent Neow","Quick Restart","Random Character Button","Random Character Mod","Rare Cards Sparkle","Relic Stats","Replay The Spire","StSLib","The Construct","The Hierophant"],"gold_per_floor":[113,113,38,38,38,38,77,77,77,111,136,160,12,12,12,132,132,72,86,113,15,33,33,33,33,59,0,0,0,0],"floor_reached":29,"language":"ENG","playtime":2172,"items_purged":["jedi:frostbite"],"score":330,"play_id":"64b0039e-d63d-4fc5-9022-945530b2f68a","local_time":"20210215192614","is_ascension_mode":true,"campfire_choices":[{"data":"construct:SaveState","floor":6,"key":"SMITH"},{"data":"Discovery","floor":8,"key":"SMITH"},{"data":"construct:Forcefield","floor":15,"key":"SMITH"},{"data":"construct:Forcefield+1","floor":23,"key":"SMITH"},{"floor":28,"key":"REST"}],"circlet_count":0,"master_deck":["construct:Strike_Gold","construct:Strike_Gold","construct:Strike_Gold","construct:Strike_Gold","construct:Defend_Gold","construct:Defend_Gold","construct:Defend_Gold","construct:Defend_Gold","construct:Defend_Gold","construct:AttackMode","construct:DefenseMode","construct:SaveState+1","hubris:Insight","Discovery+1","construct:Versatility","construct:Forcefield+2","construct:Reinforce","construct:Anticipate","construct:Disrupt","construct:LongRangeLance","hubris:Despair","hubris:Sloth","construct:Anticipate","construct:PointDefense","construct:Autoturret","construct:PointDefense","Specialist","Replay:Dark Deal"],"relics":["construct:ClockworkPhoenix","NeowsBlessing","Golden Idol","jedi:cryingmask","infinitespire:CheckeredPen","Art of War","Lee\u0027s Waffle","Replay:Ancient Bell","Replay:Wax Seal","The Courier","Lizard Tail","Bag of Preparation","jedi:crownofsimplicity"],"acts_visited":["Exordium","TheCity"],"potions_floor_usage":[11,16,19],"damage_taken":[{"damage":0,"enemies":"Jaw Worm","floor":1,"turns":1},{"damage":0,"enemies":"Lagavulin","floor":7,"turns":1},{"damage":0,"enemies":"3 Sentries","floor":10,"turns":1},{"damage":0,"enemies":"2 Louse","floor":11,"turns":1},{"damage":4,"enemies":"Cultist","floor":12,"turns":5},{"damage":49,"enemies":"Slime Boss","floor":16,"turns":12},{"damage":4,"enemies":"2 Thieves","floor":18,"turns":4},{"damage":16,"enemies":"Shell Parasite","floor":19,"turns":13},{"damage":38,"enemies":"Shelled Parasite and Fungi","floor":22,"turns":11},{"damage":124,"enemies":"Gremlin Leader","floor":29,"turns":12}],"seed_played":"1253161836693900538","potions_obtained":[{"floor":4,"key":"Elixir"},{"floor":4,"key":"Weak Potion"},{"floor":4,"key":"Explosive Potion"},{"floor":12,"key":"Fire Potion"},{"floor":19,"key":"jedi:hoardpotion"}],"is_trial":false,"path_per_floor":["M","?","?","?","$","R","E","R","T","E","M","M","$","?","R","B",null,"M","M","T","$","M","R","?","$","T","?","R","E"],"character_chosen":"THE_CONSTRUCT_MOD","items_purchased":["Lee\u0027s Waffle","construct:Autoturret"],"campfire_rested":1,"item_purchase_floors":[13,21],"current_hp_per_floor":[85,64,64,64,64,64,64,64,64,64,64,60,92,92,92,43,92,88,72,72,72,34,34,34,34,34,34,61,0,0],"gold":0,"neow_bonus":"THREE_ENEMY_KILL","is_daily":false,"chose_seed":false,"campfire_upgraded":4,"win_rate":0.0,"timestamp":1613424374,"path_taken":["M","?","?","?","$","R","E","R","T","E","M","?","$","?","R","BOSS","M","M","?","$","M","R","?","?","T","?","R","E"],"items_purchased_type":["Relic","Card"],"build_version":"2020-12-22","purchased_purges":1,"victory":false,"max_hp_per_floor":[85,85,85,85,85,85,85,85,85,85,85,85,92,92,92,92,92,92,92,92,92,92,92,92,92,92,92,92,92,92],"relic_stats":{"Lee\u0027s Waffle":32,"Lizard Tail":46,"counters":[10,61],"Golden Idol":56,"Art of War":[12],"Bag of Preparation":[4],"obtain_stats":[{"Lee\u0027s Waffle":13,"NeowsBlessing":0,"Golden Idol":2,"The Courier":17,"Replay:Ancient Bell":17,"Bag of Preparation":20,"infinitespire:CheckeredPen":9,"construct:LongRangeLance":18,"jedi:crownofsimplicity":26,"construct:ClockworkPhoenix":0,"Lizard Tail":17,"jedi:cryingmask":7,"Art of War":10,"Replay:Wax Seal":17},{"Lee\u0027s Waffle":5,"NeowsBlessing":0,"Golden Idol":1,"The Courier":6,"Replay:Ancient Bell":6,"Bag of Preparation":8,"infinitespire:CheckeredPen":2,"construct:LongRangeLance":7,"jedi:crownofsimplicity":9,"construct:ClockworkPhoenix":0,"Lizard Tail":6,"jedi:cryingmask":2,"Art of War":3,"Replay:Wax Seal":6},{"Lee\u0027s Waffle":9,"NeowsBlessing":0,"Golden Idol":1,"The Courier":21,"Replay:Ancient Bell":21,"Bag of Preparation":38,"infinitespire:CheckeredPen":2,"construct:LongRangeLance":25,"jedi:crownofsimplicity":49,"construct:ClockworkPhoenix":0,"Lizard Tail":21,"jedi:cryingmask":2,"Art of War":3,"Replay:Wax Seal":21}]},"card_choices":[{"not_picked":["construct:ModeShift","construct:HeavyBolt"],"picked":"construct:SaveState","floor":1},{"not_picked":["Bandage Up","Specialist"],"picked":"hubris:Insight","floor":3},{"not_picked":["Trip","PanicButton"],"picked":"Discovery","floor":3},{"not_picked":["construct:FlakBarrage","construct:Isolate"],"picked":"construct:Versatility","floor":7},{"not_picked":["construct:Versatility","construct:OmegaCannon"],"picked":"construct:Forcefield","floor":10},{"not_picked":["construct:Isolate","construct:SaveState"],"picked":"construct:Reinforce","floor":11},{"not_picked":["construct:VentSteam","construct:FlakBarrage"],"picked":"construct:Anticipate","floor":12},{"not_picked":["construct:MemoryTap","construct:HammerDown"],"picked":"construct:LongRangeLance","floor":16},{"not_picked":["Shame","Parasite"],"picked":"hubris:Despair","floor":17},{"not_picked":["Hallucinations","Normality"],"picked":"hubris:Sloth","floor":17},{"not_picked":["CurseOfTheBell","hubris:Disease"],"picked":"jedi:frostbite","floor":17},{"not_picked":["construct:ReactiveShield","construct:SweepLaser"],"picked":"construct:Anticipate","floor":18},{"not_picked":["construct:ElectricArmor","construct:FierceBash+1"],"picked":"construct:PointDefense","floor":19},{"not_picked":["construct:Failsafe","construct:ScrapCannon"],"picked":"construct:PointDefense","floor":22},{"not_picked":["ReplayTheSpireMod:Private Reserves","Sadistic Nature"],"picked":"Specialist","floor":24},{"not_picked":["Replay:Sssssssssshield","Replay:BasicMightCard"],"picked":"Replay:Dark Deal","floor":24}],"player_experience":1229898,"relics_obtained":[{"floor":7,"key":"jedi:cryingmask"},{"floor":9,"key":"infinitespire:CheckeredPen"},{"floor":10,"key":"Art of War"},{"floor":20,"key":"Bag of Preparation"},{"floor":26,"key":"jedi:crownofsimplicity"}],"event_choices":[{"damage_healed":0,"gold_gain":0,"player_choice":"Take Damage","damage_taken":21,"relics_obtained":["Golden Idol"],"max_hp_gain":0,"max_hp_loss":0,"event_name":"Golden Idol","floor":2,"gold_loss":0},{"damage_healed":0,"gold_gain":0,"player_choice":"1","damage_taken":0,"max_hp_gain":0,"max_hp_loss":0,"event_name":"betterMatch:BetterMatch","floor":3,"gold_loss":0,"cards_obtained":["betterMatch:ColorlessUncommonCard","betterMatch:ColorlessUncommonCard"]},{"damage_healed":0,"gold_gain":0,"player_choice":"Got Potions","damage_taken":0,"max_hp_gain":0,"max_hp_loss":0,"event_name":"Lab","floor":4,"gold_loss":0},{"damage_healed":0,"gold_gain":0,"cards_transformed":["construct:Strike_Gold"],"player_choice":"Transformed","damage_taken":0,"max_hp_gain":0,"max_hp_loss":0,"event_name":"Transmorgrifier","floor":14,"gold_loss":0,"cards_obtained":["construct:Disrupt"]},{"damage_healed":0,"gold_gain":2,"player_choice":"1","damage_taken":0,"max_hp_gain":0,"max_hp_loss":0,"event_name":"betterStone:BetterStone","floor":24,"gold_loss":0},{"damage_healed":0,"gold_gain":0,"player_choice":"Paid Fearfully","damage_taken":0,"max_hp_gain":0,"max_hp_loss":0,"event_name":"Masked Bandits","floor":27,"gold_loss":59}],"is_beta":false,"boss_relics":[{"not_picked":["Replay:Drink Me","Abe\u0027s Treasure"],"picked":"Replay:Ancient Bell"},{"not_picked":["infinitespire:Satchel","Toy Ornithopter"],"picked":"Replay:Wax Seal"},{"not_picked":["infinitespire:WardingShard","aspiration:FrozenJewel"],"picked":"The Courier"},{"not_picked":["infinitespire:Magic Flask","conspire:InfiniteJournal"],"picked":"Lizard Tail"}],"items_purged_floors":[21],"is_endless":false,"potions_floor_spawned":[10,12,19],"killed_by":"Gremlin Leader","ascension_level":4}}