{"host":"y6zg4wwu39otf01a","time":1613425723,"event":{"mods":["Act Like it!","Aspiration","BaseMod","Better Altar","Better Match","Better Note","Better Sensory Stone","Better Skull","Better Third Choice","Challenge The Spire","Colored Map","Colored Powertips","Conspire","GifTheSpireLib","Glutton Mod","Halation","Hermit","Highlight Path","Hubris","Infinite Spire","Mimic Mod","Minty Spire (QoL Compilation)","Quick Restart","Random Character Button","Rare Cards Sparkle","Replay The Spire","Retaliation","Spicy Shops","StSLib","Stuff the Spire","The Blue Laboratory","The Jungle"],"gold_per_floor":[110,128,49,49,49,76,76,26,78,109,85,85,85,85],"floor_reached":13,"language":"ENG","playtime":745,"items_purged":[],"score":89,"play_id":"db5f18f1-cd3f-4da7-81f4-61e67ffae869","local_time":"20210215154843","daily_mods":["SealedDeck","Purple Cards","Elite Swarm"],"is_ascension_mode":false,"campfire_choices":[{"data":"ReplayTheSpireMod:Haul","floor":7,"key":"SMITH"},{"floor":12,"key":"REST"}],"circlet_count":0,"master_deck":["Dodge and Roll","Finisher","StuffTheSpire:Repulse","CarveReality","Hidden Blade","Backflip","ReplayTheSpireMod:The Works","FlurryOfBlows","FlurryOfBlows","ClearTheMind","Expertise","Setup","Sucker Punch","ReplayTheSpireMod:Haul+1","Normality","Sadistic Nature","Secret Weapon","Panache","Doppelganger"],"relics":["Ring of the Snake","aspiration:BabyByrd","aspiration:ChemicalBlood","ReplayTheSpireMod:ShopPack","halation:PromiseList","Turnip"],"acts_visited":["Exordium"],"potions_floor_usage":[10,10,13,13],"damage_taken":[{"damage":0,"enemies":"Cultist","floor":1,"turns":1},{"damage":0,"enemies":"Small Slimes","floor":2,"turns":1},{"damage":27,"enemies":"Lagavulin","floor":6,"turns":4},{"damage":23,"enemies":"3 Sentries","floor":10,"turns":5},{"damage":25,"enemies":"Lagavulin","floor":13,"turns":4}],"seed_played":"1648156375306321064","potions_obtained":[{"floor":2,"key":"Strength Potion"},{"floor":6,"key":"Death Potion"},{"floor":10,"key":"blueLaboratory:ArtificerPotion"}],"is_trial":true,"path_per_floor":["M","M","$","?","?","E","R","$","T","E","?","R","E"],"character_chosen":"THE_SILENT","items_purchased":["Sucker Punch","ReplayTheSpireMod:ShopPack"],"campfire_rested":1,"item_purchase_floors":[3,8],"current_hp_per_floor":[70,70,70,53,53,26,26,26,26,3,3,24,0,0],"gold":85,"neow_bonus":"","is_daily":false,"chose_seed":false,"campfire_upgraded":1,"win_rate":0.0,"timestamp":1613425723,"path_taken":["M","M","$","?","?","E","R","$","T","E","?","R","E"],"items_purchased_type":["Card","Relic"],"build_version":"2020-12-22","purchased_purges":0,"victory":false,"max_hp_per_floor":[70,70,70,70,70,70,70,70,70,70,70,70,70,70],"card_choices":[{"not_picked":["Blade Dance","Consecrate"],"picked":"Expertise","floor":1},{"not_picked":["Protect","Consecrate"],"picked":"Setup","floor":2},{"not_picked":["infinitespire:SealOfDarkness+","infinitespire:UltimateForm"],"picked":"ReplayTheSpireMod:Haul","floor":4},{"not_picked":["Blasphemy","Storm of Steel","Phantasmal Killer"],"picked":"SKIP","floor":6},{"not_picked":["ReplayUltimateDefense","ReplayTheSpireMod:Brewmster"],"picked":"Sadistic Nature","floor":8},{"not_picked":["DDmod:MulticlassingSkill","Midas Touch"],"picked":"Secret Weapon","floor":8},{"not_picked":["Purity","conspire:Banana"],"picked":"Panache","floor":8},{"not_picked":["Grand Finale","aspiration:Lunge"],"picked":"Doppelganger","floor":10}],"player_experience":845972,"relics_obtained":[{"floor":6,"key":"aspiration:ChemicalBlood"},{"floor":9,"key":"halation:PromiseList"},{"floor":10,"key":"Turnip"}],"event_choices":[{"damage_healed":0,"gold_gain":0,"player_choice":"Left","damage_taken":0,"max_hp_gain":0,"max_hp_loss":0,"event_name":"betterThird:BetterGoop","floor":11,"gold_loss":24}],"is_beta":false,"boss_relics":[],"items_purged_floors":[],"is_endless":false,"potions_floor_spawned":[2,6,10],"killed_by":"Lagavulin","ascension_level":0}}