{"host":"d52brwsy6af8zvaq","time":1613355462,"event":{"mods":["AchievementEnabler","BaseMod","Bestiary","Highlight Path","Minty Spire (QoL Compilation)","Quick Restart","Relic Stats","ojb\u0027s Better Paths Mod"],"gold_per_floor":[217,217,235,38,49,49,82,82,129,141,166,63,113,146,146,223,223,243,276,17,17,17,17,27,58,58,58,58],"floor_reached":27,"language":"ENG","playtime":979,"items_purged":["Strike_B","Strike_B","Strike_B"],"score":594,"play_id":"4f903ff7-0aca-416e-ac56-99dc00a80a79","local_time":"20210214191742","is_ascension_mode":true,"campfire_choices":[{"data":"Defragment","floor":6.0,"key":"SMITH"},{"floor":8.0,"key":"REST"},{"floor":15,"key":"REST"},{"floor":23,"key":"REST"}],"circlet_count":0,"master_deck":["AscendersBane","Strike_B","Defend_B","Defend_B","Defend_B","Defend_B","Zap","Dualcast","Cold Snap","Compile Driver","Defragment+1","Sunder","Auto Shields","Hologram","Go for the Eyes","Turbo","Echo Form","Capacitor","Glacier+1","Static Discharge","Decay","White Noise","Doubt"],"relics":["Cracked Core","Art of War","Oddly Smooth Stone","Smiling Mask","Akabeko","Bronze Scales","Cursed Key","Red Mask","Regal Pillow","Pen Nib"],"acts_visited":["TheCity"],"potions_floor_usage":[16,16],"damage_taken":[{"damage":4.0,"enemies":"Jaw Worm","floor":1.0,"turns":4.0},{"damage":0.0,"enemies":"2 Louse","floor":3.0,"turns":1.0},{"damage":0.0,"enemies":"Cultist","floor":5.0,"turns":3.0},{"damage":34.0,"enemies":"3 Sentries","floor":7.0,"turns":13.0},{"damage":0.0,"enemies":"Blue Slaver","floor":10.0,"turns":4.0},{"damage":14.0,"enemies":"Lagavulin","floor":11.0,"turns":10.0},{"damage":4,"enemies":"3 Sentries","floor":14,"turns":5},{"damage":0,"enemies":"Slime Boss","floor":16,"turns":5},{"damage":25,"enemies":"2 Thieves","floor":18,"turns":4},{"damage":26,"enemies":"Masked Bandits","floor":19,"turns":5},{"damage":5,"enemies":"Shell Parasite","floor":24,"turns":5},{"damage":32,"enemies":"Gremlin Leader","floor":25,"turns":10},{"damage":17,"enemies":"Shelled Parasite and Fungi","floor":27,"turns":1}],"seed_played":"-6519380025930460582","potions_obtained":[{"floor":5.0,"key":"CultistPotion"},{"floor":11.0,"key":"SpeedPotion"},{"floor":14,"key":"Energy Potion"},{"floor":19,"key":"SpeedPotion"}],"is_trial":false,"path_per_floor":["M","?","M","$","M","R","E","R","T","M","E","$","?","E","R","B",null,"M","?","$","?","?","R","M","E","T","M"],"character_chosen":"DEFECT","items_purchased":["Defragment","Sunder","Turbo","Regal Pillow","Static Discharge"],"campfire_rested":3,"item_purchase_floors":[4,4,12,20,20],"current_hp_per_floor":[60,42,42,42,42,42,8,29,29,29,15,15,15,11,32,32,61,36,10,10,10,10,46,41,9,9,0,0],"gold":58,"neow_bonus":"HUNDRED_GOLD","is_daily":false,"chose_seed":false,"campfire_upgraded":1,"win_rate":0.0,"timestamp":1613355462,"path_taken":["M","?","M","$","M","R","E","R","T","M","E","?","?","E","R","BOSS","M","?","$","?","?","R","M","E","T","M"],"items_purchased_type":["Card","Card","Card","Relic","Card"],"build_version":"2020-12-22","purchased_purges":3,"victory":false,"max_hp_per_floor":[71,71,71,71,71,71,71,71,71,71,71,71,71,71,71,71,71,71,71,71,71,71,71,71,71,71,71,71],"relic_stats":{"Regal Pillow":15,"counters":[13,70],"Bronze Scales":[69],"Pen Nib":[0],"Art of War":[10],"Smiling Mask":125,"Cursed Key":1,"obtain_stats":[{"Regal Pillow":20,"Bronze Scales":14,"Oddly Smooth Stone":7,"Pen Nib":25,"Art of War":2,"Red Mask":19,"Cracked Core":0,"Smiling Mask":9,"Cursed Key":17,"Akabeko":11},{"Regal Pillow":10,"Bronze Scales":7,"Oddly Smooth Stone":4,"Pen Nib":12,"Art of War":1,"Red Mask":10,"Cracked Core":0,"Smiling Mask":4,"Cursed Key":8,"Akabeko":6},{"Regal Pillow":54,"Bronze Scales":40,"Oddly Smooth Stone":21,"Pen Nib":69,"Art of War":4,"Red Mask":54,"Cracked Core":0,"Smiling Mask":21,"Cursed Key":45,"Akabeko":35}]},"card_choices":[{"not_picked":["Leap","Rebound"],"picked":"Cold Snap","floor":1.0},{"not_picked":["Beam Cell","BootSequence"],"picked":"Compile Driver","floor":3.0},{"not_picked":["Redo","Stack"],"picked":"Auto Shields","floor":5.0},{"not_picked":["Go for the Eyes","Heatsinks"],"picked":"Hologram","floor":7.0},{"not_picked":["Multi-Cast","Compile Driver","Streamline"],"picked":"SKIP","floor":10.0},{"not_picked":["Undo","Stack"],"picked":"Go for the Eyes","floor":11.0},{"not_picked":["Rip and Tear","Scrape","Reboot"],"picked":"SKIP","floor":14},{"not_picked":["All For One","Thunder Strike"],"picked":"Echo Form","floor":16},{"not_picked":["Cold Snap","Steam Power+1"],"picked":"Capacitor","floor":18},{"not_picked":["Beam Cell","Rebound"],"picked":"Glacier+1","floor":19},{"not_picked":["Gash","Go for the Eyes","Reprogram"],"picked":"SKIP","floor":24},{"not_picked":["Reboot","Go for the Eyes"],"picked":"White Noise","floor":25}],"player_experience":2267570,"relics_obtained":[{"floor":7.0,"key":"Oddly Smooth Stone"},{"floor":9.0,"key":"Smiling Mask"},{"floor":11.0,"key":"Akabeko"},{"floor":14,"key":"Bronze Scales"},{"floor":19,"key":"Red Mask"},{"floor":25,"key":"Pen Nib"}],"event_choices":[{"damage_healed":0.0,"max_hp_gain":0.0,"max_hp_loss":0.0,"gold_gain":0.0,"event_name":"Scrap Ooze","player_choice":"Success","floor":2.0,"gold_loss":0.0,"damage_taken":18.0,"relics_obtained":["Art of War"]},{"damage_healed":0.0,"max_hp_gain":0.0,"max_hp_loss":0.0,"gold_gain":50.0,"event_name":"Golden Shrine","player_choice":"Pray","floor":13.0,"gold_loss":0.0,"damage_taken":0.0},{"damage_healed":0,"gold_gain":0,"player_choice":"Fought Bandits","damage_taken":0,"max_hp_gain":0,"max_hp_loss":0,"event_name":"Masked Bandits","floor":19,"gold_loss":0},{"damage_healed":0,"gold_gain":0,"player_choice":"Smashed Altar","damage_taken":0,"max_hp_gain":0,"max_hp_loss":0,"event_name":"Forgotten Altar","floor":21,"gold_loss":0,"cards_obtained":["Decay"]},{"damage_healed":0,"gold_gain":0,"player_choice":"Leave","damage_taken":0,"max_hp_gain":0,"max_hp_loss":0,"event_name":"FaceTrader","floor":22,"gold_loss":0}],"is_beta":false,"boss_relics":[{"not_picked":["Calling Bell","Coffee Dripper"],"picked":"Cursed Key"}],"items_purged_floors":[4,12,20],"is_endless":false,"potions_floor_spawned":[5,11,14,19],"killed_by":"Shelled Parasite and Fungi","ascension_level":20}}