{"host":"yhipfp2q5jnlph7f","time":1613404982,"event":{"mods":["BaseMod","Minty Spire (QoL Compilation)","Quick Restart"],"gold_per_floor":[17,17,33,46,69,100,100,100,100],"floor_reached":8,"language":"JPN","playtime":553,"items_purged":[],"score":64,"play_id":"edc7efe1-f9d9-4436-b481-2b52231929bd","local_time":"20210216010302","is_ascension_mode":true,"campfire_choices":[{"data":"Eruption","floor":7,"key":"SMITH"}],"circlet_count":0,"master_deck":["Strike_P","Strike_P","Strike_P","Strike_P","Defend_P","Defend_P","Defend_P","Defend_P","Eruption+1","Vigilance","JustLucky","CutThroughFate"],"relics":["PureWater","Ginger","Golden Idol","Prayer Wheel"],"acts_visited":["Exordium"],"potions_floor_usage":[8],"damage_taken":[{"damage":0.0,"enemies":"Cultist","floor":1.0,"turns":3.0},{"damage":4.0,"enemies":"Jaw Worm","floor":3.0,"turns":5.0},{"damage":0.0,"enemies":"2 Louse","floor":4.0,"turns":1.0},{"damage":0,"enemies":"Exordium Wildlife","floor":5,"turns":2},{"damage":24,"enemies":"3 Sentries","floor":6,"turns":12},{"damage":31,"enemies":"Lagavulin","floor":8,"turns":4}],"seed_played":"1830745373482375865","potions_obtained":[{"floor":1.0,"key":"FearPotion"},{"floor":4.0,"key":"Ancient Potion"}],"is_trial":false,"path_per_floor":["M","?","M","M","M","E","R","E"],"character_chosen":"WATCHER","items_purchased":[],"campfire_rested":0,"item_purchase_floors":[],"current_hp_per_floor":[72,54,50,50,50,26,26,0,0],"gold":100,"neow_bonus":"ONE_RARE_RELIC","is_daily":false,"chose_seed":false,"campfire_upgraded":1,"win_rate":0.0,"timestamp":1613404982,"path_taken":["M","?","M","M","M","E","R","E"],"items_purchased_type":[],"build_version":"2020-12-22","purchased_purges":0,"victory":false,"max_hp_per_floor":[72,72,72,72,72,72,72,72,72],"card_choices":[{"not_picked":["WreathOfFlame","Wireheading","CarveReality"],"picked":"SKIP","floor":1.0},{"not_picked":["BowlingBash","ClearTheMind"],"picked":"JustLucky","floor":3.0},{"not_picked":["WreathOfFlame","InnerPeace","WaveOfTheHand"],"picked":"SKIP","floor":4.0},{"not_picked":["Wireheading","Study"],"picked":"CutThroughFate","floor":5},{"not_picked":["BowlingBash","Crescendo","FearNoEvil"],"picked":"SKIP","floor":6}],"player_experience":1903169,"relics_obtained":[{"floor":6,"key":"Prayer Wheel"}],"event_choices":[{"damage_healed":0.0,"max_hp_gain":0.0,"max_hp_loss":0.0,"gold_gain":0.0,"event_name":"Golden Idol","player_choice":"Take Damage","floor":2.0,"gold_loss":0.0,"damage_taken":18.0,"relics_obtained":["Golden Idol"]}],"is_beta":false,"boss_relics":[],"items_purged_floors":[],"is_endless":false,"potions_floor_spawned":[1,4],"killed_by":"Lagavulin","ascension_level":2}}