{"host":"tjicewryrzew529r","time":1613387895,"event":{"mods":["AchievementEnabler","BaseMod","Block Reminder","Colored Map","Highlight Path","Minty Spire (QoL Compilation)","StSLib"],"gold_per_floor":[110,125,144,154,167,192,192,217,286,286,304,314,314,332,332,404,404,389,91,115,115,30,30,30,30],"floor_reached":24,"language":"ENG","playtime":1210,"items_purged":["Strike_G"],"score":343,"play_id":"9e3b43c4-c725-40f0-a165-2d6984de46b7","local_time":"20210215191815","is_ascension_mode":true,"campfire_choices":[{"data":"Burst","floor":7.0,"key":"SMITH"},{"floor":10.0,"key":"REST"},{"data":"Blade Dance","floor":13.0,"key":"SMITH"},{"data":"Noxious Fumes","floor":15.0,"key":"SMITH"},{"data":"A Thousand Cuts","floor":23.0,"key":"SMITH"}],"circlet_count":0,"master_deck":["AscendersBane","Strike_G","Strike_G","Strike_G","Strike_G","Defend_G","Defend_G","Defend_G","Defend_G","Defend_G","Survivor","Neutralize","Trip","Blade Dance+1","Cloak And Dagger","Dagger Spray","Burst+1","Noxious Fumes+1","PiercingWail","Wraith Form v2","A Thousand Cuts+1","After Image"],"relics":["Ring of the Snake","HornCleat","Regal Pillow","The Courier","Black Star","Lee\u0027s Waffle","MutagenicStrength","Prayer Wheel"],"acts_visited":["Exordium","TheCity"],"potions_floor_usage":[],"damage_taken":[{"damage":1.0,"enemies":"Cultist","floor":1.0,"turns":4.0},{"damage":0.0,"enemies":"Jaw Worm","floor":2.0,"turns":3.0},{"damage":0.0,"enemies":"2 Louse","floor":3.0,"turns":2.0},{"damage":1.0,"enemies":"Looter","floor":4.0,"turns":5.0},{"damage":0.0,"enemies":"2 Fungi Beasts","floor":5.0,"turns":3.0},{"damage":26.0,"enemies":"3 Sentries","floor":6.0,"turns":9.0},{"damage":14.0,"enemies":"Lagavulin","floor":8.0,"turns":6.0},{"damage":8.0,"enemies":"Exordium Thugs","floor":11.0,"turns":5.0},{"damage":0.0,"enemies":"Red Slaver","floor":12.0,"turns":3.0},{"damage":0.0,"enemies":"3 Louse","floor":14.0,"turns":3.0},{"damage":43.0,"enemies":"Slime Boss","floor":16.0,"turns":12.0},{"damage":2.0,"enemies":"2 Thieves","floor":18.0,"turns":4.0},{"damage":80,"enemies":"Slavers","floor":24,"turns":6}],"seed_played":"-5693702632760674344","potions_obtained":[{"floor":1.0,"key":"Swift Potion"},{"floor":5.0,"key":"CultistPotion"},{"floor":8.0,"key":"Energy Potion"},{"floor":11.0,"key":"PowerPotion"}],"is_trial":false,"path_per_floor":["M","M","M","M","M","E","R","E","T","R","M","M","R","M","R","B",null,"M","$","T","?","?","R","E"],"character_chosen":"THE_SILENT","items_purchased":["After Image","Lee\u0027s Waffle"],"campfire_rested":1,"item_purchase_floors":[19,19],"current_hp_per_floor":[62,62,62,61,61,35,35,21,21,57,49,49,49,49,49,6,54,52,77,77,77,77,77,0,0],"gold":30,"neow_bonus":"RANDOM_COLORLESS","is_daily":false,"chose_seed":false,"campfire_upgraded":4,"win_rate":0.0,"timestamp":1613387895,"path_taken":["M","M","M","?","?","E","R","E","T","R","M","M","R","M","R","BOSS","M","$","?","?","?","R","E"],"items_purchased_type":["Card","Relic"],"build_version":"2020-12-22","purchased_purges":1,"victory":false,"max_hp_per_floor":[70,70,70,70,70,70,70,70,70,70,70,70,70,70,70,70,70,70,77,77,77,77,77,77,77],"card_choices":[{"not_picked":["Blind","PanicButton"],"picked":"Trip","floor":0.0},{"not_picked":["PiercingWail","Poisoned Stab"],"picked":"Blade Dance","floor":1.0},{"not_picked":["Poisoned Stab","Blade Dance"],"picked":"Cloak And Dagger","floor":2.0},{"not_picked":["Concentrate","Prepared","Deadly Poison"],"picked":"SKIP","floor":3.0},{"not_picked":["Bane","Dagger Throw"],"picked":"Dagger Spray","floor":4.0},{"not_picked":["Deflect","Acrobatics","Venomology"],"picked":"SKIP","floor":5.0},{"not_picked":["Acrobatics","Dodge and Roll"],"picked":"Burst","floor":6.0},{"not_picked":["Flechettes","Slice"],"picked":"Noxious Fumes","floor":8.0},{"not_picked":["Dash","Quick Slash"],"picked":"PiercingWail","floor":11.0},{"not_picked":["Flying Knee","Concentrate","Bane"],"picked":"SKIP","floor":12.0},{"not_picked":["Flying Knee","Deadly Poison"],"picked":"Wraith Form v2","floor":14.0},{"not_picked":["Night Terror","Malaise"],"picked":"A Thousand Cuts","floor":16.0},{"not_picked":["Underhanded Strike","Bouncing Flask","Blade Dance"],"picked":"SKIP","floor":18.0}],"player_experience":367459,"relics_obtained":[{"floor":6.0,"key":"HornCleat"},{"floor":8.0,"key":"Regal Pillow"},{"floor":9.0,"key":"The Courier"}],"event_choices":[{"damage_healed":0.0,"max_hp_gain":0.0,"max_hp_loss":0.0,"gold_gain":0.0,"event_name":"Drug Dealer","player_choice":"Inject Mutagens","floor":21.0,"gold_loss":0.0,"damage_taken":0.0,"relics_obtained":["MutagenicStrength"]},{"damage_healed":0.0,"max_hp_gain":0.0,"max_hp_loss":0.0,"gold_gain":0.0,"event_name":"Addict","player_choice":"Obtained Relic","floor":22.0,"gold_loss":85.0,"damage_taken":0.0,"relics_obtained":["Prayer Wheel"]}],"is_beta":false,"boss_relics":[{"not_picked":["Philosopher\u0027s Stone","Busted Crown"],"picked":"Black Star"}],"items_purged_floors":[19],"is_endless":false,"potions_floor_spawned":[1,5,8,11,14],"killed_by":"Slavers","ascension_level":13}}