{"host":"uzp1tn8qxn9571p9","time":1613371404,"event":{"mods":["Aspiration","BaseMod","Bossed Relics","Colored Map","Colored Powertips","Curses Come First","Hermit","Marisa£®ÏF”Í°°ƒß¿Ì…≥£©","Mimic Mod","Minty Spire (QoL Compilation)","StSLib","The Hierophant","The Jungle","The Marked","The Runesmith"],"gold_per_floor":[118,43,53,53,68,93,77,94,124,142,152,152,172,184,184,184,184],"floor_reached":16,"language":"ZHS","playtime":938,"items_purged":["hierophant:Strike_Hierophant"],"score":106,"play_id":"9fc935e1-476c-49a6-b97f-2525bfde7d98","local_time":"20210215144324","is_ascension_mode":false,"campfire_choices":[{"floor":12,"key":"REST"},{"data":"hierophant:FlamingChariot","floor":15,"key":"SMITH"}],"circlet_count":0,"master_deck":["hierophant:Strike_Hierophant","hierophant:Strike_Hierophant","hierophant:Strike_Hierophant","hierophant:Punish","hierophant:Defend_Hierophant","hierophant:Defend_Hierophant","hierophant:Defend_Hierophant","hierophant:Defend_Hierophant","hierophant:ChurchCoffers","hierophant:Smite","hierophant:Sermon","Regret","hierophant:SealAway","hierophant:SolarFlare","hierophant:HammerAndAnvil","hierophant:Zeal","hierophant:FlamingChariot+1","hierophant:Smite","hierophant:HolyVerse","hierophant:HolyVerse","hierophant:Shelter"],"relics":["hierophant:PropheticMaskRelic","Darkstone Periapt","aspiration:HatOfInfinitePower","PreservedInsect","Odd Mushroom"],"acts_visited":["Exordium"],"potions_floor_usage":[11,16],"damage_taken":[{"damage":1.0,"enemies":"Cultist","floor":1.0,"turns":3.0},{"damage":0.0,"enemies":"2 Louse","floor":3.0,"turns":1.0},{"damage":10.0,"enemies":"Small Slimes","floor":5.0,"turns":2.0},{"damage":42.0,"enemies":"3 Sentries","floor":6.0,"turns":6.0},{"damage":4.0,"enemies":"Looter","floor":7.0,"turns":2.0},{"damage":5.0,"enemies":"Blue Slaver","floor":8.0,"turns":5.0},{"damage":14.0,"enemies":"Large Slime","floor":9.0,"turns":5.0},{"damage":2.0,"enemies":"Large Slime","floor":10.0,"turns":2.0},{"damage":7,"enemies":"Red Slaver","floor":11,"turns":2},{"damage":22,"enemies":"The Mushroom Lair","floor":13,"turns":4},{"damage":2,"enemies":"Lots of Slimes","floor":14,"turns":1},{"damage":8,"enemies":"The Guardian","floor":16,"turns":4}],"seed_played":"8327857142450365408","potions_obtained":[{"floor":1.0,"key":"Swift Potion"},{"floor":6.0,"key":"SmokeBomb"},{"floor":10.0,"key":"SneckoOil"},{"floor":11,"key":"EssenceOfSteel"},{"floor":13,"key":"LiquidMemories"}],"is_trial":false,"path_per_floor":["M","$","M","?","M","E","M","M","MIM","M","M","R","?","M","R","B"],"character_chosen":"HIEROPHANT","items_purchased":[],"campfire_rested":1,"item_purchase_floors":[],"current_hp_per_floor":[81,81,81,87,77,35,31,26,12,10,3,29,7,5,5,0,0],"gold":184,"neow_bonus":"TEN_PERCENT_HP_BONUS","is_daily":false,"chose_seed":false,"campfire_upgraded":1,"win_rate":0.0,"timestamp":1613371404,"path_taken":["M","$","M","?","M","E","M","M","MIM","?","M","R","?","M","R","BOSS"],"items_purchased_type":[],"build_version":"2020-12-22","purchased_purges":1,"victory":false,"max_hp_per_floor":[82,82,82,88,88,88,88,88,88,88,88,88,88,88,88,88,88],"card_choices":[{"not_picked":["hierophant:SolarFlare","hierophant:OrnateBuckler"],"picked":"hierophant:Smite","floor":1.0},{"not_picked":["hierophant:DisplayOfPower","hierophant:RecallFunds"],"picked":"hierophant:Sermon","floor":3.0},{"not_picked":["hierophant:Rebuild","hierophant:DivineIntervention"],"picked":"hierophant:SealAway","floor":5.0},{"not_picked":["hierophant:Zeal","hierophant:OrnateJavelin"],"picked":"hierophant:SolarFlare","floor":6.0},{"not_picked":["hierophant:DisplayOfPower","hierophant:MorningPrayer"],"picked":"hierophant:HammerAndAnvil","floor":7.0},{"not_picked":["hierophant:HammerAndAnvil","hierophant:Endure"],"picked":"hierophant:Zeal","floor":8.0},{"not_picked":["hierophant:Empathy","hierophant:Doomsaying"],"picked":"hierophant:FlamingChariot","floor":9.0},{"not_picked":["hierophant:PassingBell","hierophant:HammerAndAnvil"],"picked":"hierophant:Smite","floor":10.0},{"not_picked":["hierophant:Prophecy","hierophant:Encroach"],"picked":"hierophant:HolyVerse","floor":11},{"not_picked":["hierophant:HammerAndAnvil","hierophant:PassingBell"],"picked":"hierophant:HolyVerse","floor":13},{"not_picked":["hierophant:HammerAndAnvil","hierophant:RepressedViolence"],"picked":"hierophant:Shelter","floor":14}],"player_experience":423925,"relics_obtained":[{"floor":6.0,"key":"aspiration:HatOfInfinitePower"},{"floor":9.0,"key":"PreservedInsect"},{"floor":13,"key":"Odd Mushroom"}],"event_choices":[{"damage_healed":0.0,"max_hp_gain":0.0,"max_hp_loss":0.0,"gold_gain":0.0,"event_name":"Big Fish","player_choice":"Box","floor":4.0,"gold_loss":0.0,"damage_taken":0.0,"relics_obtained":["Darkstone Periapt"],"cards_obtained":["Regret"]},{"damage_healed":0,"gold_gain":0,"player_choice":"Fought Mushrooms","damage_taken":0,"max_hp_gain":0,"max_hp_loss":0,"event_name":"Mushrooms","floor":13,"gold_loss":0}],"is_beta":false,"boss_relics":[],"items_purged_floors":[2],"is_endless":false,"potions_floor_spawned":[1,6,10,11,13],"killed_by":"The Guardian","ascension_level":0}}