{"host":"l","time":1613379128,"event":{"mods":["AchievementEnabler","AlwaysNeverKeys","BaseMod","BetterRewards","Friendly Minions","Grow up Mod","Highlight Path","Minty Spire (QoL Compilation)","Permanent Neow"],"gold_per_floor":[114,133,106,106,120,120,139,155,180,180,194,212,212,233,233,334,334,348,348,366,366,147,176,176,196,247,257,283,283,309,326,326,429,429,444,444,444,444,456,482,494,527,550,581,581,615,615,631,631,631],"floor_reached":51,"language":"ZHS","playtime":5343,"items_purged":[],"score":1192,"play_id":"ccd019b8-e597-4818-9142-c93c32288957","local_time":"20210215165208","is_ascension_mode":false,"campfire_choices":[{"data":"MasterReality","floor":6.0,"key":"SMITH"},{"data":"Eruption","floor":10,"key":"SMITH"},{"data":"Adaptation","floor":13,"key":"SMITH"},{"data":"PathToVictory","floor":15,"key":"SMITH"},{"data":"BattleHymn","floor":24,"key":"SMITH"},{"data":"Ghostly","floor":32,"key":"SMITH"},{"data":"Vault","floor":45,"key":"SMITH"},{"data":"Ghostly","floor":47,"key":"SMITH"},{"data":"Weave","floor":49,"key":"SMITH"}],"circlet_count":0,"master_deck":["Strike_P+1","Strike_P","Strike_P","Strike_P","Defend_P","Defend_P","Defend_P+1","Defend_P+1","Eruption+1","Vigilance","Panacea","JustLucky","Nirvana","Vengeance+1","EmptyMind","LikeWater","Adaptation+1","MasterReality+1","Protect","ClearTheMind+1","Tantrum","Evaluate","EmptyBody","PathToVictory+1","Consecrate+1","ReachHeaven","FlurryOfBlows","FollowUp","LessonLearned","Weave+1","Ghostly","Ghostly+1","Ghostly+1","Ghostly+1","Ghostly+1","Prostrate+1","BattleHymn+1","JustLucky","FollowUp","MentalFortress","DeceiveReality+1","WaveOfTheHand+1","JustLucky+1","Meditate+1","Alpha","CutThroughFate+1","Impatience","Bandage Up","Violence","PathToVictory","InnerPeace+1","Protect+1","Vault+1","MentalFortress+1","LessonLearned","ThirdEye+1"],"relics":["PureWater","Membership Card","Mango","Happy Flower","Vajra","Pen Nib","Odd Mushroom","Coffee Dripper","Shuriken","Omamori","Anchor","Boot","Damaru","Letter Opener","Bag of Preparation","Busted Crown","Toy Ornithopter","War Paint","Dream Catcher","Centennial Puzzle","Nunchaku"],"acts_visited":["Exordium","TheCity","TheBeyond"],"potions_floor_usage":[25,30,31,33,33,41,41],"damage_taken":[{"damage":0.0,"enemies":"Cultist","floor":1.0,"turns":5.0},{"damage":2.0,"enemies":"Jaw Worm","floor":2.0,"turns":3.0},{"damage":0.0,"enemies":"2 Louse","floor":5.0,"turns":3.0},{"damage":4.0,"enemies":"Exordium Wildlife","floor":7.0,"turns":4.0},{"damage":21.0,"enemies":"Large Slime","floor":8.0,"turns":7.0},{"damage":0,"enemies":"Blue Slaver","floor":11,"turns":1},{"damage":0,"enemies":"Exordium Wildlife","floor":12,"turns":5},{"damage":9,"enemies":"The Mushroom Lair","floor":14,"turns":4},{"damage":4,"enemies":"Slime Boss","floor":16,"turns":5},{"damage":3,"enemies":"Spheric Guardian","floor":18,"turns":3},{"damage":0,"enemies":"3 Byrds","floor":20,"turns":4},{"damage":2,"enemies":"Slavers","floor":23,"turns":6},{"damage":0,"enemies":"Snake Plant","floor":25,"turns":3},{"damage":4,"enemies":"Sentry and Sphere","floor":27,"turns":4},{"damage":0,"enemies":"Gremlin Leader","floor":28,"turns":4},{"damage":2,"enemies":"Slavers","floor":30,"turns":3},{"damage":8,"enemies":"Snecko","floor":31,"turns":5},{"damage":15,"enemies":"Collector","floor":33,"turns":7},{"damage":7,"enemies":"3 Shapes","floor":35,"turns":3},{"damage":0,"enemies":"Orb Walker","floor":39,"turns":3},{"damage":2,"enemies":"Nemesis","floor":40,"turns":7},{"damage":1,"enemies":"Jaw Worm Horde","floor":41,"turns":3},{"damage":14,"enemies":"Giant Head","floor":42,"turns":4},{"damage":0,"enemies":"Nemesis","floor":44,"turns":3},{"damage":0,"enemies":"Giant Head","floor":46,"turns":6},{"damage":0,"enemies":"Transient","floor":48,"turns":5},{"damage":2,"enemies":"Donu and Deca","floor":50,"turns":7}],"seed_played":"-1236788537029813696","potions_obtained":[{"floor":5.0,"key":"Weak Potion"},{"floor":8.0,"key":"SpeedPotion"},{"floor":14,"key":"Block Potion"},{"floor":20,"key":"ColorlessPotion"},{"floor":23,"key":"ColorlessPotion"},{"floor":27,"key":"AttackPotion"},{"floor":30,"key":"Dexterity Potion"},{"floor":35,"key":"Weak Potion"},{"floor":39,"key":"SteroidPotion"},{"floor":40,"key":"DuplicationPotion"},{"floor":42,"key":"Regen Potion"}],"is_trial":false,"path_per_floor":["M","M","$","?","M","R","M","M","T","R","M","M","R","?","R","B",null,"M","?","M","?","$","E","R","M","T","M","E","?","E","M","R","B",null,"M","?","?","?","M","E","M","E","T","E","R","E","R","M","R","B",null],"character_chosen":"WATCHER","items_purchased":["Membership Card","JustLucky","Nirvana","Sanctity","Vengeance","Happy Flower","Vajra","LikeWater","Adaptation","MasterReality","Protect","Evaluate","Shuriken","Omamori","JustLucky"],"campfire_rested":0,"item_purchase_floors":[0,0,0,0,0,0,0,0,0,0,0,3,22,22,22],"current_hp_per_floor":[61,69,79,89,99,109,115,104,114,124,134,144,154,155,165,171,266,273,148,158,168,178,186,196,206,216,222,232,242,250,252,262,257,298,301,311,311,321,331,339,351,347,357,367,377,391,401,411,421,433],"gold":631,"neow_bonus":"","is_daily":false,"chose_seed":false,"campfire_upgraded":9,"win_rate":0.0,"timestamp":1613379128,"path_taken":["M","?","$","?","M","R","M","M","T","R","M","M","R","?","R","BOSS","M","?","M","?","$","E","R","M","T","M","E","?","E","M","R","BOSS","M","?","?","?","M","E","M","E","T","E","R","E","R","M","R","BOSS"],"items_purchased_type":["Relic","Card","Card","Card","Card","Relic","Relic","Card","Card","Card","Card","Card","Relic","Relic","Card"],"build_version":"2020-12-18","purchased_purges":0,"victory":true,"max_hp_per_floor":[106,116,126,136,146,156,166,176,186,196,206,216,226,236,246,256,266,276,148,158,168,178,188,198,208,218,228,238,248,258,268,278,288,298,308,318,328,322,332,342,352,362,372,382,392,402,412,422,432,442],"card_choices":[{"not_picked":["Consecrate","Nirvana"],"picked":"ClearTheMind","floor":1.0},{"not_picked":["Adaptation","Protect"],"picked":"Tantrum","floor":2.0},{"not_picked":["WheelKick","Sanctity"],"picked":"EmptyBody","floor":5.0},{"not_picked":["EmptyBody","ClearTheMind"],"picked":"PathToVictory","floor":7.0},{"not_picked":["ReachHeaven","EmptyMind"],"picked":"Consecrate","floor":8.0},{"not_picked":["Worship","ConjureBlade"],"picked":"ReachHeaven","floor":11},{"not_picked":["Prostrate","ClearTheMind"],"picked":"FlurryOfBlows","floor":12},{"not_picked":["Protect","Pray"],"picked":"FollowUp","floor":14},{"not_picked":["Judgement","DevaForm"],"picked":"LessonLearned","floor":16},{"not_picked":["ThirdEye+1","Adaptation"],"picked":"Weave","floor":18},{"not_picked":["ThirdEye","Consecrate"],"picked":"Prostrate+1","floor":20},{"not_picked":["Adaptation+1","Tantrum"],"picked":"FollowUp","floor":23},{"not_picked":["Crescendo","FollowUp"],"picked":"MentalFortress","floor":25},{"not_picked":["TalkToTheHand","BowlingBash"],"picked":"DeceiveReality+1","floor":27},{"not_picked":["Ragnarok","WheelKick"],"picked":"WaveOfTheHand+1","floor":28},{"not_picked":["Protect+1","Indignation+1"],"picked":"JustLucky+1","floor":30},{"not_picked":["JustLucky","Crescendo"],"picked":"Meditate+1","floor":31},{"not_picked":["Brilliance","Blasphemy"],"picked":"Alpha","floor":33},{"not_picked":[],"picked":"CutThroughFate+1","floor":35},{"not_picked":[],"picked":"Impatience","floor":37},{"not_picked":[],"picked":"Bandage Up","floor":37},{"not_picked":[],"picked":"Violence","floor":37},{"not_picked":[],"picked":"PathToVictory","floor":39},{"not_picked":[],"picked":"InnerPeace+1","floor":40},{"not_picked":[],"picked":"Protect+1","floor":41},{"not_picked":[],"picked":"Vault","floor":42},{"not_picked":[],"picked":"MentalFortress+1","floor":44},{"not_picked":[],"picked":"LessonLearned","floor":46},{"not_picked":[],"picked":"ThirdEye+1","floor":48}],"player_experience":116882,"relics_obtained":[{"floor":9.0,"key":"Pen Nib"},{"floor":14,"key":"Odd Mushroom"},{"floor":23,"key":"Anchor"},{"floor":26,"key":"Boot"},{"floor":28,"key":"Damaru"},{"floor":30,"key":"Bag of Preparation"},{"floor":40,"key":"Toy Ornithopter"},{"floor":42,"key":"War Paint"},{"floor":43,"key":"Dream Catcher"},{"floor":44,"key":"Centennial Puzzle"},{"floor":46,"key":"Nunchaku"}],"event_choices":[{"damage_healed":0.0,"max_hp_gain":0.0,"max_hp_loss":0.0,"gold_gain":0.0,"event_name":"Living Wall","player_choice":"Grow","floor":4.0,"gold_loss":0.0,"damage_taken":0.0,"cards_upgraded":["ClearTheMind"]},{"damage_healed":0,"gold_gain":0,"player_choice":"Fought Mushrooms","damage_taken":0,"max_hp_gain":0,"max_hp_loss":0,"event_name":"Mushrooms","floor":14,"gold_loss":0},{"damage_healed":0,"gold_gain":0,"player_choice":"Became a Ghost","damage_taken":0,"max_hp_gain":0,"max_hp_loss":138,"event_name":"Ghosts","floor":19,"gold_loss":0,"cards_obtained":["Ghostly","Ghostly","Ghostly","Ghostly","Ghostly"]},{"damage_healed":0,"gold_gain":0,"player_choice":"Read","damage_taken":0,"max_hp_gain":0,"max_hp_loss":0,"event_name":"The Library","floor":21,"gold_loss":0,"cards_obtained":["BattleHymn"]},{"damage_healed":0,"gold_gain":0,"player_choice":"Opened","damage_taken":0,"relics_obtained":["Letter Opener"],"max_hp_gain":0,"max_hp_loss":0,"event_name":"The Mausoleum","floor":29,"gold_loss":0,"cards_obtained":["Writhe"]},{"cards_removed":["Sanctity"],"damage_healed":0,"gold_gain":0,"player_choice":"Removed Skill","damage_taken":0,"max_hp_gain":0,"max_hp_loss":0,"event_name":"Falling","floor":36,"gold_loss":0},{"damage_healed":0,"gold_gain":0,"player_choice":"Memory 3","damage_taken":10,"max_hp_gain":0,"max_hp_loss":0,"event_name":"SensoryStone","floor":37,"gold_loss":0},{"damage_healed":0,"gold_gain":0,"player_choice":"Max HP","damage_taken":0,"max_hp_gain":0,"max_hp_loss":16,"event_name":"Winding Halls","floor":38,"gold_loss":0}],"is_beta":true,"boss_relics":[{"not_picked":["Runic Dome","Empty Cage"],"picked":"Coffee Dripper"},{"not_picked":["Tiny House","SacredBark"],"picked":"Busted Crown"}],"items_purged_floors":[],"is_endless":false,"potions_floor_spawned":[5,8,14,20,23,27,28,30,35,39,40,42],"ascension_level":0}}