{"host":"r081svdj6e9i7zze","time":1613359814,"event":{"mods":["AchievementEnabler","BaseMod","Colored Map","Minty Spire (QoL Compilation)","SuperFastMode"],"gold_per_floor":[118,18,32,32,107,107,118,145,145,145,145,145,43,43,43,145,145,163,78,78,177,187,187,187,187,187,201,216,216,216,216],"floor_reached":30,"language":"KOR","playtime":1154,"items_purged":["Strike_B"],"score":224,"play_id":"f71a25aa-29ed-4ac9-bb1d-77387649e999","local_time":"20210215123014","is_ascension_mode":false,"campfire_choices":[{"data":"Static Discharge","floor":6,"key":"SMITH"},{"data":"Capacitor","floor":10,"key":"SMITH"},{"data":"Zap","floor":12,"key":"SMITH"},{"data":"Go for the Eyes","floor":15,"key":"SMITH"},{"data":"Barrage","floor":23,"key":"SMITH"},{"data":"Fission","floor":29,"key":"SMITH"}],"circlet_count":0,"master_deck":["Strike_B+1","Strike_B+1","Defend_B+1","Defend_B+1","Defend_B+1","Defend_B+1","Zap+1","Dualcast","Static Discharge+1","Coolheaded","Loop","Conserve Battery","Scrape","Gash+1","Capacitor+1","Go for the Eyes+1","Amplify","Genetic Algorithm","Barrage+1","Compile Driver","Aggregate+1","Fission+1"],"relics":["Cracked Core","NeowsBlessing","Pear","Blood Vial","Bottled Lightning","Runic Pyramid","Shuriken","Happy Flower"],"acts_visited":["Exordium","TheCity"],"potions_floor_usage":[16,16],"damage_taken":[{"damage":0,"enemies":"2 Louse","floor":1,"turns":1},{"damage":0,"enemies":"Small Slimes","floor":3,"turns":1},{"damage":0,"enemies":"Jaw Worm","floor":7,"turns":1},{"damage":20,"enemies":"Lagavulin","floor":8,"turns":5},{"damage":9,"enemies":"Hexaghost","floor":16,"turns":7},{"damage":19,"enemies":"Spheric Guardian","floor":18,"turns":5},{"damage":4,"enemies":"Chosen","floor":22,"turns":5},{"damage":13,"enemies":"Snecko","floor":27,"turns":6},{"damage":30,"enemies":"Centurion and Healer","floor":28,"turns":4},{"damage":27,"enemies":"Gremlin Leader","floor":30,"turns":3}],"seed_played":"6248582050786386657","potions_obtained":[{"floor":1,"key":"PotionOfCapacity"},{"floor":8,"key":"LiquidMemories"},{"floor":22,"key":"PowerPotion"}],"is_trial":false,"path_per_floor":["M","$","M","?","?","R","M","E","T","R","?","R","$","T","R","B",null,"M","?","?","?","M","R","$","?","T","M","M","R","E"],"character_chosen":"DEFECT","items_purchased":["Coolheaded","Loop","Go for the Eyes"],"campfire_rested":0,"item_purchase_floors":[2,2,13],"current_hp_per_floor":[75,75,75,75,64,64,64,54,54,54,37,37,37,37,37,30,85,66,66,66,66,64,64,64,64,64,53,25,25,0,0],"gold":216,"neow_bonus":"THREE_ENEMY_KILL","is_daily":false,"chose_seed":false,"campfire_upgraded":6,"win_rate":0.0,"timestamp":1613359814,"path_taken":["M","$","M","?","?","R","M","E","T","R","?","R","?","?","R","BOSS","M","?","?","?","?","R","$","?","T","M","M","R","E"],"items_purchased_type":["Card","Card","Card"],"build_version":"2020-12-22","purchased_purges":1,"victory":false,"max_hp_per_floor":[75,75,75,75,75,75,75,85,85,85,85,85,85,85,85,85,85,85,85,85,85,85,85,85,85,85,85,85,85,85,85],"card_choices":[{"not_picked":["Glacier","Force Field"],"picked":"Static Discharge","floor":1},{"not_picked":["Streamline","Stack"],"picked":"Conserve Battery","floor":3},{"not_picked":["Steam","Sweeping Beam"],"picked":"Gash","floor":7},{"not_picked":["All For One","Tempest"],"picked":"Capacitor","floor":8},{"not_picked":["Reboot","Buffer"],"picked":"Amplify","floor":16},{"not_picked":["Steam","Sweeping Beam"],"picked":"Genetic Algorithm","floor":18},{"not_picked":["Beam Cell","Barrage"],"picked":"Compile Driver","floor":22},{"not_picked":["Defragment+1","Gash"],"picked":"Aggregate+1","floor":27},{"not_picked":["Beam Cell","Hologram"],"picked":"Fission","floor":28}],"player_experience":38338,"relics_obtained":[{"floor":8,"key":"Pear"},{"floor":9,"key":"Blood Vial"},{"floor":14,"key":"Bottled Lightning"},{"floor":26,"key":"Happy Flower"}],"event_choices":[{"damage_healed":0,"gold_gain":0,"cards_transformed":["Strike_B"],"player_choice":"Change","damage_taken":0,"max_hp_gain":0,"max_hp_loss":0,"event_name":"Living Wall","floor":4,"gold_loss":0,"cards_obtained":["Scrape"]},{"damage_healed":0,"gold_gain":75,"player_choice":"Gather Gold","damage_taken":11,"max_hp_gain":0,"max_hp_loss":0,"event_name":"World of Goop","floor":5,"gold_loss":0},{"damage_healed":0,"gold_gain":0,"player_choice":"Entered Light","damage_taken":17,"max_hp_gain":0,"max_hp_loss":0,"event_name":"Shining Light","floor":11,"gold_loss":0,"cards_upgraded":["Gash","Defend_B"]},{"damage_healed":0,"gold_gain":0,"player_choice":"Obtained Relic","damage_taken":0,"relics_obtained":["Shuriken"],"max_hp_gain":0,"max_hp_loss":0,"event_name":"Addict","floor":19,"gold_loss":85},{"damage_healed":0,"gold_gain":0,"player_choice":"Read","damage_taken":0,"max_hp_gain":0,"max_hp_loss":0,"event_name":"The Library","floor":20,"gold_loss":0,"cards_obtained":["Barrage"]},{"damage_healed":0,"gold_gain":99,"player_choice":"Stole From Cult","damage_taken":0,"max_hp_gain":0,"max_hp_loss":0,"event_name":"Nest","floor":21,"gold_loss":0},{"damage_healed":0,"gold_gain":0,"player_choice":"Simplicity","damage_taken":0,"max_hp_gain":0,"max_hp_loss":0,"event_name":"Back to Basics","floor":25,"gold_loss":0,"cards_upgraded":["Strike_B","Strike_B","Defend_B","Defend_B","Defend_B"]}],"is_beta":false,"boss_relics":[{"not_picked":["Cursed Key","Nuclear Battery"],"picked":"Runic Pyramid"}],"items_purged_floors":[13],"is_endless":false,"potions_floor_spawned":[1,8,22],"killed_by":"Gremlin Leader","ascension_level":0}}