{"host":"s509oin3ptw7n5v1","time":1613360487,"event":{"mods":["2.2 Compatiblity","AchievementEnabler","BaseMod","Colored Map","Colored Powertips","Highlight Path","Minty Spire (QoL Compilation)","Rare Cards Sparkle","Relic Stats","Spicy Shops","StSLib"],"gold_per_floor":[114,40,51,64,80,80,109,109,136,136,311,344,358,358,358,430,430,443,456,456,456],"floor_reached":20,"language":"ENG","playtime":2984,"items_purged":[],"score":304,"play_id":"e6e052c8-25b0-477d-8844-11747bd54be4","local_time":"20210214224127","is_ascension_mode":true,"campfire_choices":[{"floor":6.0,"key":"REST"},{"floor":8.0,"key":"REST"},{"data":"Creative AI","floor":10.0,"key":"SMITH"},{"data":"Echo Form","floor":15.0,"key":"SMITH"}],"circlet_count":0,"master_deck":["AscendersBane","Strike_B","Strike_B","Strike_B","Strike_B","Defend_B","Defend_B","Defend_B","Defend_B","Zap","Dualcast","Clumsy","Darkness","Defragment","Conserve Battery","Cold Snap","Echo Form+1","Creative AI+1","Doubt","Steam","Auto Shields","Parasite","Amplify","Leap","Hologram"],"relics":["Cracked Core","Du-Vu Doll","Bag of Marbles","Boot","Smiling Mask","Sozu"],"acts_visited":["Exordium","TheCity"],"potions_floor_usage":[],"damage_taken":[{"damage":1.0,"enemies":"Cultist","floor":1.0,"turns":3.0},{"damage":2.0,"enemies":"2 Louse","floor":3.0,"turns":3.0},{"damage":9.0,"enemies":"Jaw Worm","floor":4.0,"turns":4.0},{"damage":14.0,"enemies":"Looter","floor":5.0,"turns":3.0},{"damage":27.0,"enemies":"Gremlin Nob","floor":7.0,"turns":5.0},{"damage":29.0,"enemies":"3 Sentries","floor":12.0,"turns":8.0},{"damage":3.0,"enemies":"Blue Slaver","floor":13.0,"turns":2.0},{"damage":6.0,"enemies":"Hexaghost","floor":16.0,"turns":10.0},{"damage":42.0,"enemies":"2 Thieves","floor":18.0,"turns":4.0},{"damage":22,"enemies":"Chosen","floor":19,"turns":7},{"damage":4,"enemies":"3 Cultists","floor":20,"turns":2}],"seed_played":"-2380628678791621767","potions_obtained":[{"floor":1.0,"key":"ColorlessPotion"},{"floor":12.0,"key":"AttackPotion"},{"floor":13.0,"key":"Weak Potion"},{"floor":16.0,"key":"PotionOfCapacity"}],"is_trial":false,"path_per_floor":["M","$","M","M","M","R","E","R","T","R","?","E","M","?","R","B",null,"M","M","M"],"character_chosen":"DEFECT","items_purchased":["Defragment"],"campfire_rested":2,"item_purchase_floors":[2],"current_hp_per_floor":[67,67,65,56,42,64,37,59,59,59,59,30,27,45,45,39,66,24,2,0,0],"gold":456,"neow_bonus":"ONE_RARE_RELIC","is_daily":false,"chose_seed":false,"campfire_upgraded":2,"win_rate":0.0,"timestamp":1613360487,"path_taken":["M","$","?","M","M","R","E","R","T","R","?","E","M","?","R","BOSS","M","M","M"],"items_purchased_type":["Card"],"build_version":"2020-12-22","purchased_purges":0,"victory":false,"max_hp_per_floor":[75,75,75,75,75,75,75,75,75,75,75,75,75,75,75,75,75,75,75,75,75],"relic_stats":{"Sozu":1,"counters":[11,51],"Boot":[0],"Smiling Mask":0,"obtain_stats":[{"Du-Vu Doll":0,"Sozu":17,"Bag of Marbles":7,"Cracked Core":0,"Boot":9,"Smiling Mask":12},{"Du-Vu Doll":0,"Sozu":8,"Bag of Marbles":5,"Cracked Core":0,"Boot":5,"Smiling Mask":6},{"Du-Vu Doll":0,"Sozu":38,"Bag of Marbles":18,"Cracked Core":0,"Boot":18,"Smiling Mask":26}]},"card_choices":[{"not_picked":["Rip and Tear","Capacitor"],"picked":"Darkness","floor":1.0},{"not_picked":["Stack","Turbo"],"picked":"Conserve Battery","floor":3.0},{"not_picked":["Ball Lightning","Redo"],"picked":"Cold Snap","floor":4.0},{"not_picked":["Stack","Force Field"],"picked":"Echo Form","floor":5.0},{"not_picked":["Redo","Seek"],"picked":"Creative AI","floor":7.0},{"not_picked":["Stack","Cold Snap"],"picked":"Steam","floor":12.0},{"not_picked":["Redo","Conserve Battery"],"picked":"Auto Shields","floor":13.0},{"not_picked":["Core Surge","Thunder Strike"],"picked":"Amplify","floor":16.0},{"not_picked":["Reprogram","Steam"],"picked":"Leap","floor":18.0},{"not_picked":["Static Discharge","Chill"],"picked":"Hologram","floor":19}],"player_experience":1184048,"relics_obtained":[{"floor":7.0,"key":"Bag of Marbles"},{"floor":9.0,"key":"Boot"},{"floor":12.0,"key":"Smiling Mask"}],"event_choices":[{"damage_healed":0.0,"max_hp_gain":0.0,"max_hp_loss":0.0,"gold_gain":175.0,"event_name":"Liars Game","player_choice":"AGREE","floor":11.0,"gold_loss":0.0,"damage_taken":0.0,"cards_obtained":["Doubt"]},{"damage_healed":18.0,"max_hp_gain":0.0,"max_hp_loss":0.0,"gold_gain":0.0,"event_name":"Mushrooms","player_choice":"Healed and dodged fight","floor":14.0,"gold_loss":0.0,"damage_taken":0.0,"cards_obtained":["Parasite"]}],"is_beta":false,"boss_relics":[{"not_picked":["Runic Dome","FrozenCore"],"picked":"Sozu"}],"items_purged_floors":[],"is_endless":false,"potions_floor_spawned":[1,12,13,16,19],"killed_by":"3 Cultists","ascension_level":13}}