{"host":"fdip6nj211smoxvi","time":1613411925,"event":{"mods":["BaseMod","BetterRewards","Colored Map","Downfall","Hermit","Minty Spire (QoL Compilation)","Shop Mod","StSLib","The Hierophant","The Servant 0.9.4"],"gold_per_floor":[119,134,63,63,83,83,95,114,160,176,20,45,45,63,63,168,168,186,111,130,130,145,145,145,145],"floor_reached":24,"language":"DEU","playtime":1750,"items_purged":["Strike_G"],"score":240,"play_id":"d0b02071-8fc0-4d7e-b685-fb7c60c08780","local_time":"20210215185845","is_ascension_mode":true,"campfire_choices":[{"floor":6.0,"key":"REST"},{"floor":13,"key":"REST"},{"floor":15,"key":"REST"},{"floor":23,"key":"REST"}],"circlet_count":0,"master_deck":["Strike_G","Strike_G","Strike_G","Defend_G","Defend_G","Defend_G","Defend_G","Survivor","Neutralize","Deadly Poison","Poisoned Stab","Crippling Poison","Sucker Punch","Bane","PiercingWail","Catalyst","Deflect","Bullet Time","Envenom","Bouncing Flask","Poisoned Stab+1","PiercingWail"],"relics":["Fusion Hammer","MealTicket","Ornamental Fan","HoveringKite"],"acts_visited":["Exordium","TheCity"],"potions_floor_usage":[16,16],"damage_taken":[{"damage":0.0,"enemies":"Cultist","floor":1.0,"turns":4.0},{"damage":0.0,"enemies":"2 Louse","floor":2.0,"turns":3.0},{"damage":4.0,"enemies":"Jaw Worm","floor":5.0,"turns":3.0},{"damage":12.0,"enemies":"Lots of Slimes","floor":7.0,"turns":4.0},{"damage":6.0,"enemies":"2 Fungi Beasts","floor":8.0,"turns":3.0},{"damage":0.0,"enemies":"Exordium Wildlife","floor":10.0,"turns":2.0},{"damage":20.0,"enemies":"Lagavulin","floor":12.0,"turns":6.0},{"damage":12,"enemies":"Gremlin Gang","floor":14,"turns":4},{"damage":25,"enemies":"The Guardian","floor":16,"turns":8},{"damage":21,"enemies":"Shell Parasite","floor":18,"turns":6},{"damage":34,"enemies":"3 Byrds","floor":20,"turns":7},{"damage":22,"enemies":"Snake Plant","floor":22,"turns":4},{"damage":34,"enemies":"3 Cultists","floor":24,"turns":6}],"seed_played":"-3840375655444063050","potions_obtained":[{"floor":2.0,"key":"Strength Potion"},{"floor":5.0,"key":"SneckoOil"},{"floor":10.0,"key":"Strength Potion"},{"floor":18,"key":"LiquidMemories"}],"is_trial":false,"path_per_floor":["M","M","$","?","M","R","M","M","T","M","$","E","R","M","R","B",null,"M","$","M","?","M","R","M"],"character_chosen":"THE_SILENT","items_purchased":["Crippling Poison","Bullet Time"],"campfire_rested":4,"item_purchase_floors":[3,11],"current_hp_per_floor":[70,70,70,70,66,70,58,52,52,52,67,47,68,56,70,45,70,49,64,30,30,8,29,0,0],"gold":145,"neow_bonus":"BOSS_RELIC","is_daily":false,"chose_seed":false,"campfire_upgraded":0,"win_rate":0.0,"timestamp":1613411925,"path_taken":["M","?","$","?","M","R","M","M","T","M","?","E","R","M","R","BOSS","M","$","M","?","?","R","M"],"items_purchased_type":["Card","Card"],"build_version":"2020-12-22","purchased_purges":1,"victory":false,"max_hp_per_floor":[70,70,70,70,70,70,70,70,70,70,70,70,70,70,70,70,70,70,70,70,70,70,70,70,70],"card_choices":[{"not_picked":["Dagger Spray","Outmaneuver"],"picked":"Deadly Poison","floor":1.0},{"not_picked":["Deflect","Underhanded Strike"],"picked":"Poisoned Stab","floor":2.0},{"not_picked":["All Out Attack","Quick Slash"],"picked":"Bane","floor":5.0},{"not_picked":["Eviscerate","Bane"],"picked":"PiercingWail","floor":7.0},{"not_picked":["Infinite Blades","Masterful Stab"],"picked":"Catalyst","floor":8.0},{"not_picked":["Quick Slash","Heel Hook"],"picked":"Deflect","floor":10.0},{"not_picked":["Tools of the Trade","Underhanded Strike","Expertise"],"picked":"SKIP","floor":12},{"not_picked":["Dash","Accuracy","Distraction"],"picked":"SKIP","floor":14},{"not_picked":["Malaise","Doppelganger"],"picked":"Envenom","floor":16},{"not_picked":["Bane","Dodge and Roll+1"],"picked":"Bouncing Flask","floor":18},{"not_picked":["Caltrops","Leg Sweep"],"picked":"Poisoned Stab+1","floor":20},{"not_picked":["Bane","Outmaneuver+1"],"picked":"PiercingWail","floor":22}],"player_experience":268841,"relics_obtained":[{"floor":9.0,"key":"MealTicket"},{"floor":12,"key":"Ornamental Fan"}],"event_choices":[{"damage_healed":0.0,"max_hp_gain":0.0,"max_hp_loss":0.0,"gold_gain":0.0,"cards_transformed":["Strike_G"],"event_name":"Transmorgrifier","player_choice":"Transformed","floor":4.0,"gold_loss":0.0,"damage_taken":0.0,"cards_obtained":["Sucker Punch"]},{"cards_removed":["Defend_G"],"damage_healed":0,"gold_gain":0,"player_choice":"Purged","damage_taken":0,"max_hp_gain":0,"max_hp_loss":0,"event_name":"Purifier","floor":21,"gold_loss":0}],"is_beta":false,"boss_relics":[{"not_picked":["Pandora\u0027s Box","Cursed Key"],"picked":"HoveringKite"}],"items_purged_floors":[19],"is_endless":false,"potions_floor_spawned":[2,5,10,18],"killed_by":"3 Cultists","ascension_level":4}}