{"host":"Tonhão","time":1613372193,"event":{"mods":["Aspiration","BaseMod","Better Third Choice","Conspire","Downfall","Friendly Minions","Halation","Hermit","Highlight Path","Hubris","Infinite Spire","Jedi Mod","Minty Spire (QoL Compilation)","Relic Sorter","Reliquary","Replay The Spire","Spicy Shops","StSLib","The Animator","The Construct","The Cursed","The Jester","The Senshi","The Servant 0.9.4"],"gold_per_floor":[113,1,11,30,30,56,56,56,83,96,96,96,96],"floor_reached":12,"language":"ENG","playtime":413,"items_purged":[],"score":88,"play_id":"03c82acb-7c5c-4d8b-9a68-9343eaaaeb4b","local_time":"20210215035633","is_ascension_mode":false,"campfire_choices":[],"circlet_count":0,"master_deck":["Strike_S","Strike_S","Strike_S","Strike_S","Defend_S","Defend_S","Defend_S","Defend_S","KidneyShot","Exchange","Rearm","BottledTime","DoubleEdge","Spin","DoubleEdge","Solidify","Ricochet"],"relics":["Uniform","NeowsBlessing","reliquary:IridiumChain","PreservedInsect","hubris:MysteriousPyramids"],"acts_visited":["Exordium"],"potions_floor_usage":[9,10],"damage_taken":[{"damage":0,"enemies":"Small Slimes","floor":1,"turns":1},{"damage":0,"enemies":"Cultist","floor":3,"turns":1},{"damage":0,"enemies":"Jaw Worm","floor":4,"turns":1},{"damage":35,"enemies":"Lagavulin","floor":6,"turns":6},{"damage":21,"enemies":"Gremlin Nob","floor":9,"turns":3},{"damage":7,"enemies":"Looter","floor":10,"turns":2},{"damage":7,"enemies":"Lagavulin","floor":12,"turns":2}],"seed_played":"727802366120613686","potions_obtained":[{"floor":4,"key":"Elixir"},{"floor":6,"key":"AttackPotion"},{"floor":9,"key":"champ:CounterPotion"}],"is_trial":false,"path_per_floor":["M","$","M","M","?","E","PTL","PTL","E","M","T","E"],"character_chosen":"THE_SERVANT","items_purchased":["BottledTime"],"campfire_rested":0,"item_purchase_floors":[2],"current_hp_per_floor":[65,65,65,65,65,30,30,30,9,2,2,0,0],"gold":96,"neow_bonus":"THREE_ENEMY_KILL","is_daily":false,"chose_seed":false,"campfire_upgraded":0,"win_rate":0.0,"timestamp":1613372193,"path_taken":["M","$","M","M","?","E","PTL","PTL","E","M","T","E"],"items_purchased_type":["Card"],"build_version":"2020-11-17","purchased_purges":0,"victory":false,"max_hp_per_floor":[65,65,65,65,65,65,65,65,65,65,65,65,65],"card_choices":[{"not_picked":["FanOfKnives","Reset"],"picked":"Rearm","floor":1},{"not_picked":["SpecialFormula","Ricochet"],"picked":"DoubleEdge","floor":3},{"not_picked":["Barrier","Alleviate"],"picked":"Spin","floor":4},{"not_picked":["Rearm","RealityMarble"],"picked":"Ricochet","floor":6},{"not_picked":["PendulumOfEternity","Collapse","WasteNot"],"picked":"SKIP","floor":9},{"not_picked":["StarChef","Revamp","Foresight"],"picked":"SKIP","floor":10}],"player_experience":157273,"relics_obtained":[{"floor":6,"key":"reliquary:IridiumChain"},{"floor":9,"key":"PreservedInsect"},{"floor":11,"key":"hubris:MysteriousPyramids"}],"event_choices":[{"damage_healed":0,"gold_gain":0,"player_choice":"2 cards matched","damage_taken":0,"max_hp_gain":0,"max_hp_loss":0,"event_name":"Match and Keep!","floor":5,"gold_loss":0,"cards_obtained":["DoubleEdge","Solidify"]}],"is_beta":true,"boss_relics":[],"items_purged_floors":[],"is_endless":false,"potions_floor_spawned":[4,6,9],"killed_by":"Lagavulin","ascension_level":0}}