{"host":"5agrj1fd4s00r127","time":1613382147,"event":{"mods":["BaseMod","Hermit","Minty Spire (QoL Compilation)","StSLib"],"gold_per_floor":[117,128,128,80,80,114,114,130,130,130,130,163,181,200,200,299,299,316,336,435,435,350,376,376,376,454,473,79,90,106,140,140,245,295,310,323,342,354,372,397,397,429,500,526,0,0,0,49,49,49,49],"floor_reached":50,"language":"RUS","playtime":2329,"items_purged":["Regret","Strike_B"],"score":730,"play_id":"8ee18baa-c077-45d1-9fd7-e168b3bec58b","local_time":"20210215114227","is_ascension_mode":false,"campfire_choices":[{"floor":7,"key":"REST"},{"floor":11,"key":"REST"},{"data":"Buffer","floor":15,"key":"SMITH"},{"data":"Dualcast","floor":24,"key":"SMITH"},{"data":"Creative AI","floor":32,"key":"SMITH"},{"floor":41,"key":"REST"},{"data":"Thunder Strike","floor":46,"key":"SMITH"},{"floor":49,"key":"REST"}],"circlet_count":0,"master_deck":["Strike_B","Strike_B","Strike_B+1","Defend_B","Defend_B","Defend_B","Zap+1","Dualcast+1","Heatsinks","Ball Lightning","Redo","Cold Snap","Tempest","Self Repair","Redo","Buffer+1","Thunder Strike+1","Ball Lightning+1","Capacitor","Biased Cognition","Glacier+1","Creative AI+1","Panache","Force Field+1","Loop","Electrodynamics","Defragment","Lockon+1","Apotheosis","Defragment+1"],"relics":["Cracked Core","NeowsBlessing","HornCleat","Mercury Hourglass","Anchor","PreservedInsect","Happy Flower","SlaversCollar","Question Card","Dream Catcher","NlothsMask","Molten Egg 2","Tiny House","CaptainsWheel","Lantern","Meat on the Bone","Sundial","Bottled Tornado","Bird Faced Urn"],"acts_visited":["Exordium","TheCity","TheBeyond"],"potions_floor_usage":[8,16,19,31,33,33,33,36,40,40,48,48],"damage_taken":[{"damage":0,"enemies":"Jaw Worm","floor":1,"turns":1},{"damage":0,"enemies":"Small Slimes","floor":2,"turns":1},{"damage":0,"enemies":"Lagavulin","floor":6,"turns":1},{"damage":2,"enemies":"2 Louse","floor":8,"turns":2},{"damage":1,"enemies":"3 Sentries","floor":12,"turns":4},{"damage":0,"enemies":"Exordium Wildlife","floor":13,"turns":2},{"damage":4,"enemies":"3 Louse","floor":14,"turns":2},{"damage":13,"enemies":"Slime Boss","floor":16,"turns":7},{"damage":3,"enemies":"Chosen","floor":18,"turns":4},{"damage":7,"enemies":"Shell Parasite","floor":19,"turns":4},{"damage":12,"enemies":"Gremlin Leader","floor":23,"turns":4},{"damage":13,"enemies":"Shelled Parasite and Fungi","floor":27,"turns":4},{"damage":14,"enemies":"Sentry and Sphere","floor":29,"turns":5},{"damage":1,"enemies":"Snecko","floor":30,"turns":3},{"damage":0,"enemies":"Slavers","floor":31,"turns":4},{"damage":18,"enemies":"Automaton","floor":33,"turns":8},{"damage":5,"enemies":"Orb Walker","floor":35,"turns":3},{"damage":19,"enemies":"3 Darklings","floor":36,"turns":3},{"damage":5,"enemies":"Spire Growth","floor":37,"turns":7},{"damage":17,"enemies":"Transient","floor":38,"turns":5},{"damage":5,"enemies":"4 Shapes","floor":39,"turns":3},{"damage":0,"enemies":"Giant Head","floor":40,"turns":8},{"damage":9,"enemies":"Reptomancer","floor":42,"turns":4},{"damage":36,"enemies":"Giant Head","floor":44,"turns":9},{"damage":38,"enemies":"2 Orb Walkers","floor":48,"turns":6},{"damage":103,"enemies":"Awakened One","floor":50,"turns":11}],"seed_played":"5114621371714417998","potions_obtained":[{"floor":1,"key":"Swift Potion"},{"floor":2,"key":"Energy Potion"},{"floor":6,"key":"Fruit Juice"},{"floor":14,"key":"Block Potion"},{"floor":16,"key":"FearPotion"},{"floor":29,"key":"CultistPotion"},{"floor":31,"key":"PowerPotion"},{"floor":34,"key":"SteroidPotion"},{"floor":35,"key":"Fruit Juice"},{"floor":36,"key":"SpeedPotion"},{"floor":39,"key":"DuplicationPotion"},{"floor":44,"key":"Strength Potion"}],"is_trial":false,"path_per_floor":["M","M","?","$","?","E","R","M","T","?","R","E","M","M","R","B",null,"M","M","?","?","?","E","R","?","T","M","$","M","M","E","R","B",null,"M","M","M","M","M","E","R","E","T","E","$","R","?","?","R","B"],"character_chosen":"DEFECT","items_purchased":["Redo","Creative AI","Panache","Bottled Tornado","Apotheosis"],"campfire_rested":4,"item_purchase_floors":[4,28,28,45,45],"current_hp_per_floor":[75,75,75,75,23,23,45,48,48,48,72,71,71,67,67,61,80,80,80,80,80,80,68,68,68,68,62,62,55,61,61,61,50,85,80,73,75,58,60,60,87,78,78,61,61,61,61,42,69,0,0],"gold":49,"neow_bonus":"THREE_ENEMY_KILL","is_daily":false,"chose_seed":false,"campfire_upgraded":4,"win_rate":0.0,"timestamp":1613382147,"path_taken":["M","M","?","$","?","E","R","M","T","?","R","E","M","M","R","BOSS","M","M","?","?","?","E","R","?","T","M","$","?","M","E","R","BOSS","M","M","?","M","M","E","R","E","T","E","$","R","?","?","R","BOSS"],"items_purchased_type":["Card","Card","Card","Relic","Card"],"build_version":"2020-12-22","purchased_purges":2,"victory":false,"max_hp_per_floor":[75,75,75,75,75,75,75,80,80,80,80,80,80,80,80,80,80,80,80,80,80,80,80,80,80,80,80,80,80,80,80,80,80,85,85,90,90,90,90,90,90,90,90,90,90,90,90,90,90,90,90],"card_choices":[{"not_picked":["Fusion","Melter"],"picked":"Heatsinks","floor":1},{"not_picked":["Stack","Redo"],"picked":"Ball Lightning","floor":2},{"not_picked":["Steam","Barrage"],"picked":"Cold Snap","floor":6},{"not_picked":["Sweeping Beam","Capacitor"],"picked":"Tempest","floor":8},{"not_picked":["Conserve Battery","Hologram"],"picked":"Self Repair","floor":12},{"not_picked":["Stack","Go for the Eyes"],"picked":"Redo","floor":13},{"not_picked":["Compile Driver","Steam Power"],"picked":"Buffer","floor":14},{"not_picked":["Machine Learning","Multi-Cast"],"picked":"Thunder Strike","floor":16},{"not_picked":["Coolheaded+1","Hologram"],"picked":"Ball Lightning+1","floor":18},{"not_picked":["White Noise","Ball Lightning"],"picked":"Capacitor","floor":19},{"not_picked":["Beam Cell","White Noise","Go for the Eyes"],"picked":"Glacier+1","floor":23},{"not_picked":["Compile Driver","Double Energy+1","Barrage","Reinforced Body"],"picked":"SKIP","floor":27},{"not_picked":["Fusion+1","Gash+1","Blizzard"],"picked":"Force Field+1","floor":29},{"not_picked":["Go for the Eyes","Barrage","Capacitor"],"picked":"Loop","floor":30},{"not_picked":["Stack+1","Auto Shields","Coolheaded+1","Seek"],"picked":"SKIP","floor":31},{"not_picked":["Amplify","Creative AI","Biased Cognition"],"picked":"Electrodynamics","floor":33},{"not_picked":["Compile Driver+1","Barrage+1","Ball Lightning+1","Streamline+1"],"picked":"SKIP","floor":35},{"not_picked":["Conserve Battery","Doom and Gloom+1","Stack+1"],"picked":"Defragment","floor":36},{"not_picked":["Loop","Cold Snap+1","Ball Lightning+1","Darkness+1"],"picked":"SKIP","floor":37},{"not_picked":["Hologram","Stack+1","Double Energy","Melter+1"],"picked":"SKIP","floor":38},{"not_picked":["Chaos","Doom and Gloom+1","Leap","Gash+1"],"picked":"SKIP","floor":39},{"not_picked":["Multi-Cast","Barrage+1","Leap","Double Energy+1"],"picked":"SKIP","floor":40},{"not_picked":["Loop","Gash+1","Coolheaded","Steam+1"],"picked":"SKIP","floor":42},{"not_picked":["Stack+1","Leap+1","All For One+1"],"picked":"Lockon+1","floor":44},{"not_picked":["Go for the Eyes+1","Leap+1","Fusion"],"picked":"Defragment+1","floor":48}],"player_experience":2482,"relics_obtained":[{"floor":6,"key":"Mercury Hourglass"},{"floor":9,"key":"Anchor"},{"floor":12,"key":"Happy Flower"},{"floor":23,"key":"Dream Catcher"},{"floor":31,"key":"Molten Egg 2"},{"floor":40,"key":"CaptainsWheel"},{"floor":42,"key":"Lantern"},{"floor":43,"key":"Meat on the Bone"},{"floor":44,"key":"Sundial"},{"floor":48,"key":"Bird Faced Urn"}],"event_choices":[{"damage_healed":0,"gold_gain":0,"player_choice":"Grow","damage_taken":0,"max_hp_gain":0,"max_hp_loss":0,"event_name":"Living Wall","floor":3,"gold_loss":0,"cards_upgraded":["Zap"]},{"damage_healed":0,"gold_gain":0,"player_choice":"Success","damage_taken":52,"relics_obtained":["HornCleat"],"max_hp_gain":0,"max_hp_loss":0,"event_name":"Scrap Ooze","floor":5,"gold_loss":0},{"damage_healed":0,"gold_gain":0,"player_choice":"Box","damage_taken":0,"relics_obtained":["PreservedInsect"],"max_hp_gain":0,"max_hp_loss":0,"event_name":"Big Fish","floor":10,"gold_loss":0,"cards_obtained":["Regret"]},{"damage_healed":0,"gold_gain":99,"player_choice":"Stole From Cult","damage_taken":0,"max_hp_gain":0,"max_hp_loss":0,"event_name":"Nest","floor":20,"gold_loss":0},{"damage_healed":0,"gold_gain":0,"player_choice":"Read","damage_taken":0,"max_hp_gain":0,"max_hp_loss":0,"event_name":"The Library","floor":21,"gold_loss":0,"cards_obtained":["Biased Cognition"]},{"damage_healed":0,"gold_gain":0,"player_choice":"Obtained Relic","damage_taken":0,"relics_obtained":["Question Card"],"max_hp_gain":0,"max_hp_loss":0,"event_name":"Addict","floor":22,"gold_loss":85},{"damage_healed":0,"gold_gain":0,"player_choice":"Trade","damage_taken":0,"relics_obtained":["NlothsMask"],"max_hp_gain":0,"max_hp_loss":0,"event_name":"FaceTrader","floor":25,"gold_loss":0},{"cards_removed":["Defend_B"],"damage_healed":0,"gold_gain":0,"player_choice":"Removed Skill","damage_taken":0,"max_hp_gain":0,"max_hp_loss":0,"event_name":"Falling","floor":47,"gold_loss":0},{"damage_healed":0,"gold_gain":0,"player_choice":"Fight","damage_taken":0,"max_hp_gain":0,"max_hp_loss":0,"event_name":"Mysterious Sphere","floor":48,"gold_loss":0}],"is_beta":false,"boss_relics":[{"not_picked":["Runic Pyramid","Fusion Hammer"],"picked":"SlaversCollar"},{"not_picked":["Runic Dome","Cursed Key"],"picked":"Tiny House"}],"items_purged_floors":[28,45],"is_endless":false,"potions_floor_spawned":[1,2,6,14,16,29,31,35,36,39,44],"killed_by":"Awakened One","ascension_level":0}}