{"host":"za1qviwhp34x909e","time":1613366688,"event":{"mods":["Act Like it!","BaseMod","Colored Map","Colored Powertips","Downfall","Highlight Path","Hubris","Marisa????????","Minty Spire (QoL Compilation)","Quick Restart","Replay The Spire","StSLib","The Disciple","The Servant 0.9.4"],"gold_per_floor":[118,132,142,68,101,147,147,147,198,239,252,312,43,95,95,215,215,260,210,35,35,46,100,100,125,125,125,139,139,139,139,139,259,259,278,328,328,338,363,422,53,53,106,106,142,142,142,188,188,188,188,188,38,67,67],"floor_reached":56,"language":"ENG","playtime":4159,"items_purged":["Strike_MRS","Strike_MRS","DoubleSpark","MeteoricShower+1"],"score":1277,"play_id":"2f71b360-2524-4a63-a101-ecaeb5bf1cd2","local_time":"20210214232448","is_ascension_mode":true,"campfire_choices":[{"data":"WitchOfGreed","floor":8,"key":"SMITH"},{"data":"OrrerysSun","floor":15,"key":"SMITH"},{"data":"EnergyFlow","floor":24,"key":"SMITH"},{"data":"Pot Of Greed","floor":27,"key":"SMITH"},{"floor":32,"key":"REST"},{"data":"Pot Of Greed","floor":42,"key":"SMITH"},{"data":"EnergyFlow","floor":44,"key":"SMITH"},{"floor":47,"key":"RECALL"},{"data":"DeepEcoloBomb","floor":49,"key":"SMITH"},{"data":"AbsoluteMagnitude","floor":52,"key":"SMITH"}],"circlet_count":0,"master_deck":["Defend_MRS+1","Defend_MRS+1","Defend_MRS","Defend_MRS","MasterSpark","UpSweep","GalacticHalo","EnergyFlow+1","GravityBeat","WitchOfGreed+1","NonDirectionalLaser","BinaryStars","WitchLeyline","MagicAbsorber","DeepEcoloBomb+1","OrrerysSun+1","Acceleration","AbsoluteMagnitude+1","EnergyFlow+1","SprinkleStarSeal","Acceleration","Pot Of Greed+1","Pot Of Greed+1","EnergyFlow+1","Pot Of Greed","SporeBomb+1","BinaryStars","GravityBeat+1","ChargingUp","Acceleration+1","AbsoluteMagnitude+1","EventHorizon","PowerUp"],"relics":["MiniHakkero","War Paint","Mirror","Oddly Smooth Stone","Tiny Chest","Lee\u0027s Waffle","Replay:Accelerometer","ExperimentalFamiliar","Grinning Jar","Mummified Hand","Blue Candle","Molten Egg 2","hubris:VirtuousBlindfold","Turnip","hubris:Towel","Replay:Kaleidoscope","ReplayTheSpireMod:Lightbulb","CatCart","Art of War"],"acts_visited":["Exordium","TheCity","TheBeyond","TheEnding"],"potions_floor_usage":[6,12,14,14,16,25,25,45,55,55],"damage_taken":[{"damage":0,"enemies":"Jaw Worm","floor":1,"turns":3},{"damage":2,"enemies":"Cultist","floor":2,"turns":4},{"damage":0,"enemies":"2 Louse","floor":3,"turns":2},{"damage":0,"enemies":"Large Slime","floor":5,"turns":5},{"damage":22,"enemies":"Lagavulin","floor":6,"turns":8},{"damage":4,"enemies":"3 Louse","floor":10,"turns":4},{"damage":0,"enemies":"Looter","floor":11,"turns":2},{"damage":8,"enemies":"3 Sentries","floor":12,"turns":6},{"damage":16,"enemies":"Lagavulin","floor":14,"turns":5},{"damage":31,"enemies":"The Guardian","floor":16,"turns":11},{"damage":6,"enemies":"Chosen","floor":18,"turns":5},{"damage":16,"enemies":"Shell Parasite","floor":22,"turns":4},{"damage":6,"enemies":"Replay:Snechameleon","floor":23,"turns":5},{"damage":17,"enemies":"Book of Stabbing","floor":25,"turns":5},{"damage":22,"enemies":"Snake Plant","floor":28,"turns":3},{"damage":19,"enemies":"Automaton","floor":33,"turns":7},{"damage":19,"enemies":"3 Darklings","floor":35,"turns":4},{"damage":0,"enemies":"Mind Bloom Boss Battle","floor":36,"turns":3},{"damage":0,"enemies":"3 Shapes","floor":38,"turns":3},{"damage":0,"enemies":"Nemesis","floor":40,"turns":3},{"damage":0,"enemies":"Transient","floor":45,"turns":5},{"damage":0,"enemies":"Orin","floor":48,"turns":6},{"damage":52,"enemies":"Time Eater","floor":50,"turns":5},{"damage":8,"enemies":"Shield and Spear","floor":54,"turns":3},{"damage":31,"enemies":"The Heart","floor":55,"turns":6}],"seed_played":"-1180893103795327013","potions_obtained":[{"floor":1,"key":"SteroidPotion"},{"floor":5,"key":"BottledSpark"},{"floor":6,"key":"Dexterity Potion"},{"floor":10,"key":"Fire Potion"},{"floor":12,"key":"Elixir"},{"floor":12,"key":"FearPotion"},{"floor":14,"key":"ColorlessPotion"},{"floor":18,"key":"Flashbang"},{"floor":18,"key":"LifebloodPotion"},{"floor":33,"key":"sneckomod:MuddlingPotion"},{"floor":35,"key":"AttackPotion"},{"floor":45,"key":"ShroomBrew"},{"floor":54,"key":"LifebloodPotion"}],"is_trial":false,"path_per_floor":["M","M","M","$","M","E","?","R","T","M","M","E","$","E","R","B",null,"M","?","$","$","M","E","R","E","T","R","M","?","T","?","R","B",null,"M","?","?","M","T","E","$","R","T","R","M","?","R","?","R","B",null,"R","$","E","B",null],"character_chosen":"MARISA","items_purchased":["GravityBeat","WitchOfGreed","OrrerysSun","Lee\u0027s Waffle","SprinkleStarSeal","AbsoluteMagnitude+1","EventHorizon"],"campfire_rested":1,"item_purchase_floors":[4,4,13,13,20,41,41],"current_hp_per_floor":[75,73,73,73,73,51,44,44,44,40,40,32,82,66,66,35,82,76,76,76,76,60,54,54,37,37,37,15,15,15,15,39,20,82,63,63,63,63,63,63,63,63,63,63,63,63,63,63,63,11,82,82,82,74,43],"gold":67,"neow_bonus":"RANDOM_COMMON_RELIC","is_daily":false,"chose_seed":false,"campfire_upgraded":8,"win_rate":0.0,"timestamp":1613366688,"path_taken":["M","M","M","$","M","E","?","R","T","M","M","E","$","E","R","BOSS","M","?","?","$","M","E","R","E","T","R","M","?","?","?","R","BOSS","M","?","?","M","?","E","$","R","T","R","?","?","R","?","R","BOSS","R","$","E","BOSS"],"items_purchased_type":["Card","Card","Card","Relic","Card","Card","Card"],"build_version":"2020-12-22","purchased_purges":4,"victory":true,"max_hp_per_floor":[75,75,75,75,75,75,75,75,75,75,75,75,82,82,82,82,82,82,82,82,82,82,82,82,82,82,82,82,82,82,82,82,82,82,82,82,82,82,82,82,82,82,82,82,82,82,82,82,82,82,82,82,82,82,82],"card_choices":[{"not_picked":["Orbital","ShootingEcho"],"picked":"GalacticHalo","floor":1},{"not_picked":["GrandCross","IllusionStar"],"picked":"DoubleSpark","floor":2},{"not_picked":["AsteroidBelt","Orbital"],"picked":"EnergyFlow","floor":3},{"not_picked":["PowerUp","StarDustReverie"],"picked":"NonDirectionalLaser","floor":5},{"not_picked":["Singularity","BlazeAway"],"picked":"BinaryStars","floor":6},{"not_picked":["LuminesStrike","WitchOfGreed"],"picked":"WitchLeyline","floor":10},{"not_picked":["DarkMatter","BlazeAway"],"picked":"MagicAbsorber","floor":11},{"not_picked":["FairyDestructionRay","MysteriousBeam"],"picked":"DeepEcoloBomb","floor":12},{"not_picked":["AlicesGift","WitchOfGreed"],"picked":"Acceleration","floor":14},{"not_picked":["MaximisePower","EscapeVelocity"],"picked":"AbsoluteMagnitude","floor":16},{"not_picked":["WitchLeyline","WitchOfGreed"],"picked":"EnergyFlow+1","floor":18},{"not_picked":["PowerUp","BlazeAway"],"picked":"Acceleration","floor":22},{"not_picked":["RefractionSpark","StarDustReverie"],"picked":"EnergyFlow","floor":23},{"not_picked":["IllusionStar+1","WitchLeyline","GravityBeat"],"picked":"SKIP","floor":25},{"not_picked":["AsteroidBelt","Orbital"],"picked":"SporeBomb+1","floor":28},{"not_picked":["EscapeVelocity","ManaRampage"],"picked":"BinaryStars","floor":33},{"not_picked":["DC+1","SporeBomb"],"picked":"MeteoricShower+1","floor":35},{"not_picked":["IllusionStar+1","6A+1"],"picked":"GravityBeat+1","floor":36},{"not_picked":["JA+1","LuminesStrike+1"],"picked":"ChargingUp","floor":38},{"not_picked":["AsteroidBelt+1","6A+1"],"picked":"Acceleration+1","floor":40},{"not_picked":["SporeBomb+1","PowerUp","BlazeAway+1"],"picked":"SKIP","floor":45},{"not_picked":["CollectingQuirk+1","OpenUniverse"],"picked":"PowerUp","floor":48},{"not_picked":["WitchOfGreed","WitchLeyline+1","GalacticHalo"],"picked":"SKIP","floor":54}],"player_experience":718049,"relics_obtained":[{"floor":6,"key":"Mirror"},{"floor":9,"key":"Oddly Smooth Stone"},{"floor":12,"key":"Tiny Chest"},{"floor":14,"key":"Replay:Accelerometer"},{"floor":23,"key":"Grinning Jar"},{"floor":25,"key":"Mummified Hand"},{"floor":26,"key":"Blue Candle"},{"floor":30,"key":"Molten Egg 2"},{"floor":36,"key":"Turnip"},{"floor":40,"key":"Replay:Kaleidoscope"},{"floor":43,"key":"ReplayTheSpireMod:Lightbulb"},{"floor":48,"key":"CatCart"},{"floor":54,"key":"Art of War"}],"event_choices":[{"cards_removed":["Strike_MRS"],"damage_healed":0,"gold_gain":0,"player_choice":"Card Removal","damage_taken":7,"max_hp_gain":0,"max_hp_loss":0,"event_name":"Golden Wing","floor":7,"gold_loss":0},{"damage_healed":0,"gold_gain":0,"player_choice":"Bet on Murderer","damage_taken":0,"max_hp_gain":0,"max_hp_loss":0,"event_name":"The Joust","floor":19,"gold_loss":50},{"damage_healed":0,"gold_gain":0,"player_choice":"Ignored","damage_taken":0,"max_hp_gain":0,"max_hp_loss":0,"event_name":"Vampires","floor":29,"gold_loss":0},{"cards_removed":["Strike_MRS"],"damage_healed":0,"gold_gain":0,"player_choice":"Elegance","damage_taken":0,"max_hp_gain":0,"max_hp_loss":0,"event_name":"Back to Basics","floor":31,"gold_loss":0},{"damage_healed":0,"gold_gain":0,"player_choice":"Fight","damage_taken":0,"max_hp_gain":0,"max_hp_loss":0,"event_name":"MindBloom","floor":36,"gold_loss":0},{"damage_healed":0,"gold_gain":0,"player_choice":"Fight","damage_taken":0,"max_hp_gain":0,"max_hp_loss":0,"event_name":"OrinTheCat","floor":48,"gold_loss":0}],"is_beta":false,"boss_relics":[{"not_picked":["Philosopher\u0027s Stone","Painkiller Herb"],"picked":"ExperimentalFamiliar"},{"not_picked":["Empty Cage","hubris:GrandSneckoEye"],"picked":"hubris:VirtuousBlindfold"}],"items_purged_floors":[13,20,41,53],"is_endless":false,"potions_floor_spawned":[1,6,10,11,12,14,18,23,33,35,36,54],"ascension_level":1}}