{"host":"24j0rle15g8q9bc9","time":1613351735,"event":{"mods":["2.2 Compatiblity","Act Like it!","Bartender","BaseMod","Better Note","Card Forge","Colored Map","Colored Powertips","DeckTracker","Downfall","Elementarium","Hallownest","Hubris","Jorbs\u0027s Wanderer Trilogy","Minty Spire (QoL Compilation)","Rare Cards Sparkle","Remilia??????","StSLib","The Bug Knight","The Death Knight","The Necromancer","Treasure Hunter"],"gold_per_floor":[126,126,126,126,143,173,173,190,190,222,222,240,252,107,107,204,204,231,243,255,267,292,304,343,355,393,405,433,445,481,512,524,631,643,676,543,555,566,110,141,166,187,262,301,301,301,369,403,403,408,408,408,212,245,250,250],"floor_reached":55,"language":"ENG","playtime":3376,"items_purged":[],"score":910,"play_id":"c57e9223-54d5-4d45-85d9-9e311b2e7bea","local_time":"20210214211535","is_ascension_mode":false,"campfire_choices":[{"floor":11,"key":"RECALL"},{"floor":15,"key":"REST"},{"floor":23,"key":"REST"},{"floor":25,"key":"REST"},{"floor":32,"key":"REST"},{"floor":45,"key":"REST"},{"data":"TH:CursedSword","floor":49,"key":"SMITH"},{"floor":52,"key":"REST"}],"circlet_count":0,"master_deck":["Gash+1","Gash+1","Gash+1","Gash+1","Scrape+1","Reprogram+1","Rip and Tear+1","Self Repair+1","Seek+1","Leap+1","Leap+1","Leap+1","Leap+1","Genetic Algorithm+1","Conserve Battery+1","Rebound+1","Turbo+1","Sweeping Beam+1","TH:DeckOfManyThings+1","TH:TreasureMap+1","Hologram+1","Gash+1","TH:PixieDust+1","CurseOfTheBell","TH:CursedSword+1","TH:DeckOfManyThings+1","TH:EnergyPotion+1","TH:CopperCoins+1","Beam Cell+1","Auto Shields+1","TH:ArmorSpikes+1","Conserve Battery+1","TH:Mimic+1","TH:ElvenBoots+1","TH:EnergyPotion+1","All For One+1","TH:PixieDust+1","TH:CursedSword+1","TH:CopperCoins"],"relics":["Cracked Core","Hammer of Thor","Seething Fire","Anvil of the Gods","NeowsBlessing","hubris:Icosahedron","Omamori","StoneCalendar","Mercury Hourglass","WarpedTongs","Centennial Puzzle","Tiny Chest","Calling Bell","MawBank","hubris:RGBLights","hubris:BundleOfHerbs","White_Cape","Darkstone Periapt","HollowMod:PaleOreRelic","hubris:PeanutButter","Black Star","ClockworkSouvenir","Bronze Scales","Incense Burner","Kunai","Du-Vu Doll","hubris:DuctTape","White Beast Statue","hubris:CuriousFeather","Question Card","Eternal Feather","DeathKnight:SindragosasSkull","Anchor","Cleaning_Rag","Bottled Lightning"],"acts_visited":["Exordium","TheCity","TheBeyond","TheEnding"],"potions_floor_usage":[16,16,33,33,40,44,44,50,50,55,55,55],"damage_taken":[{"damage":0,"enemies":"Small Slimes","floor":1,"turns":1},{"damage":0,"enemies":"Cultist","floor":5,"turns":1},{"damage":0,"enemies":"3 Sentries","floor":6,"turns":1},{"damage":0,"enemies":"Jaw Worm","floor":8,"turns":2},{"damage":6,"enemies":"Gremlin Nob","floor":10,"turns":3},{"damage":0,"enemies":"Exordium Thugs","floor":12,"turns":1},{"damage":0,"enemies":"Gremlin Gang","floor":13,"turns":2},{"damage":28,"enemies":"Hexaghost","floor":16,"turns":4},{"damage":0,"enemies":"3 Byrds","floor":18,"turns":3},{"damage":21,"enemies":"Snake Plant","floor":22,"turns":3},{"damage":35,"enemies":"Book of Stabbing","floor":24,"turns":5},{"damage":14,"enemies":"Shelled Parasite and Fungi","floor":28,"turns":5},{"damage":17,"enemies":"Cultist and Chosen","floor":30,"turns":6},{"damage":0,"enemies":"3 Cultists","floor":31,"turns":4},{"damage":35,"enemies":"Collector","floor":33,"turns":6},{"damage":16,"enemies":"3 Shapes","floor":35,"turns":2},{"damage":2,"enemies":"3 Darklings","floor":37,"turns":5},{"damage":15,"enemies":"Jaw Worm Horde","floor":38,"turns":4},{"damage":31,"enemies":"Reptomancer","floor":40,"turns":6},{"damage":42,"enemies":"Writhing Mass","floor":41,"turns":5},{"damage":1,"enemies":"Sphere and 2 Shapes","floor":42,"turns":4},{"damage":34,"enemies":"Giant Head","floor":44,"turns":7},{"damage":2,"enemies":"Reptomancer","floor":48,"turns":6},{"damage":25,"enemies":"Donu and Deca","floor":50,"turns":8},{"damage":38,"enemies":"Shield and Spear","floor":54,"turns":5},{"damage":47,"enemies":"The Heart","floor":55,"turns":5}],"seed_played":"8760258576174544258","potions_obtained":[{"floor":5,"key":"Fire Potion"},{"floor":8,"key":"Regen Potion"},{"floor":13,"key":"AttackPotion"},{"floor":16,"key":"Weak Potion"},{"floor":24,"key":"EssenceOfDarkness"},{"floor":38,"key":"Energy Potion"},{"floor":41,"key":"DistilledChaos"},{"floor":44,"key":"CultistPotion"},{"floor":48,"key":"EntropicBrew"},{"floor":54,"key":"Dexterity Potion"}],"is_trial":false,"path_per_floor":["M","?","?","?","M","E","?","M","T","E","R","M","M","$","R","B",null,"M","$","?","T","M","R","E","R","T","T","M","?","M","M","R","B",null,"M","$","M","M","$","E","M","M","T","E","R","?","T","E","R","B",null,"R","$","E","B"],"character_chosen":"DEFECT","items_purchased":["Tiny Chest","ClockworkSouvenir","Bronze Scales","Incense Burner","FearPotion","Anchor"],"campfire_rested":6,"item_purchase_floors":[14,36,39,39,53,53],"current_hp_per_floor":[75,75,68,68,68,68,68,75,75,75,75,75,75,75,75,57,75,75,75,75,75,64,75,50,72,72,72,68,68,61,71,75,40,75,69,69,75,70,70,63,31,57,57,33,55,55,55,63,75,50,75,75,75,47,0,0],"gold":250,"neow_bonus":"THREE_ENEMY_KILL","is_daily":false,"chose_seed":false,"campfire_upgraded":1,"win_rate":0.0,"timestamp":1613351735,"path_taken":["M","?","?","?","M","E","?","?","T","E","R","M","M","$","R","BOSS","M","$","?","?","?","R","E","R","T","?","M","?","M","?","R","BOSS","M","$","M","M","$","E","M","M","T","E","R","?","?","E","R","BOSS","R","$","E","BOSS"],"items_purchased_type":["Relic","Relic","Relic","Relic","Potion","Relic"],"build_version":"2020-12-22","purchased_purges":0,"victory":false,"max_hp_per_floor":[75,75,75,75,75,75,75,75,75,75,75,75,75,75,75,75,75,75,75,75,75,75,75,75,75,75,75,75,75,75,75,75,75,75,75,75,75,75,75,75,75,75,75,75,75,75,75,75,75,75,75,75,75,75,75,75],"card_choices":[{"not_picked":["Go for the Eyes","Cold Snap","Steam"],"picked":"SKIP","floor":1},{"not_picked":["Conserve Battery","Storm","Defragment"],"picked":"SKIP","floor":5},{"not_picked":["TH:CopperCoins"],"picked":"TH:DeckOfManyThings","floor":6},{"not_picked":["Loop","Turbo","Blizzard"],"picked":"SKIP","floor":6},{"not_picked":["Cold Snap","Go for the Eyes","Steam"],"picked":"SKIP","floor":8},{"not_picked":["TH:Mimic","TH:PixieDust"],"picked":"SKIP","floor":9},{"not_picked":["TH:ArmorSpikes"],"picked":"TH:TreasureMap","floor":10},{"not_picked":["Redo","Sunder"],"picked":"Hologram","floor":10},{"not_picked":["Cold Snap","Leap"],"picked":"Gash","floor":12},{"not_picked":["Sweeping Beam","Redo","Rebound"],"picked":"SKIP","floor":13},{"not_picked":["TH:CopperCoins"],"picked":"TH:PixieDust","floor":16},{"not_picked":["Stack+1","Ball Lightning","Hologram"],"picked":"SKIP","floor":18},{"not_picked":["TH:PixieDust"],"picked":"TH:CursedSword","floor":21},{"not_picked":["Doom and Gloom","Redo","Loop"],"picked":"SKIP","floor":22},{"not_picked":["TH:TreasureMap"],"picked":"TH:DeckOfManyThings","floor":24},{"not_picked":["Chill","Biased Cognition","Steam+1"],"picked":"SKIP","floor":24},{"not_picked":["TH:TreasureMap"],"picked":"TH:EnergyPotion","floor":26},{"not_picked":["TH:TreasureMap"],"picked":"TH:CopperCoins","floor":27},{"not_picked":["Fusion","Heatsinks+1","Ball Lightning"],"picked":"SKIP","floor":28},{"not_picked":["Gash","Sweeping Beam","hubris:DoWhile"],"picked":"SKIP","floor":30},{"not_picked":["Sweeping Beam+1","Consume"],"picked":"Auto Shields+1","floor":31},{"not_picked":["TH:DeckOfManyThings"],"picked":"TH:ArmorSpikes","floor":33},{"not_picked":["Go for the Eyes","Lockon","Cold Snap+1"],"picked":"SKIP","floor":35},{"not_picked":["Storm","hubris:Ukulele","White Noise"],"picked":"SKIP","floor":37},{"not_picked":["Genetic Algorithm+1","Coolheaded+1"],"picked":"Conserve Battery+1","floor":38},{"not_picked":["TH:ArmorSpikes"],"picked":"TH:Mimic","floor":40},{"not_picked":["hubris:Ukulele+1","Reprogram","White Noise+1"],"picked":"SKIP","floor":40},{"not_picked":["Scrape+1","Sweeping Beam","Cold Snap"],"picked":"SKIP","floor":41},{"not_picked":["hubris:SpecializedCircuitry","Reinforced Body+1","Turbo+1"],"picked":"SKIP","floor":42},{"not_picked":["TH:DeckOfManyThings"],"picked":"TH:ElvenBoots","floor":43},{"not_picked":["TH:CursedSword"],"picked":"TH:EnergyPotion","floor":44},{"not_picked":["FTL","Beam Cell"],"picked":"All For One","floor":44},{"not_picked":["TH:ElvenBoots"],"picked":"TH:PixieDust","floor":47},{"not_picked":["TH:Mimic","TH:DeckOfManyThings"],"picked":"TH:CursedSword","floor":48},{"not_picked":["hubris:PowerSurge","Redo","Auto Shields+1","Go for the Eyes"],"picked":"SKIP","floor":48},{"not_picked":["TH:ElvenBoots","TH:ArmorSpikes"],"picked":"TH:CopperCoins","floor":54},{"not_picked":["Rebound+1","Consume+1","Static Discharge+1","Chaos"],"picked":"SKIP","floor":54}],"player_experience":69947,"relics_obtained":[{"floor":6,"key":"Mercury Hourglass"},{"floor":10,"key":"Centennial Puzzle"},{"floor":17,"key":"MawBank"},{"floor":17,"key":"hubris:RGBLights"},{"floor":17,"key":"hubris:BundleOfHerbs"},{"floor":21,"key":"White_Cape"},{"floor":24,"key":"Darkstone Periapt"},{"floor":26,"key":"HollowMod:PaleOreRelic"},{"floor":27,"key":"hubris:PeanutButter"},{"floor":40,"key":"Kunai"},{"floor":40,"key":"Du-Vu Doll"},{"floor":43,"key":"hubris:DuctTape"},{"floor":44,"key":"White Beast Statue"},{"floor":44,"key":"hubris:CuriousFeather"},{"floor":47,"key":"Question Card"},{"floor":48,"key":"Eternal Feather"},{"floor":48,"key":"DeathKnight:SindragosasSkull"},{"floor":54,"key":"Cleaning_Rag"},{"floor":54,"key":"Bottled Lightning"}],"event_choices":[{"damage_healed":0,"gold_gain":0,"player_choice":"Success","damage_taken":7,"relics_obtained":["Omamori"],"max_hp_gain":0,"max_hp_loss":0,"event_name":"Scrap Ooze","floor":3,"gold_loss":0},{"damage_healed":0,"gold_gain":0,"player_choice":"Box","damage_taken":0,"relics_obtained":["StoneCalendar"],"max_hp_gain":0,"max_hp_loss":0,"event_name":"Big Fish","floor":4,"gold_loss":0,"cards_obtained":["Regret"]},{"damage_healed":0,"gold_gain":0,"player_choice":"Rummage","damage_taken":0,"relics_obtained":["WarpedTongs"],"max_hp_gain":0,"max_hp_loss":0,"event_name":"Accursed Blacksmith","floor":7,"gold_loss":0,"cards_obtained":["Pain"]},{"damage_healed":0,"gold_gain":0,"player_choice":"Ignored","damage_taken":0,"max_hp_gain":0,"max_hp_loss":0,"event_name":"betterNote:BetterNote","floor":20,"gold_loss":0,"cards_obtained":["Strike_R"]},{"damage_healed":0,"gold_gain":0,"cards_transformed":["Gash"],"player_choice":"Transformed","damage_taken":0,"max_hp_gain":0,"max_hp_loss":0,"event_name":"Transmorgrifier","floor":29,"gold_loss":0,"cards_obtained":["Beam Cell"]},{"damage_healed":0,"gold_gain":0,"player_choice":"Ignored","damage_taken":0,"max_hp_gain":0,"max_hp_loss":0,"event_name":"Mysterious Sphere","floor":46,"gold_loss":0}],"is_beta":false,"boss_relics":[{"not_picked":["Ectoplasm","hubris:ScarierMask"],"picked":"Calling Bell"},{"not_picked":["Cursed Key","Sozu"],"picked":"Black Star"}],"items_purged_floors":[],"is_endless":false,"potions_floor_spawned":[5,8,13,16,24,28,38,41,44,48,54],"killed_by":"The Heart","ascension_level":0}}