{"host":"u7lm8z2rvb4dg2oo","time":1613371702,"event":{"mods":["AchievementEnabler","BaseMod","Bestiary","Block Reminder","Colored Map","Colored Powertips","Curses Come First","DeckTracker","Googly Eyes","Highlight Path","Minty Spire (QoL Compilation)","Quick Restart","StSLib"],"gold_per_floor":[114,114,129,129,179,216,234,234,260,260,301,325,325,325],"floor_reached":13,"language":"ENG","playtime":494,"items_purged":[],"score":163,"play_id":"0b6de15f-c186-4776-8034-9f6be5264385","local_time":"20210215014822","is_ascension_mode":true,"campfire_choices":[{"floor":8.0,"key":"REST"},{"data":"Catalyst","floor":10.0,"key":"SMITH"}],"circlet_count":0,"master_deck":["AscendersBane","Strike_G","Strike_G","Strike_G","Strike_G","Strike_G","Defend_G","Defend_G","Defend_G","Defend_G","Defend_G","Survivor","Neutralize","Doppelganger","Bouncing Flask","Catalyst+1","Dash","Terror","Noxious Fumes"],"relics":["Ring of the Snake","CeramicFish","Strawberry","Blue Candle"],"acts_visited":["Exordium"],"potions_floor_usage":[],"damage_taken":[{"damage":1.0,"enemies":"2 Louse","floor":1.0,"turns":3.0},{"damage":3.0,"enemies":"Jaw Worm","floor":3.0,"turns":4.0},{"damage":35.0,"enemies":"Gremlin Nob","floor":6.0,"turns":4.0},{"damage":1.0,"enemies":"Cultist","floor":7.0,"turns":3.0},{"damage":17.0,"enemies":"Lagavulin","floor":11.0,"turns":4.0},{"damage":18,"enemies":"Lots of Slimes","floor":12,"turns":7},{"damage":21,"enemies":"3 Sentries","floor":13,"turns":2}],"seed_played":"-2410097339208133294","potions_obtained":[{"floor":6.0,"key":"Poison Potion"},{"floor":7.0,"key":"Explosive Potion"},{"floor":12,"key":"GamblersBrew"}],"is_trial":false,"path_per_floor":["M","?","M","?","?","E","M","R","T","R","E","M","E"],"character_chosen":"THE_SILENT","items_purchased":[],"campfire_rested":1,"item_purchase_floors":[],"current_hp_per_floor":[58,58,55,60,53,18,17,38,45,45,28,10,0,0],"gold":325,"neow_bonus":"ONE_RANDOM_RARE_CARD","is_daily":false,"chose_seed":false,"campfire_upgraded":1,"win_rate":0.0,"timestamp":1613371702,"path_taken":["M","?","M","?","?","E","M","R","T","R","E","M","E"],"items_purchased_type":[],"build_version":"2020-12-22","purchased_purges":0,"victory":false,"max_hp_per_floor":[66,66,66,71,71,71,71,71,78,78,78,78,78,78],"card_choices":[{"not_picked":["Backflip","Setup"],"picked":"Bouncing Flask","floor":1.0},{"not_picked":["Blade Dance","Heel Hook"],"picked":"Catalyst","floor":3.0},{"not_picked":["Deflect","Acrobatics"],"picked":"Dash","floor":6.0},{"not_picked":["Dagger Spray","Riddle With Holes","Dodge and Roll"],"picked":"SKIP","floor":7.0},{"not_picked":["Well Laid Plans","Tactician"],"picked":"Terror","floor":11.0},{"not_picked":["Catalyst","Dagger Throw"],"picked":"Noxious Fumes","floor":12}],"player_experience":1089063,"relics_obtained":[{"floor":6.0,"key":"CeramicFish"},{"floor":9.0,"key":"Strawberry"},{"floor":11.0,"key":"Blue Candle"}],"event_choices":[{"damage_healed":0.0,"max_hp_gain":0.0,"max_hp_loss":0.0,"gold_gain":0.0,"event_name":"Scrap Ooze","player_choice":"Fled","floor":2.0,"gold_loss":0.0,"damage_taken":0.0},{"damage_healed":0.0,"max_hp_gain":5.0,"max_hp_loss":0.0,"gold_gain":0.0,"event_name":"Big Fish","player_choice":"Donut","floor":4.0,"gold_loss":0.0,"damage_taken":0.0},{"damage_healed":0.0,"max_hp_gain":0.0,"max_hp_loss":0.0,"gold_gain":50.0,"event_name":"FaceTrader","player_choice":"Touch","floor":5.0,"gold_loss":0.0,"damage_taken":7.0}],"is_beta":false,"boss_relics":[],"items_purged_floors":[],"is_endless":false,"potions_floor_spawned":[6,7,12],"killed_by":"3 Sentries","ascension_level":15}}