{"host":"wsd05vng5ye8i513","time":1613409509,"event":{"mods":["Act Like it!","BaseMod","KinomotoSakuraMod(木之本樱)","Minty Spire (QoL Compilation)","Replay The Spire","StSLib","WarShipGirlsR/战舰少女R mod","【遗物卡牌】REMEMod"],"gold_per_floor":[114,114,128,142,142,142,157,177,177,245,261,279,279,12,12,164,164,209,60,60,82,82,139,139],"floor_reached":23,"language":"ZHS","playtime":1957,"items_purged":["ClowCardTheSword"],"score":185,"play_id":"cde99093-bc5c-4f57-9870-1d30f7d5712f","local_time":"20210216011829","is_ascension_mode":false,"campfire_choices":[{"floor":15.0,"key":"REST"}],"circlet_count":0,"master_deck":["SakuraCardTheStorm+","ClowCardTheSword","ClowCardTheShield","ClowCardTheShield","ClowCardTheShield","ClowCardTheShield","SpellCardSeal","SpellCardRelease","Sneak Up","ClowCardTheRain+1","ClowCardTheSilent","ClowCardTheDream+1","ClowCardTheWood","ClowCardTheErase","ClowCardTheTime","ClowCardTheReturn","ClowCardTheStorm+","ClowCardTheDark"],"relics":["KSMOD_SealedBook","KSMOD_SealedWand","REME_ComplimentaryCards","Chameleon Ring","REME_ArchaeologicalTools","Busted Crown","REME_HandOfSuture"],"acts_visited":["Exordium","TheCity"],"potions_floor_usage":[16,16,16,16,16,23],"damage_taken":[{"damage":3.0,"enemies":"Jaw Worm","floor":1.0,"turns":4.0},{"damage":0.0,"enemies":"2 Louse","floor":3.0,"turns":2.0},{"damage":0.0,"enemies":"Small Slimes","floor":4.0,"turns":3.0},{"damage":22.0,"enemies":"Exordium Thugs","floor":7.0,"turns":4.0},{"damage":10.0,"enemies":"Red Slaver","floor":8.0,"turns":5.0},{"damage":7.0,"enemies":"Exordium Wildlife","floor":10.0,"turns":4.0},{"damage":0.0,"enemies":"Blue Slaver","floor":11.0,"turns":1.0},{"damage":0.0,"enemies":"Red Slaver","floor":12.0,"turns":1.0},{"damage":29,"enemies":"Fading Forest","floor":16,"turns":11},{"damage":0,"enemies":"Shell Parasite","floor":18,"turns":5},{"damage":0,"enemies":"Chosen","floor":21,"turns":4},{"damage":124,"enemies":"Book of Stabbing","floor":23,"turns":9}],"seed_played":"-2867596860972004578","potions_obtained":[{"floor":1.0,"key":"LifebloodPotion"},{"floor":6.0,"key":"PowerPotion"},{"floor":6.0,"key":"EntropicBrew"},{"floor":7.0,"key":"SteroidPotion"}],"is_trial":false,"path_per_floor":["M","?","M","M","?","R","M","M","T","M","M","M","?","$","R","B",null,"M","$","?","M","?","E"],"character_chosen":"KINOMOTOSAKURA","items_purchased":["ClowCardTheErase","ClowCardTheTime","REME_HandOfSuture"],"campfire_rested":1,"item_purchase_floors":[14,14,19],"current_hp_per_floor":[74,74,74,74,71,71,49,39,39,32,32,32,32,32,55,36,77,77,77,77,77,77,0,0],"gold":139,"neow_bonus":"TEN_PERCENT_HP_BONUS","is_daily":false,"chose_seed":false,"campfire_upgraded":0,"win_rate":0.0,"timestamp":1613409509,"path_taken":["M","?","M","M","?","R","M","M","T","M","?","M","?","$","R","BOSS","M","$","?","?","?","E"],"items_purchased_type":["Card","Card","Relic"],"build_version":"2020-12-22","purchased_purges":1,"victory":false,"max_hp_per_floor":[77,77,77,77,77,77,77,77,77,77,77,77,77,77,77,77,77,77,77,77,77,77,77,77],"card_choices":[{"not_picked":["ClowCardTheWave","ClowCardTheLock"],"picked":"ClowCardTheRain","floor":1.0},{"not_picked":["ClowCardTheIllusion","ClowCardTheRain"],"picked":"ClowCardTheStorm","floor":3.0},{"not_picked":["ClowCardTheArrow","ClowCardTheMaze","ClowCardTheCloud"],"picked":"SKIP","floor":4.0},{"not_picked":["ClowCardTheIllusion","ClowCardTheCloud"],"picked":"ClowCardTheSilent","floor":7.0},{"not_picked":["ClowCardTheWave","ClowCardTheSnow","ClowCardTheLibra"],"picked":"SKIP","floor":8.0},{"not_picked":["ClowCardTheVoice","ClowCardTheWave","ClowCardTheGlow"],"picked":"SKIP","floor":10.0},{"not_picked":["ClowCardTheSilent","ClowCardTheThunder"],"picked":"ClowCardTheDream","floor":11.0},{"not_picked":["ClowCardTheRain","ClowCardTheVoice"],"picked":"ClowCardTheWood","floor":12.0},{"not_picked":["ClowCardTheDark","ClowCardTheDash"],"picked":"ClowCardTheReturn","floor":16},{"not_picked":["ClowCardTheShot"],"picked":"SKIP","floor":18},{"not_picked":["ClowCardTheCloud"],"picked":"SKIP","floor":21}],"player_experience":5993,"relics_obtained":[{"floor":9.0,"key":"REME_ArchaeologicalTools"}],"event_choices":[{"damage_healed":0.0,"max_hp_gain":0.0,"max_hp_loss":0.0,"gold_gain":0.0,"event_name":"Living Wall","player_choice":"Grow","floor":2.0,"gold_loss":0.0,"damage_taken":0.0,"cards_upgraded":["ClowCardTheRain"]},{"damage_healed":0.0,"max_hp_gain":0.0,"max_hp_loss":0.0,"gold_gain":0.0,"event_name":"Scrap Ooze","player_choice":"Success","floor":5.0,"gold_loss":0.0,"damage_taken":3.0,"relics_obtained":["Chameleon Ring"]},{"damage_healed":0.0,"max_hp_gain":0.0,"max_hp_loss":0.0,"gold_gain":0.0,"event_name":"Accursed Blacksmith","player_choice":"Forge","floor":13.0,"gold_loss":0.0,"damage_taken":0.0,"cards_upgraded":["ClowCardTheDream"]},{"damage_healed":0,"gold_gain":0,"player_choice":"Copied","damage_taken":0,"max_hp_gain":0,"max_hp_loss":0,"event_name":"Duplicator","floor":20,"gold_loss":0,"cards_obtained":["ClowCardTheStorm"]},{"damage_healed":0,"gold_gain":0,"cards_transformed":["ClowCardTheSword","ClowCardTheSword"],"player_choice":"Became Test Subject","damage_taken":0,"max_hp_gain":0,"max_hp_loss":0,"event_name":"Drug Dealer","floor":22,"gold_loss":0,"cards_obtained":["ClowCardTheDark","ClowCardTheCreate"]}],"is_beta":false,"boss_relics":[{"not_picked":["Painkiller Herb","Runic Pyramid"],"picked":"Busted Crown"}],"items_purged_floors":[14],"is_endless":false,"potions_floor_spawned":[1,7,8,12],"killed_by":"Book of Stabbing","ascension_level":0}}