{"host":"gk5m6v7zec9neb0j","time":1613349684,"event":{"mods":["AchievementEnabler","AlwaysNeverKeys","BaseMod","BetterRewards","Block Reminder","Minty Spire (QoL Compilation)","Rare Cards Sparkle","Relic Stats","StSLib"],"gold_per_floor":[110,120,120,120,140,140,158,171,243,263,291,291,291,202,202,333,333,304,3,23,23,39,39,72,72,99,114,10,30,30,30,30,158,158,174,194,69,69,94,110,110,129,129,91,159,159,203,223,223,223,223,223,49,82,82,82],"floor_reached":55,"language":"ENG","playtime":1662,"items_purged":["Strike_G","Strike_G","Strike_G"],"score":694,"play_id":"33d50124-3053-42cb-ba3a-15cabb671293","local_time":"20210214194124","is_ascension_mode":false,"campfire_choices":[{"data":"Neutralize","floor":6.0,"key":"SMITH"},{"floor":12.0,"key":"REST"},{"data":"Cloak And Dagger","floor":15.0,"key":"SMITH"},{"data":"Accuracy","floor":23.0,"key":"SMITH"},{"data":"Accuracy","floor":30.0,"key":"SMITH"},{"floor":32.0,"key":"REST"},{"floor":41,"key":"REST"},{"floor":49,"key":"REST"},{"data":"Infinite Blades","floor":52,"key":"SMITH"}],"circlet_count":0,"master_deck":["Strike_G","Defend_G","Defend_G","Defend_G","Defend_G","Defend_G","Survivor","Neutralize+1","Accuracy+1","Footwork","Accuracy+1","Cloak And Dagger","Backstab","Cloak And Dagger+1","Blade Dance","Infinite Blades+1","Dodge and Roll","Die Die Die","Dodge and Roll+1","Blade Dance","Decay","Cloak And Dagger+1","Accuracy+1","Accuracy","Caltrops"],"relics":["Ring of the Snake","PreservedInsect","ClockworkSouvenir","Bottled Flame","CaptainsWheel","Golden Idol","Boot","SlaversCollar","Lizard Tail","Dream Catcher","Bird Faced Urn","Anchor","Black Star","Bag of Preparation","Peace Pipe","The Courier","StrikeDummy","Strange Spoon","Blood Vial","Pear"],"acts_visited":["Exordium","TheCity","TheBeyond","TheEnding"],"potions_floor_usage":[],"damage_taken":[{"damage":0.0,"enemies":"2 Louse","floor":1.0,"turns":4.0},{"damage":0.0,"enemies":"Cultist","floor":2.0,"turns":5.0},{"damage":0.0,"enemies":"Small Slimes","floor":5.0,"turns":3.0},{"damage":0.0,"enemies":"3 Louse","floor":7.0,"turns":4.0},{"damage":3.0,"enemies":"Gremlin Gang","floor":8.0,"turns":7.0},{"damage":0.0,"enemies":"Exordium Thugs","floor":10.0,"turns":6.0},{"damage":16.0,"enemies":"Gremlin Nob","floor":11.0,"turns":4.0},{"damage":11.0,"enemies":"Slime Boss","floor":16.0,"turns":14.0},{"damage":15.0,"enemies":"2 Thieves","floor":18.0,"turns":5.0},{"damage":0.0,"enemies":"3 Byrds","floor":20.0,"turns":5.0},{"damage":0.0,"enemies":"Cultist and Chosen","floor":22.0,"turns":6.0},{"damage":13.0,"enemies":"Gremlin Leader","floor":24.0,"turns":3.0},{"damage":2.0,"enemies":"Snake Plant","floor":27.0,"turns":4.0},{"damage":13.0,"enemies":"Sentry and Sphere","floor":29.0,"turns":4.0},{"damage":43.0,"enemies":"Collector","floor":33.0,"turns":8.0},{"damage":0.0,"enemies":"Orb Walker","floor":35.0,"turns":2.0},{"damage":26.0,"enemies":"3 Darklings","floor":36.0,"turns":8.0},{"damage":16,"enemies":"Writhing Mass","floor":39,"turns":7},{"damage":26,"enemies":"Maw","floor":40,"turns":7},{"damage":0,"enemies":"Sphere and 2 Shapes","floor":42,"turns":5},{"damage":28,"enemies":"2 Orb Walkers","floor":45,"turns":4},{"damage":17,"enemies":"Nemesis","floor":47,"turns":3},{"damage":36,"enemies":"Transient","floor":48,"turns":5},{"damage":71,"enemies":"Time Eater","floor":50,"turns":11},{"damage":41,"enemies":"Shield and Spear","floor":54,"turns":5},{"damage":59,"enemies":"The Heart","floor":55,"turns":5}],"seed_played":"-183844312863651093","potions_obtained":[{"floor":4.0,"key":"FairyPotion"},{"floor":4.0,"key":"Poison Potion"},{"floor":4.0,"key":"SteroidPotion"},{"floor":10.0,"key":"DuplicationPotion"},{"floor":18.0,"key":"Strength Potion"},{"floor":20.0,"key":"PowerPotion"}],"is_trial":false,"path_per_floor":["M","M","$","?","M","R","M","M","T","M","E","R","?","?","R","B",null,"M","$","M","?","M","R","E","T","T","M","$","M","R","$","R","B",null,"M","M","$","?","M","M","R","M","T","$","?","?","E","M","R","B",null,"R","$","E","B"],"character_chosen":"THE_SILENT","items_purchased":["Accuracy","PreservedInsect","ClockworkSouvenir","Footwork","Accuracy","Cloak And Dagger","Lizard Tail","Infinite Blades","Dodge and Roll","Accuracy","Strange Spoon","Caltrops"],"campfire_rested":4,"item_purchase_floors":[0,0,0,0,0,0,19,28,28,44,53,53],"current_hp_per_floor":[38,38,38,38,38,38,38,35,35,35,19,40,40,40,40,29,65,50,50,50,50,50,50,37,37,37,41,41,36,36,36,55,20,65,65,45,45,45,37,19,38,44,44,44,26,26,19,19,38,13,65,65,65,42,0,0],"gold":82,"neow_bonus":"","is_daily":false,"chose_seed":false,"campfire_upgraded":5,"win_rate":0.0,"timestamp":1613349684,"path_taken":["M","M","$","?","M","R","M","M","T","?","E","R","?","?","R","BOSS","M","$","?","?","?","R","E","?","T","?","$","M","R","$","R","BOSS","M","M","$","?","?","M","R","M","T","$","?","?","E","M","R","BOSS","R","$","E","BOSS"],"items_purchased_type":["Card","Relic","Relic","Card","Card","Card","Relic","Card","Card","Card","Relic","Card"],"build_version":"2020-12-22","purchased_purges":3,"victory":false,"max_hp_per_floor":[70,70,70,70,70,70,70,70,70,70,70,70,65,65,65,65,65,65,65,65,65,65,65,65,65,65,65,65,65,65,65,65,65,65,65,65,65,65,65,65,65,65,65,65,65,65,65,65,65,65,65,65,65,75,75,75],"relic_stats":{"counters":[741,3991],"Golden Idol":153,"PreservedInsect":184,"Bag of Preparation":[12],"Boot":[99],"Peace Pipe":0,"Blood Vial":2,"Strange Spoon":[14],"Lizard Tail":32,"Dream Catcher":3,"Bird Faced Urn":[114],"Black Star":2,"obtain_stats":[{"TwistedFunnel":0,"Ginger":0,"Whetstone":11,"Bottled Tornado":43,"Boot":25,"Old Coin":34,"Blood Vial":17,"Sundial":24,"MealTicket":31,"HandDrill":48,"Kunai":0,"Pear":28,"Blue Candle":54,"Eternal Feather":54,"Tingsha":0,"Pen Nib":11,"Paper Crane":43,"Akabeko":3,"SlaversCollar":17,"MutagenicStrength":19,"Bird Faced Urn":38,"StrikeDummy":27,"Unceasing Top":46,"Ring of the Serpent":17,"Regal Pillow":9,"Lantern":45,"Torii":0,"Singing Bowl":43,"StoneCalendar":42,"Bag of Preparation":26,"Ancient Tea Set":4,"Cursed Key":17,"Smiling Mask":41,"Matryoshka":37,"Shovel":38,"WristBlade":34,"Ninja Scroll":0,"Toolbox":45,"WingedGreaves":17,"Chemical X":37,"InkBottle":54,"Ring of the Snake":0,"Potion Belt":9,"Lee\u0027s Waffle":48,"The Specimen":0,"Golden Idol":3,"Thread and Needle":45,"The Courier":26,"PreservedInsect":38,"Omamori":39,"Frozen Egg 2":43,"MawBank":45,"Ornamental Fan":0,"Bloody Idol":31,"Orrery":0,"Turnip":38,"Art of War":17,"Bottled Lightning":43,"Toy Ornithopter":27,"Ice Cream":7,"Calipers":13,"Gremlin Horn":26,"CeramicFish":0,"HoveringKite":34,"Vajra":43,"Sozu":34,"Centennial Puzzle":6,"Lizard Tail":10,"HornCleat":43,"DollysMirror":4,"Strawberry":26,"Prayer Wheel":38,"Toxic Egg 2":28,"Girya":0,"Happy Flower":13,"Astrolabe":34,"Oddly Smooth Stone":0,"Letter Opener":53,"War Paint":43,"Question Card":48,"Du-Vu Doll":47,"Bottled Flame":25,"Shuriken":0,"Bronze Scales":10,"Molten Egg 2":9,"Black Star":17,"Meat on the Bone":17,"Pocketwatch":17,"Darkstone Periapt":23,"SacredBark":17,"Enchiridion":22,"Mango":43,"Snake Skull":54,"Juzu Bracelet":43,"Incense Burner":29,"Empty Cage":17,"PrismaticShard":53,"ClockworkSouvenir":20,"Tough Bandages":25,"Nunchaku":31,"Dream Catcher":9,"Mummified Hand":30,"Pantograph":12,"Gambling Chip":0,"Tiny Chest":26,"Red Mask":47,"Orichalcum":26,"Odd Mushroom":12,"Medical Kit":37,"White Beast Statue":9,"Mercury Hourglass":54,"Peace Pipe":9,"Calling Bell":17,"Cauldron":53,"Strange Spoon":53,"Anchor":34,"CaptainsWheel":54,"Bag of Marbles":43,"Membership Card":36,"FossilizedHelix":0,"TungstenRod":26},{"TwistedFunnel":381,"Ginger":97,"Whetstone":100,"Bottled Tornado":52,"Boot":640,"Old Coin":338,"Blood Vial":129,"Sundial":44,"MealTicket":616,"HandDrill":491,"Kunai":31,"Pear":315,"Blue Candle":249,"Eternal Feather":146,"Tingsha":274,"Pen Nib":356,"Paper Crane":322,"Akabeko":575,"SlaversCollar":231,"MutagenicStrength":156,"Bird Faced Urn":189,"StrikeDummy":17,"Unceasing Top":193,"Ring of the Serpent":388,"Regal Pillow":36,"Lantern":269,"Torii":31,"Singing Bowl":116,"StoneCalendar":217,"Bag of Preparation":366,"Ancient Tea Set":2,"Cursed Key":281,"Smiling Mask":452,"Matryoshka":137,"Shovel":594,"WristBlade":112,"Ninja Scroll":172,"Toolbox":675,"WingedGreaves":80,"Chemical X":22,"InkBottle":57,"Ring of the Snake":0,"Potion Belt":3,"Lee\u0027s Waffle":676,"The Specimen":274,"Golden Idol":2,"Thread and Needle":245,"The Courier":183,"PreservedInsect":240,"Omamori":189,"Frozen Egg 2":398,"MawBank":245,"Ornamental Fan":72,"Bloody Idol":161,"Orrery":58,"Turnip":116,"Art of War":80,"Bottled Lightning":24,"Toy Ornithopter":17,"Ice Cream":11,"Calipers":154,"Gremlin Horn":480,"CeramicFish":172,"HoveringKite":21,"Vajra":91,"Sozu":136,"Centennial Puzzle":278,"Lizard Tail":329,"HornCleat":621,"DollysMirror":123,"Strawberry":107,"Prayer Wheel":138,"Toxic Egg 2":108,"Girya":250,"Happy Flower":12,"Astrolabe":86,"Oddly Smooth Stone":122,"Letter Opener":272,"War Paint":191,"Question Card":94,"Du-Vu Doll":540,"Bottled Flame":16,"Shuriken":97,"Bronze Scales":36,"Molten Egg 2":151,"Black Star":13,"Meat on the Bone":80,"Pocketwatch":129,"Darkstone Periapt":182,"SacredBark":360,"Enchiridion":68,"Mango":538,"Snake Skull":273,"Juzu Bracelet":141,"Incense Burner":560,"Empty Cage":103,"PrismaticShard":272,"ClockworkSouvenir":41,"Tough Bandages":16,"Nunchaku":85,"Dream Catcher":355,"Mummified Hand":110,"Pantograph":11,"Gambling Chip":197,"Tiny Chest":16,"Red Mask":54,"Orichalcum":235,"Odd Mushroom":499,"Medical Kit":188,"White Beast Statue":11,"Mercury Hourglass":349,"Peace Pipe":62,"Calling Bell":80,"Cauldron":625,"Strange Spoon":739,"Anchor":338,"CaptainsWheel":349,"Bag of Marbles":267,"Membership Card":163,"FossilizedHelix":250,"TungstenRod":416},{"TwistedFunnel":2158,"Ginger":599,"Whetstone":611,"Bottled Tornado":309,"Boot":3447,"Old Coin":1918,"Blood Vial":722,"Sundial":249,"MealTicket":3304,"HandDrill":2775,"Kunai":183,"Pear":1796,"Blue Candle":1454,"Eternal Feather":781,"Tingsha":1567,"Pen Nib":2009,"Paper Crane":1834,"Akabeko":3135,"SlaversCollar":1359,"MutagenicStrength":843,"Bird Faced Urn":1121,"StrikeDummy":100,"Unceasing Top":1141,"Ring of the Serpent":2183,"Regal Pillow":206,"Lantern":1539,"Torii":183,"Singing Bowl":676,"StoneCalendar":1281,"Bag of Preparation":2061,"Ancient Tea Set":5,"Cursed Key":1617,"Smiling Mask":2575,"Matryoshka":750,"Shovel":3206,"WristBlade":661,"Ninja Scroll":996,"Toolbox":3633,"WingedGreaves":500,"Chemical X":129,"InkBottle":364,"Ring of the Snake":0,"Potion Belt":9,"Lee\u0027s Waffle":3638,"The Specimen":1567,"Golden Idol":5,"Thread and Needle":1436,"The Courier":1085,"PreservedInsect":1411,"Omamori":1121,"Frozen Egg 2":2226,"MawBank":1436,"Ornamental Fan":459,"Bloody Idol":873,"Orrery":367,"Turnip":676,"Art of War":500,"Bottled Lightning":139,"Toy Ornithopter":100,"Ice Cream":57,"Calipers":823,"Gremlin Horn":2719,"CeramicFish":996,"HoveringKite":124,"Vajra":558,"Sozu":746,"Centennial Puzzle":1590,"Lizard Tail":1866,"HornCleat":3329,"DollysMirror":699,"Strawberry":637,"Prayer Wheel":755,"Toxic Egg 2":643,"Girya":1462,"Happy Flower":68,"Astrolabe":533,"Oddly Smooth Stone":696,"Letter Opener":1557,"War Paint":1131,"Question Card":574,"Du-Vu Doll":2986,"Bottled Flame":94,"Shuriken":599,"Bronze Scales":206,"Molten Egg 2":801,"Black Star":79,"Meat on the Bone":500,"Pocketwatch":722,"Darkstone Periapt":1075,"SacredBark":2027,"Enchiridion":435,"Mango":2979,"Snake Skull":1562,"Juzu Bracelet":766,"Incense Burner":3065,"Empty Cage":621,"PrismaticShard":1557,"ClockworkSouvenir":234,"Tough Bandages":94,"Nunchaku":521,"Dream Catcher":2005,"Mummified Hand":652,"Pantograph":57,"Gambling Chip":1176,"Tiny Chest":94,"Red Mask":329,"Orichalcum":1384,"Odd Mushroom":2819,"Medical Kit":1117,"White Beast Statue":57,"Mercury Hourglass":1972,"Peace Pipe":387,"Calling Bell":500,"Cauldron":3355,"Strange Spoon":3981,"Anchor":1918,"CaptainsWheel":1972,"Bag of Marbles":1530,"Membership Card":899,"FossilizedHelix":1462,"TungstenRod":2337}],"Ring of the Snake":[228]},"card_choices":[{"not_picked":["Outmaneuver","Acrobatics","Sucker Punch"],"picked":"SKIP","floor":1.0},{"not_picked":["Underhanded Strike","Deflect","Sucker Punch"],"picked":"SKIP","floor":2.0},{"not_picked":["Choke","Dagger Spray"],"picked":"Backstab","floor":5.0},{"not_picked":["Bullet Time","Bouncing Flask"],"picked":"Cloak And Dagger","floor":7.0},{"not_picked":["Choke","Quick Slash","Flying Knee"],"picked":"SKIP","floor":8.0},{"not_picked":["Outmaneuver","Bouncing Flask","Underhanded Strike"],"picked":"SKIP","floor":10.0},{"not_picked":["Underhanded Strike","Flechettes","Concentrate"],"picked":"SKIP","floor":11.0},{"not_picked":["Dagger Throw","Reflex+1"],"picked":"Blade Dance","floor":18.0},{"not_picked":["Backflip+1","Tactician+1","Escape Plan"],"picked":"SKIP","floor":20.0},{"not_picked":["Heel Hook","Envenom","Deflect+1"],"picked":"SKIP","floor":22.0},{"not_picked":["Deflect","Heel Hook","Bouncing Flask"],"picked":"SKIP","floor":24.0},{"not_picked":["Acrobatics","Underhanded Strike+1","Dagger Spray+1"],"picked":"SKIP","floor":27.0},{"not_picked":["Deadly Poison","Setup","Flying Knee+1"],"picked":"SKIP","floor":29.0},{"not_picked":["Wraith Form v2","Unload"],"picked":"Die Die Die","floor":33.0},{"not_picked":["Flying Knee","Bouncing Flask+1"],"picked":"Dodge and Roll+1","floor":35.0},{"not_picked":["Infinite Blades","Deadly Poison"],"picked":"Blade Dance","floor":36.0},{"not_picked":["Grand Finale","Sucker Punch+1","Backstab"],"picked":"SKIP","floor":39},{"not_picked":["Sucker Punch","Acrobatics+1"],"picked":"Cloak And Dagger+1","floor":40},{"not_picked":["Backflip","Poisoned Stab+1","Bane"],"picked":"SKIP","floor":42},{"not_picked":["Distraction+1","Flechettes","Noxious Fumes+1"],"picked":"SKIP","floor":47},{"not_picked":["Backflip+1","Calculated Gamble","Bane"],"picked":"SKIP","floor":48},{"not_picked":["Sucker Punch+1","Venomology"],"picked":"Accuracy","floor":49},{"not_picked":["Prepared+1","Bouncing Flask","Leg Sweep+1"],"picked":"SKIP","floor":54}],"player_experience":839766,"relics_obtained":[{"floor":9.0,"key":"Bottled Flame"},{"floor":11.0,"key":"CaptainsWheel"},{"floor":24.0,"key":"Dream Catcher"},{"floor":25.0,"key":"Bird Faced Urn"},{"floor":26.0,"key":"Anchor"},{"floor":43,"key":"Bag of Preparation"},{"floor":45,"key":"Peace Pipe"},{"floor":47,"key":"The Courier"},{"floor":47,"key":"StrikeDummy"},{"floor":54,"key":"Blood Vial"},{"floor":54,"key":"Pear"}],"event_choices":[{"damage_healed":0.0,"max_hp_gain":0.0,"max_hp_loss":0.0,"gold_gain":0.0,"event_name":"Lab","player_choice":"Got Potions","floor":4.0,"gold_loss":0.0,"damage_taken":0.0},{"damage_healed":0.0,"max_hp_gain":0.0,"max_hp_loss":5.0,"gold_gain":0.0,"event_name":"Golden Idol","player_choice":"Lose Max HP","floor":13.0,"gold_loss":0.0,"damage_taken":0.0,"relics_obtained":["Golden Idol"]},{"damage_healed":0.0,"max_hp_gain":0.0,"max_hp_loss":0.0,"gold_gain":0.0,"event_name":"WeMeetAgain","player_choice":"Paid Gold","floor":14.0,"gold_loss":89.0,"damage_taken":0.0,"relics_obtained":["Boot"]},{"cards_removed":["Strike_G"],"damage_healed":0.0,"max_hp_gain":0.0,"max_hp_loss":0.0,"gold_gain":0.0,"event_name":"Purifier","player_choice":"Purged","floor":21.0,"gold_loss":0.0,"damage_taken":0.0},{"damage_healed":0,"gold_gain":0,"player_choice":"Cursed","damage_taken":0,"max_hp_gain":0,"max_hp_loss":0,"event_name":"Wheel of Change","floor":38,"gold_loss":0,"cards_obtained":["Decay"]},{"damage_healed":0,"gold_gain":0,"player_choice":"Fight","damage_taken":0,"max_hp_gain":0,"max_hp_loss":0,"event_name":"Mysterious Sphere","floor":45,"gold_loss":0},{"damage_healed":0,"gold_gain":0,"player_choice":"Upgraded","damage_taken":0,"max_hp_gain":0,"max_hp_loss":0,"event_name":"Upgrade Shrine","floor":46,"gold_loss":0,"cards_upgraded":["Accuracy"]}],"is_beta":false,"boss_relics":[{"not_picked":["Snecko Eye","Fusion Hammer"],"picked":"SlaversCollar"},{"not_picked":["Runic Dome","Tiny House"],"picked":"Black Star"}],"items_purged_floors":[0,0,37],"is_endless":false,"potions_floor_spawned":[2,7,8,10,18,20,27,42,45,47],"killed_by":"The Heart","ascension_level":0}}