{"host":"7qmclr78zvlntuh5","time":1613414261,"event":{"mods":["BaseMod","Infinite Spire","Minty Spire (QoL Compilation)","Reliquary","StSLib"],"gold_per_floor":[119,3,17,17,31,72,72,103,103,103,118,118,162,162,162,286,286,270,270,294,313,8,48,48,48,94,132,146,169,169,209,209,338,338,362,362,362,378,397,436,454,490,490,521,521,554,577,595,595,718,718,718],"floor_reached":51,"language":"ENG","playtime":4739,"items_purged":[],"score":1219,"play_id":"30691da8-6afe-426f-979c-7e041897f587","local_time":"20210215133741","is_ascension_mode":true,"campfire_choices":[{"data":"Noxious Fumes","floor":7,"key":"SMITH"},{"floor":12,"key":"REST"},{"data":"Bouncing Flask","floor":15,"key":"SMITH"},{"data":"Corpse Explosion","floor":25,"key":"SMITH"},{"floor":30,"key":"RECALL"},{"floor":32,"key":"REST"},{"data":"infinitespire:NeuralNetwork","floor":45,"key":"SMITH"},{"floor":49,"key":"REST"}],"circlet_count":0,"master_deck":["Strike_G","Strike_G","Strike_G","Strike_G","Strike_G","Defend_G+1","Defend_G","Defend_G","Defend_G","Defend_G","Survivor","Neutralize","Blur+1","Noxious Fumes+1","Poisoned Stab","Venomology","Bouncing Flask+1","Well Laid Plans","Adrenaline","Noxious Fumes","Corpse Explosion+1","Bane","Leg Sweep","infinitespire:NeuralNetwork+1","Crippling Poison+1","Backflip+1","Catalyst","Acrobatics","Adrenaline"],"relics":["Ring of the Snake","Art of War","Golden Idol","FossilizedHelix","Gambling Chip","infinitespire:Golems Mask","War Paint","reliquary:RedCape","Bottled Lightning","Ice Cream","infinitespire:WardingShard","reliquary:BallBearing","infinitespire:Beetle Shell","Philosopher\u0027s Stone","Mercury Hourglass","Bronze Scales","reliquary:Vitrine","Shuriken","Toy Ornithopter","Cursed Key"],"acts_visited":["Exordium","TheCity","TheBeyond","Exordium"],"potions_floor_usage":[6,8,13,21,23,27,27,31,42,46,50,50],"damage_taken":[{"damage":3,"enemies":"Jaw Worm","floor":1,"turns":5},{"damage":0,"enemies":"2 Louse","floor":3,"turns":2},{"damage":0,"enemies":"Small Slimes","floor":5,"turns":6},{"damage":12,"enemies":"Lagavulin","floor":6,"turns":9},{"damage":10,"enemies":"3 Sentries","floor":8,"turns":6},{"damage":0,"enemies":"Red Slaver","floor":11,"turns":5},{"damage":0,"enemies":"Lagavulin","floor":13,"turns":5},{"damage":0,"enemies":"Slime Boss","floor":16,"turns":8},{"damage":0,"enemies":"2 Thieves","floor":18,"turns":4},{"damage":0,"enemies":"Spheric Guardian","floor":20,"turns":3},{"damage":5,"enemies":"Snake Plant","floor":21,"turns":4},{"damage":12,"enemies":"Book of Stabbing","floor":23,"turns":5},{"damage":6,"enemies":"Slavers","floor":27,"turns":4},{"damage":0,"enemies":"Centurion and Healer","floor":28,"turns":3},{"damage":0,"enemies":"Snecko","floor":29,"turns":4},{"damage":28,"enemies":"Gremlin Leader","floor":31,"turns":6},{"damage":0,"enemies":"Automaton","floor":33,"turns":8},{"damage":0,"enemies":"3 Shapes","floor":35,"turns":5},{"damage":2,"enemies":"Orb Walker","floor":38,"turns":3},{"damage":0,"enemies":"Maw","floor":39,"turns":5},{"damage":0,"enemies":"Nemesis","floor":40,"turns":7},{"damage":0,"enemies":"Sphere and 2 Shapes","floor":41,"turns":4},{"damage":34,"enemies":"Nightmare","floor":42,"turns":5},{"damage":0,"enemies":"Nemesis","floor":44,"turns":5},{"damage":7,"enemies":"Reptomancer","floor":46,"turns":5},{"damage":9,"enemies":"Jaw Worm Horde","floor":47,"turns":3},{"damage":0,"enemies":"4 Shapes","floor":48,"turns":2},{"damage":35,"enemies":"Awakened One","floor":50,"turns":12}],"seed_played":"8939641553477546290","potions_obtained":[{"floor":5,"key":"Weak Potion"},{"floor":8,"key":"PowerPotion"},{"floor":11,"key":"Fire Potion"},{"floor":13,"key":"LiquidMemories"},{"floor":27,"key":"SkillPotion"},{"floor":28,"key":"FearPotion"},{"floor":47,"key":"CunningPotion"},{"floor":48,"key":"Regen Potion"}],"is_trial":false,"path_per_floor":["M","$","M","?","M","E","R","E","T","?","M","R","E","?","R","B",null,"M","T","M","M","$","E","?","R","T","E","M","M","R","E","R","B",null,"M","?","AVR","M","M","E","M","NM","T","E","R","E","M","M","R","B",null],"character_chosen":"THE_SILENT","items_purchased":["Blur","Noxious Fumes","Ice Cream"],"campfire_rested":3,"item_purchase_floors":[2,2,22],"current_hp_per_floor":[67,67,67,50,50,38,38,28,28,28,28,49,49,54,54,54,70,70,70,70,65,65,53,53,53,53,47,47,47,47,19,40,40,70,70,70,70,68,68,68,68,34,34,34,34,27,18,18,39,29,70,70],"gold":718,"neow_bonus":"RANDOM_COMMON_RELIC","is_daily":false,"chose_seed":false,"campfire_upgraded":4,"win_rate":0.0,"timestamp":1613414261,"path_taken":["M","$","M","?","M","E","R","E","T","?","M","R","E","?","R","BOSS","M","?","M","M","$","E","?","R","T","E","M","M","R","E","R","BOSS","M","?","AVR","M","M","E","M","NM","T","E","R","E","M","M","R","BOSS"],"items_purchased_type":["Card","Card","Relic"],"build_version":"2020-12-22","purchased_purges":0,"victory":false,"max_hp_per_floor":[70,70,70,70,70,70,70,70,70,70,70,70,70,70,70,70,70,70,70,70,70,70,70,70,70,70,70,70,70,70,70,70,70,70,70,70,70,70,70,70,70,70,70,70,70,70,70,70,70,70,70,70],"card_choices":[{"not_picked":["Cloak And Dagger","Blur"],"picked":"Dagger Spray","floor":1},{"not_picked":["Dodge and Roll","Quick Slash"],"picked":"Poisoned Stab","floor":3},{"not_picked":["Deflect","Deadly Poison"],"picked":"Venomology","floor":5},{"not_picked":["Underhanded Strike","Cloak And Dagger","Setup"],"picked":"SKIP","floor":6},{"not_picked":["Cloak And Dagger","Grand Finale"],"picked":"Bouncing Flask","floor":8},{"not_picked":["All Out Attack","Dagger Throw","Underhanded Strike"],"picked":"SKIP","floor":11},{"not_picked":["Acrobatics","Terror"],"picked":"Well Laid Plans","floor":13},{"not_picked":["Unload","Glass Knife"],"picked":"Adrenaline","floor":16},{"not_picked":["Poisoned Stab","Bane+1"],"picked":"Noxious Fumes","floor":18},{"not_picked":["Infinite Blades","Reflex+1","Eviscerate"],"picked":"SKIP","floor":20},{"not_picked":["Dagger Throw","Cloak And Dagger","Deflect+1"],"picked":"SKIP","floor":21},{"not_picked":["Crippling Poison","Dagger Throw"],"picked":"Corpse Explosion","floor":23},{"not_picked":["Prepared","Infinite Blades+1"],"picked":"Bane","floor":27},{"not_picked":["Bane","Dagger Spray","Slice+1"],"picked":"SKIP","floor":28},{"not_picked":["Caltrops","Terror+1"],"picked":"Leg Sweep","floor":29},{"not_picked":["Storm of Steel","Blade Dance","Underhanded Strike+1"],"picked":"SKIP","floor":31},{"not_picked":["Bane","Underhanded Strike+1"],"picked":"Catalyst","floor":35},{"not_picked":["Poisoned Stab","Masterful Stab"],"picked":"Crippling Poison+1","floor":38},{"not_picked":["Heel Hook","Sucker Punch"],"picked":"Backflip+1","floor":39},{"not_picked":["Acrobatics","Poisoned Stab+1"],"picked":"Catalyst","floor":40},{"not_picked":["Bane","Dagger Throw+1","Prepared+1"],"picked":"SKIP","floor":41},{"not_picked":["Slice+1","Flying Knee","Prepared+1"],"picked":"SKIP","floor":42},{"not_picked":["Slice+1","Flying Knee","Prepared+1"],"picked":"SKIP","floor":42},{"not_picked":["Prepared","Outmaneuver+1"],"picked":"Acrobatics","floor":44},{"not_picked":["Outmaneuver","Slice","Die Die Die"],"picked":"SKIP","floor":46},{"not_picked":["PiercingWail","Distraction","Slice+1"],"picked":"SKIP","floor":47},{"not_picked":["Distraction","Blade Dance","Cloak And Dagger"],"picked":"SKIP","floor":48},{"not_picked":["Bullet Time","Glass Knife"],"picked":"Adrenaline","floor":50}],"player_experience":126414,"relics_obtained":[{"floor":6,"key":"FossilizedHelix"},{"floor":8,"key":"Gambling Chip"},{"floor":9,"key":"infinitespire:Golems Mask"},{"floor":13,"key":"War Paint"},{"floor":19,"key":"Bottled Lightning"},{"floor":23,"key":"infinitespire:WardingShard"},{"floor":27,"key":"reliquary:BallBearing"},{"floor":31,"key":"infinitespire:Beetle Shell"},{"floor":40,"key":"Mercury Hourglass"},{"floor":42,"key":"Bronze Scales"},{"floor":43,"key":"reliquary:Vitrine"},{"floor":44,"key":"Shuriken"},{"floor":46,"key":"Toy Ornithopter"}],"event_choices":[{"damage_healed":0,"gold_gain":0,"player_choice":"Take Damage","damage_taken":17,"relics_obtained":["Golden Idol"],"max_hp_gain":0,"max_hp_loss":0,"event_name":"Golden Idol","floor":4,"gold_loss":0},{"damage_healed":0,"gold_gain":0,"player_choice":"Ignored","damage_taken":0,"max_hp_gain":0,"max_hp_loss":0,"event_name":"Liars Game","floor":10,"gold_loss":0},{"cards_removed":["Dagger Spray"],"damage_healed":5,"gold_gain":0,"player_choice":"Offered Common","damage_taken":0,"max_hp_gain":0,"max_hp_loss":0,"event_name":"Bonfire Elementals","floor":14,"gold_loss":0},{"cards_removed":["Dagger Spray"],"damage_healed":5,"gold_gain":0,"player_choice":"Offered Special","damage_taken":0,"max_hp_gain":0,"max_hp_loss":0,"event_name":"Bonfire Elementals","floor":14,"gold_loss":0},{"damage_healed":0,"gold_gain":0,"player_choice":"Ignored","damage_taken":0,"max_hp_gain":0,"max_hp_loss":0,"event_name":"Tomb of Lord Red Mask","floor":36,"gold_loss":0}],"is_beta":false,"boss_relics":[{"not_picked":["Calling Bell","Black Star"],"picked":"reliquary:RedCape"},{"not_picked":["Tiny House","Sozu"],"picked":"Philosopher\u0027s Stone"},{"not_picked":["Fusion Hammer","infinitespire:Cupcake"],"picked":"Cursed Key"}],"items_purged_floors":[],"is_endless":true,"potions_floor_spawned":[5,8,11,13,20,27,28,33,35,44,46,47,48],"ascension_level":4}}