{"host":"hrn9sk6g3e0vcjdq","time":1613408088,"event":{"mods":["AchievementEnabler","BaseMod","BetterRewards","Colored Map","Colored Powertips","Hubris","Minty Spire (QoL Compilation)","Quick Restart","StSLib"],"gold_per_floor":[117,117,130,149,149,149,174,189,214,214,226,240,270,349,349,423,423,443,368,379,379,379],"floor_reached":21,"language":"ENG","playtime":907,"items_purged":["Strike_R"],"score":480,"play_id":"3a176315-32f5-4e7e-bd20-7f37b69a1b17","local_time":"20210215165448","is_ascension_mode":true,"campfire_choices":[{"data":"Spot Weakness","floor":6.0,"key":"SMITH"},{"floor":10.0,"key":"REST"},{"floor":15,"key":"REST"}],"circlet_count":0,"master_deck":["AscendersBane","Strike_R","Strike_R","Strike_R","Strike_R","Defend_R","Defend_R","Defend_R","Defend_R","Bash","Wild Strike","True Grit+1","Pommel Strike","Spot Weakness+1","Disarm","Headbutt","Shrug It Off","Immolate"],"relics":["Burning Blood","Gremlin Horn","Lizard Tail","hubris:SlimyHat","Lantern","SacredBark"],"acts_visited":["Exordium","TheCity"],"potions_floor_usage":[16,20],"damage_taken":[{"damage":7.0,"enemies":"Jaw Worm","floor":1.0,"turns":2.0},{"damage":1.0,"enemies":"Cultist","floor":3.0,"turns":4.0},{"damage":0.0,"enemies":"Small Slimes","floor":4.0,"turns":4.0},{"damage":29.0,"enemies":"Gremlin Nob","floor":7.0,"turns":4.0},{"damage":17.0,"enemies":"3 Louse","floor":8.0,"turns":3.0},{"damage":20.0,"enemies":"Blue Slaver","floor":11.0,"turns":6.0},{"damage":13.0,"enemies":"Looter","floor":12.0,"turns":3.0},{"damage":32.0,"enemies":"3 Sentries","floor":13.0,"turns":9.0},{"damage":52,"enemies":"The Guardian","floor":16,"turns":18},{"damage":24,"enemies":"3 Byrds","floor":18,"turns":5},{"damage":22,"enemies":"Chosen","floor":20,"turns":7},{"damage":79,"enemies":"Sentry and Sphere","floor":21,"turns":9}],"seed_played":"-7991323034905857394","potions_obtained":[{"floor":3.0,"key":"AttackPotion"},{"floor":4.0,"key":"EssenceOfSteel"},{"floor":7.0,"key":"Block Potion"},{"floor":13.0,"key":"FairyPotion"},{"floor":18,"key":"Block Potion"}],"is_trial":false,"path_per_floor":["M","?","M","M","?","R","E","M","T","R","M","M","E","?","R","B",null,"M","$","M","M"],"character_chosen":"IRONCLAD","items_purchased":["Gremlin Horn","Wild Strike"],"campfire_rested":2,"item_purchase_floors":[0,0],"current_hp_per_floor":[71,80,80,80,80,80,57,46,46,70,56,49,23,23,47,26,67,49,49,33,0,0],"gold":379,"neow_bonus":"","is_daily":false,"chose_seed":false,"campfire_upgraded":1,"win_rate":0.0,"timestamp":1613408088,"path_taken":["M","?","?","M","?","R","E","M","T","R","M","?","E","?","R","BOSS","M","$","M","M"],"items_purchased_type":["Relic","Card"],"build_version":"2020-12-22","purchased_purges":1,"victory":false,"max_hp_per_floor":[80,80,80,80,80,80,80,80,80,80,80,80,80,80,80,80,80,80,80,80,80,80],"card_choices":[{"not_picked":["Perfected Strike","Pummel"],"picked":"True Grit","floor":1.0},{"not_picked":["Heavy Blade","Dark Embrace"],"picked":"Pommel Strike","floor":3.0},{"not_picked":["Fire Breathing","Combust"],"picked":"Spot Weakness","floor":4.0},{"not_picked":["Feed","Feel No Pain"],"picked":"Disarm","floor":7.0},{"not_picked":["Spot Weakness","Wild Strike"],"picked":"Headbutt","floor":8.0},{"not_picked":["Perfected Strike","Heavy Blade","Fiend Fire"],"picked":"SKIP","floor":11.0},{"not_picked":["Wild Strike","Power Through"],"picked":"Shrug It Off","floor":12.0},{"not_picked":["Rupture","Pommel Strike","Blood for Blood"],"picked":"SKIP","floor":13.0},{"not_picked":["hubris:StunningStrike","Barricade"],"picked":"Immolate","floor":16},{"not_picked":["Sword Boomerang","Perfected Strike","Dual Wield"],"picked":"SKIP","floor":18},{"not_picked":["Flex","Havoc","hubris:ReadiedAction+1"],"picked":"SKIP","floor":20}],"player_experience":638096,"relics_obtained":[{"floor":7.0,"key":"Lizard Tail"},{"floor":9.0,"key":"hubris:SlimyHat"},{"floor":13.0,"key":"Lantern"}],"event_choices":[{"damage_healed":9.0,"max_hp_gain":0.0,"max_hp_loss":0.0,"gold_gain":0.0,"event_name":"Wheel of Change","player_choice":"Full Heal","floor":2.0,"gold_loss":0.0,"damage_taken":0.0},{"damage_healed":0.0,"max_hp_gain":0.0,"max_hp_loss":0.0,"gold_gain":0.0,"event_name":"Accursed Blacksmith","player_choice":"Forge","floor":5.0,"gold_loss":0.0,"damage_taken":0.0,"cards_upgraded":["True Grit"]},{"damage_healed":0,"gold_gain":79,"player_choice":"Gained Gold","damage_taken":0,"max_hp_gain":0,"max_hp_loss":0,"event_name":"Golden Wing","floor":14,"gold_loss":0}],"is_beta":false,"boss_relics":[{"not_picked":["Coffee Dripper","Runic Cube"],"picked":"SacredBark"}],"items_purged_floors":[19],"is_endless":false,"potions_floor_spawned":[3,4,7,13,18],"killed_by":"Sentry and Sphere","ascension_level":13}}