{"host":"qc8gw3x1c8jlo9fx","time":1613361910,"event":{"mods":["AchievementEnabler","BaseMod","Better Note","BetterRewards","Conspire","Hubris","Infinite Spire","Jedi Mod","Minty Spire (QoL Compilation)","Reliquary","Replay The Spire","StSLib","The IronCluck"],"gold_per_floor":[114,114,114,389,404,434,434,449,449,449,449,17,32,32,32,132,132,147,147,147,147,147,177,177,192,217,232,232,232,247,284,368,468,468,483,483,558,558,107,137,137,137,137,152,189,189,189,219,219,219],"floor_reached":51,"language":"ENG","playtime":1783,"items_purged":[],"score":990,"play_id":"7ff60108-c58f-4ed9-a668-dbeadb31ab41","local_time":"20210214210510","daily_mods":["Heirloom","Flight","Night Terrors"],"is_ascension_mode":false,"campfire_choices":[{"floor":7,"key":"REST"},{"data":"conspire:Banana","floor":15,"key":"SMITH"},{"floor":24,"key":"REST"},{"floor":42,"key":"REST"},{"data":"Life Link","floor":49,"key":"SMITH"}],"circlet_count":0,"master_deck":["Strike_R+1","Strike_R+1","Strike_R+1","Strike_R+1","Strike_R+1","Defend_R+1","Defend_R+1","Defend_R+1","Defend_R+1","Bash","Anger+1","Regret","Perfected Strike","Thunderclap","Sword Boomerang","Twin Strike+1","conspire:Banana+1","Life Link+1","Armaments","Strike_R+1","Strike_R+1","Strike_R+1","Strike_R+1","Strike_R+1","Defend_R+1","Defend_R+1","Defend_R+1","Defend_R+1","Bash+1","Anger+1","Regret","Perfected Strike+1","Thunderclap+1","Sword Boomerang+1","Twin Strike+1","conspire:Banana+1","Life Link","conspire:HitWhereItHurts+1","Reaper+1","Rage","Sword Boomerang+1","Anger+1","Cleave+1","hubris:StunningStrike+1","hubris:ReadiedAction+1","Amnesia","Wild Strike+1","Thunderclap+1","Wild Strike+1","Shrug It Off+1","Combust"],"relics":["Burning Blood","Pondfish Scales","Pet Ghost","Blood Vial","hubris:DeckOfHolding","Sling","Pen Nib","hubris:Backtick","Molten Egg 2","hubris:SphereOfDissonance","Happy Flower","Replay:Lucky Slots","Bottled Flame","Electric Blood","hubris:Icosahedron","Mirror","ReplayTheSpireMod:Ring of Exchange","Ring of Misfortune","Membership Card","jedi:matchstick","reliquary:JackalopeAntler","Bronze Scales","hubris:SlimyHat","Replay:Wax Seal","Replay:WaspNest","Replay:Mystery Machine"],"acts_visited":["Exordium","TheCity","TheBeyond"],"potions_floor_usage":[16,16,16,23],"damage_taken":[{"damage":14,"enemies":"2 Louse","floor":1,"turns":3},{"damage":8,"enemies":"Jaw Worm","floor":5,"turns":3},{"damage":40,"enemies":"3 Sentries","floor":6,"turns":8},{"damage":3,"enemies":"Small Slimes","floor":8,"turns":3},{"damage":17,"enemies":"Blue Slaver","floor":13,"turns":3},{"damage":43,"enemies":"The Guardian","floor":16,"turns":9},{"damage":27,"enemies":"conspire:FuzzyDice","floor":18,"turns":4},{"damage":41,"enemies":"conspire:SneckoGhost","floor":23,"turns":5},{"damage":5,"enemies":"Chosen","floor":25,"turns":3},{"damage":29,"enemies":"3 Cultists","floor":27,"turns":4},{"damage":1,"enemies":"Shelled Parasite and Fungi","floor":30,"turns":3},{"damage":7,"enemies":"Book of Stabbing","floor":31,"turns":3},{"damage":91,"enemies":"Champ","floor":33,"turns":8},{"damage":14,"enemies":"Orb Walker","floor":35,"turns":3},{"damage":48,"enemies":"Nemesis","floor":40,"turns":3},{"damage":15,"enemies":"3 Shapes","floor":44,"turns":4},{"damage":18,"enemies":"Reptomancer","floor":45,"turns":5},{"damage":23,"enemies":"Nemesis","floor":48,"turns":3},{"damage":63,"enemies":"Time Eater","floor":50,"turns":7}],"seed_played":"5535013652570512859","potions_obtained":[{"floor":1,"key":"Dexterity Potion"},{"floor":6,"key":"LifebloodPotion"},{"floor":8,"key":"jedi:tentaclejuice"},{"floor":16,"key":"Reflective Coating"},{"floor":18,"key":"SkillPotion"},{"floor":27,"key":"Dexterity Potion"},{"floor":33,"key":"AttackPotion"},{"floor":45,"key":"AttackPotion"}],"is_trial":false,"path_per_floor":["M","?","$","?","M","E","R","M","T","?","?","$","M","?","R","B",null,"M","?","?","?","?","E","R","M","T","M","?","AVR","M","E","R","B",null,"M","?","T","?","$","E","?","R","T","M","E","?","AVR","E","R","B",null],"character_chosen":"IRONCLAD","items_purchased":["Sling","Pen Nib","Twin Strike+1","conspire:Banana","Membership Card","jedi:matchstick","reliquary:JackalopeAntler","Wild Strike+1"],"campfire_rested":3,"item_purchase_floors":[12,12,12,12,39,39,39,39],"current_hp_per_floor":[72,72,72,72,70,36,75,75,75,75,75,75,64,69,69,36,82,63,63,66,66,66,37,86,88,88,69,102,102,104,107,107,34,112,106,106,106,106,106,68,68,109,109,100,106,106,106,97,97,51],"gold":219,"neow_bonus":"","is_daily":true,"chose_seed":false,"campfire_upgraded":2,"win_rate":0.0,"timestamp":1613361910,"path_taken":["M","?","?","?","?","E","R","?","T","?","?","$","M","?","R","BOSS","M","?","?","?","?","E","R","?","T","M","?","AVR","?","E","R","BOSS","M","?","?","?","$","E","?","R","T","?","E","?","AVR","E","R","BOSS"],"items_purchased_type":["Relic","Relic","Card","Card","Relic","Relic","Relic","Card"],"build_version":"2020-12-22","purchased_purges":0,"victory":true,"max_hp_per_floor":[80,80,80,80,80,80,75,75,75,75,75,75,75,80,80,82,82,84,84,87,87,87,91,86,88,88,92,102,102,104,108,108,112,112,112,112,112,112,112,114,114,109,109,109,111,111,111,111,111,113],"card_choices":[{"not_picked":["ReplayReversal","ReplayTheSpireMod:Muscle Training"],"picked":"Anger","floor":1},{"not_picked":["Heavy Blade","Warcry"],"picked":"Perfected Strike","floor":5},{"not_picked":["Demon Form","Feel No Pain"],"picked":"Thunderclap","floor":6},{"not_picked":["Heavy Blade","ReplayTheSpireMod:Strike From Hell"],"picked":"Sword Boomerang","floor":8},{"not_picked":["Clash","Cleave"],"picked":"Life Link","floor":13},{"not_picked":["Demonic Infusion","Fiend Fire"],"picked":"conspire:HitWhereItHurts","floor":16},{"not_picked":["Replay:Undeath\u0027s Touch+1","Spot Weakness+1"],"picked":"Armaments","floor":18},{"not_picked":["Headbutt+1","Sword Boomerang+1"],"picked":"Reaper+1","floor":23},{"not_picked":["hubris:SharpeningStone+1","Abandon"],"picked":"Rage","floor":25},{"not_picked":["Clash+1","Massacre+1"],"picked":"Sword Boomerang+1","floor":27},{"not_picked":["Pommel Strike+1","Havoc"],"picked":"Anger+1","floor":30},{"not_picked":["Dark Embrace","Rupture"],"picked":"Cleave+1","floor":31},{"not_picked":["Hemogenesis+1","Eclipse"],"picked":"hubris:StunningStrike+1","floor":33},{"not_picked":["Hemokinesis+1","Armaments+1"],"picked":"hubris:ReadiedAction+1","floor":35},{"not_picked":["Entrench","jedi:controlledanger"],"picked":"Thunderclap+1","floor":40},{"not_picked":["Rupture+1","Cleave+1"],"picked":"Wild Strike+1","floor":44},{"not_picked":["Warcry","Havoc"],"picked":"Shrug It Off+1","floor":45},{"not_picked":["Clash+1","Shrug It Off"],"picked":"Combust","floor":48}],"player_experience":218117,"relics_obtained":[{"floor":6,"key":"Pet Ghost"},{"floor":9,"key":"Blood Vial"},{"floor":11,"key":"hubris:DeckOfHolding"},{"floor":23,"key":"hubris:SphereOfDissonance"},{"floor":26,"key":"Happy Flower"},{"floor":31,"key":"Bottled Flame"},{"floor":37,"key":"Mirror"},{"floor":38,"key":"ReplayTheSpireMod:Ring of Exchange"},{"floor":38,"key":"Ring of Misfortune"},{"floor":40,"key":"Bronze Scales"},{"floor":43,"key":"hubris:SlimyHat"},{"floor":45,"key":"Replay:Wax Seal"},{"floor":48,"key":"Replay:Mystery Machine"}],"event_choices":[{"damage_healed":0,"gold_gain":0,"player_choice":"Grow","damage_taken":0,"max_hp_gain":0,"max_hp_loss":0,"event_name":"Living Wall","floor":2,"gold_loss":0,"cards_upgraded":["Anger"]},{"damage_healed":0,"gold_gain":275,"player_choice":"Desecrate","damage_taken":0,"max_hp_gain":0,"max_hp_loss":0,"event_name":"Golden Shrine","floor":4,"gold_loss":0,"cards_obtained":["Regret"]},{"damage_healed":0,"gold_gain":0,"player_choice":"Disagree","damage_taken":0,"max_hp_gain":0,"max_hp_loss":0,"event_name":"conspire:LoneGhost","floor":10,"gold_loss":0},{"damage_healed":0,"gold_gain":0,"player_choice":"Donut","damage_taken":0,"max_hp_gain":5,"max_hp_loss":0,"event_name":"Big Fish","floor":14,"gold_loss":0},{"damage_healed":0,"gold_gain":0,"player_choice":"Simplicity","damage_taken":0,"max_hp_gain":0,"max_hp_loss":0,"event_name":"Back to Basics","floor":19,"gold_loss":0,"cards_upgraded":["Strike_R","Strike_R","Strike_R","Strike_R","Strike_R","Defend_R","Defend_R","Defend_R","Defend_R"]},{"damage_healed":0,"gold_gain":0,"player_choice":"Ignored","damage_taken":0,"max_hp_gain":0,"max_hp_loss":0,"event_name":"Ghosts","floor":21,"gold_loss":0},{"cards_removed":["conspire:HitWhereItHurts"],"damage_healed":23,"gold_gain":0,"player_choice":"Offered Rare","damage_taken":0,"max_hp_gain":10,"max_hp_loss":0,"event_name":"Bonfire Elementals","floor":28,"gold_loss":0},{"cards_removed":["Armaments"],"damage_healed":0,"gold_gain":0,"player_choice":"Removed Skill","damage_taken":0,"max_hp_gain":0,"max_hp_loss":0,"event_name":"Falling","floor":41,"gold_loss":0},{"damage_healed":0,"gold_gain":0,"player_choice":"Ignored","damage_taken":0,"max_hp_gain":0,"max_hp_loss":0,"event_name":"Tomb of Lord Red Mask","floor":46,"gold_loss":0}],"is_beta":false,"boss_relics":[{"not_picked":["Ring of Chaos","reliquary:WritOfMandamus"],"picked":"hubris:Backtick"},{"not_picked":["conspire:SlowCooker","reliquary:Craggleroot"],"picked":"Electric Blood"}],"items_purged_floors":[],"is_endless":false,"potions_floor_spawned":[1,6,8,16,18,27,33,45,48],"ascension_level":0}}