{"host":"ljnkpwbnfujn5lym","time":1613359199,"event":{"mods":["Bard","BaseMod","Better Note","Colored Map","Colored Powertips","Exacting","Googly Eyes","Highlight Path","Infinite Spire","Minty Spire (QoL Compilation)","Permanent Neow","Quick Restart","Relic Sorter","Relic Stats","Replay The Spire","StSLib","The IronCluck","slay the spire mod where everything is the same but ironclad has a cowboy hat"],"gold_per_floor":[129,129,76,76,76,126,138,150,187,137,149,219,231,262,274,411,423,454,156,175,175,175,213,213,213,338,376,376,376,376,414,414,539,639,716,716,991,1074,384,384,384,428,453,697,780,780,780,106,106,106],"floor_reached":51,"language":"ENG","playtime":1405,"items_purged":["Strike_R","ReplayTheSpireMod:Splinters","ReplayTheSpireMod:Restless Dread","infinitespire:Pacifist"],"score":1064,"play_id":"0eb30363-4d32-4ab0-8094-a6a4ff1493ec","local_time":"20210214211959","daily_mods":["Heirloom","Flight","Night Terrors"],"is_ascension_mode":false,"campfire_choices":[{"data":"Perfected Strike","floor":7.0,"key":"SMITH"},{"data":"Inflame","floor":8.0,"key":"SMITH"},{"data":"Bash","floor":11.0,"key":"SMITH"},{"data":"Heavy Blade","floor":13.0,"key":"SMITH"},{"floor":15.0,"key":"REST"},{"data":"Apotheosis","floor":24.0,"key":"SMITH"},{"data":"Mayhem","floor":30.0,"key":"SMITH"},{"floor":32.0,"key":"REST"},{"data":"infinitespire:Pacifist","floor":40.0,"key":"PURGE"},{"data":"Double Tap","floor":47,"key":"SMITH"},{"data":"Shockwave","floor":49,"key":"SMITH"}],"circlet_count":0,"master_deck":["Strike_R+1","Strike_R","Strike_R+1","Strike_R","Defend_R","Defend_R","Defend_R","Defend_R","Bash+1","Perfected Strike+1","Inflame+1","Rampage","Heavy Blade+1","Rage","Double Tap+1","Metallicize","Shockwave+1","Apotheosis+1","Mayhem+1","J.A.X.","Whirlwind","Shrug It Off","CommonCold","Regret","Injury","Clumsy","ReplayTheSpireMod:Splinters","Hallucinations","infinitespire:Pacifist","ReplayTheSpireMod:Doomed","Decay","ReplayTheSpireMod:IOU","ReplayTheSpireMod:Restless Dread","Feel No Pain"],"relics":["Burning Blood","Replay:Wax Seal","infinitespire:CursedDice","Golden Idol","ReplayTheSpireMod:Ring of Collecting","MawBank","Centennial Puzzle","Ring of Fury","Whetstone","ReplayTheSpireMod:Spearhead","Red Skull","Replay:Bronze Core","ReplayTheSpireMod:ShopPack","Boot","Singing Bowl","Ring of Greed","The Courier","Smiling Mask","Kunai","Ice Cream","Ring of Searing","Blood Vial","Thread and Needle","Du-Vu Doll","Replay:Wanted Poster","infinitespire:EvilPickle","ClockworkSouvenir","Happy Flower","ReplayTheSpireMod:Lightbulb","Peace Pipe","Replay:Baseball","Bag of Marbles","Blue Doll","Nunchaku","Cauldron","CeramicFish","BranchBurnRelic"],"acts_visited":["Exordium","TheCity","TheBeyond"],"potions_floor_usage":[],"damage_taken":[{"damage":7.0,"enemies":"2 Louse","floor":1.0,"turns":3.0},{"damage":31.0,"enemies":"Lagavulin","floor":6.0,"turns":6.0},{"damage":7.0,"enemies":"3 Sentries","floor":10.0,"turns":5.0},{"damage":18.0,"enemies":"Lagavulin","floor":12.0,"turns":4.0},{"damage":0.0,"enemies":"Cultist","floor":14.0,"turns":2.0},{"damage":10.0,"enemies":"Slime Boss","floor":16.0,"turns":8.0},{"damage":0.0,"enemies":"Spheric Guardian","floor":18.0,"turns":2.0},{"damage":4.0,"enemies":"Chosen","floor":20.0,"turns":2.0},{"damage":26.0,"enemies":"Slavers","floor":23.0,"turns":5.0},{"damage":17.0,"enemies":"Nightmare","floor":27.0,"turns":7.0},{"damage":19.0,"enemies":"Slavers","floor":31.0,"turns":3.0},{"damage":36.0,"enemies":"Pondfish","floor":33.0,"turns":6.0},{"damage":14.0,"enemies":"3 Shapes","floor":35.0,"turns":3.0},{"damage":0.0,"enemies":"3 Darklings","floor":38.0,"turns":1.0},{"damage":16.0,"enemies":"Sphere and 2 Shapes","floor":42.0,"turns":3.0},{"damage":7,"enemies":"R_Hoarder","floor":45,"turns":2},{"damage":0,"enemies":"infinitespire:MassOfShapes","floor":50,"turns":1}],"seed_played":"5535013652570512859","potions_obtained":[{"floor":1.0,"key":"AttackPotion"},{"floor":6.0,"key":"LifebloodPotion"},{"floor":12.0,"key":"Venom Potion"},{"floor":18.0,"key":"SmokeBomb"},{"floor":31.0,"key":"Strength Potion"},{"floor":33.0,"key":"LifebloodPotion"},{"floor":45,"key":"Weak Potion"}],"is_trial":false,"path_per_floor":["M","?","$","?","T","E","R","R","T","E","R","E","R","M","R","B",null,"M","$","M","?","?","E","R","?","T","NM","T","AVR","R","E","R","B",null,"M","?","?","M","$","R","?","M","T","?","E","?","R","$","R","B",null],"character_chosen":"IRONCLAD","items_purchased":["Replay:Wax Seal","Inflame","Metallicize","Shockwave","ReplayTheSpireMod:ShopPack","ClockworkSouvenir","Happy Flower","ReplayTheSpireMod:Lightbulb","Peace Pipe","Feel No Pain","Dead Branch","Nunchaku","Cauldron","CeramicFish"],"campfire_rested":2,"item_purchase_floors":[3,3,19,19,19,39,39,39,39,48,48,48,48,48],"current_hp_per_floor":[79,59,59,59,59,34,34,34,34,33,33,21,21,27,75,71,75,75,75,75,75,75,55,55,55,55,46,46,46,46,37,74,46,76,70,66,66,76,76,76,76,70,70,72,77,77,77,77,77,85],"gold":106,"neow_bonus":"","is_daily":true,"chose_seed":false,"campfire_upgraded":8,"win_rate":0.0,"timestamp":1613359199,"path_taken":["M","?","?","?","?","E","R","R","T","E","R","E","R","?","R","BOSS","M","$","?","?","?","E","R","?","T","NM","?","AVR","R","E","R","BOSS","M","?","?","?","$","R","?","?","T","?","E","?","R","$","R","BOSS"],"items_purchased_type":["Relic","Card","Card","Card","Relic","Relic","Relic","Relic","Relic","Card","Relic","Relic","Relic","Relic"],"build_version":"2020-12-22","purchased_purges":4,"victory":true,"max_hp_per_floor":[80,80,80,80,80,80,80,80,80,80,80,80,80,80,75,75,75,75,75,75,75,75,75,75,75,75,77,77,77,77,79,74,76,76,78,84,84,86,86,86,86,88,88,90,94,94,94,94,94,94],"relic_stats":{"Singing Bowl":24,"Happy Flower":[2],"counters":[17,63],"Golden Idol":204,"CeramicFish":0,"Whetstone":["Strike_R","Strike_R"],"MawBank":168,"Boot":[0],"Smiling Mask":80,"Burning Blood":94,"Blood Vial":10,"Peace Pipe":1,"Centennial Puzzle":[33],"Nunchaku":[0],"Kunai":[5],"obtain_stats":[{"Ice Cream":27,"Singing Bowl":23,"CeramicFish":48,"Blue Doll":45,"Whetstone":9,"Boot":22,"Smiling Mask":26,"Burning Blood":0,"Ring of Searing":28,"ClockworkSouvenir":39,"Blood Vial":28,"Replay:Wanted Poster":34,"BranchBurnRelic":49,"Centennial Puzzle":6,"Nunchaku":48,"Replay:Bronze Core":17,"Kunai":26,"Replay:Wax Seal":3,"Red Skull":12,"Happy Flower":39,"infinitespire:CursedDice":0,"Golden Idol":2,"Dead Branch":48,"Thread and Needle":29,"The Courier":26,"Ring of Greed":26,"MawBank":5,"Du-Vu Doll":31,"infinitespire:EvilPickle":34,"Peace Pipe":39,"Cauldron":48,"ReplayTheSpireMod:Spearhead":10,"Replay:Baseball":41,"ReplayTheSpireMod:Ring of Collecting":4,"Ring of Fury":9,"Bag of Marbles":43,"ReplayTheSpireMod:Lightbulb":39,"ReplayTheSpireMod:ShopPack":19},{"Ice Cream":10,"Singing Bowl":9,"CeramicFish":16,"Blue Doll":16,"Whetstone":2,"Boot":8,"Smiling Mask":9,"Burning Blood":0,"Ring of Searing":10,"ClockworkSouvenir":14,"Blood Vial":10,"Replay:Wanted Poster":12,"BranchBurnRelic":16,"Centennial Puzzle":2,"Nunchaku":16,"Replay:Bronze Core":6,"Kunai":9,"Replay:Wax Seal":1,"Red Skull":4,"Happy Flower":14,"infinitespire:CursedDice":0,"Golden Idol":1,"Dead Branch":16,"Thread and Needle":10,"The Courier":9,"Ring of Greed":9,"MawBank":1,"Du-Vu Doll":11,"infinitespire:EvilPickle":12,"Peace Pipe":14,"Cauldron":16,"ReplayTheSpireMod:Spearhead":3,"Replay:Baseball":14,"ReplayTheSpireMod:Ring of Collecting":1,"Ring of Fury":2,"Bag of Marbles":15,"ReplayTheSpireMod:Lightbulb":14,"ReplayTheSpireMod:ShopPack":7},{"Ice Cream":44,"Singing Bowl":37,"CeramicFish":62,"Blue Doll":62,"Whetstone":9,"Boot":32,"Smiling Mask":37,"Burning Blood":0,"Ring of Searing":44,"ClockworkSouvenir":57,"Blood Vial":44,"Replay:Wanted Poster":53,"BranchBurnRelic":62,"Centennial Puzzle":9,"Nunchaku":62,"Replay:Bronze Core":28,"Kunai":37,"Replay:Wax Seal":3,"Red Skull":18,"Happy Flower":57,"infinitespire:CursedDice":0,"Golden Idol":3,"Dead Branch":62,"Thread and Needle":44,"The Courier":37,"Ring of Greed":37,"MawBank":3,"Du-Vu Doll":47,"infinitespire:EvilPickle":53,"Peace Pipe":57,"Cauldron":62,"ReplayTheSpireMod:Spearhead":14,"Replay:Baseball":57,"ReplayTheSpireMod:Ring of Collecting":3,"Ring of Fury":9,"Bag of Marbles":60,"ReplayTheSpireMod:Lightbulb":57,"ReplayTheSpireMod:ShopPack":30}]},"card_choices":[{"not_picked":["Ghostly Armor","Sentinel"],"picked":"Perfected Strike","floor":1.0},{"not_picked":["Run Through","Cleave"],"picked":"Rampage","floor":6.0},{"not_picked":["Warcry","Flex","Exhume"],"picked":"SKIP","floor":10.0},{"not_picked":["Thunderclap","ReplayTheSpireMod:LeadingStrike"],"picked":"Heavy Blade","floor":12.0},{"not_picked":["Dropkick","Warcry"],"picked":"Rage","floor":14.0},{"not_picked":["Corruption","Barricade"],"picked":"Double Tap","floor":16.0},{"not_picked":["Flex","Rage+1","Wild Strike"],"picked":"SKIP","floor":18.0},{"not_picked":["Master of Strategy","Replay:BasicMightCard"],"picked":"Apotheosis","floor":19.0},{"not_picked":["Master of Strategy","The Bomb"],"picked":"Mayhem","floor":19.0},{"not_picked":["Body Slam","Iron Wave","Armaments+1"],"picked":"SKIP","floor":20.0},{"not_picked":["Anger+1","Replay:Many Hands"],"picked":"Whirlwind","floor":23.0},{"not_picked":["Searing Blow+1","Wild Strike","Havoc"],"picked":"Singing Bowl","floor":27.0},{"not_picked":["Havoc","Replay:Undeath\u0027s Touch","Second Wind"],"picked":"Singing Bowl","floor":31.0},{"not_picked":["Impervious","Eclipse","Replay:Many Hands"],"picked":"Singing Bowl","floor":33.0},{"not_picked":["Run Through","Perfected Strike","Havoc"],"picked":"Singing Bowl","floor":35.0},{"not_picked":["Deep Breath","Sadistic Nature","Discovery"],"picked":"Singing Bowl","floor":36.0},{"not_picked":["Replay:Bootleg Shield Generator","Replay:BasicMightCard","Panacea"],"picked":"Singing Bowl","floor":36.0},{"not_picked":["Replay:Sssssssssshield","Panacea","PanicButton"],"picked":"Singing Bowl","floor":36.0},{"not_picked":["Armaments","ReplayTheSpireMod:Stacked","Sever Soul"],"picked":"Singing Bowl","floor":38.0},{"not_picked":["Sword Boomerang+1","Warcry+1","Clash"],"picked":"Singing Bowl","floor":42.0},{"not_picked":["Shockwave","Replay:Undeath\u0027s Touch","Wild Strike+1"],"picked":"Singing Bowl","floor":44},{"not_picked":["Thunderclap","Fire Breathing","Hemogenesis"],"picked":"Singing Bowl","floor":45},{"not_picked":["Flex+1","Thunderclap+1","Fiend Fire"],"picked":"Singing Bowl","floor":45},{"not_picked":["Replay:Fractal Strike","infinitespire:Collect"],"picked":"infinitespire:SealOfDarkness+","floor":46}],"player_experience":643116,"relics_obtained":[{"floor":4.0,"key":"ReplayTheSpireMod:Ring of Collecting"},{"floor":5.0,"key":"MawBank"},{"floor":6.0,"key":"Centennial Puzzle"},{"floor":9.0,"key":"Ring of Fury"},{"floor":9.0,"key":"Whetstone"},{"floor":10.0,"key":"ReplayTheSpireMod:Spearhead"},{"floor":12.0,"key":"Red Skull"},{"floor":23.0,"key":"Singing Bowl"},{"floor":26.0,"key":"Ring of Greed"},{"floor":26.0,"key":"The Courier"},{"floor":26.0,"key":"Smiling Mask"},{"floor":26.0,"key":"Kunai"},{"floor":27.0,"key":"Ice Cream"},{"floor":28.0,"key":"Ring of Searing"},{"floor":28.0,"key":"Blood Vial"},{"floor":31.0,"key":"Du-Vu Doll"},{"floor":43.0,"key":"Bag of Marbles"},{"floor":45,"key":"Blue Doll"}],"event_choices":[{"damage_healed":0.0,"max_hp_gain":0.0,"max_hp_loss":0.0,"gold_gain":0.0,"event_name":"Golden Idol","player_choice":"Take Damage","floor":2.0,"gold_loss":0.0,"damage_taken":20.0,"relics_obtained":["Golden Idol"]},{"damage_healed":0.0,"max_hp_gain":0.0,"max_hp_loss":0.0,"gold_gain":0.0,"event_name":"Drug Dealer","player_choice":"Obtain J.A.X.","floor":21.0,"gold_loss":0.0,"damage_taken":0.0,"cards_obtained":["J.A.X."]},{"damage_healed":0.0,"max_hp_gain":0.0,"max_hp_loss":0.0,"gold_gain":0.0,"event_name":"The Mausoleum","player_choice":"Opened","floor":22.0,"gold_loss":0.0,"damage_taken":0.0,"relics_obtained":["Boot"]},{"damage_healed":0.0,"max_hp_gain":0.0,"max_hp_loss":0.0,"gold_gain":0.0,"event_name":"The Library","player_choice":"Read","floor":25.0,"gold_loss":0.0,"damage_taken":0.0,"cards_obtained":["Shrug It Off"]},{"damage_healed":0.0,"max_hp_gain":0.0,"max_hp_loss":0.0,"gold_gain":0.0,"event_name":"SensoryStone","player_choice":"Memory 3","floor":36.0,"gold_loss":0.0,"damage_taken":10.0},{"damage_healed":0.0,"max_hp_gain":0.0,"max_hp_loss":0.0,"gold_gain":275.0,"event_name":"Golden Shrine","player_choice":"Desecrate","floor":37.0,"gold_loss":0.0,"damage_taken":0.0,"cards_obtained":["Regret"]},{"damage_healed":0.0,"max_hp_gain":0.0,"max_hp_loss":0.0,"gold_gain":0.0,"event_name":"WeMeetAgain","player_choice":"Gave Potion","floor":41.0,"gold_loss":0.0,"damage_taken":0.0,"relics_obtained":["Replay:Baseball"]}],"is_beta":false,"boss_relics":[{"not_picked":["SacredBark","ChewingGum"],"picked":"Replay:Bronze Core"},{"not_picked":["Pandora\u0027s Box","Electric Blood"],"picked":"Replay:Wanted Poster"}],"items_purged_floors":[19,29,39,48],"is_endless":false,"potions_floor_spawned":[1,6,12,18,31,33,35,45],"ascension_level":0}}