{"host":"Ringo","time":1613401219,"event":{"mods":["BaseMod","Colored Map","Conspire","Dota2Spire","Hubris","Minty Spire (QoL Compilation)","Replay The Spire","StSLib","The Construct","[IsaacMod]ÒÔÈö¼âËþ","¡¾ÒÅÎï¿¨ÅÆ¡¿REMEMod"],"gold_per_floor":[114,132,145,145,165,190,202,234,234,259,290,290,321,349,349,427,427,446,446,464,211,211,274,314,348,348,382,419,459,492,356,356,464,464,477,508,508,408,484,554,554,586,586,614,670,706,742,779,779,798,812,843,843,843,879,911,989,989,989,989,989,1020,1020,1020,1044,1047],"floor_reached":52,"language":"ZHS","playtime":1468,"items_purged":["Infernal Blade"],"score":4210,"play_id":"e0108ba4-18be-41b8-8c15-10ad6ed22ecb","local_time":"20210215230019","daily_mods":["SealedDeck","Vintage","Heirloom","Time Dilation","Flight","DeadlyEvents","Elite Swarm","Lethality","Binary"],"is_ascension_mode":true,"campfire_choices":[{"data":"Metallicize","floor":12.0,"key":"SMITH"},{"data":"REME_Scribble","floor":12.0,"key":"SMITH"},{"data":"Replay:Undeath\u0027s Touch","floor":15.0,"key":"SMITH"},{"data":"Flex","floor":15.0,"key":"SMITH"},{"floor":32.0,"key":"REST"},{"floor":41,"key":"REST"},{"floor":49,"key":"REST"},{"floor":44,"key":"REST"}],"circlet_count":0,"master_deck":["AscendersBane","Clothesline+1","Iron Wave+1","ReplayTheSpireMod:Strike From Hell+1","Heavy Blade+1","Rage+1","REME_Scribble+1","Flex+1","Cleave+1","Replay:Undeath\u0027s Touch+1","Thunderclap+1","Metallicize+1","Sword Boomerang+1","Pummel+1","REME_FearOfPain+1","Good Instincts+1","Judgement+1","Ragnarok+1","Scrawl+1","DeusExMachina+1","Ghostly Armor+1","REME_ACTH+1","hubris:StunningStrike+1","Barricade+1","Double Tap+1","Indignation+1","Vault+1","ReplayTheSpireMod:Muscle Training+1","DevaForm+1","Wish+1","conspire:ExplosiveBarrier+1","Protect+1","Entrench+1","SpiritShield+1","Replay:AllIn+1","Spot Weakness","ReplayUltimateDefense+1","Panacea+1","Intimidate+1","REME_Cut+1","REME_Cut+1","Replay:Parry+1","Abandon+1","Combust+1","EpicFetus+1","Worship","REME_Flogging+1","Specialist+1","Fire Breathing+1","hubris:CleavingFinish+1"],"relics":["Burning Blood","Busted Crown","HushsDoor","REME_ComplimentaryCards","replay:Trail_Library","GuppysHead","DeadEye","hubris:OldNail","Dota2Spire:PowerTreads","Smiling Mask","Paper Frog","SteamSale","hubris:CuriousFeather","Golden Egg","Dota2Spire:DrumOfEndurance","Replay:Arrowhead","NineVolt","Replay:WaspNest","Dota2Spire:RefresherOrb","hubris:DisguiseKit","REME_ArchaeologicalTools","construct:RocketBooster","Iron Hammer","Pet Ghost","Toy Ornithopter","White Beast Statue","War Paint","Orichalcum","hubris:SphereOfDissonance","CaptainsWheel","Membership Card","Dota2Spire:HeartOfTarrasque","Turnip","SacredBark","GuppysTail","GuppysCollar","AnarchistCookbook","Dota2Spire:DivineRapier","UnicornStump","Dota2Spire:MonkeyKingBar","Dota2Spire:ArmletOfMordiggian","PunchingBag","Red Skull","Incense Burner","Dota2Spire:LinkenSphere","Mummified Hand","Replay:PocketPolymizer","MoneyPower","Pondfish Scales","Du-Vu Doll","hubris:Teleporter","hubris:CrystalStatue","Self Forming Clay","GnawedLeaf","Garlic","Lee\u0027s Waffle","ReplayTheSpireMod:Shallot","Meat on the Bone","Toolbox","REME_LimitBreaker","Snack Pack","Unceasing Top","Frozen Eye","TheBean","Anchor"],"acts_visited":["Exordium","TheCity","TheBeyond"],"potions_floor_usage":[51,51,51,51],"damage_taken":[{"damage":0.0,"enemies":"2 Louse","floor":1.0,"turns":1.0},{"damage":2.0,"enemies":"Small Slimes","floor":2.0,"turns":1.0},{"damage":2.0,"enemies":"Cultist","floor":3.0,"turns":2.0},{"damage":2.0,"enemies":"Blue Slaver","floor":5.0,"turns":2.0},{"damage":2.0,"enemies":"Lagavulin","floor":6.0,"turns":2.0},{"damage":2.0,"enemies":"Looter","floor":7.0,"turns":1.0},{"damage":2.0,"enemies":"Gremlin Nob","floor":8.0,"turns":2.0},{"damage":11.0,"enemies":"Replay:BlueRogue","floor":10.0,"turns":3.0},{"damage":2.0,"enemies":"3 Sentries","floor":11.0,"turns":2.0},{"damage":3.0,"enemies":"Lagavulin","floor":13.0,"turns":2.0},{"damage":7.0,"enemies":"3 Sentries","floor":14.0,"turns":3.0},{"damage":0.0,"enemies":"Slime Boss","floor":16.0,"turns":1.0},{"damage":0.0,"enemies":"Shell Parasite","floor":18.0,"turns":1.0},{"damage":3.0,"enemies":"Chosen","floor":20.0,"turns":2.0},{"damage":3.0,"enemies":"Slavers","floor":23.0,"turns":2.0},{"damage":3.0,"enemies":"conspire:SneckoGhost","floor":24.0,"turns":1.0},{"damage":0.0,"enemies":"Gremlin Leader","floor":25.0,"turns":1.0},{"damage":3.0,"enemies":"Book of Stabbing","floor":27.0,"turns":1.0},{"damage":3.0,"enemies":"Slavers","floor":28.0,"turns":1.0},{"damage":0.0,"enemies":"Gremlin Leader","floor":29.0,"turns":1.0},{"damage":0.0,"enemies":"Book of Stabbing","floor":30.0,"turns":1.0},{"damage":12.0,"enemies":"hubris:MusketHawk","floor":33.0,"turns":3.0},{"damage":0.0,"enemies":"3 Shapes","floor":35.0,"turns":1.0},{"damage":0.0,"enemies":"Mind Bloom Boss Battle","floor":36.0,"turns":2.0},{"damage":3,"enemies":"Giant Head","floor":40,"turns":2},{"damage":1,"enemies":"Nemesis","floor":42,"turns":1},{"damage":3,"enemies":"R_Hoarder","floor":44,"turns":1},{"damage":0,"enemies":"Reptomancer","floor":45,"turns":1},{"damage":0,"enemies":"Giant Head","floor":46,"turns":1},{"damage":0,"enemies":"R_Hoarder","floor":47,"turns":1},{"damage":0,"enemies":"Nemesis","floor":48,"turns":1},{"damage":0,"enemies":"Orb Walker","floor":35,"turns":1},{"damage":0,"enemies":"3 Shapes","floor":36,"turns":1},{"damage":0,"enemies":"Nemesis","floor":40,"turns":1},{"damage":0,"enemies":"R_Hoarder","floor":41,"turns":1},{"damage":0,"enemies":"Nemesis","floor":42,"turns":3},{"damage":0,"enemies":"Mind Bloom Boss Battle","floor":47,"turns":1},{"damage":0,"enemies":"Donu and Deca","floor":50,"turns":1},{"damage":0,"enemies":"Time Eater","floor":51,"turns":1}],"seed_played":"-5006936878813742320","potions_obtained":[{"floor":5.0,"key":"AttackPotion"},{"floor":6.0,"key":"Adrenaline Potion"},{"floor":16.0,"key":"Ancient Potion"},{"floor":23.0,"key":"GamblersBrew"},{"floor":33.0,"key":"EntropicBrew"}],"is_trial":true,"path_per_floor":["M","M","M","?","M","E","M","E","T","E","E","R","E","E","R","B",null,"M","?","M","$","?","E","E","E","T","E","E","E","E","$","R","B",null,"M","?","?","NS","T","E","R","E","T","E","E","E","E","E","R_BF","M","M","?","T","NS","E","E","E","T","R","$","$","?","$","R_BF","B","B",null],"character_chosen":"IRONCLAD","items_purchased":["Pummel","construct:RocketBooster","REME_FearOfPain","Good Instincts","Membership Card","Dota2Spire:HeartOfTarrasque","Turnip","Ghostly Armor","ReplayTheSpireMod:Brewmster","Replay:Sssssssssshield","GuppysTail","GuppysCollar","REME_ACTH","hubris:StunningStrike","Barricade","Double Tap","Lee\u0027s Waffle","ReplayTheSpireMod:Shallot","Meat on the Bone","ReplayUltimateDefense","Panacea","Intimidate","REME_Cut","Toolbox","REME_LimitBreaker","Snack Pack","Replay:Parry","Abandon","Combust","EpicFetus","Frozen Eye","TheBean","Anchor","REME_Flogging","Specialist","Fire Breathing+1","hubris:CleavingFinish"],"campfire_rested":4,"item_purchase_floors":[17,21,21,21,31,31,31,31,31,31,34,34,34,34,34,34,45,45,45,45,45,45,45,46,46,46,46,46,46,46,48,48,48,48,48,48,48],"current_hp_per_floor":[74,77,79,55,61,67,73,79,79,76,82,82,88,90,90,96,94,94,89,95,95,95,100,103,103,103,106,109,109,109,117,117,111,78,78,78,78,78,78,81,81,81,81,84,87,87,87,87,87,87,87,53,53,53,62,68,74,74,90,97,97,97,97,97,97,97],"gold":1047,"neow_bonus":"","is_daily":false,"chose_seed":false,"campfire_upgraded":4,"win_rate":0.0,"timestamp":1613401219,"path_taken":["M","M","M","?","?","E","M","E","T","E","E","R","E","E","R","BOSS","M","?","M","$","?","E","E","E","T","E","E","E","E","$","R","BOSS","M","?","?","NS","?","E","R","E","T","E","E","E","E","E","R_BF","M","M","?","?","NS","E","E","E","T","R","$","$","?","$","R_BF","BOSS","BOSS"],"items_purchased_type":["Card","Relic","Card","Card","Relic","Relic","Relic","Card","Card","Card","Relic","Relic","Card","Card","Card","Card","Relic","Relic","Relic","Card","Card","Card","Card","Relic","Relic","Relic","Card","Card","Card","Card","Relic","Relic","Relic","Card","Card","Card","Card"],"build_version":"2020-12-18","purchased_purges":1,"victory":true,"max_hp_per_floor":[75,77,79,79,81,83,85,87,87,89,91,91,94,97,97,97,94,94,94,97,97,97,100,103,103,103,106,109,109,109,117,117,117,78,78,78,78,78,78,81,81,81,81,84,87,87,87,87,87,87,87,87,87,87,90,90,90,90,90,97,97,97,97,97,97,97],"card_choices":[{"not_picked":["MasterReality"],"picked":"SKIP","floor":23.0},{"not_picked":["Replay:LoomingThreat"],"picked":"SKIP","floor":24.0},{"not_picked":["Alpha"],"picked":"SKIP","floor":25.0},{"not_picked":[],"picked":"Judgement","floor":27.0},{"not_picked":[],"picked":"Ragnarok","floor":28.0},{"not_picked":[],"picked":"Scrawl","floor":29.0},{"not_picked":[],"picked":"DeusExMachina","floor":30.0},{"not_picked":[],"picked":"Indignation","floor":36.0},{"not_picked":[],"picked":"Vault","floor":40},{"not_picked":[],"picked":"DevaForm","floor":42},{"not_picked":["Alpha"],"picked":"SKIP","floor":44},{"not_picked":["Replay:LoomingThreat"],"picked":"SKIP","floor":45},{"not_picked":["LessonLearned"],"picked":"SKIP","floor":46},{"not_picked":[],"picked":"Wish","floor":47},{"not_picked":["ConjureBlade"],"picked":"SKIP","floor":48},{"not_picked":[],"picked":"Protect","floor":37},{"not_picked":["Replay:LoomingThreat"],"picked":"SKIP","floor":40},{"not_picked":[],"picked":"SpiritShield","floor":41},{"not_picked":[],"picked":"Replay:AllIn","floor":42},{"not_picked":[],"picked":"Worship","floor":47}],"player_experience":699615,"relics_obtained":[{"floor":1.0,"key":"hubris:OldNail"},{"floor":2.0,"key":"Dota2Spire:PowerTreads"},{"floor":3.0,"key":"Smiling Mask"},{"floor":5.0,"key":"Paper Frog"},{"floor":6.0,"key":"SteamSale"},{"floor":7.0,"key":"hubris:CuriousFeather"},{"floor":8.0,"key":"Golden Egg"},{"floor":9.0,"key":"ForgetMeNow"},{"floor":10.0,"key":"Dota2Spire:DrumOfEndurance"},{"floor":11.0,"key":"Replay:Arrowhead"},{"floor":13.0,"key":"NineVolt"},{"floor":14.0,"key":"Replay:WaspNest"},{"floor":18.0,"key":"hubris:DisguiseKit"},{"floor":20.0,"key":"REME_ArchaeologicalTools"},{"floor":23.0,"key":"Iron Hammer"},{"floor":24.0,"key":"Pet Ghost"},{"floor":25.0,"key":"Toy Ornithopter"},{"floor":26.0,"key":"White Beast Statue"},{"floor":27.0,"key":"War Paint"},{"floor":28.0,"key":"Orichalcum"},{"floor":29.0,"key":"hubris:SphereOfDissonance"},{"floor":30.0,"key":"CaptainsWheel"},{"floor":35.0,"key":"AnarchistCookbook"},{"floor":36.0,"key":"Dota2Spire:DivineRapier"},{"floor":39,"key":"UnicornStump"},{"floor":40,"key":"Dota2Spire:MonkeyKingBar"},{"floor":42,"key":"Dota2Spire:ArmletOfMordiggian"},{"floor":43,"key":"PunchingBag"},{"floor":44,"key":"Red Skull"},{"floor":45,"key":"Incense Burner"},{"floor":46,"key":"Dota2Spire:LinkenSphere"},{"floor":47,"key":"Mummified Hand"},{"floor":48,"key":"Replay:PocketPolymizer"},{"floor":35,"key":"MoneyPower"},{"floor":36,"key":"Pondfish Scales"},{"floor":37,"key":"Du-Vu Doll"},{"floor":38,"key":"hubris:Teleporter"},{"floor":40,"key":"hubris:CrystalStatue"},{"floor":41,"key":"Self Forming Clay"},{"floor":42,"key":"GnawedLeaf"},{"floor":43,"key":"Garlic"},{"floor":47,"key":"Unceasing Top"}],"event_choices":[{"damage_healed":0.0,"max_hp_gain":0.0,"max_hp_loss":0.0,"gold_gain":0.0,"event_name":"Shining Light","player_choice":"Entered Light","floor":4.0,"gold_loss":0.0,"damage_taken":24.0,"cards_upgraded":["Thunderclap","ReplayTheSpireMod:Strike From Hell"]},{"damage_healed":0.0,"max_hp_gain":0.0,"max_hp_loss":0.0,"gold_gain":0.0,"event_name":"conspire:Investor","player_choice":"Leave","floor":19.0,"gold_loss":0.0,"damage_taken":0.0},{"damage_healed":0.0,"max_hp_gain":0.0,"max_hp_loss":0.0,"gold_gain":0.0,"event_name":"Upgrade Shrine","player_choice":"Upgraded","floor":22.0,"gold_loss":0.0,"damage_taken":0.0,"cards_upgraded":["Heavy Blade"]},{"damage_healed":0.0,"max_hp_gain":0.0,"max_hp_loss":0.0,"gold_gain":0.0,"event_name":"MindBloom","player_choice":"Fight","floor":36.0,"gold_loss":0.0,"damage_taken":0.0},{"damage_healed":0,"gold_gain":0,"player_choice":"Fight","damage_taken":0,"max_hp_gain":0,"max_hp_loss":0,"event_name":"MindBloom","floor":47,"gold_loss":0},{"damage_healed":0,"gold_gain":0,"player_choice":"Ignored","damage_taken":0,"max_hp_gain":0,"max_hp_loss":0,"event_name":"Tomb of Lord Red Mask","floor":49,"gold_loss":0}],"is_beta":true,"boss_relics":[{"not_picked":["hubris:BlackHole","Replay:Drink Me"],"picked":"Dota2Spire:RefresherOrb"},{"not_picked":[]},{"not_picked":["REME_DemonsWealth","conspire:RoyalGoblet"],"picked":"SacredBark"},{"not_picked":[]}],"items_purged_floors":[31],"is_endless":false,"potions_floor_spawned":[5,6,7,11,13,16,23,27,28,29,30,33,35,36,40,42,44,45,46,47,48,35,36,40,41,42,47],"ascension_level":20}}