{"host":"2l3i55whvwk76mom","time":1613361684,"event":{"mods":["BaseMod","Googly Eyes","Hubris","Minty Spire (QoL Compilation)","Replay The Spire","StSLib"],"gold_per_floor":[117,164,177,26,301,335,335,351,401,401,113,166,166,176,176,201,201],"floor_reached":16,"language":"ENG","playtime":645,"items_purged":["ReplayTheSpireMod:Splinters","Regret"],"score":229,"play_id":"21ee0565-01f4-4ede-8dc6-b01dee642777","local_time":"20210214200124","is_ascension_mode":true,"campfire_choices":[{"floor":7,"key":"REST"},{"data":"Flame Barrier","floor":10,"key":"SMITH"},{"data":"Armaments","floor":15,"key":"SMITH"}],"circlet_count":0,"master_deck":["Strike_R","Strike_R","Strike_R","Strike_R","Strike_R","Defend_R","Defend_R+1","Defend_R+1","Defend_R","Bash","Brutality","hubris:ReadiedAction","Flame Barrier+1","Twin Strike","Inflame+1","Hemokinesis","Reaper","HandOfGreed","Pommel Strike","Armaments+1"],"relics":["Burning Blood","Mirror","hubris:ChampionShield","Replay:Wax Seal","War Paint"],"acts_visited":["Exordium"],"potions_floor_usage":[12,12,16],"damage_taken":[{"damage":8,"enemies":"Small Slimes","floor":1,"turns":5},{"damage":9,"enemies":"Jaw Worm","floor":3,"turns":4},{"damage":43,"enemies":"3 Sentries","floor":6,"turns":9},{"damage":9,"enemies":"Cultist","floor":8,"turns":4},{"damage":20,"enemies":"Lagavulin","floor":12,"turns":7},{"damage":20,"enemies":"Looter","floor":14,"turns":4}],"seed_played":"5196598008375941738","potions_obtained":[{"floor":3,"key":"BlessingOfTheForge"},{"floor":8,"key":"SkillPotion"},{"floor":14,"key":"Explosive Potion"}],"is_trial":false,"path_per_floor":["M","?","M","$","?","E","R","M","T","R","$","E","?","M","R","B"],"character_chosen":"IRONCLAD","items_purchased":["Inflame","HandOfGreed"],"campfire_rested":1,"item_purchase_floors":[4,11],"current_hp_per_floor":[70,70,67,67,67,30,54,51,51,51,51,43,43,36,36,0,0],"gold":201,"neow_bonus":"ONE_RANDOM_RARE_CARD","is_daily":false,"chose_seed":false,"campfire_upgraded":2,"win_rate":0.0,"timestamp":1613361684,"path_taken":["M","?","M","$","?","E","R","?","T","R","$","E","?","?","R","BOSS"],"items_purchased_type":["Card","Card"],"build_version":"2020-12-22","purchased_purges":2,"victory":false,"max_hp_per_floor":[80,80,80,80,80,80,80,80,80,80,80,80,80,80,80,80,80],"card_choices":[{"not_picked":["Warcry","Reckless Charge"],"picked":"hubris:ReadiedAction","floor":1},{"not_picked":["Armaments","Warcry"],"picked":"Flame Barrier","floor":2},{"not_picked":["True Grit","Replay:Undeath\u0027s Touch"],"picked":"Twin Strike","floor":3},{"not_picked":["Inflame","Feel No Pain"],"picked":"Hemokinesis","floor":6},{"not_picked":["hubris:ReadiedAction","ReplayReversal"],"picked":"Reaper","floor":8},{"not_picked":["Havoc","Twin Strike"],"picked":"Pommel Strike","floor":12},{"not_picked":["hubris:CleavingFinish","Hemokinesis"],"picked":"Armaments","floor":14}],"player_experience":376949,"relics_obtained":[{"floor":2,"key":"Mirror"},{"floor":6,"key":"hubris:ChampionShield"},{"floor":9,"key":"Replay:Wax Seal"},{"floor":12,"key":"War Paint"}],"event_choices":[{"damage_healed":0,"gold_gain":275,"player_choice":"Desecrate","damage_taken":0,"max_hp_gain":0,"max_hp_loss":0,"event_name":"Golden Shrine","floor":5,"gold_loss":0,"cards_obtained":["Regret"]},{"damage_healed":0,"gold_gain":0,"player_choice":"Upgraded","damage_taken":0,"max_hp_gain":0,"max_hp_loss":0,"event_name":"Upgrade Shrine","floor":13,"gold_loss":0,"cards_upgraded":["Inflame"]}],"is_beta":false,"boss_relics":[],"items_purged_floors":[4,11],"is_endless":false,"potions_floor_spawned":[3,8,14],"killed_by":"The Guardian","ascension_level":9}}