{"host":"43wsnxh97mgjl5zw","time":1613419586,"event":{"mods":["Aspiration","BaseMod","Colored Map","Colored Powertips","Downfall","Hubris","Minty Spire (QoL Compilation)","Quick Restart","Rare Cards Sparkle","Relic Sorter","Replay The Spire","StSLib"],"gold_per_floor":[119,119,119,135,210,260,276,276,299,299,333,347,16,30,30,30,30],"floor_reached":16,"language":"ENG","playtime":543,"items_purged":["Strike_R"],"score":200,"play_id":"d0c6b59c-53b2-4e9d-88dc-0d0593194e70","local_time":"20210215220626","is_ascension_mode":true,"campfire_choices":[{"data":"Poisoned Strike","floor":8.0,"key":"SMITH"},{"data":"Flex","floor":10.0,"key":"SMITH"},{"data":"ReplayTheSpireMod:Corrosion Curse","floor":15.0,"key":"SMITH"}],"circlet_count":0,"master_deck":["AscendersBane","Strike_R+1","Strike_R","Strike_R","Defend_R","Defend_R","Defend_R","Defend_R+1","Bash","Poisoned Strike+1","Flex+1","Cleave","Rampage","ReplayTheSpireMod:Corrosion Curse+1","Panacea"],"relics":["Burning Blood","Blood Vial","Akabeko","ReplayTheSpireMod:TigerMarble"],"acts_visited":["Exordium"],"potions_floor_usage":[16,16],"damage_taken":[{"damage":4.0,"enemies":"Small Slimes","floor":1.0,"turns":4.0},{"damage":2.0,"enemies":"Jaw Worm","floor":4.0,"turns":4.0},{"damage":1.0,"enemies":"Cultist","floor":7.0,"turns":4.0},{"damage":8.0,"enemies":"Gremlin Nob","floor":11.0,"turns":3.0},{"damage":0.0,"enemies":"Looter","floor":12.0,"turns":2.0},{"damage":0.0,"enemies":"Gremlin Gang","floor":14.0,"turns":3.0},{"damage":39,"enemies":"Fading Forest","floor":16,"turns":13}],"seed_played":"-7425321949490822903","potions_obtained":[{"floor":1.0,"key":"SpeedPotion"},{"floor":7.0,"key":"Cursed Concoction"},{"floor":14.0,"key":"Weak Potion"}],"is_trial":false,"path_per_floor":["M","?","?","M","?","?","M","R","T","R","E","M","$","M","R","B"],"character_chosen":"IRONCLAD","items_purchased":["ReplayTheSpireMod:TigerMarble","Panacea"],"campfire_rested":0,"item_purchase_floors":[13,13],"current_hp_per_floor":[52,29,29,33,22,15,20,20,20,20,20,28,28,36,36,0,0],"gold":30,"neow_bonus":"RANDOM_COLORLESS_2","is_daily":false,"chose_seed":false,"campfire_upgraded":3,"win_rate":0.0,"timestamp":1613419586,"path_taken":["M","?","?","?","?","?","M","R","T","R","E","?","$","M","R","BOSS"],"items_purchased_type":["Relic","Card"],"build_version":"2020-12-22","purchased_purges":1,"victory":false,"max_hp_per_floor":[75,75,75,75,75,75,75,75,75,75,75,75,75,75,75,75,75],"card_choices":[{"not_picked":["Mayhem","The Bomb"],"picked":"Poisoned Strike","floor":0.0},{"not_picked":["Anger","Body Slam","ReplayTheSpireMod:Strike From Hell"],"picked":"SKIP","floor":1.0},{"not_picked":["Demonic Infusion","hubris:ReadiedAction"],"picked":"Flex","floor":4.0},{"not_picked":["Anger","Pummel"],"picked":"Cleave","floor":7.0},{"not_picked":["hubris:ReadiedAction","Flex"],"picked":"Rampage","floor":11.0},{"not_picked":["Twin Strike","Iron Wave"],"picked":"ReplayTheSpireMod:Corrosion Curse","floor":12.0},{"not_picked":["Warcry","Run Through","Sever Soul"],"picked":"SKIP","floor":14.0}],"player_experience":1248300,"relics_obtained":[{"floor":9.0,"key":"Blood Vial"},{"floor":11.0,"key":"Akabeko"}],"event_choices":[{"damage_healed":0.0,"max_hp_gain":0.0,"max_hp_loss":0.0,"gold_gain":0.0,"event_name":"Shining Light","player_choice":"Entered Light","floor":2.0,"gold_loss":0.0,"damage_taken":23.0,"cards_upgraded":["Strike_R","Defend_R"]},{"cards_removed":["Strike_R"],"damage_healed":0.0,"max_hp_gain":0.0,"max_hp_loss":0.0,"gold_gain":0.0,"event_name":"Purifier","player_choice":"Purged","floor":3.0,"gold_loss":0.0,"damage_taken":0.0},{"damage_healed":0.0,"max_hp_gain":0.0,"max_hp_loss":0.0,"gold_gain":75.0,"event_name":"World of Goop","player_choice":"Gather Gold","floor":5.0,"gold_loss":0.0,"damage_taken":11.0},{"damage_healed":0.0,"max_hp_gain":0.0,"max_hp_loss":0.0,"gold_gain":50.0,"event_name":"FaceTrader","player_choice":"Touch","floor":6.0,"gold_loss":0.0,"damage_taken":7.0}],"is_beta":false,"boss_relics":[],"items_purged_floors":[13],"is_endless":false,"potions_floor_spawned":[1,7,14],"killed_by":"Fading Forest","ascension_level":20}}