{"host":"4rvakrj1idbgia3f","time":1613354226,"event":{"mods":["BaseMod","Colored Map","Colored Powertips","DeckTracker","Highlight Path","Minty Spire (QoL Compilation)","Random Character Button","StSLib"],"gold_per_floor":[118,134,209,209,221,221,235,235,258,277,311,311,336,346,346,424,424,443,368,368,380,49,49,61,61,88,106,106,126,156,175,175,250,250,264,280,280,96,116,147,147,163,209,209,209,226,226,226],"floor_reached":47,"language":"JPN","playtime":1822,"items_purged":["Pain","Strike_B","Reprogram+1"],"score":1078,"play_id":"eeb09d52-6331-4bfe-ba09-f40c1778e889","local_time":"20210215105706","is_ascension_mode":true,"campfire_choices":[{"data":"Zap","floor":6.0,"key":"SMITH"},{"data":"Doom and Gloom","floor":8.0,"key":"SMITH"},{"data":"Lockon","floor":15,"key":"SMITH"},{"data":"Fission","floor":23,"key":"SMITH"},{"floor":25,"key":"REST"},{"data":"Biased Cognition","floor":28,"key":"SMITH"},{"data":"Biased Cognition","floor":32,"key":"SMITH"},{"floor":41,"key":"REST"},{"floor":44,"key":"REST"}],"circlet_count":0,"master_deck":["AscendersBane","Defend_B","Defend_B","Defend_B","Defend_B","Zap+1","Dualcast","Lockon+1","Doom and Gloom+1","Undo","BootSequence","Conserve Battery","Loop","Biased Cognition+1","Stack+1","Biased Cognition+1","Hologram","Fission+1","Electrodynamics","Go for the Eyes+1","Reboot","Ball Lightning","Echo Form","Reprogram+1","Darkness+1","Stack+1","Static Discharge","Capacitor","Coolheaded"],"relics":["Cracked Core","Whetstone","WarpedTongs","Toy Ornithopter","Centennial Puzzle","Pantograph","Nuclear Battery","Smiling Mask","Lantern","Astrolabe","PreservedInsect"],"acts_visited":["Exordium","TheCity","TheBeyond"],"potions_floor_usage":[11,14],"damage_taken":[{"damage":0.0,"enemies":"2 Louse","floor":1.0,"turns":2.0},{"damage":0.0,"enemies":"Jaw Worm","floor":2.0,"turns":3.0},{"damage":4.0,"enemies":"Cultist","floor":5.0,"turns":3.0},{"damage":3.0,"enemies":"Large Slime","floor":7.0,"turns":3.0},{"damage":3.0,"enemies":"Red Slaver","floor":10.0,"turns":3.0},{"damage":6,"enemies":"3 Sentries","floor":11,"turns":6},{"damage":15,"enemies":"Lagavulin","floor":13,"turns":6},{"damage":0,"enemies":"Gremlin Gang","floor":14,"turns":3},{"damage":13,"enemies":"The Guardian","floor":16,"turns":9},{"damage":34,"enemies":"3 Byrds","floor":18,"turns":5},{"damage":6,"enemies":"Chosen","floor":21,"turns":5},{"damage":6,"enemies":"3 Cultists","floor":24,"turns":3},{"damage":0,"enemies":"Snake Plant","floor":27,"turns":4},{"damage":4,"enemies":"Centurion and Healer","floor":29,"turns":5},{"damage":0,"enemies":"Gremlin Leader","floor":30,"turns":3},{"damage":3,"enemies":"Sentry and Sphere","floor":31,"turns":3},{"damage":16,"enemies":"Champ","floor":33,"turns":7},{"damage":0,"enemies":"3 Darklings","floor":35,"turns":3},{"damage":9,"enemies":"3 Shapes","floor":36,"turns":4},{"damage":13,"enemies":"Transient","floor":39,"turns":6},{"damage":40,"enemies":"Reptomancer","floor":40,"turns":4},{"damage":0,"enemies":"4 Shapes","floor":42,"turns":3},{"damage":45,"enemies":"Spire Growth","floor":46,"turns":4},{"damage":9,"enemies":"Nemesis","floor":47,"turns":3}],"seed_played":"-7382866161870749742","potions_obtained":[{"floor":1.0,"key":"SkillPotion"},{"floor":5.0,"key":"Swift Potion"},{"floor":13,"key":"Weak Potion"},{"floor":21,"key":"Dexterity Potion"},{"floor":24,"key":"FairyPotion"},{"floor":39,"key":"DuplicationPotion"}],"is_trial":false,"path_per_floor":["M","M","?","?","M","R","M","R","T","M","E","?","E","M","R","B",null,"M","$","?","M","$","R","M","R","T","M","R","M","E","M","R","B",null,"M","M","?","$","M","E","R","M","T","R","?","M","E"],"character_chosen":"DEFECT","items_purchased":["Fission","Electrodynamics","Capacitor","Coolheaded"],"campfire_rested":3,"item_purchase_floors":[22,22,38,38],"current_hp_per_floor":[64,64,53,53,49,49,46,46,46,43,42,47,32,37,37,49,69,35,35,35,29,29,29,23,45,45,45,45,41,41,38,38,47,69,69,60,60,60,47,7,29,29,29,51,51,6,22,22],"gold":226,"neow_bonus":"RANDOM_COMMON_RELIC","is_daily":false,"chose_seed":false,"campfire_upgraded":6,"win_rate":0.0,"timestamp":1613354226,"path_taken":["M","M","?","?","M","R","M","R","T","?","E","?","E","M","R","BOSS","M","$","?","M","$","R","M","R","T","?","R","M","E","M","R","BOSS","M","?","?","$","M","E","R","M","T","R","?","M","E"],"items_purchased_type":["Card","Card","Card","Card"],"build_version":"2020-12-22","purchased_purges":3,"victory":false,"max_hp_per_floor":[71,71,71,71,71,71,71,71,71,71,71,76,76,76,76,76,76,76,76,76,76,76,76,76,76,76,76,76,76,76,76,76,76,76,76,76,76,76,76,76,76,76,76,76,76,76,76,76],"card_choices":[{"not_picked":["Consume","Recycle"],"picked":"Lockon","floor":1.0},{"not_picked":["Darkness","Sweeping Beam"],"picked":"Doom and Gloom","floor":2.0},{"not_picked":["Steam","Compile Driver"],"picked":"Undo","floor":5.0},{"not_picked":["Gash","Barrage"],"picked":"FTL","floor":7.0},{"not_picked":["Aggregate","Rip and Tear"],"picked":"BootSequence","floor":10.0},{"not_picked":["Redo","Reprogram"],"picked":"Conserve Battery","floor":11},{"not_picked":["Static Discharge","Turbo"],"picked":"Loop","floor":13},{"not_picked":["Beam Cell","Stack","Rebound"],"picked":"SKIP","floor":14},{"not_picked":["Seek","Thunder Strike"],"picked":"Biased Cognition","floor":16},{"not_picked":["Auto Shields","Conserve Battery"],"picked":"Stack+1","floor":18},{"not_picked":["Streamline","Genetic Algorithm"],"picked":"Hologram","floor":21},{"not_picked":["Barrage","Conserve Battery"],"picked":"Go for the Eyes+1","floor":24},{"not_picked":["Steam","Compile Driver"],"picked":"Reboot","floor":27},{"not_picked":["Beam Cell","Turbo"],"picked":"Ball Lightning","floor":29},{"not_picked":["Sweeping Beam","Leap"],"picked":"Echo Form","floor":30},{"not_picked":["Go for the Eyes","Conserve Battery","Hello World+1"],"picked":"SKIP","floor":31},{"not_picked":["Turbo","Steam+1"],"picked":"Stack+1","floor":35},{"not_picked":["Hologram","Sunder+1"],"picked":"Static Discharge","floor":36},{"not_picked":["Redo","Hologram","Conserve Battery+1"],"picked":"SKIP","floor":39},{"not_picked":["Hologram","Scrape","Steam"],"picked":"SKIP","floor":40},{"not_picked":["Go for the Eyes","Recycle","Reprogram"],"picked":"SKIP","floor":42},{"not_picked":["Barrage","Double Energy","Beam Cell"],"picked":"SKIP","floor":46}],"player_experience":2385326,"relics_obtained":[{"floor":9.0,"key":"Toy Ornithopter"},{"floor":11,"key":"Centennial Puzzle"},{"floor":13,"key":"Pantograph"},{"floor":26,"key":"Smiling Mask"},{"floor":30,"key":"Lantern"},{"floor":40,"key":"PreservedInsect"}],"event_choices":[{"damage_healed":0.0,"max_hp_gain":0.0,"max_hp_loss":0.0,"gold_gain":75.0,"event_name":"World of Goop","player_choice":"Gather Gold","floor":3.0,"gold_loss":0.0,"damage_taken":11.0},{"damage_healed":0.0,"max_hp_gain":0.0,"max_hp_loss":0.0,"gold_gain":0.0,"event_name":"Accursed Blacksmith","player_choice":"Rummage","floor":4.0,"gold_loss":0.0,"damage_taken":0.0,"relics_obtained":["WarpedTongs"],"cards_obtained":["Pain"]},{"damage_healed":0,"gold_gain":0,"player_choice":"Donut","damage_taken":0,"max_hp_gain":5,"max_hp_loss":0,"event_name":"Big Fish","floor":12,"gold_loss":0},{"damage_healed":0,"gold_gain":0,"player_choice":"Copied","damage_taken":0,"max_hp_gain":0,"max_hp_loss":0,"event_name":"Duplicator","floor":20,"gold_loss":0,"cards_obtained":["Biased Cognition"]},{"damage_healed":0,"gold_gain":0,"player_choice":"Ignored","damage_taken":0,"max_hp_gain":0,"max_hp_loss":0,"event_name":"Tomb of Lord Red Mask","floor":37,"gold_loss":0},{"cards_removed":["FTL"],"damage_healed":0,"gold_gain":0,"player_choice":"Removed Attack","damage_taken":0,"max_hp_gain":0,"max_hp_loss":0,"event_name":"Falling","floor":45,"gold_loss":0}],"is_beta":false,"boss_relics":[{"not_picked":["Philosopher\u0027s Stone","SlaversCollar"],"picked":"Nuclear Battery"},{"not_picked":["Velvet Choker","Pandora\u0027s Box"],"picked":"Astrolabe"}],"items_purged_floors":[19,22,38],"is_endless":false,"potions_floor_spawned":[1,5,13,21,24,31,39],"killed_by":"Nemesis","ascension_level":20}}