{"host":"pjz3m1kifmtv24r2","time":1613383680,"event":{"mods":["2.2 Compatiblity","Aspiration","BaseMod","Bestiary","Better Altar","Better Match","Better Note","Better Sensory Stone","Better Skull","CCEM2","Colored Powertips","Conspire","Dark Map","Displayed Cursed Tome","Downfall","Fox Events","GifTheSpireLib","Halation","Highlight Path","Hubris","Jedi Mod","Mimic Mod","Minty Spire (QoL Compilation)","Quick Restart","RatMod","Relic Sorter","Reliquary","Replay The Spire","Small Relic Pack","Spicy Shops","Spikes Relics","Spire Arcade","StS++","StSLib","Stuff the Spire","The Blue Laboratory","The Runesmith","Trackpad","Wandering Minibosses"],"gold_per_floor":[114,39,39,5,21,51,64,64,64,90,100,115,126,144,144,240,240,260,43,62,81,93,93,93,93,93],"floor_reached":25,"language":"ENG","playtime":1993,"items_purged":["Strike_B","Strike_B"],"score":242,"play_id":"35cdd4ec-ba4e-4b19-a582-7e4984fd1967","local_time":"20210215050800","is_ascension_mode":false,"campfire_choices":[{"data":"Crystallizer","floor":8,"key":"SMITH"},{"data":"jedi:BurstFrost","floor":15,"key":"SMITH"},{"data":"Fission","floor":23,"key":"SMITH"}],"circlet_count":0,"master_deck":["Strike_B","Strike_B+1","Defend_B","Defend_B","Defend_B","Defend_B","Zap","Dualcast","Coolheaded","Leap","Leap","Panic Button","StSpp:Saturation","Crystallizer+1","ReplayTheSpireMod:Calculation Training","ReplayTheSpireMod:Calculation Training","jedi:BurstFrost+1","Glacier","Fission+1","StuffTheSpire:LoadUp+1","ReplayTheSpireMod:Calculation Training+1","Loop+1","Redo","StSpp:Igniter+1","conspire:Rain","Double Energy+1"],"relics":["Cracked Core","NeowsBlessing","relicPack:OneForAll","Pet Ghost","CCEMRelics:Icicle","reliquary:TuningFork","halation:HeavySnake","BargainBundle"],"acts_visited":["Exordium","TheCity"],"potions_floor_usage":[16,25],"damage_taken":[{"damage":0,"enemies":"2 Louse","floor":1,"turns":1},{"damage":0,"enemies":"Jaw Worm","floor":5,"turns":1},{"damage":0,"enemies":"Lagavulin","floor":6,"turns":1},{"damage":0,"enemies":"conspire:RoseBush","floor":7,"turns":2},{"damage":6,"enemies":"3 Sentries","floor":10,"turns":12},{"damage":7,"enemies":"2 Fungi Beasts","floor":11,"turns":4},{"damage":0,"enemies":"Exordium Wildlife","floor":12,"turns":5},{"damage":0,"enemies":"Red Slaver","floor":13,"turns":3},{"damage":4,"enemies":"Gremlin Gang","floor":14,"turns":6},{"damage":6,"enemies":"Hexaghost","floor":16,"turns":11},{"damage":3,"enemies":"Shell Parasite","floor":18,"turns":7},{"damage":29,"enemies":"3 Byrds","floor":20,"turns":6},{"damage":3,"enemies":"Shelled Parasite and Fungi","floor":21,"turns":9},{"damage":5,"enemies":"3 Cultists","floor":22,"turns":9},{"damage":36,"enemies":"Slavers","floor":25,"turns":3}],"seed_played":"1158657722589508254","potions_obtained":[{"floor":5,"key":"Strength Potion"},{"floor":10,"key":"blueLaboratory:RecallPotion"},{"floor":13,"key":"Energy Potion"},{"floor":16,"key":"blueLaboratory:RelayPotion"},{"floor":21,"key":"FocusPotion"}],"is_trial":false,"path_per_floor":["M","$","?","$","M","E","M","R","T","E","M","M","M","M","R","B",null,"M","$","M","M","M","R","?","E"],"character_chosen":"DEFECT","items_purchased":["Leap","BargainBundle","ReplayTheSpireMod:Calculation Training","Loop","Redo"],"campfire_rested":0,"item_purchase_floors":[4,19,19,19,19],"current_hp_per_floor":[75,75,75,75,75,75,75,75,75,69,62,62,62,58,58,52,75,72,72,43,40,35,35,35,0,0],"gold":93,"neow_bonus":"THREE_ENEMY_KILL","is_daily":false,"chose_seed":false,"campfire_upgraded":3,"win_rate":0.0,"timestamp":1613383680,"path_taken":["M","$","?","?","M","E","M","R","T","E","M","M","M","M","R","BOSS","M","$","M","M","M","R","?","E"],"items_purchased_type":["Card","Relic","Card","Card","Card"],"build_version":"2020-12-22","purchased_purges":2,"victory":false,"max_hp_per_floor":[75,75,75,75,75,75,75,75,75,75,75,75,75,75,75,75,75,75,75,75,75,75,75,75,75,75],"card_choices":[{"not_picked":["Compile Driver","jedi:BurstFrost"],"picked":"Coolheaded","floor":1},{"not_picked":["FIFO Queue","Steam"],"picked":"Panic Button","floor":5},{"not_picked":["Steam","BootSequence"],"picked":"StSpp:Saturation","floor":6},{"not_picked":["Static Discharge","Stack"],"picked":"Crystallizer","floor":7},{"not_picked":["jedi:overflow","hubris:Ukulele"],"picked":"ReplayTheSpireMod:Calculation Training","floor":10},{"not_picked":["Hologram","Steam"],"picked":"ReplayTheSpireMod:Calculation Training","floor":11},{"not_picked":["jedi:spotbugs","Turbo"],"picked":"jedi:BurstFrost","floor":12},{"not_picked":["jedi:BurstFrost","StuffTheSpire:LoadUp"],"picked":"Glacier","floor":13},{"not_picked":["jedi:blockon","StSpp:MemoryLeak","hubris:Ukulele"],"picked":"SKIP","floor":14},{"not_picked":["Meteor Strike","Biased Cognition"],"picked":"Fission","floor":16},{"not_picked":["Ball Lightning+1","jedi:blockon"],"picked":"StuffTheSpire:LoadUp+1","floor":18},{"not_picked":["Compile Driver+1","Barrage+1"],"picked":"StSpp:Igniter+1","floor":20},{"not_picked":["Cold Snap","BasicCrystalCard"],"picked":"conspire:Rain","floor":21},{"not_picked":["StSpp:Channeliser","StSpp:TargetLocked+1"],"picked":"Double Energy+1","floor":22}],"player_experience":112046,"relics_obtained":[{"floor":6,"key":"Pet Ghost"},{"floor":9,"key":"CCEMRelics:Icicle"},{"floor":10,"key":"reliquary:TuningFork"}],"event_choices":[{"cards_removed":["Crystallizer"],"damage_healed":0,"gold_gain":0,"player_choice":"Give","damage_taken":0,"max_hp_gain":0,"max_hp_loss":0,"event_name":"betterNote:BetterNote","floor":24,"gold_loss":0,"cards_obtained":["None"]}],"is_beta":false,"boss_relics":[{"not_picked":["halation:Risk","StuffTheSpire:RunicHypercube"],"picked":"halation:HeavySnake"}],"items_purged_floors":[2,19],"is_endless":false,"potions_floor_spawned":[5,10,13,16,21,22],"killed_by":"Slavers","ascension_level":0}}