{"host":"vrsxkkch9ccrec7k","time":1613367530,"event":{"mods":["Act Like it!","BaseMod","Bestiary","Better Altar","Better Match","Better Note","Better Sensory Stone","Better Skull","Better Third Choice","Better Vampires","Downfall","Minty Spire (QoL Compilation)","Permanent Neow","Relic Stats","Spicy Shops","StSLib"],"gold_per_floor":[0,16,26,26,26,38,92,107,139,149,49,63,63,74,86,185,185,185,185,385,402,421,455,526,518,518,532,74,74,104,104,128,236,236,236,258,280,49,59,77,77,113,113,136,4,4,4,23,42,42],"floor_reached":51,"language":"ENG","playtime":4965,"items_purged":["Parasite","Doubt","Parasite"],"score":1147,"play_id":"345f614e-02d3-4c15-a4a9-6212cd081e6c","local_time":"20210215003850","is_ascension_mode":true,"campfire_choices":[{"data":"hexamod:Float","floor":1,"key":"SMITH"},{"data":"hexamod:ShieldOfDarkness","floor":11,"key":"SMITH"},{"floor":13,"key":"REST"},{"data":"hexamod:ForkedFlame","floor":18,"key":"SMITH"},{"floor":26,"key":"REST"},{"data":"hexamod:PhantomCloak","floor":29,"key":"SMITH"},{"data":"hexamod:GiftsFromTheDead","floor":35,"key":"SMITH"},{"floor":47,"key":"REST"}],"circlet_count":0,"master_deck":["AscendersBane","hexamod:Sear+1","hexamod:Float+1","hexamod:NightmareStrike+1","hexamod:GhostOfSpirePast+1","hexamod:FourthSeal","hexamod:ShieldOfDarkness+1","hexamod:FlamesFromBeyond+1","hexamod:SpectersWail","hexamod:ForkedFlame+1","hexamod:SoulSteal+1","hexamod:SixthSeal","hexamod:ThirdSeal","hexamod:SwordOfDarkness+1","hexamod:RecurringNightmare+1","hexamod:HeatShield+1","hexamod:GhostShield+1","hexamod:SoulSteal+1","hexamod:TimeWarp+1","downfall:Haunted","hexamod:GhostOfSpirePast+1","hexamod:PhantomCloak+1","hexamod:FirstSeal","hexamod:FourthSeal","hexamod:SecondSeal","hexamod:BacktrackSmack+1","hexamod:Hexaguard+1","hexamod:HeatShield+1","hexamod:GiftsFromTheDead+1","hexamod:PhantomCloak+1","hexamod:HeatShield+1","hexamod:FastForward+1","hexamod:ForkedFlame+1","hexamod:PhantomFireball+1","hexamod:GhostOfSpireFuture+1","hexamod:SkipABeat+1","hexamod:GhostflameBarrier+1","hexamod:GhostflameInferno+1","hexamod:Again+1"],"relics":["hexamod:SpiritBrand","hexamod:SoulOfChaos","Darkstone Periapt","downfall:HeartBlessingBlue","Pandora\u0027s Box","MutagenicStrength","Vajra","Kunai","Guardian:BottledAnomaly","ClockworkSouvenir","Oddly Smooth Stone","Lantern","sneckomod:SneckoTalon","Lee\u0027s Waffle","Ice Cream","Bottled Flame","Centennial Puzzle","InkBottle"],"acts_visited":["Exordium","TheCity","TheBeyond"],"potions_floor_usage":[9,12,16,21,23,23,30,30,33,36,36,36,38,40,42,50,50],"damage_taken":[{"damage":0,"enemies":"2 Louse","floor":2,"turns":3},{"damage":0,"enemies":"Jaw Worm","floor":3,"turns":3},{"damage":0,"enemies":"Small Slimes","floor":6,"turns":3},{"damage":15,"enemies":"Exordium Thugs","floor":8,"turns":7},{"damage":15,"enemies":"Gremlin Nob","floor":9,"turns":4},{"damage":4,"enemies":"3 Louse","floor":10,"turns":4},{"damage":1,"enemies":"Large Slime","floor":12,"turns":7},{"damage":0,"enemies":"Blue Slaver","floor":14,"turns":3},{"damage":0,"enemies":"Exordium Wildlife","floor":15,"turns":4},{"damage":11,"enemies":"SI_SHIV_ARCHETYPE","floor":16,"turns":10},{"damage":8,"enemies":"3 Byrds","floor":21,"turns":3},{"damage":9,"enemies":"Shell Parasite","floor":22,"turns":3},{"damage":32,"enemies":"Book of Stabbing","floor":23,"turns":6},{"damage":11,"enemies":"Centurion and Healer","floor":27,"turns":3},{"damage":1,"enemies":"downfall:FleeingMerchant","floor":28,"turns":4},{"damage":23,"enemies":"Gremlin Leader","floor":30,"turns":6},{"damage":0,"enemies":"3 Cultists","floor":32,"turns":3},{"damage":33,"enemies":"DF_ARCHETYPE_CLAW","floor":33,"turns":6},{"damage":40,"enemies":"Orb Walker","floor":36,"turns":6},{"damage":10,"enemies":"3 Shapes","floor":37,"turns":5},{"damage":0,"enemies":"downfall:FleeingMerchant","floor":38,"turns":4},{"damage":33,"enemies":"Jaw Worm Horde","floor":39,"turns":3},{"damage":20,"enemies":"3 Darklings","floor":40,"turns":6},{"damage":0,"enemies":"Nemesis","floor":42,"turns":5},{"damage":8,"enemies":"Writhing Mass","floor":44,"turns":7},{"damage":15,"enemies":"downfall:FleeingMerchant","floor":45,"turns":3},{"damage":0,"enemies":"Transient","floor":48,"turns":5},{"damage":0,"enemies":"Jaw Worm Horde","floor":49,"turns":3},{"damage":62,"enemies":"WA_ARCHETYPE_DIVINITY","floor":50,"turns":24}],"seed_played":"6603460002621109283","potions_obtained":[{"floor":8,"key":"LiquidBronze"},{"floor":8,"key":"hexamod:SoulburnPotion"},{"floor":9,"key":"Fruit Juice"},{"floor":9,"key":"Block Potion"},{"floor":12,"key":"Energy Potion"},{"floor":16,"key":"GamblersBrew"},{"floor":21,"key":"GamblersBrew"},{"floor":22,"key":"Explosive Potion"},{"floor":22,"key":"Explosive Potion"},{"floor":23,"key":"Explosive Potion"},{"floor":27,"key":"PowerPotion"},{"floor":27,"key":"GamblersBrew"},{"floor":28,"key":"hexamod:DoubleChargePotion"},{"floor":30,"key":"Weak Potion"},{"floor":30,"key":"AttackPotion"},{"floor":33,"key":"EntropicBrew"},{"floor":36,"key":"hexamod:DoubleChargePotion"},{"floor":36,"key":"CultistPotion"},{"floor":37,"key":"PowerPotion"},{"floor":39,"key":"hexamod:EctoCoolerPotion"},{"floor":40,"key":"Guardian:BlockOnCardUsePotion"},{"floor":42,"key":"hexamod:InfernoChargePotion"},{"floor":48,"key":"DuplicationPotion"},{"floor":48,"key":"PowerPotion"}],"is_trial":false,"path_per_floor":["R","M","M","?","?","M","T","M","E","M","R","M","R","M","M","B",null,"R","?","?","M","M","E","T","?","R","M","$","R","E","?","M","B",null,"R","M","M","$","M","M","T","E","?","M","$","?","R","M","M","B",null],"character_chosen":"THE_SPIRIT","items_purchased":["Guardian:BottledAnomaly","ClockworkSouvenir","Oddly Smooth Stone","Lee\u0027s Waffle","Ice Cream","InkBottle"],"campfire_rested":3,"item_purchase_floors":[28,28,28,38,38,45],"current_hp_per_floor":[63,63,63,63,63,63,63,48,33,29,39,43,68,68,68,57,78,78,78,84,76,67,35,35,35,62,58,64,64,48,48,48,22,74,74,41,38,101,75,62,62,69,107,112,97,97,110,110,110,55],"gold":42,"neow_bonus":"ONE_RARE_RELIC","is_daily":false,"chose_seed":false,"campfire_upgraded":5,"win_rate":0.0,"timestamp":1613367530,"path_taken":["R","M","M","?","?","M","T","M","E","M","R","M","R","M","M","BOSS","R","?","?","M","M","E","T","?","R","M","$","R","E","?","M","BOSS","R","M","M","$","M","M","T","E","?","M","$","?","R","M","M","BOSS"],"items_purchased_type":["Relic","Relic","Relic","Relic","Relic","Relic"],"build_version":"2020-12-22","purchased_purges":3,"victory":true,"max_hp_per_floor":[70,70,70,70,70,70,70,70,70,70,80,85,85,85,85,85,85,85,85,91,91,91,91,91,91,91,91,91,91,91,91,91,91,91,91,91,91,101,101,101,101,101,107,113,110,110,110,110,110,110],"relic_stats":{"Darkstone Periapt":24,"Lee\u0027s Waffle":60,"Centennial Puzzle":[9],"counters":[29,153],"Pandora\u0027s Box":["hexamod:ThirdSeal","hexamod:SwordOfDarkness","hexamod:RecurringNightmare","hexamod:HeatShield","hexamod:GhostShield","hexamod:SoulSteal","hexamod:TimeWarp"],"Kunai":[24],"obtain_stats":[{"Darkstone Periapt":9,"Ice Cream":38,"Lantern":30,"Lee\u0027s Waffle":38,"Vajra":23,"Oddly Smooth Stone":28,"sneckomod:SneckoTalon":34,"ClockworkSouvenir":28,"Bottled Flame":41,"Centennial Puzzle":42,"downfall:HeartBlessingBlue":11,"hexamod:SoulOfChaos":0,"MutagenicStrength":19,"Pandora\u0027s Box":17,"Kunai":24,"Guardian:BottledAnomaly":28,"hexamod:SpiritBrand":0,"InkBottle":45},{"Darkstone Periapt":5,"Ice Cream":21,"Lantern":16,"Lee\u0027s Waffle":21,"Vajra":13,"Oddly Smooth Stone":15,"sneckomod:SneckoTalon":18,"ClockworkSouvenir":15,"Bottled Flame":23,"Centennial Puzzle":24,"downfall:HeartBlessingBlue":6,"hexamod:SoulOfChaos":0,"MutagenicStrength":10,"Pandora\u0027s Box":10,"Kunai":13,"Guardian:BottledAnomaly":15,"hexamod:SpiritBrand":0,"InkBottle":26},{"Darkstone Periapt":20,"Ice Cream":97,"Lantern":73,"Lee\u0027s Waffle":97,"Vajra":60,"Oddly Smooth Stone":67,"sneckomod:SneckoTalon":82,"ClockworkSouvenir":67,"Bottled Flame":106,"Centennial Puzzle":111,"downfall:HeartBlessingBlue":24,"hexamod:SoulOfChaos":0,"MutagenicStrength":48,"Pandora\u0027s Box":48,"Kunai":60,"Guardian:BottledAnomaly":67,"hexamod:SpiritBrand":0,"InkBottle":121}],"InkBottle":[13]},"card_choices":[{"not_picked":["hexamod:GhostShield","hexamod:CatchUp"],"picked":"hexamod:NightmareStrike","floor":2},{"not_picked":["hexamod:PhantomCloak","hexamod:PowerFromBeyond"],"picked":"hexamod:GhostOfSpirePast","floor":3},{"not_picked":["hexamod:Firestarter","hexamod:SpectersWail"],"picked":"hexamod:FourthSeal","floor":6},{"not_picked":["hexamod:HauntingEcho","hexamod:ExtraCrispy"],"picked":"hexamod:ShieldOfDarkness","floor":8},{"not_picked":["hexamod:NightmareGuise","hexamod:HeatMetal"],"picked":"hexamod:FlamesFromBeyond","floor":9},{"not_picked":["hexamod:Hexaguard","hexamod:SuperheatedStrike"],"picked":"hexamod:SpectersWail","floor":10},{"not_picked":["hexamod:AdvancingGuard","hexamod:FlamesFromBeyond"],"picked":"hexamod:ForkedFlame","floor":12},{"not_picked":["hexamod:SpectersWail","hexamod:AdvancingGuard"],"picked":"hexamod:SoulSteal","floor":14},{"not_picked":["hexamod:HauntingEcho","hexamod:Incineration","hexamod:GhostShield"],"picked":"SKIP","floor":15},{"not_picked":["hexamod:GhostflameInferno","hexamod:Toasty"],"picked":"hexamod:SixthSeal","floor":16},{"not_picked":["hexamod:NecessarySacrifice","hexamod:Firestarter"],"picked":"hexamod:GhostOfSpirePast","floor":21},{"not_picked":["hexamod:GhostOfSpirePast","hexamod:AdvancingGuard"],"picked":"hexamod:PhantomCloak","floor":21},{"not_picked":["hexamod:HeatMetal","hexamod:PhantomFireball","hexamod:FlamesFromBeyond"],"picked":"SKIP","floor":22},{"not_picked":["hexamod:BurningTouch","hexamod:RadiantFlame"],"picked":"hexamod:FirstSeal","floor":23},{"not_picked":["hexamod:GhostLash","hexamod:GhostflameBarrier"],"picked":"hexamod:BacktrackSmack","floor":27},{"not_picked":["hexamod:ThirdSeal","hexamod:SpectersWail+1","hexamod:GhostOfSpirePast"],"picked":"SKIP","floor":28},{"not_picked":["hexamod:StepThrough","hexamod:RainOfEmbers","hexamod:CatchUp"],"picked":"SKIP","floor":28},{"not_picked":["hexamod:BurningTouch","hexamod:SoulSteal"],"picked":"hexamod:Hexaguard+1","floor":30},{"not_picked":["hexamod:CatchUp","hexamod:BurningTouch","hexamod:Firestarter"],"picked":"SKIP","floor":30},{"not_picked":["hexamod:SixthSeal","hexamod:NightmareGuise"],"picked":"hexamod:HeatShield","floor":32},{"not_picked":["hexamod:SecondSeal","hexamod:ThermalTransfer","hexamod:ShieldOfDarkness"],"picked":"SKIP","floor":32},{"not_picked":["hexamod:ApocalypticArmor","hexamod:FlameSwitch"],"picked":"hexamod:GiftsFromTheDead","floor":33},{"not_picked":["hexamod:PhantomFireball","hexamod:HauntingEcho+1"],"picked":"hexamod:PhantomCloak","floor":36},{"not_picked":["hexamod:SpectersWail","hexamod:SuperheatedStrike+1","hexamod:HeatMetal+1"],"picked":"SKIP","floor":36},{"not_picked":["hexamod:BurningTouch+1","hexamod:Rewind"],"picked":"hexamod:HeatShield+1","floor":37},{"not_picked":["hexamod:BurningTouch+1","hexamod:ThermalTransfer","hexamod:EtherealExpedition+1"],"picked":"SKIP","floor":37},{"not_picked":["hexamod:BurningTouch","hexamod:Firestarter"],"picked":"hexamod:FastForward+1","floor":38},{"not_picked":["hexamod:HeatMetal","hexamod:NightmareStrike"],"picked":"hexamod:ForkedFlame","floor":38},{"not_picked":["hexamod:BurningTouch","hexamod:RetreatToShadows+1"],"picked":"hexamod:PhantomFireball+1","floor":39},{"not_picked":["hexamod:InspiringFlames","hexamod:ExtraCrispy","hexamod:ThermalTransfer"],"picked":"SKIP","floor":39},{"not_picked":["hexamod:AdvancingGuard","hexamod:GhostOfSpirePast"],"picked":"hexamod:GhostOfSpireFuture+1","floor":40},{"not_picked":["hexamod:NightmareStrike","hexamod:Haunt","hexamod:Firestarter"],"picked":"SKIP","floor":40},{"not_picked":["hexamod:Hexaguard","hexamod:FlamesFromBeyond+1"],"picked":"hexamod:SkipABeat+1","floor":42},{"not_picked":["hexamod:DynamicBlow","hexamod:HauntingEcho","hexamod:Incineration+1"],"picked":"SKIP","floor":42},{"not_picked":["hexamod:HeatMetal+1","hexamod:NightmareStrike+1"],"picked":"hexamod:GhostflameBarrier+1","floor":44},{"not_picked":["hexamod:GhostOfSpirePresent","hexamod:GhostLash","hexamod:CatchUp"],"picked":"SKIP","floor":44},{"not_picked":["hexamod:FastForward","hexamod:FlamesFromBeyond+1"],"picked":"hexamod:GhostflameInferno","floor":45},{"not_picked":["hexamod:SixthSeal","hexamod:Incineration","hexamod:ShieldOfDarkness+1"],"picked":"SKIP","floor":45},{"not_picked":["hexamod:EtherealExpedition+1","hexamod:HeatMetal+1"],"picked":"hexamod:Again+1","floor":48},{"not_picked":["hexamod:GhostOfSpirePresent","hexamod:InspiringFlames+1","hexamod:Firestarter+1"],"picked":"SKIP","floor":48},{"not_picked":["hexamod:SkipABeat","hexamod:InspiringFlames+1","hexamod:Incineration"],"picked":"SKIP","floor":49}],"player_experience":1922533,"relics_obtained":[{"floor":9,"key":"Darkstone Periapt"},{"floor":23,"key":"Vajra"},{"floor":24,"key":"Kunai"},{"floor":30,"key":"Lantern"},{"floor":41,"key":"Bottled Flame"},{"floor":42,"key":"Centennial Puzzle"}],"event_choices":[{"damage_healed":0,"gold_gain":0,"player_choice":"Inject Mutagens","damage_taken":0,"relics_obtained":["MutagenicStrength"],"max_hp_gain":0,"max_hp_loss":0,"event_name":"Drug Dealer","floor":19,"gold_loss":0}],"is_beta":false,"boss_relics":[{"not_picked":["bronze:MakeshiftBattery","Calling Bell"],"picked":"Pandora\u0027s Box"},{"not_picked":["Velvet Choker","Coffee Dripper"],"picked":"sneckomod:SneckoTalon"}],"items_purged_floors":[38,45,45],"is_endless":false,"potions_floor_spawned":[8,9,12,21,22,27,30,33,36,39,40,42,48],"ascension_level":10}}