{"host":"1poy056mauca3bbh","time":1613397494,"event":{"mods":["Ascension Unlocker","BaseMod","Bestiary","Block Reminder","Colored Map","Colored Powertips","Curses Come First","Highlight Path","Minty Spire (QoL Compilation)","Permanent Neow","Quick Restart","Rare Cards Sparkle","Relic Stats","Smile Girya","StSLib","UnlockEverythingMod"],"gold_per_floor":[112,92,102,102,116,27,42,42,68,68,31,106,123,136,136,136,136],"floor_reached":16,"language":"ENG","playtime":894,"items_purged":[],"score":184,"play_id":"e405c793-79b1-48ca-98ae-2ea6f2e663de","local_time":"20210215085814","is_ascension_mode":true,"campfire_choices":[{"data":"Footwork","floor":10.0,"key":"SMITH"},{"floor":15.0,"key":"REST"}],"circlet_count":0,"master_deck":["AscendersBane","Strike_G","Strike_G","Strike_G","Strike_G","Strike_G","Defend_G","Defend_G","Defend_G","Defend_G","Survivor","Neutralize","Expertise","Footwork+1","Choke","PiercingWail","Accuracy","Prepared","Quick Slash","Pain","Injury","Infinite Blades","Poisoned Stab+1","PiercingWail"],"relics":["Cursed Key","Molten Egg 2","Boot"],"acts_visited":["Exordium"],"potions_floor_usage":[16,16],"damage_taken":[{"damage":0.0,"enemies":"2 Louse","floor":1.0,"turns":3.0},{"damage":0.0,"enemies":"Cultist","floor":3.0,"turns":4.0},{"damage":0.0,"enemies":"Jaw Worm","floor":5.0,"turns":4.0},{"damage":7.0,"enemies":"Large Slime","floor":7.0,"turns":9.0},{"damage":15.0,"enemies":"Looter","floor":13.0,"turns":4.0},{"damage":16.0,"enemies":"Lots of Slimes","floor":14.0,"turns":4.0},{"damage":32,"enemies":"Slime Boss","floor":16,"turns":7}],"seed_played":"4918657944905462473","potions_obtained":[{"floor":2.0,"key":"FearPotion"},{"floor":5.0,"key":"Dexterity Potion"},{"floor":14.0,"key":"PowerPotion"}],"is_trial":false,"path_per_floor":["M","?","M","?","M","$","M","T","T","R","$","?","M","M","R","B"],"character_chosen":"THE_SILENT","items_purchased":["Accuracy","Prepared","Infinite Blades"],"campfire_rested":1,"item_purchase_floors":[6,6,11],"current_hp_per_floor":[59,59,59,59,59,59,52,52,52,52,52,41,26,10,29,0,0],"gold":136,"neow_bonus":"BOSS_RELIC","is_daily":false,"chose_seed":false,"campfire_upgraded":1,"win_rate":0.0,"timestamp":1613397494,"path_taken":["M","?","?","?","?","?","M","?","T","R","$","?","M","M","R","BOSS"],"items_purchased_type":["Card","Card","Card"],"build_version":"2020-12-22","purchased_purges":0,"victory":false,"max_hp_per_floor":[66,66,66,66,66,66,66,66,66,66,66,66,66,66,66,66,66],"relic_stats":{"counters":[7,35],"Cursed Key":2,"Boot":[13],"obtain_stats":[{"Molten Egg 2":8,"Cursed Key":0,"Boot":9,"Ring of the Snake":0},{"Molten Egg 2":4,"Cursed Key":0,"Boot":4,"Ring of the Snake":0},{"Molten Egg 2":20,"Cursed Key":0,"Boot":20,"Ring of the Snake":0}]},"card_choices":[{"not_picked":["Deflect","Underhanded Strike"],"picked":"Expertise","floor":1.0},{"not_picked":["Prepared","Finisher"],"picked":"Footwork","floor":3.0},{"not_picked":["Dagger Spray","Deflect"],"picked":"PiercingWail","floor":5.0},{"not_picked":["Flechettes","Dagger Spray"],"picked":"Quick Slash","floor":7.0},{"not_picked":["Backflip","Underhanded Strike+1"],"picked":"Poisoned Stab+1","floor":13.0},{"not_picked":["Deflect","Bane+1"],"picked":"PiercingWail","floor":14.0}],"player_experience":152146,"relics_obtained":[{"floor":8.0,"key":"Molten Egg 2"},{"floor":9.0,"key":"Boot"}],"event_choices":[{"damage_healed":0.0,"max_hp_gain":0.0,"max_hp_loss":0.0,"gold_gain":0.0,"event_name":"The Woman in Blue","player_choice":"Bought 1 Potion","floor":2.0,"gold_loss":0.0,"damage_taken":0.0},{"damage_healed":0.0,"max_hp_gain":0.0,"max_hp_loss":0.0,"gold_gain":0.0,"cards_transformed":["Defend_G"],"event_name":"Transmorgrifier","player_choice":"Transformed","floor":4.0,"gold_loss":0.0,"damage_taken":0.0,"cards_obtained":["Choke"]},{"damage_healed":0.0,"max_hp_gain":0.0,"max_hp_loss":0.0,"gold_gain":75.0,"event_name":"World of Goop","player_choice":"Gather Gold","floor":12.0,"gold_loss":0.0,"damage_taken":11.0}],"is_beta":false,"boss_relics":[],"items_purged_floors":[],"is_endless":false,"potions_floor_spawned":[5,14],"killed_by":"Slime Boss","ascension_level":20}}