{"host":"2ty4h143nj8vwezc","time":1613358805,"event":{"mods":["BaseMod","Colored Map","Googly Eyes","Highlight Path","Minty Spire (QoL Compilation)","Quick Restart","StSLib"],"gold_per_floor":[119,119,294,70,70,70,10,36,61,80,93,119,119,134,134,229,229,244,254,60,60,74,74,93,111,111,111,126,158,158,186,186,289,339,358,258,258,258,25,57,57,87,113,82,82,82,100,128,128,128],"floor_reached":51,"language":"ENG","playtime":2228,"items_purged":["Regret","Doubt","Strike_B"],"score":1401,"play_id":"6a9063dc-84a2-4ab2-8a18-5721a81ee47a","local_time":"20210214221325","is_ascension_mode":true,"campfire_choices":[{"data":"Tempest","floor":6.0,"key":"SMITH"},{"data":"Electrodynamics","floor":13.0,"key":"SMITH"},{"data":"Turbo","floor":15.0,"key":"SMITH"},{"data":"Storm","floor":27.0,"key":"SMITH"},{"floor":30.0,"key":"REST"},{"data":"Echo Form","floor":32.0,"key":"SMITH"},{"data":"Buffer","floor":41.0,"key":"SMITH"},{"data":"Thunder Strike","floor":45.0,"key":"SMITH"},{"data":"Loop","floor":49.0,"key":"SMITH"}],"circlet_count":0,"master_deck":["AscendersBane","Strike_B+1","Strike_B","Strike_B","Defend_B","Defend_B","Defend_B","Defend_B","Zap","Dualcast","Tempest+1","Tempest","FTL","Conserve Battery","Undo","Electrodynamics+1","Turbo+1","Biased Cognition","Chill","Biased Cognition","RitualDagger","Storm+1","Reinforced Body","BootSequence","Double Energy+1","Heatsinks+1","Echo Form+1","Buffer+1","White Noise+1","Skim+1","Loop+1","Chill","Thunder Strike+1","Loop","Turbo+1","Lockon+1"],"relics":["FrozenCore","NeowsBlessing","Juzu Bracelet","MealTicket","The Courier","Nunchaku","Pen Nib","Eternal Feather","DollysMirror","Meat on the Bone","Toy Ornithopter","Bronze Scales","Tiny House","Cables","Orichalcum","Strawberry","Potion Belt","Symbiotic Virus"],"acts_visited":["Exordium","TheCity","TheBeyond"],"potions_floor_usage":[50],"damage_taken":[{"damage":0.0,"enemies":"Jaw Worm","floor":1.0,"turns":1.0},{"damage":0.0,"enemies":"Lagavulin","floor":8.0,"turns":1.0},{"damage":0.0,"enemies":"2 Louse","floor":10.0,"turns":1.0},{"damage":9.0,"enemies":"Small Slimes","floor":11.0,"turns":3.0},{"damage":18.0,"enemies":"3 Sentries","floor":12.0,"turns":5.0},{"damage":3.0,"enemies":"Blue Slaver","floor":14.0,"turns":2.0},{"damage":0.0,"enemies":"Slime Boss","floor":16.0,"turns":5.0},{"damage":12.0,"enemies":"Chosen","floor":18.0,"turns":3.0},{"damage":0.0,"enemies":"3 Byrds","floor":19.0,"turns":2.0},{"damage":12.0,"enemies":"Cultist and Chosen","floor":22.0,"turns":3.0},{"damage":37.0,"enemies":"Snake Plant","floor":24.0,"turns":5.0},{"damage":0.0,"enemies":"Shelled Parasite and Fungi","floor":25.0,"turns":4.0},{"damage":0.0,"enemies":"Cultist and Chosen","floor":28.0,"turns":3.0},{"damage":37.0,"enemies":"Gremlin Leader","floor":29.0,"turns":7.0},{"damage":8.0,"enemies":"Book of Stabbing","floor":31.0,"turns":4.0},{"damage":23.0,"enemies":"Automaton","floor":33.0,"turns":6.0},{"damage":0.0,"enemies":"3 Shapes","floor":35.0,"turns":2.0},{"damage":44.0,"enemies":"Reptomancer","floor":40.0,"turns":4.0},{"damage":0.0,"enemies":"Nemesis","floor":42.0,"turns":7.0},{"damage":0.0,"enemies":"Giant Head","floor":46.0,"turns":1.0},{"damage":4.0,"enemies":"Orb Walker","floor":47.0,"turns":2.0},{"damage":0.0,"enemies":"Nemesis","floor":48.0,"turns":5.0},{"damage":71,"enemies":"Donu and Deca","floor":50,"turns":6}],"seed_played":"-6067923828250225335","potions_obtained":[{"floor":1.0,"key":"PotionOfCapacity"},{"floor":8.0,"key":"SkillPotion"},{"floor":10.0,"key":"AttackPotion"},{"floor":19.0,"key":"SkillPotion"},{"floor":22.0,"key":"Swift Potion"},{"floor":25.0,"key":"Fruit Juice"},{"floor":28.0,"key":"Ancient Potion"},{"floor":34.0,"key":"SmokeBomb"},{"floor":47.0,"key":"BlessingOfTheForge"}],"is_trial":false,"path_per_floor":["M","?","?","$","T","R","$","E","T","M","M","E","R","M","R","B",null,"M","M","$","?","M","?","M","M","T","R","M","E","R","E","R","B",null,"M","$","?","?","$","E","R","E","T","$","R","E","M","E","R","B",null],"character_chosen":"DEFECT","items_purchased":["MealTicket","Tempest","DollysMirror","Loop","Cables","Loop"],"campfire_rested":1,"item_purchase_floors":[4,7,20,39,39,44],"current_hp_per_floor":[68,68,68,68,68,68,75,75,75,75,66,48,57,54,63,63,72,60,60,75,69,57,57,20,20,20,35,52,27,66,58,73,55,79,79,85,85,81,81,49,67,79,79,88,88,88,84,84,88,29],"gold":128,"neow_bonus":"THREE_ENEMY_KILL","is_daily":false,"chose_seed":false,"campfire_upgraded":8,"win_rate":0.0,"timestamp":1613358805,"path_taken":["M","?","?","$","?","R","?","E","T","M","M","E","R","M","R","BOSS","M","M","$","?","M","?","M","M","T","R","M","E","R","E","R","BOSS","M","$","?","?","?","E","R","E","T","?","R","E","M","E","R","BOSS"],"items_purchased_type":["Relic","Card","Relic","Card","Relic","Card"],"build_version":"2020-12-22","purchased_purges":3,"victory":true,"max_hp_per_floor":[75,75,75,75,75,75,75,75,75,75,75,75,75,75,75,75,75,75,75,75,75,75,75,75,75,75,75,80,80,80,80,80,80,85,85,85,85,81,81,81,81,88,88,88,88,88,88,88,88,88],"card_choices":[{"not_picked":["Lockon","Stack"],"picked":"Tempest","floor":1.0},{"not_picked":["Rebound","Static Discharge"],"picked":"FTL","floor":8.0},{"not_picked":["Turbo","Rebound"],"picked":"Conserve Battery","floor":10.0},{"not_picked":["Gash","Rebound"],"picked":"Undo","floor":11.0},{"not_picked":["Scrape","Hello World"],"picked":"Electrodynamics","floor":12.0},{"not_picked":["Leap","Compile Driver"],"picked":"Turbo","floor":14.0},{"not_picked":["Amplify","Thunder Strike"],"picked":"Biased Cognition","floor":16.0},{"not_picked":["Compile Driver","Coolheaded+1"],"picked":"Chill","floor":18.0},{"not_picked":["Static Discharge","Coolheaded","Cold Snap"],"picked":"SKIP","floor":19.0},{"not_picked":["Ball Lightning","Streamline","Hologram"],"picked":"SKIP","floor":22.0},{"not_picked":["Streamline","Recycle"],"picked":"Reinforced Body","floor":24.0},{"not_picked":["Streamline+1","Reinforced Body"],"picked":"BootSequence","floor":25.0},{"not_picked":["FTL","Tempest"],"picked":"Double Energy+1","floor":28.0},{"not_picked":["Coolheaded","Tempest"],"picked":"Heatsinks+1","floor":29.0},{"not_picked":["Aggregate","Consume+1"],"picked":"Echo Form","floor":31.0},{"not_picked":["Fission","Seek"],"picked":"Buffer","floor":33.0},{"not_picked":["Redo","Darkness+1"],"picked":"White Noise+1","floor":34.0},{"not_picked":["Cold Snap+1","Streamline+1"],"picked":"Skim+1","floor":35.0},{"not_picked":["Go for the Eyes+1","Barrage+1"],"picked":"Chill","floor":40.0},{"not_picked":["Ball Lightning+1","Streamline"],"picked":"Thunder Strike","floor":42.0},{"not_picked":["Gash","Darkness"],"picked":"Turbo+1","floor":47.0},{"not_picked":["Steam+1","Fusion"],"picked":"Lockon+1","floor":48.0}],"player_experience":426733,"relics_obtained":[{"floor":5.0,"key":"The Courier"},{"floor":8.0,"key":"Nunchaku"},{"floor":9.0,"key":"Pen Nib"},{"floor":12.0,"key":"Eternal Feather"},{"floor":26.0,"key":"Meat on the Bone"},{"floor":29.0,"key":"Toy Ornithopter"},{"floor":31.0,"key":"Bronze Scales"},{"floor":40.0,"key":"Orichalcum"},{"floor":42.0,"key":"Strawberry"},{"floor":43.0,"key":"Potion Belt"},{"floor":48.0,"key":"Symbiotic Virus"}],"event_choices":[{"damage_healed":0.0,"max_hp_gain":0.0,"max_hp_loss":0.0,"gold_gain":0.0,"event_name":"Big Fish","player_choice":"Box","floor":2.0,"gold_loss":0.0,"damage_taken":0.0,"relics_obtained":["Juzu Bracelet"],"cards_obtained":["Regret"]},{"damage_healed":0.0,"max_hp_gain":0.0,"max_hp_loss":0.0,"gold_gain":175.0,"event_name":"Liars Game","player_choice":"AGREE","floor":3.0,"gold_loss":0.0,"damage_taken":0.0,"cards_obtained":["Doubt"]},{"damage_healed":0.0,"max_hp_gain":0.0,"max_hp_loss":0.0,"gold_gain":0.0,"event_name":"Nest","player_choice":"Joined the Cult","floor":21.0,"gold_loss":0.0,"damage_taken":6.0,"cards_obtained":["RitualDagger"]},{"damage_healed":0.0,"max_hp_gain":0.0,"max_hp_loss":0.0,"gold_gain":0.0,"event_name":"The Library","player_choice":"Read","floor":23.0,"gold_loss":0.0,"damage_taken":0.0,"cards_obtained":["Storm"]},{"damage_healed":0.0,"max_hp_gain":0.0,"max_hp_loss":0.0,"gold_gain":0.0,"event_name":"Tomb of Lord Red Mask","player_choice":"Ignored","floor":37.0,"gold_loss":0.0,"damage_taken":0.0},{"damage_healed":0.0,"max_hp_gain":0.0,"max_hp_loss":4.0,"gold_gain":0.0,"event_name":"Winding Halls","player_choice":"Max HP","floor":38.0,"gold_loss":0.0,"damage_taken":0.0}],"is_beta":false,"boss_relics":[{"not_picked":["Runic Dome","Busted Crown"],"picked":"FrozenCore"},{"not_picked":["Coffee Dripper","Philosopher\u0027s Stone"],"picked":"Tiny House"}],"items_purged_floors":[4,20,36],"is_endless":false,"potions_floor_spawned":[1,8,10,11,19,22,25,28,46,47],"ascension_level":10}}