{"host":"9anookmks9wubopy","time":1613416325,"event":{"mods":["A Magickal Journey","Aspiration","Bard","BaseMod","BetterRewards","Colored Map","Conjunction","Conspire","Energized Spire","Halation","Hubris","Mimic Mod","Minty Spire (QoL Compilation)","Replay The Spire","Somnambulant","StSLib","The Elementalist","The Jungle","The Mystic"],"gold_per_floor":[118,118,133,133,146,110,123,123,157,157,174,174,203,278,278,375,375,393,393,413,413,448,448,477,490,490,490,504,504,504,517,517,517,517],"floor_reached":33,"language":"ENG","playtime":2233,"items_purged":[],"score":265,"play_id":"67534674-40cb-4afb-a2fb-a5b212aeca8b","local_time":"20210215141205","is_ascension_mode":false,"campfire_choices":[{"floor":8,"key":"REST"},{"data":"mysticmod:Probe","floor":10,"key":"SMITH"},{"floor":15,"key":"REST"},{"floor":23,"key":"REST"},{"floor":27,"key":"REST"},{"floor":30,"key":"REST"},{"floor":32,"key":"REST"}],"circlet_count":0,"master_deck":["mysticmod:Strike_Mystic","mysticmod:Strike_Mystic","mysticmod:Strike_Mystic","mysticmod:Strike_Mystic","mysticmod:Defend_Mystic","mysticmod:ArcaneDodge","mysticmod:ShockingGrasp+1","mysticmod:LightningBolt","mysticmod:Riposte","mysticmod:ArcaneAccuracy","mysticmod:CorrosiveTouch+1","mysticmod:Probe+1","mysticmod:BladeMaster","mysticmod:Discipline","mysticmod:Sideswipe","Deadly Poison","Catalyst","hubris:Sniper","mysticmod:KeenEdge+1","elementalist:Fire_Emblem","mysticmod:DiviningBlow","mysticmod:Daze","mysticmod:Sideswipe+1","mysticmod:HunkerDown+1"],"relics":["mysticmod:SpellBook","aspiration:Nostalgia","Replay:M_SmolderingBlood","hubris:Towel","Bag of Marbles","Replay:Rubber Ducky","Torii","conspire:SlowCooker","Bird Faced Urn","TungstenRod","Centennial Puzzle","elementalistmod:GreenCirclet"],"acts_visited":["Exordium","TheCity"],"potions_floor_usage":[16,16,16,22,22,33],"damage_taken":[{"damage":1,"enemies":"Cultist","floor":1,"turns":3},{"damage":0,"enemies":"2 Louse","floor":3,"turns":2},{"damage":2,"enemies":"Jaw Worm","floor":5,"turns":4},{"damage":0,"enemies":"2 Fungi Beasts","floor":7,"turns":3},{"damage":0,"enemies":"Exordium Wildlife","floor":9,"turns":8},{"damage":0,"enemies":"Exordium Wildlife","floor":11,"turns":1},{"damage":10,"enemies":"3 Sentries","floor":13,"turns":6},{"damage":42,"enemies":"The Guardian","floor":16,"turns":9},{"damage":36,"enemies":"conspire:FuzzyDice","floor":18,"turns":7},{"damage":9,"enemies":"Chosen","floor":20,"turns":5},{"damage":26,"enemies":"conspire:MimicChest","floor":22,"turns":6},{"damage":18,"enemies":"Replay:Snechameleon","floor":24,"turns":9},{"damage":0,"enemies":"Snake Plant","floor":25,"turns":5},{"damage":10,"enemies":"Centurion and Healer","floor":28,"turns":4},{"damage":5,"enemies":"conspire:HollyBat","floor":31,"turns":5},{"damage":79,"enemies":"Collector","floor":33,"turns":6}],"seed_played":"-8135140718374158714","potions_obtained":[{"floor":1,"key":"ColorlessPotion"},{"floor":3,"key":"Reflective Coating"},{"floor":11,"key":"conspire:TimeTravelPotion"},{"floor":18,"key":"ColorlessPotion"},{"floor":20,"key":"Conjunction:LightningMarble"},{"floor":31,"key":"LiquidMemories"}],"is_trial":false,"path_per_floor":["M","?","M","?","M","$","M","R","MIM","R","M","?","E","?","R","B",null,"M","?","M","?","?","R","E","M","T","R","M","?","R","M","R","B"],"character_chosen":"MYSTIC_CLASS","items_purchased":["mysticmod:CorrosiveTouch+1"],"campfire_rested":6,"item_purchase_floors":[6],"current_hp_per_floor":[76,76,76,76,74,74,74,77,77,77,77,77,67,56,77,38,77,41,41,32,32,6,29,15,17,17,40,32,32,55,54,77,0,0],"gold":517,"neow_bonus":"NOSTALGIA","is_daily":false,"chose_seed":false,"campfire_upgraded":1,"win_rate":0.0,"timestamp":1613416325,"path_taken":["M","?","M","?","M","?","?","R","MIM","R","M","?","E","?","R","BOSS","M","?","?","?","?","R","E","?","T","R","M","?","R","M","R","BOSS"],"items_purchased_type":["Card"],"build_version":"2020-12-22","purchased_purges":0,"victory":false,"max_hp_per_floor":[77,77,77,77,77,77,77,77,77,77,77,77,77,77,77,77,77,77,77,77,77,77,77,77,77,77,77,77,77,77,77,77,77,77],"card_choices":[{"not_picked":["mysticmod:MirrorStrike","mysticmod:ComponentsPouch"],"picked":"mysticmod:LightningBolt","floor":1},{"not_picked":["mysticmod:Shield","mysticmod:VorpalThrust"],"picked":"mysticmod:Riposte","floor":3},{"not_picked":["mysticmod:DiviningBlow","mysticmod:Fireball"],"picked":"mysticmod:ArcaneAccuracy","floor":5},{"not_picked":["mysticmod:DiviningBlow","mysticmod:Grapple"],"picked":"mysticmod:Probe","floor":7},{"not_picked":["mysticmod:LightningBolt","mysticmod:HunkerDown","mysticmod:ArcaneAccuracy"],"picked":"SKIP","floor":11},{"not_picked":["Halt","mysticmod:LightningBolt"],"picked":"mysticmod:BladeMaster","floor":13},{"not_picked":["mysticmod:Spellstrike","mysticmod:EnchantedMoulinet"],"picked":"mysticmod:Discipline","floor":16},{"not_picked":["mysticmod:Flourish","mysticmod:ComboCaster"],"picked":"mysticmod:Sideswipe","floor":18},{"not_picked":["mysticmod:Shield","mysticmod:ComponentsPouch"],"picked":"mysticmod:KeenEdge+1","floor":20},{"not_picked":["mysticmod:FloatingDisk+1","mysticmod:SpellCombat"],"picked":"mysticmod:DiviningBlow","floor":22},{"not_picked":["mysticmod:SuddenClarity","mysticmod:PureInstinct"],"picked":"mysticmod:Daze","floor":24},{"not_picked":["mysticmod:ChargedParry","mysticmod:Disengage"],"picked":"mysticmod:Sideswipe+1","floor":25},{"not_picked":["mysticmod:IllusionOfCalm","mysticmod:LightningBolt","mysticmod:HeavyStrike+1"],"picked":"SKIP","floor":28},{"not_picked":["mysticmod:VorpalThrust","mysticmod:FloatingDisk","mysticmod:SuddenClarity"],"picked":"SKIP","floor":31}],"player_experience":38494,"relics_obtained":[{"floor":9,"key":"Bag of Marbles"},{"floor":9,"key":"Replay:Rubber Ducky"},{"floor":13,"key":"Torii"},{"floor":22,"key":"Bird Faced Urn"},{"floor":24,"key":"TungstenRod"},{"floor":26,"key":"Centennial Puzzle"}],"event_choices":[{"damage_healed":0,"gold_gain":0,"player_choice":"Leave","damage_taken":0,"max_hp_gain":0,"max_hp_loss":0,"event_name":"conspire:Investor","floor":12,"gold_loss":0},{"damage_healed":0,"gold_gain":75,"player_choice":"Gather Gold","damage_taken":11,"max_hp_gain":0,"max_hp_loss":0,"event_name":"World of Goop","floor":14,"gold_loss":0}],"is_beta":false,"boss_relics":[{"not_picked":["halation:HeavySnake","aspiration:SilentSkillbook"],"picked":"conspire:SlowCooker"}],"items_purged_floors":[],"is_endless":false,"potions_floor_spawned":[1,3,11,18,20,31],"killed_by":"Collector","ascension_level":0}}