{"host":"pqs17sqrgflf4eqa","time":1613350178,"event":{"mods":["AchievementEnabler","BaseMod","Bestiary","Better Altar","Better Match","Better Skull","Block Reminder","Bossed Relics","Colored Map","Colored Powertips","Curses Come First","Dark Map","DeckTracker","Defective Defect","Displayed Cursed Tome","Emptier Cage","Googly Eyes","Highlight Path","Minty Spire (QoL Compilation)","Quick Restart","Slay-I","StSLib","SuperFastMode","Synergy Search","Thieving Mod","Transform Curses","everything is the same but u backflip on backflip","slay the spire mod where everything is the same but ironclad has a cowboy hat"],"gold_per_floor":[111,111,121,135,135,168,168,18,18,18,18,30,64,74,74,175,175,195,210,210,210,226,226,255,271,318,337,252,252,162,162,162,162,162],"floor_reached":33,"language":"ENG","playtime":844,"items_purged":["Injury"],"score":390,"play_id":"410cd389-08b0-4f00-a5e8-47d75fa4dffc","local_time":"20210214194938","is_ascension_mode":true,"campfire_choices":[{"floor":7,"key":"REST"},{"floor":11,"key":"REST"},{"floor":15,"key":"REST"},{"data":"Tactician","floor":23,"key":"SMITH"},{"floor":29,"key":"REST"},{"data":"Bouncing Flask","floor":32,"key":"SMITH"}],"circlet_count":0,"master_deck":["Strike_G+1","Strike_G+1","Strike_G+1","Strike_G","Defend_G+1","Defend_G","Defend_G","Defend_G","Defend_G","Survivor","Neutralize","Acrobatics","Deadly Poison","Dagger Throw","Bouncing Flask+1","Tactician+1","Die Die Die","Backflip","Wraith Form v2","Dagger Throw","Deflect+1","Leg Sweep","Blur","Catalyst","Deadly Poison","Dagger Spray","Backstab"],"relics":["Ring of the Snake","Tingsha","Lantern","HornCleat","Vajra","White Beast Statue","Oddly Smooth Stone","Cursed Key","Bag of Marbles","Anchor","Boot","Membership Card","Tiny Chest","Whetstone"],"acts_visited":["Exordium","TheCity"],"potions_floor_usage":[12,13,14,16,19,22,22,27,27,30,33,33,33,33,33],"damage_taken":[{"damage":7,"enemies":"Small Slimes","floor":1,"turns":3},{"damage":7,"enemies":"Jaw Worm","floor":3,"turns":4},{"damage":5,"enemies":"Cultist","floor":4,"turns":4},{"damage":39,"enemies":"3 Sentries","floor":6,"turns":10},{"damage":0,"enemies":"3 Louse","floor":12,"turns":1},{"damage":0,"enemies":"Lagavulin","floor":13,"turns":3},{"damage":2,"enemies":"Exordium Thugs","floor":14,"turns":3},{"damage":33,"enemies":"The Guardian","floor":16,"turns":9},{"damage":11,"enemies":"2 Thieves","floor":18,"turns":3},{"damage":2,"enemies":"Shell Parasite","floor":19,"turns":3},{"damage":12,"enemies":"Shelled Parasite and Fungi","floor":22,"turns":5},{"damage":5,"enemies":"Gremlin Leader","floor":24,"turns":8},{"damage":22,"enemies":"Sentry and Sphere","floor":25,"turns":5},{"damage":2,"enemies":"Snake Plant","floor":27,"turns":3},{"damage":32,"enemies":"Automaton","floor":33,"turns":8}],"seed_played":"-112178146311508079","potions_obtained":[{"floor":6,"key":"AttackPotion"},{"floor":12,"key":"DuplicationPotion"},{"floor":13,"key":"PowerPotion"},{"floor":14,"key":"Fire Potion"},{"floor":16,"key":"Poison Potion"},{"floor":18,"key":"AttackPotion"},{"floor":19,"key":"Regen Potion"},{"floor":22,"key":"ThievingMod:ThievingPotion"},{"floor":24,"key":"SpeedPotion"},{"floor":25,"key":"Explosive Potion"},{"floor":27,"key":"Block Potion"}],"is_trial":false,"path_per_floor":["M","?","M","M","?","E","R","$","T","?","R","M","E","M","R","B",null,"M","M","?","?","M","R","E","M","T","M","?","R","$","?","R","B"],"character_chosen":"THE_SILENT","items_purchased":["Vajra","EntropicBrew"],"campfire_rested":4,"item_purchase_floors":[8,30],"current_hp_per_floor":[56,61,54,49,42,3,23,23,23,9,29,29,29,27,47,14,55,44,42,42,42,39,39,34,12,12,10,10,30,30,30,30,0,0],"gold":162,"neow_bonus":"ONE_RARE_RELIC","is_daily":false,"chose_seed":false,"campfire_upgraded":2,"win_rate":0.0,"timestamp":1613350178,"path_taken":["M","?","M","M","?","E","R","$","T","?","R","M","E","M","R","BOSS","M","M","?","?","M","R","E","?","T","M","?","R","?","?","R","BOSS"],"items_purchased_type":["Relic","Potion"],"build_version":"2020-12-22","purchased_purges":1,"victory":false,"max_hp_per_floor":[63,68,68,68,68,68,68,68,68,68,68,68,68,68,68,68,68,68,68,68,68,68,68,68,68,68,68,68,68,68,68,68,68,68],"card_choices":[{"not_picked":["Underhanded Strike","PiercingWail"],"picked":"Acrobatics","floor":1},{"not_picked":["Bane","Dodge and Roll"],"picked":"Deadly Poison","floor":3},{"not_picked":["Sucker Punch","Endless Agony"],"picked":"Dagger Throw","floor":4},{"not_picked":["Escape Plan","Flechettes"],"picked":"Bouncing Flask","floor":6},{"not_picked":["Cloak And Dagger","Terror"],"picked":"Tactician","floor":12},{"not_picked":["Reflex","Eviscerate"],"picked":"Die Die Die","floor":13},{"not_picked":["Setup","Poisoned Stab"],"picked":"Backflip","floor":14},{"not_picked":["Doppelganger","Storm of Steel"],"picked":"Wraith Form v2","floor":16},{"not_picked":["Crippling Poison","Eviscerate"],"picked":"Dagger Throw","floor":18},{"not_picked":["Quick Slash","Outmaneuver"],"picked":"Deflect+1","floor":19},{"not_picked":["All Out Attack+1","Distraction"],"picked":"Blur","floor":22},{"not_picked":["Reflex","Prepared","Deflect"],"picked":"SKIP","floor":24},{"not_picked":["After Image","Underhanded Strike"],"picked":"Catalyst","floor":25},{"not_picked":["Infinite Blades+1","Outmaneuver","Dagger Throw"],"picked":"SKIP","floor":27}],"player_experience":215674,"relics_obtained":[{"floor":6,"key":"HornCleat"},{"floor":9,"key":"White Beast Statue"},{"floor":13,"key":"Oddly Smooth Stone"},{"floor":24,"key":"Bag of Marbles"},{"floor":26,"key":"Anchor"}],"event_choices":[{"damage_healed":0,"gold_gain":0,"player_choice":"Donut","damage_taken":0,"max_hp_gain":5,"max_hp_loss":0,"event_name":"Big Fish","floor":2,"gold_loss":0},{"damage_healed":0,"gold_gain":0,"player_choice":"Success","damage_taken":7,"relics_obtained":["Lantern"],"max_hp_gain":0,"max_hp_loss":0,"event_name":"Scrap Ooze","floor":5,"gold_loss":0},{"damage_healed":0,"gold_gain":0,"player_choice":"Entered Light","damage_taken":14,"max_hp_gain":0,"max_hp_loss":0,"event_name":"Shining Light","floor":10,"gold_loss":0,"cards_upgraded":["Strike_G","Defend_G"]},{"damage_healed":0,"gold_gain":0,"player_choice":"Read","damage_taken":0,"max_hp_gain":0,"max_hp_loss":0,"event_name":"The Library","floor":20,"gold_loss":0,"cards_obtained":["Leg Sweep"]},{"cards_removed":["Strike_G"],"damage_healed":0,"gold_gain":0,"player_choice":"Offered Basic","damage_taken":0,"max_hp_gain":0,"max_hp_loss":0,"event_name":"Bonfire Elementals","floor":21,"gold_loss":0},{"damage_healed":0,"gold_gain":0,"player_choice":"Obtained Relic","damage_taken":0,"relics_obtained":["Boot"],"max_hp_gain":0,"max_hp_loss":0,"event_name":"Addict","floor":28,"gold_loss":85},{"damage_healed":0,"gold_gain":0,"player_choice":"Ignored","damage_taken":0,"max_hp_gain":0,"max_hp_loss":0,"event_name":"Ghosts","floor":31,"gold_loss":0}],"is_beta":false,"boss_relics":[{"not_picked":["Runic Pyramid","Pandora\u0027s Box"],"picked":"Cursed Key"}],"items_purged_floors":[30],"is_endless":false,"potions_floor_spawned":[6,12,13,14,16,18,19,22,24,25,27],"killed_by":"Automaton","ascension_level":6}}