{"host":"6j58jkkyymxffvqd","time":1613403500,"event":{"mods":["2.2 Compatiblity","Astrologer","Bard","BaseMod","DeckTracker","Hermit","Hubris","Infinite Spire","Lobotomy","LobotomyExtend","Minty Spire (QoL Compilation)","Prisma Mod","Replay The Spire","StSLib","The Blue Laboratory","The Cursed","The Disciple","The Necromancer","TheBandit","UnlockEverythingMod"],"gold_per_floor":[118,134,134,150,150,150,184,194,220,220,220,235,251,251,251,251,251],"floor_reached":16,"language":"ENG","playtime":605,"items_purged":[],"score":109,"play_id":"80ec84a8-fd0c-41f9-8b07-ce60149973a0","local_time":"20210216003820","is_ascension_mode":true,"campfire_choices":[],"circlet_count":0,"master_deck":["SpecialBullet","SpecialBullet","SpecialBullet","SpecialBullet","SpecialBullet","SpecialBullet","SpecialBullet","SpecialBullet","ExtractionCode","SecurityCode","ControlCode","Regret_ego+1","Scorched","PunishingBird","SpiderBud","Ecstasy+1","Delirium"],"relics":["CogitoBucket","NeowsBlessing","LetterFromLob","Oddly Smooth Stone","AspirationHeart","ReplayTheSpireMod:Lightbulb","ReplayTheSpireMod:Ring of Challenge","ReplayTheSpireMod:Ring of Collecting","hubris:Icosahedron"],"acts_visited":["Exordium"],"potions_floor_usage":[7,7,16],"damage_taken":[{"damage":0,"enemies":"Small Slimes","floor":1,"turns":1},{"damage":0,"enemies":"infinitespire:Voidling","floor":2,"turns":1},{"damage":0,"enemies":"Jaw Worm","floor":3,"turns":1},{"damage":18,"enemies":"2 Fungi Beasts","floor":4,"turns":3},{"damage":12,"enemies":"Gremlin Nob","floor":7,"turns":3},{"damage":10,"enemies":"Exordium Wildlife","floor":8,"turns":2},{"damage":9,"enemies":"Large Slime","floor":12,"turns":4},{"damage":34,"enemies":"Exordium Thugs","floor":13,"turns":3},{"damage":71,"enemies":"The Guardian","floor":16,"turns":6}],"seed_played":"-7084966649627245105","potions_obtained":[{"floor":3,"key":"blueLaboratory:EnragingPotion"},{"floor":4,"key":"blueLaboratory:HorrorPotion"},{"floor":12,"key":"Strength Potion"}],"is_trial":false,"path_per_floor":["M","M","M","M","?","R","E","M","T","R","?","M","M","?","R","B"],"character_chosen":"Angela","items_purchased":[],"campfire_rested":0,"item_purchase_floors":[],"current_hp_per_floor":[70,70,70,60,60,60,60,68,68,68,68,71,49,49,49,0,0],"gold":251,"neow_bonus":"THREE_ENEMY_KILL","is_daily":false,"chose_seed":false,"campfire_upgraded":0,"win_rate":0.0,"timestamp":1613403500,"path_taken":["M","M","M","M","?","R","E","M","T","R","?","M","M","?","R","BOSS"],"items_purchased_type":[],"build_version":"2020-12-22","purchased_purges":0,"victory":false,"max_hp_per_floor":[70,70,70,70,70,70,70,80,80,80,80,80,80,80,80,80,80],"card_choices":[{"not_picked":["Wingbeat"],"picked":"Regret_ego","floor":1},{"not_picked":["WristCuter","Logging"],"picked":"SKIP","floor":1},{"not_picked":["WristCuter","Logging"],"picked":"SKIP","floor":1},{"not_picked":["OldLady","LongBird"],"picked":"Scorched","floor":2},{"not_picked":["BlueScar","Discord"],"picked":"SKIP","floor":2},{"not_picked":["Loneliness","Harmony"],"picked":"SKIP","floor":2},{"not_picked":["Heaven","Lantern"],"picked":"SKIP","floor":3},{"not_picked":["FairyFestival","Murderer"],"picked":"PunishingBird","floor":4},{"not_picked":["Hornet","RedEyes","Justitia"],"picked":"SKIP","floor":4},{"not_picked":["RedEyes","CherryBlossom","Tough"],"picked":"SKIP","floor":4},{"not_picked":["MHz","CrumblingArmor","UniverseFragment"],"picked":"Singing Bowl","floor":7},{"not_picked":["BlueScar","Beak","Spore"],"picked":"SKIP","floor":7},{"not_picked":["Bloodbath","CherryBlossoms"],"picked":"SpiderBud","floor":8},{"not_picked":["Loneliness+1","SoundOfStar+1"],"picked":"Ecstasy+1","floor":8},{"not_picked":["CrumblingArmor","CherryBlossoms","WallGazer"],"picked":"Singing Bowl","floor":12},{"not_picked":["InTheNameOfLoveAndHate+1","FourthMatchFlame+1","BearPaw+1"],"picked":"SKIP","floor":12},{"not_picked":["Rudolta","MHz","Bloodbath"],"picked":"Singing Bowl","floor":13},{"not_picked":["Horn+1","BloodyDesire+1","FrostShard+1"],"picked":"SKIP","floor":13}],"player_experience":63926,"relics_obtained":[{"floor":1,"key":"LetterFromLob"},{"floor":7,"key":"Oddly Smooth Stone"},{"floor":9,"key":"ReplayTheSpireMod:Lightbulb"},{"floor":11,"key":"ReplayTheSpireMod:Ring of Challenge"},{"floor":11,"key":"ReplayTheSpireMod:Ring of Collecting"}],"event_choices":[{"damage_healed":0,"gold_gain":0,"player_choice":"Upgraded","damage_taken":0,"max_hp_gain":0,"max_hp_loss":0,"event_name":"Upgrade Shrine","floor":5,"gold_loss":0,"cards_upgraded":["Regret_ego"]}],"is_beta":false,"boss_relics":[],"items_purged_floors":[],"is_endless":false,"potions_floor_spawned":[3,4,12],"killed_by":"The Guardian","ascension_level":1}}