{"host":"or8fr2mp0k3eluj8","time":1613399240,"event":{"mods":["AchievementEnabler","BaseMod","Colored Map","DeckTracker","Minty Spire (QoL Compilation)","SuperFastMode"],"gold_per_floor":[113,188,33,33,47,47,73,73,73,73,84,111,36,47,47,47,47],"floor_reached":16,"language":"KOR","playtime":240,"items_purged":["Strike_G"],"score":140,"play_id":"dce717cf-fd89-43c9-a0d3-25719b0161b2","local_time":"20210215232720","is_ascension_mode":true,"campfire_choices":[{"data":"Neutralize","floor":6,"key":"SMITH"},{"data":"Survivor","floor":8,"key":"SMITH"},{"floor":10,"key":"RECALL"},{"floor":15,"key":"REST"}],"circlet_count":0,"master_deck":["Strike_G","Strike_G","Strike_G","Strike_G","Defend_G","Defend_G","Defend_G","Defend_G","Defend_G","Survivor+1","Neutralize+1"],"relics":["Ring of the Snake","NeowsBlessing","TwistedFunnel","Pocketwatch","Turnip","Pear"],"acts_visited":["Exordium"],"potions_floor_usage":[12],"damage_taken":[{"damage":0,"enemies":"Small Slimes","floor":1,"turns":1},{"damage":0,"enemies":"2 Louse","floor":5,"turns":1},{"damage":0,"enemies":"Lagavulin","floor":7,"turns":1},{"damage":0,"enemies":"Cultist","floor":11,"turns":3},{"damage":11,"enemies":"3 Sentries","floor":12,"turns":8},{"damage":3,"enemies":"Gremlin Gang","floor":14,"turns":4},{"damage":0,"enemies":"Slime Boss","floor":16,"turns":1}],"seed_played":"3505460275874413196","potions_obtained":[{"floor":1,"key":"ColorlessPotion"},{"floor":4,"key":"Dexterity Potion"},{"floor":4,"key":"SteroidPotion"}],"is_trial":false,"path_per_floor":["M","?","$","?","M","R","E","R","T","R","M","E","$","M","R","B"],"character_chosen":"THE_SILENT","items_purchased":["TwistedFunnel"],"campfire_rested":1,"item_purchase_floors":[3],"current_hp_per_floor":[70,59,59,59,59,59,59,59,59,59,59,58,58,55,79,79,79],"gold":47,"neow_bonus":"THREE_ENEMY_KILL","is_daily":false,"chose_seed":false,"campfire_upgraded":2,"win_rate":0.0,"timestamp":1613399240,"path_taken":["M","?","$","?","?","R","E","R","T","R","M","E","$","?","R","BOSS"],"items_purchased_type":["Relic"],"build_version":"2020-12-22","purchased_purges":1,"victory":false,"max_hp_per_floor":[70,70,70,70,70,70,70,70,70,70,70,80,80,80,80,80,80],"card_choices":[{"not_picked":["Expertise","Blade Dance","Bane"],"picked":"SKIP","floor":1},{"not_picked":["Flying Knee","Prepared","Eviscerate"],"picked":"SKIP","floor":5},{"not_picked":["Calculated Gamble","Doppelganger","Dash"],"picked":"SKIP","floor":7},{"not_picked":["Acrobatics","Crippling Poison","Infinite Blades"],"picked":"SKIP","floor":11},{"not_picked":["Prepared","Distraction","Acrobatics"],"picked":"SKIP","floor":12},{"not_picked":["Dodge and Roll","Bane","Underhanded Strike"],"picked":"SKIP","floor":14}],"player_experience":344020,"relics_obtained":[{"floor":7,"key":"Pocketwatch"},{"floor":9,"key":"Turnip"},{"floor":12,"key":"Pear"}],"event_choices":[{"damage_healed":0,"gold_gain":75,"player_choice":"Gather Gold","damage_taken":11,"max_hp_gain":0,"max_hp_loss":0,"event_name":"World of Goop","floor":2,"gold_loss":0},{"damage_healed":0,"gold_gain":0,"player_choice":"Got Potions","damage_taken":0,"max_hp_gain":0,"max_hp_loss":0,"event_name":"Lab","floor":4,"gold_loss":0}],"is_beta":false,"boss_relics":[],"items_purged_floors":[13],"is_endless":false,"potions_floor_spawned":[1,7],"killed_by":"Slime Boss","ascension_level":1}}