{"host":"c0rqchpxu0yjpthq","time":1613407822,"event":{"mods":["100% Spire Juice","BaseMod","Challenge The Spire","Conspire","Downfall","HololiveMod","Minty Spire (QoL Compilation)","Reimu£®≤©¿ˆ¡È√Œ£©","Relic Stats","Reliquary","Spicy Shops","StSLib","Wide Potions","[GremlinLeader]The Maniac"],"gold_per_floor":[777777,777788,777806,776990,777001,777001,775816,775848,775899,775928,775928,775928,774695,774695,774695,774799,774799,774818,774831,773919,773919,773919,773919,773946,773946,773946],"floor_reached":25,"language":"ZHS","playtime":1041,"items_purged":["Normality"],"score":433,"play_id":"5bd3db2b-4007-4625-9d67-73c0367d0efb","local_time":"20210216005022","is_ascension_mode":true,"campfire_choices":[{"floor":6.0,"key":"RECALL"},{"data":"Hololive_WolfAndLamb","floor":15.0,"key":"SMITH"},{"data":"Hololive_Psychosis","floor":23.0,"key":"SMITH"}],"circlet_count":0,"master_deck":["Hololive_Thief","Hololive_WolfAndLamb+1","Hololive_Psychosis+1"],"relics":["Hololive_TheOnlyOne","reliquary:RedCape","Tea:ReiMu","Girya","reliquary:WeakTea","Chemical X","Hololive_FriedShrimpLion","Orrery","Juzu Bracelet","conspire:TreasureMap","Cauldron","Du-Vu Doll","Ancient Tea Set","reliquary:Aerogel","Peace Pipe","Odd Mushroom","Potion Belt","conspire:Dentures","HandDrill","Sling","reliquary:Sideboard","Frozen Egg 2","Cursed Key","Pocketwatch","Happy Flower","Dream Catcher","Pen Nib","TentaclePot:ReiMu","Toolbox","reliquary:PrincelyHelmet","Bottled Tornado"],"acts_visited":["Exordium","TheCity"],"potions_floor_usage":[24,24],"damage_taken":[{"damage":0.0,"enemies":"Cultist","floor":1.0,"turns":3.0},{"damage":0.0,"enemies":"Jaw Worm","floor":2.0,"turns":2.0},{"damage":0.0,"enemies":"Small Slimes","floor":3.0,"turns":3.0},{"damage":0.0,"enemies":"Blue Slaver","floor":5.0,"turns":3.0},{"damage":0.0,"enemies":"Lagavulin","floor":8.0,"turns":3.0},{"damage":0.0,"enemies":"The Mushroom Lair","floor":10.0,"turns":2.0},{"damage":0.0,"enemies":"Exordium Thugs","floor":14.0,"turns":1.0},{"damage":0.0,"enemies":"Slime Boss","floor":16.0,"turns":5.0},{"damage":0.0,"enemies":"2 Thieves","floor":18.0,"turns":3.0},{"damage":4.0,"enemies":"Shell Parasite","floor":19.0,"turns":7.0},{"damage":37,"enemies":"Slavers","floor":24,"turns":6},{"damage":6,"enemies":"Centurion and Healer","floor":25,"turns":1}],"seed_played":"-5573971022367746398","potions_obtained":[{"floor":7.0,"key":"SmokeBomb"},{"floor":8.0,"key":"GrandPatriotsElixir:ReiMu"},{"floor":16.0,"key":"PowerPotion"},{"floor":24,"key":"Energy Potion"}],"is_trial":false,"path_per_floor":["M","M","M","$","M","R","$","E","T","?","?","?","$","M","R","B",null,"M","M","$","?","?","R","E","M"],"character_chosen":"Hololive_HololiveCharacter","items_purchased":["Tea:ReiMu","Girya","reliquary:WeakTea","Chemical X","Hololive_FriedShrimpLion","Orrery","Juzu Bracelet","conspire:TreasureMap","Cauldron","Du-Vu Doll","Ancient Tea Set","Hololive_Thief","reliquary:Aerogel","Potion Belt","conspire:Dentures","HandDrill","Sling","reliquary:Sideboard","Frozen Egg 2","Hololive_WolfAndLamb","Pocketwatch","Happy Flower","Dream Catcher","Pen Nib","TentaclePot:ReiMu","Toolbox","Hololive_Psychosis"],"campfire_rested":0,"item_purchase_floors":[4,4,4,4,4,4,7,7,7,7,7,7,7,13,13,13,13,13,13,13,20,20,20,20,20,20,20],"current_hp_per_floor":[35,35,35,35,35,35,35,35,35,35,35,45,45,45,45,45,45,45,41,41,41,41,41,4,0,0],"gold":773946,"neow_bonus":"BOSS_RELIC","is_daily":false,"chose_seed":false,"campfire_upgraded":2,"win_rate":0.0,"timestamp":1613407822,"path_taken":["M","M","M","$","M","R","$","E","T","?","?","?","?","M","R","BOSS","M","M","$","?","?","R","E","M"],"items_purchased_type":["Relic","Relic","Relic","Relic","Relic","Relic","Relic","Relic","Relic","Relic","Relic","Card","Relic","Relic","Relic","Relic","Relic","Relic","Relic","Card","Relic","Relic","Relic","Relic","Relic","Relic","Card"],"build_version":"2020-12-22","purchased_purges":1,"victory":false,"max_hp_per_floor":[35,35,35,35,35,35,35,35,35,35,35,45,45,45,45,45,45,45,45,45,45,45,45,45,45,45],"relic_stats":{"Peace Pipe":0,"Dream Catcher":0,"Happy Flower":[2],"counters":[12,39],"Pen Nib":[0],"Juzu Bracelet":1,"HandDrill":[10],"Chemical X":[1],"Cursed Key":0,"obtain_stats":[{"reliquary:Aerogel":7,"reliquary:PrincelyHelmet":21,"Tea:ReiMu":4,"Juzu Bracelet":7,"reliquary:RedCape":0,"Bottled Tornado":24,"Hololive_TheOnlyOne":0,"Ancient Tea Set":7,"Sling":13,"Cursed Key":17,"Dream Catcher":20,"Toolbox":20,"HandDrill":13,"Chemical X":4,"Potion Belt":13,"conspire:Dentures":13,"Girya":4,"conspire:TreasureMap":7,"Happy Flower":20,"reliquary:Sideboard":13,"TentaclePot:ReiMu":20,"Pen Nib":20,"reliquary:WeakTea":4,"Odd Mushroom":10,"Frozen Egg 2":13,"Du-Vu Doll":7,"Peace Pipe":8,"Cauldron":7,"Hololive_TheStar":0,"Orrery":4,"Hololive_FriedShrimpLion":4,"Pocketwatch":20},{"reliquary:Aerogel":4,"reliquary:PrincelyHelmet":10,"Tea:ReiMu":3,"Juzu Bracelet":4,"reliquary:RedCape":0,"Bottled Tornado":11,"Hololive_TheOnlyOne":0,"Ancient Tea Set":4,"Sling":6,"Cursed Key":8,"Dream Catcher":10,"Toolbox":10,"HandDrill":6,"Chemical X":3,"Potion Belt":6,"conspire:Dentures":6,"Girya":3,"conspire:TreasureMap":4,"Happy Flower":10,"reliquary:Sideboard":6,"TentaclePot:ReiMu":10,"Pen Nib":10,"reliquary:WeakTea":3,"Odd Mushroom":6,"Frozen Egg 2":6,"Du-Vu Doll":4,"Peace Pipe":5,"Cauldron":4,"Hololive_TheStar":0,"Orrery":3,"Hololive_FriedShrimpLion":3,"Pocketwatch":10},{"reliquary:Aerogel":11,"reliquary:PrincelyHelmet":32,"Tea:ReiMu":8,"Juzu Bracelet":11,"reliquary:RedCape":0,"Bottled Tornado":38,"Hololive_TheOnlyOne":0,"Ancient Tea Set":11,"Sling":16,"Cursed Key":22,"Dream Catcher":32,"Toolbox":32,"HandDrill":16,"Chemical X":8,"Potion Belt":16,"conspire:Dentures":16,"Girya":8,"conspire:TreasureMap":11,"Happy Flower":32,"reliquary:Sideboard":16,"TentaclePot:ReiMu":32,"Pen Nib":32,"reliquary:WeakTea":8,"Odd Mushroom":16,"Frozen Egg 2":16,"Du-Vu Doll":11,"Peace Pipe":14,"Cauldron":11,"Hololive_TheStar":0,"Orrery":8,"Hololive_FriedShrimpLion":8,"Pocketwatch":32}],"Pocketwatch":[0]},"card_choices":[{"not_picked":["Hololive_FlyingPonyTail","Hololive_Trident","Hololive_Drill"],"picked":"SKIP","floor":1.0},{"not_picked":["Hololive_LuckPotion","Hololive_CallShishiroBotan","Hololive_RevenueBasedLive"],"picked":"SKIP","floor":2.0},{"not_picked":["Hololive_Psychosis","Hololive_Drill","Hololive_RevenueBasedLive"],"picked":"SKIP","floor":3.0},{"not_picked":["Hololive_Rebound","Hololive_Breathe"],"picked":"Hololive_MaximGun","floor":4.0},{"not_picked":["Hololive_Psychosis","Hololive_CallHimemoriLuna","Hololive_StrengthChampion"],"picked":"SKIP","floor":5.0},{"not_picked":["Hololive_CallShishiroBotan","Hololive_Drill"],"picked":"Hololive_OpenUp","floor":8.0},{"not_picked":["Hololive_StarCraft","Hololive_ASMR"],"picked":"Hololive_Rebirth","floor":16.0},{"not_picked":["Hololive_OvertimeWork","Hololive_Breathe+1"],"picked":"Hololive_CallAkaiHaato+1","floor":18.0},{"not_picked":["Hololive_Trident","Hololive_OvertimeWork","Hololive_FlyingPonyTail"],"picked":"SKIP","floor":19.0},{"not_picked":["Hololive_LuckPotion","Hololive_Thief"],"picked":"Hololive_CandyCastle+1","floor":24}],"player_experience":70625,"relics_obtained":[{"floor":8.0,"key":"Peace Pipe"},{"floor":10.0,"key":"Odd Mushroom"},{"floor":24,"key":"Bottled Tornado"}],"event_choices":[{"damage_healed":0.0,"max_hp_gain":0.0,"max_hp_loss":0.0,"gold_gain":0.0,"event_name":"Mushrooms","player_choice":"Fought Mushrooms","floor":10.0,"gold_loss":0.0,"damage_taken":0.0},{"cards_removed":["Hololive_CallKiryuuCoco"],"damage_healed":0.0,"max_hp_gain":0.0,"max_hp_loss":0.0,"gold_gain":0.0,"event_name":"Purifier","player_choice":"Purged","floor":11.0,"gold_loss":0.0,"damage_taken":0.0},{"cards_removed":["Hololive_MaximGun"],"damage_healed":0.0,"max_hp_gain":10.0,"max_hp_loss":0.0,"gold_gain":0.0,"event_name":"Bonfire Elementals","player_choice":"Offered Rare","floor":12.0,"gold_loss":0.0,"damage_taken":0.0},{"damage_healed":0.0,"max_hp_gain":0.0,"max_hp_loss":0.0,"gold_gain":0.0,"event_name":"The Mausoleum","player_choice":"Opened","floor":21.0,"gold_loss":0.0,"damage_taken":0.0,"relics_obtained":["reliquary:PrincelyHelmet"]},{"cards_removed":["Hololive_OpenUp"],"damage_healed":0.0,"max_hp_gain":0.0,"max_hp_loss":0.0,"gold_gain":0.0,"event_name":"Purifier","player_choice":"Purged","floor":22.0,"gold_loss":0.0,"damage_taken":0.0}],"is_beta":false,"boss_relics":[{"not_picked":["Fusion Hammer","reliquary:KinkedSpring"],"picked":"Cursed Key"}],"items_purged_floors":[20],"is_endless":false,"potions_floor_spawned":[1,8,10,14,16,18,24],"killed_by":"Centurion and Healer","ascension_level":4}}