{"host":"u7bb6mvzuirwfcqo","time":1613395046,"event":{"mods":["2.2 Compatiblity","AchievementEnabler","BaseMod","Card Forge","Downfall","Hermit","Minty Spire (QoL Compilation)","Relic Stats","StSLib"],"gold_per_floor":[114,131,148,148,160,160,160,160,160,160,55,55,82,102,102,199,199,219,229,241,241,241,271,271,288,288,288,300,70,70,85,85,188,188,205,218,64,84,101,101,111,128,155,168,168,182,182,217,217,217],"floor_reached":51,"language":"ENG","playtime":3398,"items_purged":[],"score":753,"play_id":"1586ec38-bbcd-40f1-b327-f88d4e6d7efb","local_time":"20210215081726","is_ascension_mode":false,"campfire_choices":[{"data":"Guardian:Reroute","floor":6.0,"key":"SMITH"},{"data":"Guardian:CurlUp","floor":8.0,"key":"SMITH"},{"data":"Guardian:TwinSlam","floor":10.0,"key":"SMITH"},{"data":"Guardian:TemporalStrike","floor":15.0,"key":"SMITH"},{"data":"Guardian:ShieldCharger","floor":24.0,"key":"SMITH"},{"data":"Guardian:Recover","floor":32.0,"key":"SMITH"},{"data":"Guardian:TimeSifter","floor":40.0,"key":"SMITH"},{"floor":49,"key":"REST"}],"circlet_count":0,"master_deck":["Guardian:Strike_Guardian","Guardian:Defend_Guardian+1","Guardian:Defend_Guardian+1","Guardian:Defend_Guardian","Guardian:CurlUp+1","Guardian:TwinSlam+1","Guardian:Reroute+1","Guardian:TemporalShield","Guardian:TemporalStrike+1","Guardian:ChargeCore+1","Guardian:RollAttack+1","Guardian:StasisField","Guardian:TimeBomb+1","Guardian:ChargeCore+1","Guardian:ShieldCharger+1","Guardian:Incinerate+1","Guardian:Preprogram+1","Guardian:Reroute+1","downfall:Bewildered","Guardian:BronzeOrb+1","Guardian:PrimingBeam+1","Guardian:Recover+1","Iron Wave+1","Guardian:ShieldSpikes","Guardian:TimeSifter+1","Guardian:Incinerate+1","Guardian:Harden","Guardian:ShieldCharger+1","Guardian:Suspension+1","Guardian:StasisStrike+1","Guardian:Clone+1","Guardian:TemporalStrike+1","Guardian:BaubleBeam+1"],"relics":["Guardian:ModeShifterPlus","Hammer of Thor","Seething Fire","Anvil of the Gods","Eternal Feather","Gremlin Horn","Molten Egg 2","Astrolabe","Enchiridion","Oddly Smooth Stone","Bottled Lightning","sneckomod:BabySnecko","Strawberry","Boot","War Paint"],"acts_visited":["Exordium","TheCity","TheBeyond"],"potions_floor_usage":[50,50,50],"damage_taken":[{"damage":9.0,"enemies":"2 Louse","floor":1.0,"turns":4.0},{"damage":3.0,"enemies":"Small Slimes","floor":2.0,"turns":3.0},{"damage":8.0,"enemies":"Jaw Worm","floor":3.0,"turns":5.0},{"damage":0.0,"enemies":"3 Louse","floor":5.0,"turns":3.0},{"damage":31.0,"enemies":"Lagavulin","floor":13.0,"turns":9.0},{"damage":4.0,"enemies":"Gremlin Gang","floor":14.0,"turns":3.0},{"damage":37.0,"enemies":"Hexaghost","floor":16.0,"turns":10.0},{"damage":0.0,"enemies":"Spheric Guardian","floor":18.0,"turns":3.0},{"damage":17.0,"enemies":"2 Thieves","floor":19.0,"turns":3.0},{"damage":12.0,"enemies":"Snake Plant","floor":20.0,"turns":6.0},{"damage":8.0,"enemies":"Book of Stabbing","floor":23.0,"turns":6.0},{"damage":6.0,"enemies":"Sentry and Sphere","floor":25.0,"turns":3.0},{"damage":3.0,"enemies":"Centurion and Healer","floor":28.0,"turns":5.0},{"damage":8.0,"enemies":"3 Cultists","floor":31.0,"turns":3.0},{"damage":0.0,"enemies":"Automaton","floor":33.0,"turns":11.0},{"damage":0.0,"enemies":"Orb Walker","floor":35.0,"turns":4.0},{"damage":0.0,"enemies":"3 Shapes","floor":36.0,"turns":4.0},{"damage":0.0,"enemies":"Sphere and 2 Shapes","floor":38.0,"turns":4.0},{"damage":0.0,"enemies":"Spire Growth","floor":39.0,"turns":6.0},{"damage":5.0,"enemies":"4 Shapes","floor":41.0,"turns":3.0},{"damage":0,"enemies":"3 Darklings","floor":42,"turns":3},{"damage":0,"enemies":"Transient","floor":44,"turns":5},{"damage":0,"enemies":"Jaw Worm Horde","floor":46,"turns":3},{"damage":79,"enemies":"Giant Head","floor":48,"turns":10},{"damage":34,"enemies":"Awakened One","floor":50,"turns":16}],"seed_played":"-8567954124622944635","potions_obtained":[{"floor":1.0,"key":"Strength Potion"},{"floor":14.0,"key":"Weak Potion"},{"floor":18.0,"key":"champ:CounterPotion"}],"is_trial":false,"path_per_floor":["M","M","M","?","M","R","?","R","T","R","$","?","E","M","R","B",null,"M","M","M","?","?","E","R","M","T","?","M","$","?","M","R","B",null,"M","M","$","M","M","R","M","M","T","M","?","M","?","E","R","B",null],"character_chosen":"GUARDIAN","items_purchased":["Guardian:TemporalStrike","Guardian:Gem_Cyan","Guardian:PrimingBeam+1","Guardian:Recover","Strawberry","Guardian:Harden","Guardian:Gem_Blue"],"campfire_rested":1,"item_purchase_floors":[11,11,29,29,29,37,37],"current_hp_per_floor":[79,76,68,50,50,56,56,62,62,68,68,73,42,38,47,10,93,93,76,64,48,48,40,52,46,46,46,43,50,50,42,57,57,100,100,100,100,100,100,100,95,95,95,95,95,95,95,16,64,30],"gold":217,"neow_bonus":"TEN_PERCENT_HP_BONUS","is_daily":false,"chose_seed":false,"campfire_upgraded":7,"win_rate":0.0,"timestamp":1613395046,"path_taken":["M","M","M","?","M","R","?","R","T","R","$","?","E","M","R","BOSS","M","M","M","?","?","E","R","M","T","?","M","$","?","M","R","BOSS","M","?","$","M","M","R","M","M","T","M","?","M","?","E","R","BOSS"],"items_purchased_type":["Card","Card","Card","Card","Relic","Card","Card"],"build_version":"2020-12-22","purchased_purges":0,"victory":true,"max_hp_per_floor":[88,88,88,88,88,88,88,88,88,88,88,93,93,93,93,93,93,93,93,93,93,93,93,93,93,93,93,93,100,100,100,100,100,100,100,100,100,100,100,100,100,100,100,100,100,100,100,100,100,100],"relic_stats":{"Gremlin Horn":[24,24],"counters":[25,135],"Astrolabe":["Guardian:Gem_Yellow","Guardian:TimeBomb","Guardian:ChargeCore"],"Eternal Feather":72,"War Paint":["Guardian:Defend_Guardian","Guardian:Defend_Guardian"],"Boot":[16],"obtain_stats":[{"Gremlin Horn":9,"Guardian:ModeShifterPlus":34,"Astrolabe":17,"Guardian:ModeShifter":0,"Enchiridion":21,"Oddly Smooth Stone":23,"Eternal Feather":4,"Hammer of Thor":0,"Seething Fire":0,"War Paint":48,"Boot":43,"sneckomod:BabySnecko":27,"Anvil of the Gods":0,"Strawberry":29,"Molten Egg 2":13,"Bottled Lightning":26},{"Gremlin Horn":4,"Guardian:ModeShifterPlus":15,"Astrolabe":7,"Guardian:ModeShifter":0,"Enchiridion":10,"Oddly Smooth Stone":11,"Eternal Feather":3,"Hammer of Thor":0,"Seething Fire":0,"War Paint":24,"Boot":21,"sneckomod:BabySnecko":12,"Anvil of the Gods":0,"Strawberry":13,"Molten Egg 2":5,"Bottled Lightning":12},{"Gremlin Horn":15,"Guardian:ModeShifterPlus":77,"Astrolabe":37,"Guardian:ModeShifter":0,"Enchiridion":49,"Oddly Smooth Stone":55,"Eternal Feather":12,"Hammer of Thor":0,"Seething Fire":0,"War Paint":119,"Boot":101,"sneckomod:BabySnecko":58,"Anvil of the Gods":0,"Strawberry":63,"Molten Egg 2":24,"Bottled Lightning":58}]},"card_choices":[{"not_picked":["Guardian:Suspension","Guardian:Preprogram"],"picked":"Guardian:Reroute","floor":1.0},{"not_picked":["Guardian:VentSteam","Guardian:Suspension"],"picked":"Guardian:TimeCapacitor","floor":2.0},{"not_picked":["Guardian:CrystalBeam","Guardian:Repulse"],"picked":"Guardian:TemporalShield","floor":3.0},{"not_picked":["Guardian:PiercingHide","Guardian:FloatingOrbs"],"picked":"Guardian:Gem_Green","floor":5.0},{"not_picked":["Guardian:VentSteam","Guardian:Planning"],"picked":"Guardian:ChargeCore+1","floor":13.0},{"not_picked":["Guardian:Repulse","Guardian:Gem_Lightblue"],"picked":"Guardian:RollAttack+1","floor":14.0},{"not_picked":["Guardian:AncientConstruct","Guardian:ExploitGems"],"picked":"Guardian:StasisField","floor":16.0},{"not_picked":["Guardian:RefractedBeam+1","Guardian:Suspension"],"picked":"Guardian:Gem_Red","floor":18.0},{"not_picked":["Guardian:BodySlam+1","Guardian:CrystalBeam+1"],"picked":"Guardian:ShieldCharger","floor":19.0},{"not_picked":["Guardian:Gem_Lightblue","Guardian:VentSteam+1"],"picked":"Guardian:Gem_Synthetic","floor":20.0},{"not_picked":["Guardian:VentSteam","Guardian:CrystalBeam+1"],"picked":"Guardian:Preprogram+1","floor":23.0},{"not_picked":["Guardian:Gem_Cyan","Guardian:PrimingBeam+1"],"picked":"Guardian:Reroute+1","floor":25.0},{"not_picked":["Guardian:Gem_Purple","Guardian:Gem_Lightblue"],"picked":"Guardian:BronzeOrb+1","floor":28.0},{"not_picked":["Guardian:RollAttack+1","Guardian:Gem_Purple"],"picked":"Guardian:ShieldSpikes","floor":31.0},{"not_picked":["Guardian:Gem_Synthetic","Guardian:AncientConstruct"],"picked":"Guardian:TimeSifter","floor":33.0},{"not_picked":["Guardian:Preprogram+1","Guardian:TemporalShield"],"picked":"Guardian:Incinerate+1","floor":35.0},{"not_picked":["Guardian:Gem_Green","Guardian:RollAttack+1"],"picked":"Guardian:Gem_Orange","floor":36.0},{"not_picked":["Guardian:Planning+1","Guardian:WalkerClaw+1"],"picked":"Guardian:ShieldCharger+1","floor":38.0},{"not_picked":["Guardian:Gem_Red","Guardian:Gem_Blue"],"picked":"Guardian:Suspension+1","floor":39.0},{"not_picked":["Guardian:PiercingHide","Guardian:Reroute+1"],"picked":"Guardian:StasisStrike+1","floor":41.0},{"not_picked":["Guardian:Gem_Blue","Guardian:Repulse+1"],"picked":"Guardian:Clone+1","floor":42},{"not_picked":["Guardian:Suspension","Guardian:BronzeArmor"],"picked":"Guardian:TemporalStrike+1","floor":44},{"not_picked":["Guardian:Planning","Guardian:ShieldCharger"],"picked":"Guardian:BaubleBeam+1","floor":46},{"not_picked":["Guardian:TemporalStrike+1","Guardian:GuardianWhirl+1"],"picked":"Guardian:Gem_Lightblue","floor":48}],"player_experience":69940,"relics_obtained":[{"floor":9.0,"key":"Gremlin Horn"},{"floor":13.0,"key":"Molten Egg 2"},{"floor":21.0,"key":"Enchiridion"},{"floor":23.0,"key":"Oddly Smooth Stone"},{"floor":26.0,"key":"Bottled Lightning"},{"floor":43,"key":"Boot"},{"floor":48,"key":"War Paint"}],"event_choices":[{"damage_healed":0.0,"max_hp_gain":0.0,"max_hp_loss":0.0,"gold_gain":0.0,"event_name":"Scrap Ooze","player_choice":"Success","floor":4.0,"gold_loss":0.0,"damage_taken":18.0,"relics_obtained":["Eternal Feather"]},{"damage_healed":0.0,"max_hp_gain":0.0,"max_hp_loss":0.0,"gold_gain":0.0,"event_name":"Liars Game","player_choice":"Ignored","floor":7.0,"gold_loss":0.0,"damage_taken":0.0},{"damage_healed":0.0,"max_hp_gain":5.0,"max_hp_loss":0.0,"gold_gain":0.0,"event_name":"Big Fish","player_choice":"Donut","floor":12.0,"gold_loss":0.0,"damage_taken":0.0},{"damage_healed":0.0,"max_hp_gain":0.0,"max_hp_loss":0.0,"gold_gain":0.0,"event_name":"Cursed Tome","player_choice":"Obtained Book","floor":21.0,"gold_loss":0.0,"damage_taken":16.0},{"damage_healed":0.0,"max_hp_gain":0.0,"max_hp_loss":0.0,"gold_gain":0.0,"event_name":"The Library","player_choice":"Read","floor":22.0,"gold_loss":0.0,"damage_taken":0.0,"cards_obtained":["Guardian:Incinerate"]},{"cards_removed":["Guardian:Strike_Guardian"],"damage_healed":0.0,"max_hp_gain":0.0,"max_hp_loss":0.0,"gold_gain":0.0,"event_name":"NoteForYourself","player_choice":"Took Card","floor":30.0,"gold_loss":0.0,"damage_taken":0.0,"cards_obtained":["Iron Wave"]},{"damage_healed":0,"gold_gain":0,"player_choice":"Ignored","damage_taken":0,"max_hp_gain":0,"max_hp_loss":0,"event_name":"Tomb of Lord Red Mask","floor":45,"gold_loss":0},{"cards_removed":["Guardian:TimeCapacitor"],"damage_healed":0,"gold_gain":0,"player_choice":"Removed Power","damage_taken":0,"max_hp_gain":0,"max_hp_loss":0,"event_name":"Falling","floor":47,"gold_loss":0}],"is_beta":false,"boss_relics":[{"not_picked":["Snecko Eye","Tiny House"],"picked":"Astrolabe"},{"not_picked":["Black Star","Sozu"],"picked":"Guardian:ModeShifterPlus"}],"items_purged_floors":[],"is_endless":false,"potions_floor_spawned":[1,14,18,23,25,35,41,44,46,48],"ascension_level":0}}