{"host":"0luxfixkkfk9wck3","time":1613421325,"event":{"mods":["BaseMod","DeckTracker","Downfall","Highlight Path","Minty Spire (QoL Compilation)","StSLib"],"gold_per_floor":[349,366,386,24,37,22,22,42,142,142,142,153,153,153,165,269,269,269,269,281,299,299,310,337,347,347,375,375,393,393,148,161,266,266,266,286,118,132,145,176,176,176,76,76,92,106,106,106,120,120],"floor_reached":51,"language":"ENG","playtime":3699,"items_purged":["downfall:Haunted","Shame","Guardian:Strike_Guardian"],"score":1074,"play_id":"ba993313-eda6-42f9-9aae-5231ff459b48","local_time":"20210215143525","is_ascension_mode":true,"campfire_choices":[{"data":"Guardian:TwinSlam","floor":1,"key":"SMITH"},{"data":"Guardian:Orbwalk","floor":10,"key":"SMITH"},{"floor":26,"key":"REST"},{"floor":28,"key":"REST"},{"floor":30,"key":"REST"},{"data":"Guardian:FuturePlans","floor":35,"key":"SMITH"},{"data":"Guardian:TimeCapacitor","floor":43,"key":"SMITH"},{"data":"Guardian:CompilePackage","floor":47,"key":"SMITH"}],"circlet_count":0,"master_deck":["AscendersBane","Guardian:Defend_Guardian+1","Guardian:Defend_Guardian","Guardian:Defend_Guardian","Guardian:CurlUp","Guardian:TwinSlam+1","Guardian:PiercingHide","Guardian:FuturePlans+1","Guardian:ConstructionForm","Guardian:Orbwalk+1","Guardian:SpikerProtocol","Guardian:FastForward","Guardian:BodySlam+1","Guardian:ChargeUp+1","Guardian:ShieldSpikes+1","Guardian:BronzeArmor","Guardian:Gem_Blue","Guardian:TimeCapacitor+1","Guardian:VentSteam+1","Guardian:TemporalStrike","Guardian:StasisEngine","Guardian:ShieldCharger+1","Guardian:TemporalShield+1","Guardian:Recover+1","Guardian:Incinerate+1","Guardian:SpikerProtocol","Guardian:CompilePackage+1","Guardian:FloatingOrbs"],"relics":["Guardian:ModeShifter","Guardian:BottledStasis","Dead Branch","Guardian:PickAxe","Blue Candle","sneckomod:SneckoTalon","MealTicket","Smiling Mask","War Paint","Cursed Key","Juzu Bracelet","downfall:HeartBlessingGreen"],"acts_visited":["Exordium","TheCity","TheBeyond"],"potions_floor_usage":[6,13,36,39,40,50],"damage_taken":[{"damage":0,"enemies":"2 Louse","floor":2,"turns":4},{"damage":3,"enemies":"Jaw Worm","floor":3,"turns":5},{"damage":0,"enemies":"downfall:FleeingMerchant","floor":4,"turns":4},{"damage":7,"enemies":"Small Slimes","floor":5,"turns":3},{"damage":10,"enemies":"downfall:FleeingMerchant","floor":6,"turns":4},{"damage":0,"enemies":"2 Fungi Beasts","floor":8,"turns":5},{"damage":15,"enemies":"Gremlin Gang","floor":12,"turns":5},{"damage":5,"enemies":"Gremlin Gang","floor":13,"turns":4},{"damage":0,"enemies":"downfall:LooterAlt","floor":15,"turns":3},{"damage":8,"enemies":"DF_ARCHETYPE_STREAMLINE","floor":16,"turns":10},{"damage":0,"enemies":"3 Byrds","floor":20,"turns":3},{"damage":7,"enemies":"Shell Parasite","floor":21,"turns":6},{"damage":12,"enemies":"Snake Plant","floor":23,"turns":3},{"damage":12,"enemies":"Sentry and Sphere","floor":25,"turns":5},{"damage":20,"enemies":"Book of Stabbing","floor":27,"turns":6},{"damage":0,"enemies":"3 Cultists","floor":29,"turns":6},{"damage":0,"enemies":"downfall:FleeingMerchant","floor":31,"turns":4},{"damage":4,"enemies":"Centurion and Healer","floor":32,"turns":7},{"damage":7,"enemies":"WA_ARCHETYPE_CALM","floor":33,"turns":8},{"damage":11,"enemies":"Orb Walker","floor":36,"turns":3},{"damage":10,"enemies":"downfall:FleeingMerchant","floor":37,"turns":4},{"damage":12,"enemies":"3 Shapes","floor":38,"turns":4},{"damage":3,"enemies":"Transient","floor":39,"turns":5},{"damage":18,"enemies":"Reptomancer","floor":40,"turns":5},{"damage":14,"enemies":"4 Shapes","floor":45,"turns":5},{"damage":0,"enemies":"Maw","floor":46,"turns":5},{"damage":14,"enemies":"Sphere and 2 Shapes","floor":49,"turns":3},{"damage":0,"enemies":"SI_POISON_ARCHETYPE","floor":50,"turns":7}],"seed_played":"5178677725976929939","potions_obtained":[{"floor":2,"key":"SpeedPotion"},{"floor":5,"key":"SpeedPotion"},{"floor":12,"key":"Guardian:AcceleratePotion"},{"floor":16,"key":"Guardian:AcceleratePotion"},{"floor":23,"key":"Guardian:BlockOnCardUsePotion"},{"floor":29,"key":"SkillPotion"},{"floor":36,"key":"Fruit Juice"},{"floor":45,"key":"Guardian:DefensiveModePotion"},{"floor":49,"key":"Slimebound:ThreeZeroPotion"}],"is_trial":false,"path_per_floor":["R","M","M","$","M","$","T","M","?","R","?","M","?","?","M","B",null,"R","?","M","M","?","M","T","M","R","E","R","M","R","$","M","B",null,"R","M","$","M","M","E","T","?","R","?","M","M","R","?","M","B",null],"character_chosen":"GUARDIAN","items_purchased":["Guardian:FuturePlans","Guardian:BottledStasis","Weak Potion","Guardian:Gem_White","War Paint","CultistPotion"],"campfire_rested":3,"item_purchase_floors":[4,4,4,31,31,37],"current_hp_per_floor":[72,72,69,69,62,52,52,52,52,52,52,37,32,27,27,19,65,65,65,65,58,46,34,34,22,46,26,50,50,74,80,76,69,77,77,71,75,63,60,42,42,74,74,74,60,60,60,60,46,46],"gold":120,"neow_bonus":"TWO_FIFTY_GOLD","is_daily":false,"chose_seed":false,"campfire_upgraded":5,"win_rate":0.0,"timestamp":1613421325,"path_taken":["R","M","M","$","M","$","T","M","?","R","?","M","?","?","M","BOSS","R","?","M","?","?","M","T","M","R","E","R","M","R","$","M","BOSS","R","M","$","M","M","E","T","?","R","?","M","M","R","?","M","BOSS"],"items_purchased_type":["Card","Relic","Potion","Card","Relic","Potion"],"build_version":"2020-12-22","purchased_purges":3,"victory":true,"max_hp_per_floor":[80,80,80,80,80,80,80,80,80,80,80,80,80,80,80,80,80,80,80,80,80,80,80,80,80,80,80,80,80,80,80,80,80,80,80,85,85,85,85,85,85,74,74,74,74,74,74,74,74,74],"card_choices":[{"not_picked":["Guardian:PrismaticBeam","Guardian:TemporalStrike"],"picked":"Guardian:Gem_Fragmented","floor":2},{"not_picked":["Guardian:Recover","Guardian:ChargeCore"],"picked":"Guardian:PiercingHide","floor":3},{"not_picked":["Guardian:Gem_Lightblue","Guardian:Suspension"],"picked":"Guardian:Gem_Blue","floor":4},{"not_picked":["Guardian:ShieldSpikes","Guardian:RefractedBeam"],"picked":"Guardian:ConstructionForm","floor":5},{"not_picked":["Guardian:Gem_Red","Guardian:WalkerClaw"],"picked":"Guardian:Gem_Yellow","floor":6},{"not_picked":["Guardian:DecasProtection","Guardian:Gem_White"],"picked":"Guardian:Orbwalk","floor":8},{"not_picked":["Guardian:ChargeCore","Guardian:Suspension"],"picked":"Guardian:Gem_Cyan","floor":12},{"not_picked":["Guardian:Incinerate","Guardian:Suspension"],"picked":"Guardian:SpikerProtocol","floor":15},{"not_picked":["Guardian:CompilePackage","Guardian:GatlingBeam"],"picked":"Guardian:FastForward","floor":16},{"not_picked":["Guardian:TimeCapacitor","Guardian:VentSteam"],"picked":"Guardian:BodySlam+1","floor":20},{"not_picked":["Guardian:TemporalStrike","Guardian:Incinerate"],"picked":"Guardian:ChargeUp+1","floor":21},{"not_picked":["Guardian:Gem_Green","Guardian:PiercingHide"],"picked":"Guardian:ShieldSpikes","floor":23},{"not_picked":["Guardian:SentryBeam+1","Guardian:RollAttack+1"],"picked":"Guardian:BronzeArmor","floor":25},{"not_picked":["Guardian:Orbwalk","Guardian:ChargeCore"],"picked":"Guardian:Gem_Blue","floor":27},{"not_picked":["Guardian:DecasProtection+1","Guardian:PiercingHide"],"picked":"Guardian:TimeCapacitor","floor":29},{"not_picked":["Guardian:PrimingBeam+1","Guardian:Gem_Yellow"],"picked":"Guardian:VentSteam+1","floor":31},{"not_picked":["Guardian:Gem_Crimson","Guardian:HyperBeam_Guardian"],"picked":"Guardian:TemporalStrike","floor":32},{"not_picked":["Guardian:CompilePackage","Guardian:StasisField"],"picked":"Guardian:StasisEngine","floor":33},{"not_picked":["Guardian:Gem_Cyan","Guardian:TemporalStrike"],"picked":"Guardian:ShieldCharger+1","floor":36},{"not_picked":["Guardian:ChargeCore+1","Guardian:Harden"],"picked":"Guardian:TemporalShield+1","floor":37},{"not_picked":["Guardian:Planning","Guardian:TimeCapacitor"],"picked":"Guardian:Recover+1","floor":38},{"not_picked":["Guardian:Gem_Fragmented","Guardian:Planning+1"],"picked":"Guardian:Incinerate+1","floor":39},{"not_picked":["Guardian:Gem_Green","Guardian:Clone"],"picked":"Guardian:Gem_Blue","floor":40},{"not_picked":["Guardian:Incinerate+1","Guardian:CrystalBeam"],"picked":"Guardian:CompilePackage","floor":45},{"not_picked":["Guardian:RollAttack","Guardian:Harden"],"picked":"Guardian:FloatingOrbs","floor":46},{"not_picked":["Guardian:Clone","Guardian:VentSteam","Guardian:Harden+1"],"picked":"SKIP","floor":49}],"player_experience":11895771,"relics_obtained":[{"floor":7,"key":"Dead Branch"},{"floor":24,"key":"MealTicket"},{"floor":27,"key":"Smiling Mask"},{"floor":40,"key":"Juzu Bracelet"}],"event_choices":[{"cards_removed":["Guardian:Gem_Cyan"],"damage_healed":0,"gold_gain":0,"player_choice":"Removed Skill","damage_taken":0,"max_hp_gain":0,"max_hp_loss":0,"event_name":"Falling","floor":48,"gold_loss":0}],"is_beta":false,"boss_relics":[{"not_picked":["Black Star","Astrolabe"],"picked":"sneckomod:SneckoTalon"},{"not_picked":["Guardian:StasisSlotReductionRelic","Tiny House"],"picked":"Cursed Key"}],"items_purged_floors":[4,31,37],"is_endless":false,"potions_floor_spawned":[2,5,12,16,20,23,29,32,36,45,49],"ascension_level":10}}