{"host":"a5lz0e76zb3fcwkm","time":1613401012,"event":{"mods":["AchievementEnabler","BaseMod","Colored Map","Colored Powertips","Minty Spire (QoL Compilation)","StSLib","SuperFastMode"],"gold_per_floor":[362,380,380,19,19,51,51,51,51],"floor_reached":8,"language":"KOR","playtime":156,"items_purged":["Defend_G"],"score":108,"play_id":"eacf284f-fba4-4ec1-9aad-f5f3441dac68","local_time":"20210215235652","is_ascension_mode":true,"campfire_choices":[{"floor":7,"key":"REST"}],"circlet_count":0,"master_deck":["AscendersBane","Strike_G","Strike_G","Strike_G","Strike_G","Strike_G","Defend_G","Defend_G","Defend_G","Defend_G","Survivor","Neutralize","Blur","Calculated Gamble","Underhanded Strike","Backflip","Prepared"],"relics":["Ring of the Snake","Dream Catcher","TheAbacus","Pear"],"acts_visited":["Exordium"],"potions_floor_usage":[6],"damage_taken":[{"damage":0,"enemies":"2 Louse","floor":1,"turns":4},{"damage":8,"enemies":"Small Slimes","floor":2,"turns":4},{"damage":22,"enemies":"3 Sentries","floor":6,"turns":13},{"damage":0,"enemies":"Gremlin Nob","floor":8,"turns":2}],"seed_played":"3303056359235429168","potions_obtained":[{"floor":1,"key":"Fire Potion"},{"floor":6,"key":"Explosive Potion"}],"is_trial":false,"path_per_floor":["M","M","?","$","?","E","R","E"],"character_chosen":"THE_SILENT","items_purchased":["TheAbacus","Calculated Gamble","Underhanded Strike"],"campfire_rested":1,"item_purchase_floors":[4,4,4],"current_hp_per_floor":[44,36,31,31,31,19,41,41,41],"gold":51,"neow_bonus":"TWO_FIFTY_GOLD","is_daily":false,"chose_seed":false,"campfire_upgraded":0,"win_rate":0.0,"timestamp":1613401012,"path_taken":["M","M","?","$","?","E","R","E"],"items_purchased_type":["Relic","Card","Card"],"build_version":"2020-12-22","purchased_purges":1,"victory":false,"max_hp_per_floor":[66,66,66,66,66,76,76,76,76],"card_choices":[{"not_picked":["Setup","Cloak And Dagger","Prepared"],"picked":"SKIP","floor":1},{"not_picked":["Escape Plan","Dagger Throw"],"picked":"Blur","floor":2},{"not_picked":["Underhanded Strike","Dagger Spray"],"picked":"Backflip","floor":6},{"not_picked":["Heel Hook","Well Laid Plans"],"picked":"Prepared","floor":7}],"player_experience":1899112,"relics_obtained":[{"floor":6,"key":"Pear"}],"event_choices":[{"damage_healed":0,"gold_gain":0,"player_choice":"Success","damage_taken":5,"relics_obtained":["Dream Catcher"],"max_hp_gain":0,"max_hp_loss":0,"event_name":"Scrap Ooze","floor":3,"gold_loss":0},{"damage_healed":0,"gold_gain":0,"player_choice":"Ignored","damage_taken":0,"max_hp_gain":0,"max_hp_loss":0,"event_name":"Liars Game","floor":5,"gold_loss":0}],"is_beta":false,"boss_relics":[],"items_purged_floors":[4],"is_endless":false,"potions_floor_spawned":[1,6],"killed_by":"Gremlin Nob","ascension_level":20}}