{"host":"ggy1mjjy92c62u6a","time":1613368353,"event":{"mods":["10 clothes from DAL","ATMod(∞¢Ë™Mod)","Act Like it!","BaseMod","Colored Powertips","GifTheSpireLib","Infinite Spire","Library of Ruina","Library of Ruina Extra","Lobotomy","LobotomyExtend","Minty Spire (QoL Compilation)","Quick Restart","Relic Filter Mod","Relic Stats","Reliquary","Replay The Spire","Shop Mod","Spicy Shops","StSLib","SuperFastMode","TestMod","°æπ¶ƒ‹Mod°øªÏ„Á÷Æª∑–ﬁ∏¥≤π∂°","°æ“≈ŒÔMod°øÀ¿¡È∑® ¶NEW","°æ“≈ŒÔø®≈∆°øREMEMod"],"gold_per_floor":[280,280,126,141,141,167,167,195,195,225,243,276,276,276,276,404,404,415,415,472,472,472,472,498,518,518,556,595,595,595,595,744,744,744,964,964,1102,1102,1102,1140,394,394,462,506,506,601,160,392,535,653,853,896,991],"floor_reached":54,"language":"ZHS","playtime":1649,"items_purged":["GuidanceOfTheGears","StructuralAnalysis","DegradedFairy","DegradedChain"],"score":1949,"play_id":"52067d13-2a3c-4acf-8a50-5d86b9027813","local_time":"20210215135233","is_ascension_mode":true,"campfire_choices":[{"data":"FleetEdge","floor":7.0,"key":"SMITH"},{"floor":13.0,"key":"REST"},{"data":"FrontalAssault","floor":23.0,"key":"SMITH"},{"data":"DegradedShockwave","floor":29.0,"key":"SMITH"},{"data":"DegradedPillar","floor":34.0,"key":"SMITH"},{"data":"DegradedPillar","floor":42.0,"key":"SMITH"}],"circlet_count":0,"master_deck":["AscendersBane","DegradedFairy","DegradedChain","DegradedLock","DegradedPillar+1","DegradedPillar+1","DegradedShockwave+1","REME_CopyPotion+1","FleetEdge+1","FrontalAssault+1"],"relics":["PageOfLibrarian","REME_ComplimentaryCards","AT_ATBox","testmod-TestBox","CogitoBucket","RabbitCall","testmod-DreamHouse","Happy Flower","Lantern","LetterFromLob","infinitespire:Midas Blood","testmod-AssaultLearning","AT_ForceNature","reliquary:TuningFork","infinitespire:Bottled Soul","AT_RabadonDeathcap","ChangeAnything","testmod-NegativeEmotionEnhancer","MutagenicStrength","Nunchaku","infinitespire:Lychee Nut","Quantum Egg","AT_RedNoBalance","AT_MibuBalloonWealth","MerchantsRug","testmod-Alchemist","PageOfTheQueenOfHatred","PageOfTheKnightOfDespair","PageOfGreed","PageOfWrath","infinitespire:EvilPickle","BargainBundle","PageOfNihil"],"acts_visited":["Exordium","TheCity","TheBeyond"],"potions_floor_usage":[],"damage_taken":[{"damage":0.0,"enemies":"Jaw Worm","floor":1.0,"turns":1.0},{"damage":0.0,"enemies":"2 Louse","floor":4.0,"turns":1.0},{"damage":0.0,"enemies":"Gremlin Nob","floor":6.0,"turns":2.0},{"damage":0.0,"enemies":"3 Sentries","floor":8.0,"turns":2.0},{"damage":0.0,"enemies":"Gremlin Nob","floor":10.0,"turns":2.0},{"damage":0.0,"enemies":"Small Slimes","floor":11.0,"turns":3.0},{"damage":8.0,"enemies":"3 Louse","floor":12.0,"turns":3.0},{"damage":0.0,"enemies":"Slime Boss","floor":16.0,"turns":4.0},{"damage":0.0,"enemies":"Chosen","floor":18.0,"turns":2.0},{"damage":0.0,"enemies":"Gremlin Leader","floor":24.0,"turns":2.0},{"damage":14.0,"enemies":"3 Byrds","floor":25.0,"turns":6.0},{"damage":8.0,"enemies":"Book of Stabbing","floor":27.0,"turns":3.0},{"damage":0.0,"enemies":"Snake Plant","floor":28.0,"turns":1.0},{"damage":32.0,"enemies":"Centurion and Healer","floor":32.0,"turns":7.0},{"damage":8.0,"enemies":"Pondfish","floor":35.0,"turns":5.0},{"damage":4.0,"enemies":"3 Darklings","floor":37.0,"turns":4.0},{"damage":0.0,"enemies":"Orb Walker","floor":40.0,"turns":1.0},{"damage":13.0,"enemies":"R_Hoarder","floor":43.0,"turns":5.0},{"damage":0.0,"enemies":"Writhing Mass","floor":44.0,"turns":3.0},{"damage":26.0,"enemies":"Nemesis","floor":46.0,"turns":4.0},{"damage":8.0,"enemies":"Jaw Worm Horde","floor":48.0,"turns":5.0},{"damage":3.0,"enemies":"Maw","floor":49.0,"turns":8.0},{"damage":15.0,"enemies":"Writhing Mass","floor":50.0,"turns":4.0},{"damage":18.0,"enemies":"infinitespire:Three Voidlings","floor":51.0,"turns":2.0},{"damage":0.0,"enemies":"Nightmare_Alpha","floor":51.0,"turns":7.0},{"damage":106.0,"enemies":"FixerMidnight","floor":52.0,"turns":8.0},{"damage":3.0,"enemies":"Malkuth","floor":53.0,"turns":3.0},{"damage":18.0,"enemies":"Netzach","floor":53.0,"turns":5.0},{"damage":82.0,"enemies":"Tiphereth","floor":53.0,"turns":13.0},{"damage":13,"enemies":"Hokma","floor":54,"turns":11},{"damage":22,"enemies":"Angela","floor":54,"turns":7}],"seed_played":"-794010397790368093","potions_obtained":[{"floor":1.0,"key":"SteroidPotion"},{"floor":8.0,"key":"Ancient Potion"},{"floor":40.0,"key":"Fire Potion"},{"floor":44.0,"key":"Explosive Potion"},{"floor":48.0,"key":"testmod-SpacePotion"},{"floor":49.0,"key":"Strength Potion"}],"is_trial":false,"path_per_floor":["M","?","$","M","?","E","R","E","T","E","M","M","R","?","R","B",null,"M","?","?","?","AVR","R","E","M","T","E","M","R","PTL","PTL","M","?","R","B",null,"M","?","AVR","M","$","R","E","M","T","E","$","M","M","M","R","B",null,null,null],"character_chosen":"Librarian","items_purchased":["testmod-AssaultLearning","MerchantsRug","testmod-Alchemist","PageOfTheQueenOfHatred","BargainBundle","WillProduceFineSilk","SharpenedBlade"],"campfire_rested":1,"item_purchase_floors":[3,41,41,41,47,47,47],"current_hp_per_floor":[54,47,47,47,47,47,47,47,47,47,47,39,66,74,90,90,90,91,91,69,69,68,68,69,59,59,35,37,37,37,37,13,13,13,38,65,48,75,75,76,76,76,59,69,69,54,54,66,75,70,74,13,26],"gold":1067,"neow_bonus":"","is_daily":false,"chose_seed":false,"campfire_upgraded":5,"win_rate":0.0,"timestamp":1613368353,"path_taken":["M","?","$","M","?","E","R","E","T","E","?","M","R","?","R","BOSS","M","?","?","?","AVR","R","E","M","T","E","?","R","PTL","PTL","M","?","R","BOSS","M","?","AVR","M","$","R","E","M","T","E","?","?","M","M","R","BOSS"],"items_purchased_type":["Relic","Relic","Relic","Relic","Relic","Card","Card"],"build_version":"2020-12-22","purchased_purges":4,"victory":true,"max_hp_per_floor":[90,90,90,90,90,90,90,90,90,90,90,90,90,90,90,90,90,91,91,91,91,68,68,69,70,70,71,72,72,72,72,73,73,73,74,74,75,75,75,76,76,76,77,78,78,79,79,80,81,79,81,82,85],"relic_stats":{"Nunchaku":[23],"Happy Flower":[46],"counters":[35,136],"obtain_stats":[{"RabbitCall":0,"PageOfTheQueenOfHatred":41,"Lantern":0,"AT_ATBox":0,"AT_MibuBalloonWealth":27,"testmod-NegativeEmotionEnhancer":17,"PageOfGreed":45,"PageOfWrath":46,"CogitoBucket":0,"Nunchaku":20,"testmod-Alchemist":41,"infinitespire:Bottled Soul":9,"PageOfTheKnightOfDespair":43,"Honey Jar":36,"testmod-DreamHouse":0,"AT_RedNoBalance":37,"AT_ForceNature":6,"AT_RabadonDeathcap":10,"MerchantsRug":41,"BargainBundle":47,"testmod-TestBox":0,"Happy Flower":0,"Quantum Egg":24,"PageOfNihil":48,"AT_SilverBalance":26,"PageOfLibrarian":0,"infinitespire:EvilPickle":46,"infinitespire:Lychee Nut":22,"testmod-AssaultLearning":3,"MutagenicStrength":19,"LetterFromLob":1,"reliquary:TuningFork":8,"ChangeAnything":11,"REME_ComplimentaryCards":0,"infinitespire:Midas Blood":2},{"RabbitCall":0,"PageOfTheQueenOfHatred":20,"Lantern":0,"AT_ATBox":0,"AT_MibuBalloonWealth":14,"testmod-NegativeEmotionEnhancer":9,"PageOfGreed":22,"PageOfWrath":23,"CogitoBucket":0,"Nunchaku":10,"testmod-Alchemist":20,"infinitespire:Bottled Soul":4,"PageOfTheKnightOfDespair":21,"Honey Jar":17,"testmod-DreamHouse":0,"AT_RedNoBalance":18,"AT_ForceNature":3,"AT_RabadonDeathcap":5,"MerchantsRug":20,"BargainBundle":23,"testmod-TestBox":0,"Happy Flower":0,"Quantum Egg":11,"PageOfNihil":25,"AT_SilverBalance":13,"PageOfLibrarian":0,"infinitespire:EvilPickle":23,"infinitespire:Lychee Nut":10,"testmod-AssaultLearning":1,"MutagenicStrength":10,"LetterFromLob":1,"reliquary:TuningFork":4,"ChangeAnything":7,"REME_ComplimentaryCards":0,"infinitespire:Midas Blood":1},{"RabbitCall":0,"PageOfTheQueenOfHatred":51,"Lantern":0,"AT_ATBox":0,"AT_MibuBalloonWealth":32,"testmod-NegativeEmotionEnhancer":18,"PageOfGreed":59,"PageOfWrath":63,"CogitoBucket":0,"Nunchaku":20,"testmod-Alchemist":51,"infinitespire:Bottled Soul":6,"PageOfTheKnightOfDespair":56,"Honey Jar":45,"testmod-DreamHouse":0,"AT_RedNoBalance":45,"AT_ForceNature":4,"AT_RabadonDeathcap":7,"MerchantsRug":51,"BargainBundle":63,"testmod-TestBox":0,"Happy Flower":0,"Quantum Egg":22,"PageOfNihil":68,"AT_SilverBalance":29,"PageOfLibrarian":0,"infinitespire:EvilPickle":63,"infinitespire:Lychee Nut":20,"testmod-AssaultLearning":1,"MutagenicStrength":20,"LetterFromLob":1,"reliquary:TuningFork":6,"ChangeAnything":11,"REME_ComplimentaryCards":0,"infinitespire:Midas Blood":1}]},"card_choices":[{"not_picked":["RapidGashes","FervidEmotions","Leap_lor","CutIn","HeavyPeaks","SinglePointStab","LossOfSenses","FeelinGood","PreemptiveStrike"],"picked":"SKIP","floor":1.0},{"not_picked":["TheRedNotes","Wallop_lor","InkOver","CircusKnives","FaintMemories","Standoff","SuppressingShot","DefenseOrder"],"picked":"FleetEdge","floor":4.0},{"not_picked":["Slice_lor","SavageMode","Outburst","Execute_lor","Guardian_lor","ToWhereThePrescriptPoints","StrongStrike","RatsGuideToSurvival","Punishment"],"picked":"SKIP","floor":6.0},{"not_picked":["FleshFillet","LawAndOrder","Thirst","WillProduceFineSilk","Rewind","WillOfThePrescript","SteelKnuckles","CleanUp","Quickness"],"picked":"SKIP","floor":8.0},{"not_picked":["EnergyStrike","YourShield","DarkCloud","NonstopAssault","StayCalm","Outburst","SharpNails","SpearedSweep","FlyingSword"],"picked":"SKIP","floor":10.0},{"not_picked":["PreemptiveStrike","AsThePrescriptOrders","Disposal","AssaultOrder","Standoff","FleetFootsteps","Outburst","FierceCharge","SummaryJudgment"],"picked":"SKIP","floor":11.0},{"not_picked":["BulkyImpact","MindPrepared","AsThePrescriptOrders","YouOnlyLiveOnce","IllEndYou","DefenseOrder","Wallop_lor","ClassAndRespect","Standoff"],"picked":"SKIP","floor":12.0},{"not_picked":["SenseQuarry","FlamingDragonFist"],"picked":"RagingStorm","floor":16.0},{"not_picked":["GuidanceOfTheGears","DarkCloud","SunsetBlade+1","PreemptiveStrike","MultiHit","WillOfThePrescript","SpearedSweep","SkyClearingCut","Zzzzzap"],"picked":"SKIP","floor":18.0},{"not_picked":["FleetEdge","SilentNight","UndertakePrescript","QuickSuppression","TimeForALittleTest+1","YouOnlyLiveOnce","GrazeTheGrass","StructuralAnalysis"],"picked":"ForTheFamily+1","floor":20.0},{"not_picked":["FlashingStrike","LawAndOrder","MultiBlock","Standoff","SunsetBlade","YoureAHindrance","TendonChords+1","DefenseOrder"],"picked":"RagingStorm","floor":24.0},{"not_picked":["AsThePrescriptOrders","HiddenBlade","Multislash","DevastatingThrash","IllEndYou","BlowItUp","StrongStrike","DesperateStruggle","FleetEdge"],"picked":"SKIP","floor":25.0},{"not_picked":["LoosenUp+1","EmotionalTurbulence","Standoff","SpearedSweep","Pound","HighKick","ICanCookAnything","SetFire","PreemptiveStrike"],"picked":"SKIP","floor":27.0},{"not_picked":["GrazeTheGrass+1","DarkCloud","Pound","Struggle","DimensionalRift","ExtractFuel+1","FleetFootsteps","CookingPrep","DefenseOrder+1"],"picked":"SKIP","floor":28.0},{"not_picked":["IronWall","Wallop_lor","Diversion+1","EmotionalTurbulence","Unlock1+1","PreemptiveStrike","SinglePointStab","AGoldenOpportunity","SummaryJudgment"],"picked":"SKIP","floor":32.0},{"not_picked":["FleetEdge","RipSpace","ForcefulGesture","SinglePointStab","FierceOnslaught+1","HiddenBlade","YoureAHindrance+1","Parry+1","FlashingStrike+1"],"picked":"GuidanceOfTheGears","floor":37.0},{"not_picked":["BlowItUp","Creak","TendonChords+1","ConcentratedFire+1","BackAttack+1","HighKick","FlashOfSunup+1","MultiBlock","TrimTheIngredients"],"picked":"StructuralAnalysis","floor":40.0},{"not_picked":["BulkyImpact+1","DarkCloud","Outburst+1","DefenseOrder+1","Leap_lor","SweepTheBackstreets","TimeForALittleTest+1","Rampage_lor+1","DevastatingThrash"],"picked":"SKIP","floor":43.0},{"not_picked":["Juggling+1","ExtractFuel","EnergyShield","AsThePrescriptOrders","Punishment","SmokingPipe","BurningFlash","Feast","Thrust"],"picked":"SKIP","floor":44.0},{"not_picked":["PreemptiveStrike+1","SavageMode","HandleRequest+1","ForcefulGesture+1","RulesOfTheBackstreets","TendonChords+1","BackAttack+1","SpearedSweep+1"],"picked":"Suppress","floor":46.0},{"not_picked":["YoureAHindrance+1","SetFire+1","PuppetBlockade+1","Retaliate+1","GuidanceOfTheGears+1","DesperateStruggle+1","FaintMemories","ShrineToMusic","Rewind"],"picked":"SKIP","floor":48.0},{"not_picked":["FeelinGood","SharpSwipe+1","SuppressingShot","Fence+1","EnergyShield","NightInTheBackstreets+1","FierceCharge","YoureAHindrance+1","ForcefulGesture"],"picked":"SKIP","floor":49.0},{"not_picked":["InnerArdor","CutIn+1","BizarreAttack+1","Rampage_lor","UpbeatPerformance","PinpointShot+1","MultiBlock","GrazeTheGrass","RipSpace"],"picked":"SKIP","floor":50.0}],"player_experience":126327,"relics_obtained":[{"floor":1.0,"key":"LetterFromLob"},{"floor":6.0,"key":"AT_ForceNature"},{"floor":8.0,"key":"reliquary:TuningFork"},{"floor":9.0,"key":"infinitespire:Bottled Soul"},{"floor":10.0,"key":"AT_RabadonDeathcap"},{"floor":20.0,"key":"Nunchaku"},{"floor":24.0,"key":"Quantum Egg"},{"floor":26.0,"key":"AT_SilverBalance"},{"floor":27.0,"key":"AT_MibuBalloonWealth"},{"floor":43.0,"key":"PageOfTheKnightOfDespair"},{"floor":45.0,"key":"PageOfGreed"},{"floor":46.0,"key":"PageOfWrath"},{"floor":48.0,"key":"PageOfNihil"}],"event_choices":[{"damage_healed":0.0,"max_hp_gain":0.0,"max_hp_loss":0.0,"gold_gain":0.0,"event_name":"Scrap Ooze","player_choice":"Success","floor":2.0,"gold_loss":0.0,"damage_taken":7.0,"relics_obtained":["infinitespire:Midas Blood"]},{"damage_healed":0.0,"max_hp_gain":0.0,"max_hp_loss":0.0,"gold_gain":0.0,"cards_transformed":["DegradedFairy"],"event_name":"Living Wall","player_choice":"Change","floor":5.0,"gold_loss":0.0,"damage_taken":0.0,"cards_obtained":["RatsGuideToSurvival"]},{"damage_healed":0.0,"max_hp_gain":0.0,"max_hp_loss":0.0,"gold_gain":0.0,"event_name":"Drug Dealer","player_choice":"Inject Mutagens","floor":19.0,"gold_loss":0.0,"damage_taken":0.0,"relics_obtained":["MutagenicStrength"]},{"damage_healed":0.0,"max_hp_gain":0.0,"max_hp_loss":0.0,"gold_gain":0.0,"event_name":"The Library","player_choice":"Read","floor":21.0,"gold_loss":0.0,"damage_taken":0.0,"cards_obtained":["FrontalAssault"]},{"damage_healed":0.0,"max_hp_gain":0.0,"max_hp_loss":0.0,"gold_gain":0.0,"event_name":"Ghosts","player_choice":"Ignored","floor":33.0,"gold_loss":0.0,"damage_taken":0.0},{"damage_healed":27.0,"max_hp_gain":0.0,"max_hp_loss":0.0,"gold_gain":0.0,"event_name":"Wheel of Change","player_choice":"Full Heal","floor":38.0,"gold_loss":0.0,"damage_taken":0.0}],"is_beta":false,"boss_relics":[{"not_picked":["REME_DuelDisc","Busted Crown"],"picked":"testmod-NegativeEmotionEnhancer"},{"not_picked":["Kintsugi","REME_ChargedStone"],"picked":"Honey Jar"}],"items_purged_floors":[41,41,47,47],"is_endless":false,"potions_floor_spawned":[1,8,16,25,27,32,35,40,44,46,48,49,51],"ascension_level":11}}