{"host":"or8fr2mp0k3eluj8","time":1613365025,"event":{"mods":["AchievementEnabler","BaseMod","Colored Map","DeckTracker","Minty Spire (QoL Compilation)","SuperFastMode"],"gold_per_floor":[118,41,51,51,69,69,69,69,69,94,112,130,55,55,55,154,154,172,192,92,103,128,128,128],"floor_reached":23,"language":"KOR","playtime":884,"items_purged":["Strike_P","Defend_P"],"score":191,"play_id":"8f5fa267-7ffc-4ddf-b6c2-3216642d3243","local_time":"20210215135705","is_ascension_mode":false,"campfire_choices":[{"data":"Eruption","floor":6,"key":"SMITH"},{"data":"TalkToTheHand","floor":8,"key":"SMITH"},{"floor":15,"key":"REST"}],"circlet_count":0,"master_deck":["Strike_P","Strike_P","Strike_P+1","Defend_P+1","Defend_P","Eruption+1","Vigilance+1","TalkToTheHand+1","MentalFortress"],"relics":["PureWater","Anchor","Art of War","Tiny Chest","Philosopher\u0027s Stone","Akabeko"],"acts_visited":["Exordium","TheCity"],"potions_floor_usage":[12,16,23],"damage_taken":[{"damage":7,"enemies":"Jaw Worm","floor":1,"turns":2},{"damage":0,"enemies":"2 Louse","floor":3,"turns":2},{"damage":1,"enemies":"Small Slimes","floor":5,"turns":2},{"damage":15,"enemies":"Lagavulin","floor":10,"turns":8},{"damage":11,"enemies":"Red Slaver","floor":11,"turns":4},{"damage":10,"enemies":"2 Fungi Beasts","floor":12,"turns":3},{"damage":24,"enemies":"The Guardian","floor":16,"turns":14},{"damage":7,"enemies":"Chosen","floor":18,"turns":5},{"damage":0,"enemies":"Shell Parasite","floor":19,"turns":6},{"damage":3,"enemies":"Centurion and Healer","floor":21,"turns":7},{"damage":76,"enemies":"Slavers","floor":23,"turns":6}],"seed_played":"8418822733474143991","potions_obtained":[{"floor":3,"key":"Block Potion"},{"floor":5,"key":"Strength Potion"},{"floor":19,"key":"EssenceOfSteel"}],"is_trial":false,"path_per_floor":["M","$","M","?","M","R","?","R","T","E","M","M","$","?","R","B",null,"M","M","$","M","T","E"],"character_chosen":"WATCHER","items_purchased":["TalkToTheHand"],"campfire_rested":1,"item_purchase_floors":[2],"current_hp_per_floor":[65,65,65,51,50,50,43,43,43,28,17,7,7,7,28,4,72,65,65,65,62,62,0,0],"gold":128,"neow_bonus":"RANDOM_COMMON_RELIC","is_daily":false,"chose_seed":false,"campfire_upgraded":2,"win_rate":0.0,"timestamp":1613365025,"path_taken":["M","$","M","?","M","R","?","R","T","E","M","M","?","?","R","BOSS","M","M","$","?","?","E"],"items_purchased_type":["Card"],"build_version":"2020-12-22","purchased_purges":2,"victory":false,"max_hp_per_floor":[72,72,72,72,72,72,72,72,72,72,72,72,72,72,72,72,72,72,72,72,72,72,72,72],"card_choices":[{"not_picked":["FlyingSleeves","LikeWater","Crescendo"],"picked":"SKIP","floor":1},{"not_picked":["Collect","ThirdEye","EmptyFist"],"picked":"SKIP","floor":3},{"not_picked":["CarveReality","FlyingSleeves","Protect"],"picked":"SKIP","floor":5},{"not_picked":["SashWhip","Worship","Establishment"],"picked":"SKIP","floor":10},{"not_picked":["Swivel","SignatureMove","Vengeance"],"picked":"SKIP","floor":11},{"not_picked":["CutThroughFate","PathToVictory","Swivel"],"picked":"SKIP","floor":12},{"not_picked":["PathToVictory","EmptyBody+1"],"picked":"MentalFortress","floor":18},{"not_picked":["CarveReality","Vengeance","SashWhip"],"picked":"SKIP","floor":19},{"not_picked":["Meditate","Worship","Evaluate"],"picked":"SKIP","floor":21}],"player_experience":313125,"relics_obtained":[{"floor":9,"key":"Art of War"},{"floor":10,"key":"Tiny Chest"},{"floor":22,"key":"Akabeko"}],"event_choices":[{"damage_healed":0,"gold_gain":0,"player_choice":"Entered Light","damage_taken":14,"max_hp_gain":0,"max_hp_loss":0,"event_name":"Shining Light","floor":4,"gold_loss":0,"cards_upgraded":["Strike_P","Vigilance"]},{"cards_removed":["Defend_P"],"damage_healed":0,"gold_gain":0,"player_choice":"Card Removal","damage_taken":7,"max_hp_gain":0,"max_hp_loss":0,"event_name":"Golden Wing","floor":7,"gold_loss":0},{"damage_healed":0,"gold_gain":0,"player_choice":"Forge","damage_taken":0,"max_hp_gain":0,"max_hp_loss":0,"event_name":"Accursed Blacksmith","floor":14,"gold_loss":0,"cards_upgraded":["Defend_P"]}],"is_beta":false,"boss_relics":[{"not_picked":["Calling Bell","Empty Cage"],"picked":"Philosopher\u0027s Stone"}],"items_purged_floors":[13,20],"is_endless":false,"potions_floor_spawned":[3,5,19],"killed_by":"Slavers","ascension_level":0}}