{"host":"gtoa8h4im74f14p0","time":1613372646,"event":{"mods":["AchievementEnabler","BaseMod","Better Silent Start","Block Reminder","Colored Powertips","Custom Start","Downfall","Hermit","Minty Spire (QoL Compilation)","Reliquary","Shop Mod","StSLib","Swap Starting Deck Mod","The Cursed","The Marked"],"gold_per_floor":[116,116,135,60,74,109,123,83,83,110,110,130,144,158,158,253,253,273,288,302,321,94,94,120,120,120,120,120,120,1,16,16,119,119,139,159,509,509,509],"floor_reached":38,"language":"ENG","playtime":2685,"items_purged":[],"score":558,"play_id":"862fbb42-cd56-42f9-8847-a53a0ddc0af4","local_time":"20210215020406","is_ascension_mode":false,"campfire_choices":[{"floor":11,"key":"REST"},{"data":"Eviscerate","floor":15,"key":"SMITH"},{"floor":23,"key":"REST"},{"data":"Night Terror","floor":25,"key":"SMITH"},{"floor":27,"key":"REST"},{"data":"Prepared","floor":29,"key":"SMITH"},{"data":"Venomology","floor":32,"key":"SMITH"}],"circlet_count":0,"master_deck":["Underhanded Strike","Underhanded Strike","Underhanded Strike","Eviscerate+1","Acrobatics","Backflip","Backflip","Backflip","Backflip","Prepared+1","Slice","Reflex","Leg Sweep","Finisher","Well Laid Plans","Flying Knee","Acrobatics","Calculated Gamble","Flying Knee","Night Terror+1","Backflip+1","Reflex","Prepared","Venomology+1","Noxious Fumes","Underhanded Strike+1","After Image","Backflip+1","Infinite Blades","Choke+1"],"relics":["Ring of the Snake","FaceOfCleric","Nunchaku","reliquary:Knoch","InkBottle","TheAbacus","MerchantsRug","reliquary:ExpiredCoupon","Eternal Feather","Nloth\u0027s Gift","HandDrill","SlaversCollar","Old Coin"],"acts_visited":["Exordium","TheCity","TheBeyond"],"potions_floor_usage":[24,33,33,36,36,37,38],"damage_taken":[{"damage":0,"enemies":"2 Louse","floor":1,"turns":2},{"damage":0,"enemies":"Cultist","floor":3,"turns":2},{"damage":0,"enemies":"Small Slimes","floor":5,"turns":2},{"damage":13,"enemies":"3 Sentries","floor":6,"turns":4},{"damage":0,"enemies":"Looter","floor":7,"turns":2},{"damage":4,"enemies":"Gremlin Nob","floor":10,"turns":3},{"damage":1,"enemies":"2 Fungi Beasts","floor":12,"turns":2},{"damage":0,"enemies":"Gremlin Gang","floor":13,"turns":2},{"damage":6,"enemies":"Exordium Wildlife","floor":14,"turns":3},{"damage":0,"enemies":"Slime Boss","floor":16,"turns":4},{"damage":0,"enemies":"Spheric Guardian","floor":18,"turns":3},{"damage":10,"enemies":"3 Byrds","floor":19,"turns":3},{"damage":2,"enemies":"Centurion and Healer","floor":20,"turns":3},{"damage":20,"enemies":"Shelled Parasite and Fungi","floor":21,"turns":3},{"damage":29,"enemies":"Slavers","floor":24,"turns":6},{"damage":21,"enemies":"Snake Plant","floor":31,"turns":3},{"damage":45,"enemies":"Collector","floor":33,"turns":6},{"damage":9,"enemies":"Orb Walker","floor":35,"turns":3},{"damage":32,"enemies":"3 Darklings","floor":36,"turns":3},{"damage":14,"enemies":"Mind Bloom Boss Battle","floor":37,"turns":6},{"damage":58,"enemies":"4 Shapes","floor":38,"turns":3}],"seed_played":"6837726550992588575","potions_obtained":[{"floor":3,"key":"SpeedPotion"},{"floor":12,"key":"EntropicBrew"},{"floor":13,"key":"Swift Potion"},{"floor":14,"key":"BlessingOfTheForge"},{"floor":18,"key":"SmokeBomb"},{"floor":19,"key":"Strength Potion"},{"floor":24,"key":"SneckoOil"},{"floor":35,"key":"LiquidBronze"}],"is_trial":false,"path_per_floor":["M","?","M","$","M","E","M","$","T","E","R","M","M","M","R","B",null,"M","M","M","M","$","R","E","R","T","R","?","R","$","M","R","B",null,"M","M","?","M"],"character_chosen":"THE_SILENT","items_purchased":["Reflex","Well Laid Plans","TheAbacus","MerchantsRug","HandDrill"],"campfire_rested":3,"item_purchase_floors":[4,8,22,22,30],"current_hp_per_floor":[35,35,36,36,37,25,26,26,26,23,45,45,46,41,41,42,79,80,71,70,51,51,75,47,47,47,84,84,84,84,64,79,35,86,78,47,34,0,0],"gold":509,"neow_bonus":"","is_daily":false,"chose_seed":false,"campfire_upgraded":4,"win_rate":0.0,"timestamp":1613372646,"path_taken":["M","?","M","$","?","E","M","$","T","E","R","M","M","M","R","BOSS","M","M","M","M","$","R","E","R","T","R","?","R","$","M","R","BOSS","M","M","?","M"],"items_purchased_type":["Card","Card","Relic","Relic","Relic"],"build_version":"2020-12-22","purchased_purges":0,"victory":false,"max_hp_per_floor":[70,70,71,71,72,73,74,74,74,75,75,76,77,78,78,79,79,80,81,82,83,83,83,84,84,84,84,84,84,84,85,85,86,86,87,88,89,89,89],"card_choices":[{"not_picked":["Dodge and Roll","Crippling Poison"],"picked":"Slice","floor":1},{"not_picked":["Flying Knee","Dash","Catalyst"],"picked":"SKIP","floor":3},{"not_picked":["Dagger Spray","Bane","All Out Attack"],"picked":"SKIP","floor":5},{"not_picked":["Deflect","Distraction"],"picked":"Leg Sweep","floor":6},{"not_picked":["Poisoned Stab","Bouncing Flask"],"picked":"Finisher","floor":7},{"not_picked":["Poisoned Stab","Expertise"],"picked":"Flying Knee","floor":10},{"not_picked":["Slice","Bane"],"picked":"Acrobatics","floor":12},{"not_picked":["Dagger Spray","Deflect"],"picked":"Calculated Gamble","floor":13},{"not_picked":["Leg Sweep","Escape Plan"],"picked":"Flying Knee","floor":14},{"not_picked":["Burst","Die Die Die"],"picked":"Night Terror","floor":16},{"not_picked":["Deflect","Deadly Poison+1"],"picked":"Backflip+1","floor":18},{"not_picked":["Flying Knee","Slice"],"picked":"Reflex","floor":19},{"not_picked":["Backflip","Backstab+1"],"picked":"Prepared","floor":20},{"not_picked":["Dodge and Roll+1","Caltrops"],"picked":"Venomology","floor":21},{"not_picked":["Deflect","Escape Plan"],"picked":"Noxious Fumes","floor":24},{"not_picked":["Masterful Stab+1","Dodge and Roll"],"picked":"Underhanded Strike+1","floor":31},{"not_picked":["Adrenaline","Tools of the Trade"],"picked":"After Image","floor":33},{"not_picked":["All Out Attack","Poisoned Stab"],"picked":"Backflip+1","floor":35},{"not_picked":["Sucker Punch","Distraction+1"],"picked":"Infinite Blades","floor":36},{"not_picked":["Malaise","PiercingWail+1"],"picked":"Choke+1","floor":37}],"player_experience":48929,"relics_obtained":[{"floor":6,"key":"Nunchaku"},{"floor":9,"key":"reliquary:Knoch"},{"floor":10,"key":"InkBottle"},{"floor":24,"key":"reliquary:ExpiredCoupon"},{"floor":26,"key":"Eternal Feather"},{"floor":37,"key":"Old Coin"}],"event_choices":[{"damage_healed":0,"gold_gain":0,"player_choice":"Trade","damage_taken":0,"relics_obtained":["FaceOfCleric"],"max_hp_gain":0,"max_hp_loss":0,"event_name":"FaceTrader","floor":2,"gold_loss":0},{"damage_healed":0,"gold_gain":0,"player_choice":"Traded Relic","damage_taken":0,"relics_obtained":["Nloth\u0027s Gift"],"max_hp_gain":0,"max_hp_loss":0,"event_name":"N\u0027loth","floor":28,"relics_lost":["reliquary:Craggleroot"],"gold_loss":0},{"damage_healed":0,"gold_gain":0,"player_choice":"Fight","damage_taken":0,"max_hp_gain":0,"max_hp_loss":0,"event_name":"MindBloom","floor":37,"gold_loss":0}],"is_beta":false,"boss_relics":[{"not_picked":["Coffee Dripper","reliquary:Ember"],"picked":"reliquary:Craggleroot"},{"not_picked":["reliquary:RedCape","reliquary:RedPaperclip"],"picked":"SlaversCollar"}],"items_purged_floors":[],"is_endless":false,"potions_floor_spawned":[3,12,13,14,18,19,21,24,35],"killed_by":"4 Shapes","ascension_level":0}}