{"host":"qp7xs8nuzfsyommi","time":1613417414,"event":{"mods":["2.2 Compatiblity","BaseMod","Colored Powertips","DeckTracker","Highlight Path","Minty Spire (QoL Compilation)","Permanent Neow","Quick Restart","StSLib"],"gold_per_floor":[118,129,129,142,155,190,206,241,241,241,44,44,54,68,68,144,144,157,117,39,39,39,39,50,82,82,82,93,93,104,121,121,121,121],"floor_reached":33,"language":"ENG","playtime":2599,"items_purged":[],"score":558,"play_id":"ba057af0-ec9b-4f08-a6c2-d72563809ce6","local_time":"20210215143014","is_ascension_mode":true,"campfire_choices":[{"floor":10.0,"key":"REST"},{"data":"Consume","floor":12.0,"key":"SMITH"},{"data":"Hologram","floor":15.0,"key":"SMITH"},{"data":"Storm","floor":23.0,"key":"SMITH"},{"floor":27.0,"key":"RECALL"},{"data":"Self Repair","floor":29.0,"key":"SMITH"},{"data":"Fission","floor":32.0,"key":"SMITH"}],"circlet_count":0,"master_deck":["AscendersBane","Strike_B","Strike_B","Strike_B","Strike_B","Defend_B","Defend_B","Defend_B","Defend_B","Zap","Dualcast","Hologram+1","Cold Snap","Amplify","Consume+1","Glacier","Force Field","Storm+1","Doom and Gloom","Conserve Battery","Biased Cognition","CurseOfTheBell","Self Repair+1","Core Surge","Aggregate","Fission+1","Turbo"],"relics":["Snecko Eye","Symbiotic Virus","Bag of Preparation","Pear","Potion Belt","Calling Bell","Art of War","InkBottle","Gambling Chip","HornCleat"],"acts_visited":["Exordium","TheCity"],"potions_floor_usage":[],"damage_taken":[{"damage":0.0,"enemies":"Jaw Worm","floor":1.0,"turns":4.0},{"damage":0.0,"enemies":"Cultist","floor":2.0,"turns":3.0},{"damage":6.0,"enemies":"Small Slimes","floor":4.0,"turns":5.0},{"damage":34.0,"enemies":"Gremlin Gang","floor":5.0,"turns":6.0},{"damage":14.0,"enemies":"3 Sentries","floor":6.0,"turns":17.0},{"damage":6.0,"enemies":"Large Slime","floor":7.0,"turns":4.0},{"damage":8.0,"enemies":"Lagavulin","floor":8.0,"turns":7.0},{"damage":4.0,"enemies":"Blue Slaver","floor":13.0,"turns":5.0},{"damage":0.0,"enemies":"Red Slaver","floor":14.0,"turns":4.0},{"damage":23.0,"enemies":"The Guardian","floor":16.0,"turns":13.0},{"damage":8.0,"enemies":"Spheric Guardian","floor":18.0,"turns":4.0},{"damage":0.0,"enemies":"Chosen","floor":24.0,"turns":5.0},{"damage":17.0,"enemies":"Slavers","floor":25.0,"turns":3.0},{"damage":1.0,"enemies":"Shelled Parasite and Fungi","floor":28.0,"turns":7.0},{"damage":15.0,"enemies":"3 Cultists","floor":30.0,"turns":7.0},{"damage":20.0,"enemies":"Cultist and Chosen","floor":31.0,"turns":6.0},{"damage":67,"enemies":"Champ","floor":33,"turns":10}],"seed_played":"-6357429889985306392","potions_obtained":[{"floor":1.0,"key":"Block Potion"},{"floor":2.0,"key":"PotionOfCapacity"},{"floor":7.0,"key":"Regen Potion"},{"floor":13.0,"key":"PowerPotion"},{"floor":19.0,"key":"Explosive Potion"},{"floor":19.0,"key":"EssenceOfDarkness"},{"floor":19.0,"key":"FocusPotion"},{"floor":24.0,"key":"PowerPotion"},{"floor":28.0,"key":"Explosive Potion"}],"is_trial":false,"path_per_floor":["M","M","?","M","M","E","M","E","T","R","$","R","M","M","R","B",null,"M","?","$","$","?","R","M","E","T","R","M","R","M","M","R","B"],"character_chosen":"DEFECT","items_purchased":["Potion Belt","Doom and Gloom","Self Repair"],"campfire_rested":1,"item_purchase_floors":[11,11,20],"current_hp_per_floor":[64,64,64,58,24,10,4,11,21,45,45,45,41,41,41,18,65,57,57,57,57,57,57,64,54,54,54,67,67,62,52,52,0,0],"gold":121,"neow_bonus":"BOSS_RELIC","is_daily":false,"chose_seed":false,"campfire_upgraded":5,"win_rate":0.0,"timestamp":1613417414,"path_taken":["M","M","?","M","?","E","M","E","T","R","?","R","M","M","R","BOSS","M","?","?","$","?","R","M","E","T","R","M","R","?","M","R","BOSS"],"items_purchased_type":["Relic","Card","Card"],"build_version":"2020-12-22","purchased_purges":0,"victory":false,"max_hp_per_floor":[71,71,71,71,71,71,71,71,81,81,81,81,81,81,81,81,81,81,81,81,81,81,81,81,81,81,81,81,81,81,81,81,81,81],"card_choices":[{"not_picked":["Darkness","Rebound"],"picked":"Hologram","floor":1.0},{"not_picked":["Streamline","Leap"],"picked":"Cold Snap","floor":2.0},{"not_picked":["Fusion","Auto Shields"],"picked":"Glacier","floor":4.0},{"not_picked":["Leap","Turbo"],"picked":"Barrage","floor":5.0},{"not_picked":["Leap","Steam Power"],"picked":"Force Field","floor":6.0},{"not_picked":["Beam Cell","Steam","Reinforced Body"],"picked":"SKIP","floor":7.0},{"not_picked":["Gash","Fusion"],"picked":"Storm","floor":8.0},{"not_picked":["Sweeping Beam","Stack"],"picked":"Conserve Battery","floor":13.0},{"not_picked":["Barrage","Stack","Lockon"],"picked":"SKIP","floor":14.0},{"not_picked":["Fission","Electrodynamics"],"picked":"Biased Cognition","floor":16.0},{"not_picked":["Stack","Gash","Steam"],"picked":"SKIP","floor":18.0},{"not_picked":["Chaos","Skim"],"picked":"Core Surge","floor":24.0},{"not_picked":["Barrage","Hello World"],"picked":"Aggregate","floor":25.0},{"not_picked":["Go for the Eyes","Sweeping Beam","Coolheaded"],"picked":"SKIP","floor":28.0},{"not_picked":["Sweeping Beam+1","Conserve Battery"],"picked":"Fission","floor":30.0},{"not_picked":["Rebound","Coolheaded"],"picked":"Turbo","floor":31.0}],"player_experience":1913956,"relics_obtained":[{"floor":6.0,"key":"Symbiotic Virus"},{"floor":8.0,"key":"Bag of Preparation"},{"floor":9.0,"key":"Pear"},{"floor":17.0,"key":"Art of War"},{"floor":17.0,"key":"InkBottle"},{"floor":17.0,"key":"Gambling Chip"},{"floor":25.0,"key":"HornCleat"}],"event_choices":[{"damage_healed":0.0,"max_hp_gain":0.0,"max_hp_loss":0.0,"gold_gain":0.0,"event_name":"Match and Keep!","player_choice":"2 cards matched","floor":3.0,"gold_loss":0.0,"damage_taken":0.0,"cards_obtained":["Amplify","Consume"]},{"damage_healed":0.0,"max_hp_gain":0.0,"max_hp_loss":0.0,"gold_gain":0.0,"event_name":"The Woman in Blue","player_choice":"Bought 3 Potions","floor":19.0,"gold_loss":0.0,"damage_taken":0.0},{"cards_removed":["Barrage"],"damage_healed":0.0,"max_hp_gain":0.0,"max_hp_loss":0.0,"gold_gain":0.0,"event_name":"Purifier","player_choice":"Purged","floor":22.0,"gold_loss":0.0,"damage_taken":0.0}],"is_beta":false,"boss_relics":[{"not_picked":["Empty Cage","Runic Dome"],"picked":"Calling Bell"}],"items_purged_floors":[],"is_endless":false,"potions_floor_spawned":[1,2,7,13,24,28],"killed_by":"Champ","ascension_level":20}}