{"host":"n5x0e04y88v3omrc","time":1613405221,"event":{"mods":["Aspiration","BaseMod","Colored Powertips","Downfall","Minty Spire (QoL Compilation)","Replay The Spire","Shop Mod","StSLib"],"gold_per_floor":[110,110,126,126,126,126,194,220,301,301,301,301,320,29,45,62,62,167,167,180,210,160,175,191,191,216,216,216,216,227,227,227,227,227,325,325,339,351,405,416,6,6,6,6],"floor_reached":43,"language":"ZHS","playtime":4680,"items_purged":["Defend_R"],"score":558,"play_id":"759393a6-44cc-45f9-9a97-91aa7f25da00","local_time":"20210216000700","is_ascension_mode":true,"campfire_choices":[{"data":"Eruption","floor":6,"key":"SMITH"},{"data":"Wild Strike","floor":17,"key":"SMITH"},{"data":"Offering","floor":25,"key":"SMITH"},{"data":"ThirdEye","floor":27,"key":"SMITH"},{"data":"Sever Soul","floor":32,"key":"SMITH"},{"floor":34,"key":"REST"},{"data":"Power Through","floor":42,"key":"SMITH"}],"circlet_count":0,"master_deck":["Strike_R","Strike_R","Strike_R","Strike_R","Strike_R","Defend_R","Defend_R","Defend_R","Fire Breathing+1","Sever Soul+1","Eruption+1","Regret","ReplayTheSpireMod:Splinters","Wild Strike+1","Anger","Wild Strike+1","Flex","Offering+1","Replay:Vibes+1","Rage","Halt","ThirdEye+1","Shame","Judgement+1","Replay:ManipulateFuture","DevaForm+1","CutThroughFate+1","Fire Breathing+1","Power Through+1","Worship+1"],"relics":["expansioncontent:StudyCardRelic","Meat on the Bone","MerchantsRug","Du-Vu Doll","aspiration:WatcherSkillbook","Red Mask","Golden Egg","Pet Ghost","Replay:Mystery Machine","Replay:Ringing Soul","ChewingGum","Magic Flower","Blue Doll","Vajra"],"acts_visited":["Exordium","TheCity","TheBeyond"],"potions_floor_usage":[8,24,26,39,39,40],"damage_taken":[{"damage":12,"enemies":"Small Slimes","floor":1,"turns":3},{"damage":6,"enemies":"Cultist","floor":3,"turns":4},{"damage":0,"enemies":"Gremlin Nob","floor":8,"turns":2},{"damage":2,"enemies":"Jaw Worm","floor":13,"turns":2},{"damage":13,"enemies":"Looter","floor":15,"turns":2},{"damage":4,"enemies":"Slime Boss","floor":18,"turns":4},{"damage":9,"enemies":"Chosen","floor":20,"turns":3},{"damage":39,"enemies":"Masked Bandits","floor":21,"turns":3},{"damage":7,"enemies":"3 Byrds","floor":23,"turns":3},{"damage":27,"enemies":"Centurion and Healer","floor":24,"turns":5},{"damage":21,"enemies":"Book of Stabbing","floor":26,"turns":3},{"damage":6,"enemies":"Snake Plant","floor":30,"turns":2},{"damage":38,"enemies":"Pondfish","floor":35,"turns":4},{"damage":24,"enemies":"3 Darklings","floor":37,"turns":3},{"damage":24,"enemies":"3 Shapes","floor":38,"turns":4},{"damage":23,"enemies":"2 Orb Walkers","floor":39,"turns":4},{"damage":29,"enemies":"3 Darklings","floor":40,"turns":3},{"damage":43,"enemies":"Reptomancer","floor":43,"turns":2}],"seed_played":"-4240242025120070528","potions_obtained":[{"floor":3,"key":"SkillPotion"},{"floor":7,"key":"LiquidMemories"},{"floor":7,"key":"Flashbang"},{"floor":8,"key":"HeartOfIron"},{"floor":10,"key":"DuplicationPotion"},{"floor":15,"key":"ColorlessPotion"},{"floor":23,"key":"Regen Potion"},{"floor":24,"key":"DistilledChaos"},{"floor":35,"key":"Dexterity Potion"},{"floor":37,"key":"Fire Potion"},{"floor":39,"key":"Fire Potion"}],"is_trial":false,"path_per_floor":["M","?","M","?","?","R","?","E","T","?","PTL","PTL","M","$","M","$","R","B",null,"M","?","?","M","M","R","E","R","T","?","M","T","R","?","R","B",null,"M","M","?","M","$","R","E"],"character_chosen":"IRONCLAD","items_purchased":["MerchantsRug","Wild Strike+1","Du-Vu Doll","Worship","Blue Doll","Vajra"],"campfire_rested":1,"item_purchase_floors":[14,14,14,41,41,41],"current_hp_per_floor":[68,68,62,62,62,62,62,62,62,62,62,62,60,60,47,47,47,43,80,71,44,44,49,39,39,30,30,30,30,36,36,36,39,63,40,86,65,53,45,37,40,40,0,0],"gold":6,"neow_bonus":"BOSS_RELIC","is_daily":false,"chose_seed":false,"campfire_upgraded":6,"win_rate":0.0,"timestamp":1613405220,"path_taken":["M","?","?","?","?","R","?","E","T","?","PTL","PTL","?","?","M","$","R","BOSS","M","?","?","?","M","R","E","R","T","?","M","?","R","?","R","BOSS","M","M","?","M","$","R","E"],"items_purchased_type":["Relic","Card","Relic","Card","Relic","Relic"],"build_version":"2020-12-22","purchased_purges":1,"victory":false,"max_hp_per_floor":[80,80,80,80,80,80,80,80,80,80,80,80,80,80,80,80,80,80,80,80,80,80,80,80,80,80,80,80,80,80,80,80,83,83,86,86,89,89,92,95,98,98,98,98],"card_choices":[{"not_picked":["Burning Pact","Carnage"],"picked":"Fire Breathing","floor":1},{"not_picked":["Pummel","Replay:Undeath\u0027s Touch"],"picked":"Sever Soul","floor":3},{"not_picked":["Burning Pact","Cleave"],"picked":"Wild Strike","floor":8},{"not_picked":["Havoc","Perfected Strike"],"picked":"Anger","floor":13},{"not_picked":["Replay:Undeath\u0027s Touch","Pommel Strike"],"picked":"Flex","floor":15},{"not_picked":["Hemogenesis","Barricade"],"picked":"Offering","floor":18},{"not_picked":["Flex","Disarm","ReplayTheSpireMod:Muscle Training"],"picked":"Replay:Vibes+1","floor":20},{"not_picked":["Heavy Blade","Iron Wave","Perseverance"],"picked":"Rage","floor":21},{"not_picked":["JustLucky","Cleave","Burning Pact+1"],"picked":"Halt","floor":23},{"not_picked":["Body Slam","True Grit","Perfected Strike+1","Thunderclap"],"picked":"SKIP","floor":24},{"not_picked":["Crescendo","ReplayTheSpireMod:LeadingStrike","Sever Soul"],"picked":"ThirdEye","floor":26},{"not_picked":["Body Slam","Consecrate+1","LikeWater"],"picked":"Judgement","floor":30},{"not_picked":["Corruption","Bludgeon","Replay:Many Hands"],"picked":"DevaForm","floor":35},{"not_picked":["ThirdEye+1","Heavy Blade","Replay:Undeath\u0027s Touch+1"],"picked":"CutThroughFate+1","floor":37},{"not_picked":["Replay:Hum","Shrug It Off+1","Protect+1","Feel No Pain+1"],"picked":"SKIP","floor":38},{"not_picked":["Worship+1","Protect","Replay:Undeath\u0027s Touch+1"],"picked":"Fire Breathing+1","floor":39},{"not_picked":["Protect+1","Brutality","Havoc+1"],"picked":"Power Through","floor":40}],"player_experience":56434,"relics_obtained":[{"floor":7,"key":"Gremlin Food"},{"floor":8,"key":"Boot"},{"floor":9,"key":"Sundial"},{"floor":21,"key":"Red Mask"},{"floor":26,"key":"Golden Egg"},{"floor":28,"key":"Pet Ghost"},{"floor":31,"key":"Replay:Ringing Soul"},{"floor":39,"key":"Magic Flower"}],"event_choices":[{"damage_healed":0,"gold_gain":0,"player_choice":"Upgraded","damage_taken":0,"max_hp_gain":0,"max_hp_loss":0,"event_name":"Upgrade Shrine","floor":2,"gold_loss":0,"cards_upgraded":["Fire Breathing"]},{"damage_healed":0,"gold_gain":0,"player_choice":"Box","damage_taken":0,"relics_obtained":["Meat on the Bone"],"max_hp_gain":0,"max_hp_loss":0,"event_name":"Big Fish","floor":5,"gold_loss":0,"cards_obtained":["Regret"]},{"damage_healed":0,"gold_gain":0,"player_choice":"Got Potions","damage_taken":0,"max_hp_gain":0,"max_hp_loss":0,"event_name":"Lab","floor":10,"gold_loss":0},{"damage_healed":0,"gold_gain":0,"player_choice":"Fought Bandits","damage_taken":0,"max_hp_gain":0,"max_hp_loss":0,"event_name":"Masked Bandits","floor":21,"gold_loss":0},{"damage_healed":0,"gold_gain":0,"player_choice":"Bet on Owner","damage_taken":0,"max_hp_gain":0,"max_hp_loss":0,"event_name":"The Joust","floor":22,"gold_loss":50},{"damage_healed":0,"gold_gain":0,"player_choice":"Stole Relic","damage_taken":0,"relics_obtained":["Replay:Mystery Machine"],"max_hp_gain":0,"max_hp_loss":0,"event_name":"Addict","floor":29,"gold_loss":0,"cards_obtained":["Shame"]},{"damage_healed":0,"gold_gain":0,"player_choice":"Read","damage_taken":0,"max_hp_gain":0,"max_hp_loss":0,"event_name":"The Library","floor":33,"gold_loss":0,"cards_obtained":["Replay:ManipulateFuture"]},{"damage_healed":0,"gold_gain":0,"player_choice":"Fight","damage_taken":0,"max_hp_gain":0,"max_hp_loss":0,"event_name":"Mysterious Sphere","floor":39,"gold_loss":0}],"is_beta":false,"boss_relics":[{"not_picked":["Snecko Eye","ReplayTheSpireMod:DimensionalGlitch"],"picked":"aspiration:WatcherSkillbook"},{"not_picked":["Empty Cage","SacredBark"],"picked":"ChewingGum"}],"items_purged_floors":[41],"is_endless":false,"potions_floor_spawned":[3,8,13,15,23,24,35,37,39],"killed_by":"Reptomancer","ascension_level":3}}