{"host":"sl5hpy1jvdbpn5jq","time":1613359285,"event":{"mods":["Act Like it!","Ascension Reborn","BaseMod","Better Skull","Downfall","Elementarium","GifTheSpireLib","Halation","Hubris","Minty Spire (QoL Compilation)","Permanent Neow","Replay The Spire","Shop Mod","Spicy Shops","StSLib","The Jungle"],"gold_per_floor":[99,138,171,171,339,444,468,47,140,140,245,287,374,674,710,1004,1004,804,858,1158,714,764,764,788,838,888,585,635,734,784,874,928,1225,1225,1125,1176,1218,1268,1618,1668,1668,1752,1802,1859,1964,2069,2131,2227,2314,2380,2392,2404,2515,62,62,124,212],"floor_reached":58,"language":"ENG","playtime":3217,"items_purged":["Clumsy","downfall:Bewildered"],"score":1890,"play_id":"d7c7d1b4-73c7-4a8e-ad3c-f245351b29cb","local_time":"20210214212125","daily_mods":["Vintage","Heirloom","Time Dilation","Flight","Elite Swarm","Lethality","Midas"],"is_ascension_mode":true,"campfire_choices":[{"floor":1,"key":"RECALL"},{"floor":18,"key":"DIG"},{"floor":23,"key":"REST"},{"floor":35,"key":"REST"},{"floor":55,"key":"REST"}],"circlet_count":0,"master_deck":["bronze:Strike","bronze:Strike","bronze:Defend","bronze:Defend","bronze:Defend","bronze:Defend","bronze:Iterate+1","bronze:Verify+1","bronze:CloningBeam","bronze:Verify+1","bronze:FindAndReplace","m_BronzeAgony+1","m_BronzeSurvivor+1","bronze:Assembly","bronze:Virus","bronze:DelayedSlice","bronze:SpaghettiCode","bronze:FineTuning+1","bronze:FineTuning","bronze:Overload","Delirium","bronze:AlphaBuild","bronze:AlphaBuild"],"relics":["bronze:BronzeCore","champ:DuelingGlove","StrikeDummy","Pocketwatch","hubris:Icosahedron","Replay:Bottled Flurry","Frozen Egg 2","FossilizedHelix","DollysMirror","Replay:Bottled Steam","Pondfish Scales","hubris:MedicalManual","Smiling Mask","Dream Catcher","hubris:Metronome","SacredBark","downfall:HeartBlessingBlue","downfall:HeartBlessingRed","hubris:ToyBattleship","hexamod:CandleOfCauterizing","downfall:CloakOfManyFaces","CultistMask","FaceOfCleric","NlothsMask","GremlinMask","SsserpentHead","hubris:CrystalStatue","Juzu Bracelet","MealTicket","sneckomod:BabySnecko","halation:StarCompass","hubris:BottledRain","CaptainsWheel","halation:TwoAmDonut","halation:LettersToHer","Black Star","downfall:HeartBlessingGreen","Regal Pillow","Matryoshka","hubris:Towel","downfall:GremlinWheel","halation:KoshaPiece","ReplayFunnel","Quantum Egg","Bag of Marbles","The Courier","Boot","hexamod:BolsterEngine","Akabeko","Ring of Chaos","Ring of Fangs","MawBank","Guardian:PocketSentry","hubris:CuriousFeather","Nunchaku","TungstenRod","hubris:SlimyHat","halation:Trompette","bronze:BronzeIdol","sneckomod:BlankCard","Snack Pack","hubris:DisguiseKit","halation:Toothbrush","hubris:Zylophone","Ginger","Strawberry","Lantern","Blue Doll","Pen Nib","Sundial","Replay:Accelerometer","halation:IllGainedPizza","Mummified Hand","Slimebound:PreparedRelic","hubris:PeanutButter","Mercury Hourglass","Simple Rune","Replay:Bandana","Sling","Pet Ghost","InkBottle"],"acts_visited":["Exordium","TheCity","TheBeyond","TheEnding"],"potions_floor_usage":[5,8],"damage_taken":[{"damage":0,"enemies":"2 Louse","floor":2,"turns":2},{"damage":0,"enemies":"Jaw Worm","floor":3,"turns":2},{"damage":4,"enemies":"3 Sentries","floor":5,"turns":3},{"damage":12,"enemies":"3 Sentries","floor":6,"turns":2},{"damage":25,"enemies":"downfall:FleeingMerchant","floor":8,"turns":4},{"damage":0,"enemies":"Gremlin Nob","floor":9,"turns":2},{"damage":0,"enemies":"3 Sentries","floor":11,"turns":3},{"damage":0,"enemies":"Small Slimes","floor":12,"turns":2},{"damage":0,"enemies":"Gremlin Nob","floor":13,"turns":3},{"damage":14,"enemies":"downfall:Heads","floor":14,"turns":5},{"damage":0,"enemies":"Exordium Wildlife","floor":15,"turns":2},{"damage":0,"enemies":"DF_ARCHETYPE_STREAMLINE","floor":16,"turns":4},{"damage":0,"enemies":"downfall:LooterAlt2","floor":19,"turns":2},{"damage":0,"enemies":"downfall:FaceTrader","floor":20,"turns":2},{"damage":27,"enemies":"Gremlin Leader","floor":29,"turns":2},{"damage":0,"enemies":"Book of Stabbing","floor":31,"turns":2},{"damage":8,"enemies":"Chosen","floor":32,"turns":2},{"damage":0,"enemies":"SI_MIRROR_ARCHETYPE","floor":33,"turns":2},{"damage":0,"enemies":"3 Darklings","floor":36,"turns":2},{"damage":0,"enemies":"Orb Walker","floor":37,"turns":2},{"damage":0,"enemies":"Orb Walker","floor":39,"turns":2},{"damage":18,"enemies":"Nemesis","floor":42,"turns":3},{"damage":0,"enemies":"Writhing Mass","floor":44,"turns":2},{"damage":0,"enemies":"Giant Head","floor":45,"turns":4},{"damage":8,"enemies":"R_Hoarder","floor":46,"turns":3},{"damage":0,"enemies":"Reptomancer","floor":48,"turns":1},{"damage":7,"enemies":"R_Hoarder","floor":49,"turns":3},{"damage":0,"enemies":"Maw","floor":50,"turns":3},{"damage":0,"enemies":"WA_ARCHETYPE_DIVINITY","floor":51,"turns":4},{"damage":0,"enemies":"downfall:CharBossMerchant","floor":53,"turns":4},{"damage":0,"enemies":"downfall:NeowBoss","floor":56,"turns":8},{"damage":0,"enemies":"downfall:NeowBossFinal","floor":57,"turns":2}],"seed_played":"-405112254298382598","potions_obtained":[{"floor":2,"key":"AttackPotion"},{"floor":5,"key":"SmokeBomb"},{"floor":12,"key":"Swift Potion"},{"floor":14,"key":"AttackPotion"},{"floor":31,"key":"hexamod:SoulburnPotion"},{"floor":48,"key":"CultistPotion"},{"floor":50,"key":"DuplicationPotion"},{"floor":53,"key":"DuplicationPotion"}],"is_trial":true,"path_per_floor":["R","M","M","?","?","E","T","$","E","?","E","M","E","?","M","B",null,"R","M","?","$","?","R","T","?","?","$","?","E","?","E","M","B",null,"R","M","M","?","?","?","T","E","?","M","E","E","T","E","E","M","B",null,"E","$","R","B","B",null],"character_chosen":"THE_AUTOMATON","items_purchased":["FossilizedHelix","DollysMirror","Replay:Bottled Steam","hubris:CrystalStatue","Juzu Bracelet","MealTicket","bronze:FineTuning","hubris:BottledRain","Strawberry","Lantern","Blue Doll","Pen Nib","Sundial","Replay:Accelerometer","halation:IllGainedPizza","Mummified Hand","Slimebound:PreparedRelic","hubris:PeanutButter","Mercury Hourglass","Simple Rune","Replay:Bandana","Sling","Pet Ghost","InkBottle"],"campfire_rested":3,"item_purchase_floors":[8,8,8,21,21,21,21,27,54,54,54,54,54,54,54,54,54,54,54,54,54,54,54,54],"current_hp_per_floor":[70,70,70,70,66,54,54,29,29,29,29,29,29,15,15,15,70,80,80,80,80,80,80,80,80,80,80,80,54,38,39,32,33,84,84,85,86,86,87,87,87,70,70,71,72,65,65,66,60,67,74,95,96,103,103,104,105],"gold":212,"neow_bonus":"","is_daily":false,"chose_seed":false,"campfire_upgraded":0,"win_rate":0.0,"timestamp":1613359285,"path_taken":["R","M","M","?","?","E","T","?","E","?","E","?","E","?","M","BOSS","R","M","?","?","?","R","T","?","?","$","?","E","?","E","M","BOSS","R","M","M","?","?","?","T","E","?","M","E","E","?","E","E","M","BOSS","E","$","R","BOSS","BOSS"],"items_purchased_type":["Relic","Relic","Relic","Relic","Relic","Relic","Card","Relic","Relic","Relic","Relic","Relic","Relic","Relic","Relic","Relic","Relic","Relic","Relic","Relic","Relic","Relic","Relic","Relic"],"build_version":"2020-12-22","purchased_purges":2,"victory":true,"max_hp_per_floor":[70,70,70,70,70,70,70,70,70,70,70,70,70,70,70,70,70,80,80,80,80,80,80,80,80,80,80,80,81,81,82,83,84,84,84,85,86,86,87,87,87,88,88,89,90,91,91,92,93,94,95,95,96,103,103,104,105],"card_choices":[{"not_picked":["bronze:Philosophize","bronze:Deprecate"],"picked":"bronze:Iterate","floor":5},{"not_picked":["bronze:CleanCode+1","bronze:Assembly"],"picked":"bronze:Verify+1","floor":6},{"not_picked":["bronze:BuggyMess","bronze:DelayedGuard"],"picked":"bronze:CloningBeam","floor":8},{"not_picked":["bronze:Break","bronze:CleanCode+1"],"picked":"bronze:FindAndReplace","floor":9},{"not_picked":["bronze:ShipIt","bronze:Virus","bronze:CleanCode+1"],"picked":"SKIP","floor":11},{"not_picked":["bronze:Verify+1","bronze:FindAndReplace"],"picked":"bronze:Assembly","floor":13},{"not_picked":["bronze:WhirlingStrike","bronze:Branch"],"picked":"bronze:DelayedSlice","floor":14},{"not_picked":["bronze:Verify+1","bronze:Format"],"picked":"bronze:SpaghettiCode","floor":16},{"not_picked":["bronze:FollowUp+1","bronze:Frontload"],"picked":"bronze:FineTuning","floor":20},{"not_picked":["bronze:CleanCode+1","bronze:Mutator+1","bronze:FindAndReplace"],"picked":"SKIP","floor":29},{"not_picked":["bronze:Virus","bronze:Verify+1","bronze:Break"],"picked":"SKIP","floor":31},{"not_picked":["bronze:Optimize+1","bronze:DelayedGuard"],"picked":"bronze:Overload","floor":35},{"not_picked":["bronze:CleanCode+1","bronze:Mutator+1","bronze:ThunderWave"],"picked":"SKIP","floor":42},{"not_picked":["bronze:HardenedForm+1","bronze:BurnOut"],"picked":"bronze:AlphaBuild","floor":45},{"not_picked":["bronze:HardenedForm+1","bronze:FindAndReplace"],"picked":"bronze:AlphaBuild","floor":46},{"not_picked":["bronze:AlphaBuild","bronze:ShipIt","bronze:FindAndReplace"],"picked":"SKIP","floor":48},{"not_picked":["bronze:HyperBeam","bronze:ThunderWave","bronze:Mutator+1"],"picked":"SKIP","floor":49},{"not_picked":["bronze:AlphaBuild","bronze:Mutator+1","bronze:SpaghettiCode","Alpha"],"picked":"SKIP","floor":53}],"player_experience":227377,"relics_obtained":[{"floor":2,"key":"StrikeDummy"},{"floor":3,"key":"Pocketwatch"},{"floor":6,"key":"Frozen Egg 2"},{"floor":9,"key":"Pondfish Scales"},{"floor":11,"key":"hubris:MedicalManual"},{"floor":12,"key":"Smiling Mask"},{"floor":13,"key":"Dream Catcher"},{"floor":15,"key":"hubris:Metronome"},{"floor":18,"key":"hubris:ToyBattleship"},{"floor":19,"key":"hexamod:CandleOfCauterizing"},{"floor":20,"key":"downfall:CloakOfManyFaces"},{"floor":29,"key":"CaptainsWheel"},{"floor":31,"key":"halation:TwoAmDonut"},{"floor":32,"key":"halation:LettersToHer"},{"floor":36,"key":"Regal Pillow"},{"floor":37,"key":"Matryoshka"},{"floor":39,"key":"downfall:GremlinWheel"},{"floor":40,"key":"halation:KoshaPiece"},{"floor":40,"key":"ReplayFunnel"},{"floor":40,"key":"Quantum Egg"},{"floor":41,"key":"Bag of Marbles"},{"floor":41,"key":"The Courier"},{"floor":41,"key":"Boot"},{"floor":42,"key":"hexamod:BolsterEngine"},{"floor":42,"key":"Akabeko"},{"floor":43,"key":"Ring of Chaos"},{"floor":43,"key":"Ring of Fangs"},{"floor":44,"key":"MawBank"},{"floor":45,"key":"Guardian:PocketSentry"},{"floor":45,"key":"hubris:CuriousFeather"},{"floor":46,"key":"Nunchaku"},{"floor":46,"key":"TungstenRod"},{"floor":47,"key":"hubris:SlimyHat"},{"floor":47,"key":"halation:Trompette"},{"floor":48,"key":"bronze:BronzeIdol"},{"floor":48,"key":"sneckomod:BlankCard"},{"floor":49,"key":"Snack Pack"},{"floor":49,"key":"hubris:DisguiseKit"},{"floor":50,"key":"halation:Toothbrush"},{"floor":53,"key":"hubris:Zylophone"},{"floor":53,"key":"Ginger"}],"event_choices":[{"damage_healed":0,"gold_gain":0,"player_choice":"Ignored","damage_taken":0,"max_hp_gain":0,"max_hp_loss":0,"event_name":"NoteForYourself","floor":28,"gold_loss":0}],"is_beta":false,"boss_relics":[{"not_picked":["Philosopher\u0027s Stone","halation:HeavySnake"],"picked":"SacredBark"},{"not_picked":["Runic Dome","Replay:Fungal Core"],"picked":"Black Star"}],"items_purged_floors":[21,27],"is_endless":false,"potions_floor_spawned":[2,5,12,13,14,29,31,39,42,45,48,50,53],"ascension_level":0}}