{"host":"050ensmz1fh1c58u","time":1613397653,"event":{"mods":["BaseMod","Downfall","Gremlin Mod","Minty Spire (QoL Compilation)","READ ME - Guardian Mod","StSLib","The Animator","The Bug Knight","The Cursed","The Disciple","The Servant 0.9.4"],"gold_per_floor":[119,119,136,61,77,77,92,117,117,117,117,148,160,222,222,317,317,335,26,38,57,71,71,100,100,100,117,117,117,117,135,135,135,135,135],"floor_reached":33,"language":"ENG","playtime":3074,"items_purged":["TheCursedMod:Torture"],"score":277,"play_id":"c872a713-8f15-4097-9954-aac31b75feb2","local_time":"20210215150053","daily_mods":["Draft","Diverse","DeadlyEvents","Elite Swarm"],"is_ascension_mode":false,"campfire_choices":[{"data":"animator:Millim","floor":6,"key":"SMITH"},{"data":"animator:Millim+1","floor":11,"key":"SMITH"},{"floor":15,"key":"REST"},{"data":"animator:Millim+2","floor":23,"key":"SMITH"},{"data":"animator:Millim+3","floor":25,"key":"SMITH"},{"data":"animator:Millim+4","floor":28,"key":"SMITH"},{"data":"animator:Millim+5","floor":30,"key":"SMITH"},{"data":"animator:Millim+6","floor":32,"key":"SMITH"}],"circlet_count":0,"master_deck":["FlyingSleeves","VestedLegacy","animator:Shigure","animator:Millim+7","Deadly Poison","Rage","animator:Mitsurugi","TheCursedMod:SmokeScreen","Thunderclap","Gremlin:Changeo","Gremlin:Presto","Chaos","Prepared","animator:Vesta","sneckomod:Unknown2Cost","Blade Dance","Guardian:Gem_Orange","ExoVibe","animator:DolaSchwi","Accuracy"],"relics":["bronze:BronzeCore","Unceasing Top","Torii","Peace Pipe","Ancient Tea Set","sneckomod:SneckoTalon","TungstenRod","White Beast Statue","WingedGreaves"],"acts_visited":["Exordium","TheCity"],"potions_floor_usage":[8,14,14,16,24,33,33,33],"damage_taken":[{"damage":5,"enemies":"Small Slimes","floor":1,"turns":4},{"damage":6,"enemies":"Cultist","floor":3,"turns":3},{"damage":6,"enemies":"Jaw Worm","floor":5,"turns":4},{"damage":0,"enemies":"Exordium Thugs","floor":7,"turns":4},{"damage":4,"enemies":"3 Sentries","floor":8,"turns":7},{"damage":9,"enemies":"Lagavulin","floor":12,"turns":6},{"damage":1,"enemies":"2 Fungi Beasts","floor":13,"turns":3},{"damage":19,"enemies":"3 Sentries","floor":14,"turns":5},{"damage":25,"enemies":"The Guardian","floor":16,"turns":13},{"damage":11,"enemies":"Spheric Guardian","floor":18,"turns":5},{"damage":6,"enemies":"Shell Parasite","floor":20,"turns":4},{"damage":17,"enemies":"Centurion and Healer","floor":21,"turns":5},{"damage":0,"enemies":"Snecko","floor":22,"turns":5},{"damage":5,"enemies":"Book of Stabbing","floor":24,"turns":4},{"damage":6,"enemies":"Snake Plant","floor":27,"turns":3},{"damage":0,"enemies":"Cultist and Chosen","floor":31,"turns":3},{"damage":32,"enemies":"Champ","floor":33,"turns":7}],"seed_played":"4403684763679530079","potions_obtained":[{"floor":5,"key":"DistilledChaos"},{"floor":8,"key":"ColorlessPotion"},{"floor":12,"key":"hexamod:SoulburnPotion"},{"floor":13,"key":"bronze:FreeFunctionsPotion"},{"floor":14,"key":"Energy Potion"},{"floor":20,"key":"DuplicationPotion"},{"floor":21,"key":"sneckomod:MuddlingPotion"},{"floor":27,"key":"Energy Potion"},{"floor":31,"key":"hexamod:SoulburnPotion"}],"is_trial":true,"path_per_floor":["M","?","M","$","M","R","M","E","T","$","R","E","M","?","R","B",null,"M","$","M","M","M","R","E","R","T","M","R","?","R","M","R","B"],"character_chosen":"THE_AUTOMATON","items_purchased":["TungstenRod"],"campfire_rested":1,"item_purchase_floors":[19],"current_hp_per_floor":[65,65,59,59,53,53,53,49,49,49,49,40,39,20,41,16,70,59,59,53,36,36,36,31,31,31,25,25,20,20,20,20,0,0,0],"gold":135,"neow_bonus":"","is_daily":false,"chose_seed":false,"campfire_upgraded":7,"win_rate":0.0,"timestamp":1613397653,"path_taken":["M","?","?","$","M","R","M","E","T","$","R","E","M","?","R","BOSS","M","$","M","M","M","R","E","R","T","M","R","?","R","M","R","BOSS"],"items_purchased_type":["Relic"],"build_version":"2020-12-22","purchased_purges":1,"victory":false,"max_hp_per_floor":[70,70,70,70,70,70,70,70,70,70,70,70,70,70,70,70,70,70,70,70,70,70,70,70,70,70,70,70,70,70,70,70,70,70,70],"card_choices":[{"not_picked":["sneckomod:UnknownClassHEXA_GHOST_PURPLE","HollowMod:LuriensSpire"],"picked":"FlyingSleeves","floor":0},{"not_picked":["bronze:Shield","bronze:OilSpill"],"picked":"VestedLegacy","floor":0},{"not_picked":["animator:Ain","hexamod:BurningTouch"],"picked":"animator:Shigure","floor":0},{"not_picked":["Crippling Poison","champ:ArenaPreparation"],"picked":"animator:Millim","floor":0},{"not_picked":["TheCursedMod:CursedMace","hexamod:SuperheatedStrike"],"picked":"Deadly Poison","floor":0},{"not_picked":["sneckomod:UnknownClassBLUE","LockedMedicine"],"picked":"Rage","floor":0},{"not_picked":["hexamod:GhostShield","Unruled"],"picked":"animator:Mitsurugi","floor":0},{"not_picked":["animator:Togame","Guardian:TemporalStrike"],"picked":"TheCursedMod:SmokeScreen","floor":0},{"not_picked":["Cleave","bronze:BuggyMess"],"picked":"Thunderclap","floor":0},{"not_picked":["sneckomod:UnknownUncommonPower","hexamod:PowerFromBeyond"],"picked":"Gremlin:Changeo","floor":0},{"not_picked":["bronze:CutThrough","bronze:BuggyMess"],"picked":"TheCursedMod:Torture","floor":0},{"not_picked":["sneckomod:MasterEye","Reckless Charge"],"picked":"Gremlin:Presto","floor":0},{"not_picked":["Slimebound:SlimeSpikes","champ:StanceDance"],"picked":"Chaos","floor":0},{"not_picked":["champ:BerserkerStyle","hexamod:FlamesFromBeyond"],"picked":"Slimebound:SplitAcid","floor":0},{"not_picked":["Go for the Eyes","CrunchTime"],"picked":"Prepared","floor":0},{"not_picked":["SashWhip","TheCursedMod:BloodBarrier"],"picked":"animator:Vesta","floor":1},{"not_picked":["Uppercut","HollowMod:InfectedCysts"],"picked":"Blade Dance","floor":3},{"not_picked":["sneckomod:UnknownClassPURPLE","champ:GutPunch","sneckomod:SoulRoll"],"picked":"SKIP","floor":5},{"not_picked":["HollowMod:BaldurShell","HollowMod:ShadowDash","hexamod:SoulSteal"],"picked":"SKIP","floor":7},{"not_picked":["bronze:BurnOut","Slimebound:CheckThePlaybook","animator:Saber"],"picked":"SKIP","floor":8},{"not_picked":["ForgedInTime","Slimebound:MinionMaster"],"picked":"Guardian:Gem_Orange","floor":12},{"not_picked":["Slimebound:ItLooksTasty","champ:Circumvent","bronze:BugBarrage"],"picked":"SKIP","floor":13},{"not_picked":["Replace","sneckomod:QuickBite"],"picked":"ExoVibe","floor":14},{"not_picked":["Guardian:PrimingBeam","Nirvana","DoubleEdge"],"picked":"SKIP","floor":18},{"not_picked":["animator:Mitsurugi+1","TheCursedMod:TacticalStrike","Guardian:Orbwalk+1"],"picked":"SKIP","floor":20},{"not_picked":["ClearTheMind","HollowMod:InfectedCysts+1","animator:Sloth+1"],"picked":"SKIP","floor":21},{"not_picked":["Guardian:Reroute","hexamod:SwordOfDarkness"],"picked":"animator:DolaSchwi","floor":22},{"not_picked":["Wish","hexamod:GhostflameInferno","Phantasmal Killer"],"picked":"SKIP","floor":24},{"not_picked":["animator:DolaStephanie+1","animator:MaesHughes","champ:BerserkersShout"],"picked":"SKIP","floor":27},{"not_picked":["LockedOrichalcum+1","TheCursedMod:AbyssShockwave"],"picked":"Accuracy","floor":31}],"player_experience":1636322,"relics_obtained":[{"floor":8,"key":"Unceasing Top"},{"floor":9,"key":"Torii"},{"floor":12,"key":"Peace Pipe"},{"floor":14,"key":"Ancient Tea Set"},{"floor":24,"key":"White Beast Statue"},{"floor":26,"key":"WingedGreaves"}],"event_choices":[{"damage_healed":0,"gold_gain":0,"cards_transformed":["Slimebound:SplitAcid"],"player_choice":"Transformed","damage_taken":0,"max_hp_gain":0,"max_hp_loss":0,"event_name":"Transmorgrifier","floor":2,"gold_loss":0,"cards_obtained":["sneckomod:Unknown2Cost"]},{"damage_healed":0,"gold_gain":0,"player_choice":"Searched \u00272\u0027 times","damage_taken":0,"max_hp_gain":0,"max_hp_loss":0,"event_name":"Dead Adventurer","floor":14,"gold_loss":0},{"damage_healed":0,"gold_gain":0,"player_choice":"","damage_taken":6,"max_hp_gain":0,"max_hp_loss":0,"event_name":"Knowing Skull","floor":29,"potions_obtained":[],"gold_loss":0,"cards_obtained":[]}],"is_beta":false,"boss_relics":[{"not_picked":["Velvet Choker","Coffee Dripper"],"picked":"sneckomod:SneckoTalon"}],"items_purged_floors":[4],"is_endless":false,"potions_floor_spawned":[5,8,12,13,14,20,21,27,31],"killed_by":"Champ","ascension_level":0}}