{"host":"ubyp1yuphwcqvn8x","time":1613366316,"event":{"mods":["BaseMod","Colored Map","Minty Spire (QoL Compilation)","Permanent Neow","Replay The Spire","StSLib","SuperFastMode","The Construct"],"gold_per_floor":[115,131,131,141,141,141,172,185,256,256,271,302,314,84,84,185,185,196,211,5,21,21,21,47,47,70,70,70],"floor_reached":27,"language":"ENG","playtime":1045,"items_purged":["Strike_R","Strike_R"],"score":295,"play_id":"e2427eae-a749-45f7-b08b-5411e4727b71","local_time":"20210215001836","is_ascension_mode":true,"campfire_choices":[{"data":"ReplayTheSpireMod:Limb From Limb","floor":6.0,"key":"SMITH"},{"data":"Fiend Fire","floor":10.0,"key":"SMITH"},{"data":"Bash","floor":15.0,"key":"SMITH"},{"data":"Limit Break","floor":23.0,"key":"SMITH"},{"floor":25.0,"key":"REST"}],"circlet_count":0,"master_deck":["Strike_R","Defend_R+1","Defend_R","Defend_R","Bash+1","Barricade+1","ReplayTheSpireMod:Limb From Limb+1","Fiend Fire+1","ReplayTheSpireMod:Stacked","Limit Break+1","Evolve","Impervious"],"relics":["Burning Blood","CaptainsWheel","Replay:Rubber Ducky","Ancient Tea Set","SacredBark","Membership Card","Bag of Marbles","Smiling Mask"],"acts_visited":["Exordium","TheCity"],"potions_floor_usage":[],"damage_taken":[{"damage":6.0,"enemies":"Cultist","floor":1.0,"turns":4.0},{"damage":0.0,"enemies":"2 Louse","floor":2.0,"turns":2.0},{"damage":4.0,"enemies":"Small Slimes","floor":4.0,"turns":4.0},{"damage":59.0,"enemies":"3 Sentries","floor":7.0,"turns":10.0},{"damage":10.0,"enemies":"Red Slaver","floor":8.0,"turns":3.0},{"damage":5.0,"enemies":"Gremlin Gang","floor":11.0,"turns":5.0},{"damage":0.0,"enemies":"Lagavulin","floor":12.0,"turns":6.0},{"damage":0.0,"enemies":"Blue Slaver","floor":13.0,"turns":1.0},{"damage":14.0,"enemies":"Slime Boss","floor":16.0,"turns":10.0},{"damage":4.0,"enemies":"Spheric Guardian","floor":18.0,"turns":6.0},{"damage":9.0,"enemies":"Chosen","floor":19.0,"turns":3.0},{"damage":30.0,"enemies":"Snake Plant","floor":21.0,"turns":4.0},{"damage":45.0,"enemies":"Slavers","floor":24.0,"turns":6.0},{"damage":45,"enemies":"3 Cultists","floor":27,"turns":5}],"seed_played":"2448570956091667192","potions_obtained":[{"floor":2.0,"key":"Regen Potion"},{"floor":8.0,"key":"Adrenaline Potion"},{"floor":12.0,"key":"Block Potion"},{"floor":13.0,"key":"SkillPotion"}],"is_trial":false,"path_per_floor":["M","M","?","M","?","R","E","M","T","R","M","E","M","$","R","B",null,"M","M","$","M","?","R","E","R","T","M"],"character_chosen":"IRONCLAD","items_purchased":["Ancient Tea Set","Membership Card"],"campfire_rested":1,"item_purchase_floors":[14,20],"current_hp_per_floor":[80,80,64,66,66,66,28,24,24,24,25,31,37,37,37,29,80,80,77,77,53,53,53,14,38,38,0,0],"gold":70,"neow_bonus":"REMOVE_CARD","is_daily":false,"chose_seed":false,"campfire_upgraded":4,"win_rate":0.0,"timestamp":1613366316,"path_taken":["M","?","?","M","?","R","E","M","T","R","M","E","?","$","R","BOSS","M","M","$","?","?","R","E","R","T","?"],"items_purchased_type":["Relic","Relic"],"build_version":"2020-12-22","purchased_purges":2,"victory":false,"max_hp_per_floor":[80,80,80,80,80,80,80,80,80,80,80,80,80,80,80,80,80,80,80,80,80,80,80,80,80,80,80,80],"card_choices":[{"not_picked":["True Grit","Twin Strike","Armaments"],"picked":"SKIP","floor":1.0},{"not_picked":["Spot Weakness","Cleave"],"picked":"Barricade","floor":2.0},{"not_picked":["Dark Embrace","Carnage"],"picked":"ReplayTheSpireMod:Limb From Limb","floor":4.0},{"not_picked":["Iron Wave","Fire Breathing"],"picked":"Fiend Fire","floor":7.0},{"not_picked":["Iron Wave","ReplayReversal","Perfected Strike"],"picked":"SKIP","floor":8.0},{"not_picked":["Rage","Wild Strike","Massacre"],"picked":"SKIP","floor":11.0},{"not_picked":["Warcry","Flex","Intimidate"],"picked":"SKIP","floor":12.0},{"not_picked":["Clothesline","Armaments"],"picked":"ReplayTheSpireMod:Stacked","floor":13.0},{"not_picked":["Eclipse","Reaper"],"picked":"Limit Break","floor":16.0},{"not_picked":["Run Through+1","Havoc"],"picked":"Evolve","floor":18.0},{"not_picked":["Clash","Replay:Undeath\u0027s Touch+1","Thunderclap"],"picked":"SKIP","floor":19.0},{"not_picked":["Perfected Strike","Thunderclap","Body Slam"],"picked":"SKIP","floor":21.0},{"not_picked":["ReplayTheSpireMod:Corrosion Curse","ReplayTheSpireMod:Muscle Training+1"],"picked":"Impervious","floor":24.0}],"player_experience":1118579,"relics_obtained":[{"floor":7.0,"key":"CaptainsWheel"},{"floor":12.0,"key":"Replay:Rubber Ducky"},{"floor":24.0,"key":"Bag of Marbles"},{"floor":26.0,"key":"Smiling Mask"}],"event_choices":[{"damage_healed":0.0,"max_hp_gain":0.0,"max_hp_loss":0.0,"gold_gain":0.0,"event_name":"Shining Light","player_choice":"Entered Light","floor":3.0,"gold_loss":0.0,"damage_taken":16.0,"cards_upgraded":["Defend_R","Barricade"]},{"cards_removed":["Strike_R"],"damage_healed":0.0,"max_hp_gain":0.0,"max_hp_loss":0.0,"gold_gain":0.0,"event_name":"Bonfire Elementals","player_choice":"Offered Basic","floor":5.0,"gold_loss":0.0,"damage_taken":0.0},{"cards_removed":["Strike_R"],"damage_healed":0.0,"max_hp_gain":0.0,"max_hp_loss":0.0,"gold_gain":0.0,"event_name":"Purifier","player_choice":"Purged","floor":22.0,"gold_loss":0.0,"damage_taken":0.0}],"is_beta":false,"boss_relics":[{"not_picked":["Replay:Bronze Core","ChewingGum"],"picked":"SacredBark"}],"items_purged_floors":[14,20],"is_endless":false,"potions_floor_spawned":[2,8,12,13],"killed_by":"3 Cultists","ascension_level":2}}