{"host":"4nv61ujg37lx5d7m","time":1613367266,"event":{"mods":["BaseMod","Minty Spire (QoL Compilation)"],"gold_per_floor":[216,391,391,19,19,63,63,104,104,54,54,90,90,42,42,42,42],"floor_reached":16,"language":"ZHS","playtime":452,"items_purged":["Doubt","Strike_R"],"score":190,"play_id":"61d587e2-de54-418f-90d9-ddd3258c051c","local_time":"20210215133426","is_ascension_mode":true,"campfire_choices":[{"data":"Dark Embrace","floor":7,"key":"SMITH"},{"floor":11,"key":"REST"},{"floor":13,"key":"REST"},{"floor":15,"key":"REST"}],"circlet_count":0,"master_deck":["AscendersBane","Strike_R+1","Strike_R","Strike_R+1","Strike_R","Defend_R","Defend_R","Defend_R","Defend_R","Bash","Pummel","Immolate","Dark Embrace+1","Carnage","Feed","Rampage","Armaments"],"relics":["Burning Blood","Golden Idol","Membership Card","Ice Cream","Blue Candle","Bronze Scales","WingedGreaves","Toy Ornithopter"],"acts_visited":["Exordium"],"potions_floor_usage":[],"damage_taken":[{"damage":10,"enemies":"2 Louse","floor":1,"turns":3},{"damage":25,"enemies":"Lagavulin","floor":6,"turns":7},{"damage":28,"enemies":"Gremlin Nob","floor":8,"turns":4},{"damage":25,"enemies":"3 Sentries","floor":12,"turns":3},{"damage":50,"enemies":"Hexaghost","floor":16,"turns":9}],"seed_played":"675852521612770792","potions_obtained":[],"is_trial":false,"path_per_floor":["M","?","?","$","?","E","R","E","T","$","R","E","R","$","R","B"],"character_chosen":"IRONCLAD","items_purchased":["Membership Card","Immolate","Ice Cream","Rampage","Armaments"],"campfire_rested":3,"item_purchase_floors":[4,4,4,14,14],"current_hp_per_floor":[64,64,64,64,50,31,31,9,9,9,29,10,30,30,50,0,0],"gold":42,"neow_bonus":"HUNDRED_GOLD","is_daily":false,"chose_seed":true,"campfire_upgraded":1,"win_rate":0.0,"timestamp":1613367266,"path_taken":["M","?","?","?","?","E","R","E","T","$","R","E","R","?","R","BOSS"],"items_purchased_type":["Relic","Card","Relic","Card","Card"],"build_version":"2020-12-22","purchased_purges":2,"victory":false,"max_hp_per_floor":[75,75,69,69,69,69,69,69,69,69,69,69,69,69,69,69,69],"card_choices":[{"not_picked":["Sword Boomerang","Headbutt"],"picked":"Pummel","floor":1},{"not_picked":["Bloodletting","Perfected Strike"],"picked":"Dark Embrace","floor":6},{"not_picked":["Dropkick","Shockwave"],"picked":"Carnage","floor":8},{"not_picked":["Clash","Sever Soul"],"picked":"Feed","floor":12}],"player_experience":97358,"relics_obtained":[{"floor":6,"key":"Blue Candle"},{"floor":8,"key":"Bronze Scales"},{"floor":9,"key":"WingedGreaves"},{"floor":12,"key":"Toy Ornithopter"}],"event_choices":[{"damage_healed":0,"gold_gain":175,"player_choice":"AGREE","damage_taken":0,"max_hp_gain":0,"max_hp_loss":0,"event_name":"Liars Game","floor":2,"gold_loss":0,"cards_obtained":["Doubt"]},{"damage_healed":0,"gold_gain":0,"player_choice":"Lose Max HP","damage_taken":0,"relics_obtained":["Golden Idol"],"max_hp_gain":0,"max_hp_loss":6,"event_name":"Golden Idol","floor":3,"gold_loss":0},{"damage_healed":0,"gold_gain":0,"player_choice":"Entered Light","damage_taken":14,"max_hp_gain":0,"max_hp_loss":0,"event_name":"Shining Light","floor":5,"gold_loss":0,"cards_upgraded":["Strike_R","Strike_R"]}],"is_beta":false,"boss_relics":[],"items_purged_floors":[4,10],"is_endless":false,"potions_floor_spawned":[],"killed_by":"Hexaghost","ascension_level":14}}