{"host":"zjnmjbs15rdpqnz9","time":1613082062,"event":{"mods":["BaseMod","Downfall","Minty Spire (QoL Compilation)","StSLib"],"gold_per_floor":[99,84,534,544,561,561,561,461,480,54,54,87,103,103,119,219,219,219,219,230,246,262,262,262,262],"floor_reached":23,"language":"ENG","playtime":1570,"items_purged":["downfall:Icky"],"score":191,"play_id":"711fa618-840c-47f5-a55d-b377ee21eaf3","local_time":"20210211152102","is_ascension_mode":false,"campfire_choices":[{"data":"hexamod:Float","floor":1,"key":"SMITH"},{"floor":6,"key":"RECALL"},{"data":"hexamod:StepThrough","floor":8,"key":"SMITH"},{"data":"hexamod:PhantomCloak","floor":18,"key":"SMITH"}],"circlet_count":0,"master_deck":["hexamod:Strike+1","hexamod:Strike","hexamod:Strike","hexamod:Strike+1","hexamod:Defend+1","hexamod:Defend","hexamod:Defend+1","hexamod:Defend","hexamod:Sear+1","hexamod:Float+1","hexamod:FastForward","downfall:Icky","downfall:Icky","hexamod:StepThrough+1","hexamod:StepThrough","hexamod:FirstSeal","hexamod:RetreatToShadows","hexamod:ThirdSeal","Finesse","expansioncontent:StudyTheSpire","hexamod:SixthSeal","hexamod:AdvancingGuard","hexamod:PhantomCloak+1","hexamod:TimeWarp","hexamod:FifthSeal","hexamod:Hexaguard+1","hexamod:FourthSeal","hexamod:ForkedFlame+1","hexamod:AdvancingGuard","hexamod:NightmareGuise"],"relics":["hexamod:SpiritBrand","Orichalcum","downfall:HeartBlessingRed","Ice Cream","Black Star"],"acts_visited":["Exordium","TheCity"],"potions_floor_usage":[22,23,23],"damage_taken":[{"damage":0,"enemies":"downfall:FleeingMerchant","floor":2,"turns":4},{"damage":5,"enemies":"Small Slimes","floor":4,"turns":3},{"damage":8,"enemies":"Jaw Worm","floor":5,"turns":3},{"damage":0,"enemies":"Cultist","floor":9,"turns":3},{"damage":0,"enemies":"downfall:FleeingMerchant","floor":10,"turns":4},{"damage":19,"enemies":"Gremlin Nob","floor":12,"turns":5},{"damage":13,"enemies":"3 Louse","floor":13,"turns":4},{"damage":11,"enemies":"Gremlin Gang","floor":15,"turns":5},{"damage":1,"enemies":"SI_SHIV_ARCHETYPE","floor":16,"turns":10},{"damage":0,"enemies":"Chosen","floor":19,"turns":1},{"damage":39,"enemies":"Centurion and Healer","floor":20,"turns":9},{"damage":1,"enemies":"Cultist and Chosen","floor":21,"turns":6},{"damage":22,"enemies":"Chosen and Byrds","floor":22,"turns":10},{"damage":33,"enemies":"Gremlin Leader","floor":23,"turns":3}],"seed_played":"-2369823112819208639","potions_obtained":[{"floor":5,"key":"DistilledChaos"},{"floor":13,"key":"Weak Potion"},{"floor":15,"key":"SpeedPotion"},{"floor":22,"key":"PowerPotion"}],"is_trial":false,"path_per_floor":["R","$","?","M","M","R","T","R","M","$","?","E","M","?","M","B",null,"R","M","M","M","M","E"],"character_chosen":"THE_SPIRIT","items_purchased":["hexamod:ThirdSeal","Finesse","expansioncontent:StudyTheSpire"],"campfire_rested":0,"item_purchase_floors":[10,10,10],"current_hp_per_floor":[70,70,70,65,57,57,57,57,57,64,64,52,46,46,42,48,70,70,70,38,44,29,0,0,0],"gold":262,"neow_bonus":"UPGRADE_CARD","is_daily":false,"chose_seed":false,"campfire_upgraded":3,"win_rate":0.0,"timestamp":1613082062,"path_taken":["R","$","?","M","M","R","T","R","M","$","?","E","M","?","M","BOSS","R","M","M","M","M","E"],"items_purchased_type":["Card","Card","Card"],"build_version":"2020-12-22","purchased_purges":1,"victory":false,"max_hp_per_floor":[70,70,70,70,70,70,70,70,70,70,70,70,70,70,70,70,70,70,70,70,70,70,70,70,70],"card_choices":[{"not_picked":["hexamod:HeatMetal","hexamod:GhostShield"],"picked":"hexamod:FastForward","floor":2},{"not_picked":["hexamod:SecondSeal","hexamod:BurningTouch"],"picked":"hexamod:StepThrough","floor":4},{"not_picked":["hexamod:GhostShield","hexamod:SwordOfDarkness"],"picked":"hexamod:StepThrough","floor":5},{"not_picked":["hexamod:Incineration","hexamod:InspiringFlames"],"picked":"hexamod:FirstSeal","floor":9},{"not_picked":["hexamod:InspiringFlames","hexamod:BacktrackSmack"],"picked":"hexamod:RetreatToShadows","floor":10},{"not_picked":["hexamod:RecurringNightmare","hexamod:GhostShield"],"picked":"hexamod:SixthSeal","floor":12},{"not_picked":["hexamod:FlamesFromBeyond","hexamod:Firestarter","hexamod:NightmareStrike"],"picked":"SKIP","floor":12},{"not_picked":["hexamod:ExtraCrispy","hexamod:HeatShield"],"picked":"hexamod:AdvancingGuard","floor":13},{"not_picked":["hexamod:SpectersWail","hexamod:SwordOfDarkness"],"picked":"hexamod:PhantomCloak","floor":13},{"not_picked":["hexamod:HeatMetal","hexamod:HauntingEcho","hexamod:GhostLash"],"picked":"SKIP","floor":15},{"not_picked":["hexamod:SwordOfDarkness","hexamod:PhantomCloak","hexamod:DynamicBlow"],"picked":"SKIP","floor":15},{"not_picked":["hexamod:UnleashSpirits","hexamod:GhostflameInferno"],"picked":"hexamod:TimeWarp","floor":16},{"not_picked":["hexamod:SearingWound","hexamod:ForkedFlame"],"picked":"hexamod:FifthSeal","floor":16},{"not_picked":["hexamod:AdvancingGuard","hexamod:FlamesFromBeyond"],"picked":"hexamod:Hexaguard+1","floor":19},{"not_picked":["hexamod:SecondSeal","hexamod:FirstSeal"],"picked":"hexamod:FourthSeal","floor":20},{"not_picked":["hexamod:Hexaguard","hexamod:SwordOfDarkness"],"picked":"hexamod:ForkedFlame","floor":20},{"not_picked":["hexamod:Incineration+1","hexamod:HeatMetal"],"picked":"hexamod:AdvancingGuard","floor":20},{"not_picked":["hexamod:NightmareStrike+1","hexamod:SpectersWail"],"picked":"hexamod:NightmareGuise","floor":21},{"not_picked":["hexamod:ThirdSeal","hexamod:HeatMetal","hexamod:GhostShield"],"picked":"SKIP","floor":21},{"not_picked":["hexamod:InspiringFlames","hexamod:ThermalTransfer","hexamod:BacktrackSmack"],"picked":"SKIP","floor":22}],"player_experience":923874,"relics_obtained":[{"floor":7,"key":"Orichalcum"},{"floor":12,"key":"Ice Cream"}],"event_choices":[],"is_beta":false,"boss_relics":[{"not_picked":["Runic Dome","Pandora\u0027s Box"],"picked":"Black Star"}],"items_purged_floors":[10],"is_endless":false,"potions_floor_spawned":[5,13,15,16,21],"killed_by":"Gremlin Leader","ascension_level":0}}