{"host":"04x9isxu4s2lvye3","time":1613007679,"event":{"mods":["BaseMod","Colored Powertips","Highlight Path","Minty Spire (QoL Compilation)"],"gold_per_floor":[99,99,99,99,99,99,99,99,99,99,99,99,99,99,99,99,99,99,99,39,39,39],"floor_reached":21,"language":"ENG","playtime":1137,"items_purged":[],"score":258,"play_id":"38f9a22b-c428-44c4-8d06-59bbfc16046a","local_time":"20210210204119","is_ascension_mode":true,"campfire_choices":[{"data":"Neutralize","floor":6,"key":"SMITH"},{"floor":12,"key":"REST"},{"floor":15,"key":"REST"}],"circlet_count":0,"master_deck":["Strike_G","Strike_G","Strike_G","Strike_G","Strike_G","Defend_G","Defend_G","Defend_G","Defend_G","Defend_G","Survivor","Neutralize+1","Predator","Terror","Riddle With Holes","Dodge and Roll","Flying Knee","Backflip","Tools of the Trade","Dash","Madness","Masterful Stab+1"],"relics":["Ectoplasm","CultistMask","MealTicket","Ancient Tea Set","Odd Mushroom","Singing Bowl","Black Star"],"acts_visited":["Exordium","TheCity"],"potions_floor_usage":[5,11,16,18],"damage_taken":[{"damage":2,"enemies":"Jaw Worm","floor":1,"turns":4},{"damage":2,"enemies":"2 Louse","floor":3,"turns":2},{"damage":0,"enemies":"Cultist","floor":4,"turns":3},{"damage":9,"enemies":"3 Louse","floor":5,"turns":2},{"damage":19,"enemies":"3 Sentries","floor":8,"turns":8},{"damage":0,"enemies":"Blue Slaver","floor":10,"turns":3},{"damage":6,"enemies":"Gremlin Gang","floor":11,"turns":4},{"damage":3,"enemies":"The Mushroom Lair","floor":13,"turns":4},{"damage":23,"enemies":"Gremlin Nob","floor":14,"turns":4},{"damage":22,"enemies":"The Guardian","floor":16,"turns":13},{"damage":26,"enemies":"Spheric Guardian","floor":18,"turns":6},{"damage":19,"enemies":"2 Thieves","floor":20,"turns":4},{"damage":0,"enemies":"Chosen and Byrds","floor":21,"turns":1}],"seed_played":"458699571506506878","potions_obtained":[{"floor":3,"key":"BlessingOfTheForge"},{"floor":4,"key":"EssenceOfSteel"},{"floor":5,"key":"SteroidPotion"},{"floor":13,"key":"GamblersBrew"},{"floor":14,"key":"Block Potion"},{"floor":16,"key":"Weak Potion"},{"floor":18,"key":"SpeedPotion"}],"is_trial":false,"path_per_floor":["M","?","M","M","M","R","?","E","T","M","M","R","?","E","R","B",null,"M","?","M","M"],"character_chosen":"THE_SILENT","items_purchased":[],"campfire_rested":2,"item_purchase_floors":[],"current_hp_per_floor":[61,61,59,59,50,50,50,31,31,31,25,46,43,22,43,21,59,33,21,2,2,2],"gold":39,"neow_bonus":"BOSS_RELIC","is_daily":false,"chose_seed":false,"campfire_upgraded":1,"win_rate":0.0,"timestamp":1613007679,"path_taken":["M","?","M","M","M","R","?","E","T","M","?","R","?","E","R","BOSS","M","?","M","?"],"items_purchased_type":[],"build_version":"2020-12-22","purchased_purges":0,"victory":false,"max_hp_per_floor":[70,70,70,70,70,70,70,70,70,70,70,70,70,72,72,72,72,72,72,72,72,72],"card_choices":[{"not_picked":["Flying Knee","Poisoned Stab"],"picked":"Predator","floor":1},{"not_picked":["Masterful Stab","Dagger Spray"],"picked":"Terror","floor":3},{"not_picked":["Escape Plan","Calculated Gamble"],"picked":"Riddle With Holes","floor":4},{"not_picked":["Reflex","Distraction"],"picked":"Dodge and Roll","floor":5},{"not_picked":["Cloak And Dagger","Dagger Spray"],"picked":"Flying Knee","floor":8},{"not_picked":["Quick Slash","Doppelganger","Cloak And Dagger"],"picked":"SKIP","floor":10},{"not_picked":["Underhanded Strike","PiercingWail"],"picked":"Backflip","floor":11},{"not_picked":["Choke","Cloak And Dagger","Poisoned Stab"],"picked":"Singing Bowl","floor":14},{"not_picked":["Die Die Die","Burst"],"picked":"Tools of the Trade","floor":16},{"not_picked":["Choke","Dagger Throw"],"picked":"Dash","floor":18},{"not_picked":["Dodge and Roll+1","Poisoned Stab"],"picked":"Masterful Stab+1","floor":20}],"player_experience":259680,"relics_obtained":[{"floor":8,"key":"MealTicket"},{"floor":9,"key":"Ancient Tea Set"},{"floor":13,"key":"Odd Mushroom"},{"floor":14,"key":"Singing Bowl"}],"event_choices":[{"damage_healed":0,"gold_gain":0,"player_choice":"Ignored","damage_taken":0,"max_hp_gain":0,"max_hp_loss":0,"event_name":"Golden Idol","floor":2,"gold_loss":0},{"damage_healed":0,"gold_gain":0,"player_choice":"Trade","damage_taken":0,"relics_obtained":["CultistMask"],"max_hp_gain":0,"max_hp_loss":0,"event_name":"FaceTrader","floor":7,"gold_loss":0},{"damage_healed":0,"gold_gain":0,"player_choice":"Fought Mushrooms","damage_taken":0,"max_hp_gain":0,"max_hp_loss":0,"event_name":"Mushrooms","floor":13,"gold_loss":0},{"damage_healed":0,"gold_gain":0,"player_choice":"CARD ","damage_taken":12,"max_hp_gain":0,"max_hp_loss":0,"event_name":"Knowing Skull","floor":19,"potions_obtained":[],"gold_loss":0,"cards_obtained":["Madness"]}],"is_beta":false,"boss_relics":[{"not_picked":["Coffee Dripper","WristBlade"],"picked":"Black Star"}],"items_purged_floors":[],"is_endless":false,"potions_floor_spawned":[3,4,5,13,14,16,18],"killed_by":"Chosen and Byrds","ascension_level":7}}