{"host":"a5lz0e76zb3fcwkm","time":1613058703,"event":{"mods":["AchievementEnabler","BaseMod","Colored Map","Colored Powertips","Minty Spire (QoL Compilation)","StSLib","SuperFastMode"],"gold_per_floor":[112,112,132,282,36,36,51,51,75,75,88,119,119,147,147,224,224,237,237,237,251,301,301,301],"floor_reached":23,"language":"KOR","playtime":376,"items_purged":["Pain"],"score":444,"play_id":"2d2f0511-5a5b-4fd3-8c82-4e6c19b1956f","local_time":"20210212005143","is_ascension_mode":true,"campfire_choices":[{"data":"Cloak And Dagger","floor":6,"key":"SMITH"},{"data":"Finisher","floor":8,"key":"SMITH"},{"floor":15,"key":"RECALL"}],"circlet_count":0,"master_deck":["AscendersBane","Strike_G","Strike_G","Strike_G","Defend_G","Defend_G","Defend_G","Defend_G","Survivor","Neutralize","Finisher+1","Cloak And Dagger+1","After Image+1","Cloak And Dagger","Accuracy+1","A Thousand Cuts+1","Footwork+1"],"relics":["Ring of the Serpent","NeowsBlessing","WarpedTongs","Sling","Bag of Marbles","Du-Vu Doll","Frozen Egg 2"],"acts_visited":["Exordium","TheCity"],"potions_floor_usage":[12,12,16,16,18],"damage_taken":[{"damage":0,"enemies":"2 Louse","floor":1,"turns":1},{"damage":1,"enemies":"Cultist","floor":3,"turns":1},{"damage":0,"enemies":"Small Slimes","floor":7,"turns":1},{"damage":0,"enemies":"Looter","floor":11,"turns":1},{"damage":0,"enemies":"Gremlin Nob","floor":12,"turns":2},{"damage":2,"enemies":"Lagavulin","floor":14,"turns":4},{"damage":49,"enemies":"Slime Boss","floor":16,"turns":14},{"damage":6,"enemies":"Shell Parasite","floor":18,"turns":7},{"damage":15,"enemies":"2 Thieves","floor":21,"turns":5},{"damage":43,"enemies":"Slavers","floor":23,"turns":3}],"seed_played":"-57035306776317814","potions_obtained":[{"floor":3,"key":"Energy Potion"},{"floor":7,"key":"DistilledChaos"},{"floor":12,"key":"Block Potion"},{"floor":14,"key":"Weak Potion"},{"floor":16,"key":"Weak Potion"}],"is_trial":false,"path_per_floor":["M","?","M","?","$","R","M","R","T","?","M","E","?","E","R","B",null,"M","?","?","M","?","E"],"character_chosen":"THE_SILENT","items_purchased":["Sling"],"campfire_rested":0,"item_purchase_floors":[5],"current_hp_per_floor":[59,59,58,58,58,58,58,58,58,58,58,58,63,61,61,12,56,50,50,50,35,35,0,0],"gold":301,"neow_bonus":"THREE_ENEMY_KILL","is_daily":false,"chose_seed":false,"campfire_upgraded":2,"win_rate":0.0,"timestamp":1613058703,"path_taken":["M","?","?","?","$","R","M","R","T","?","M","E","?","E","R","BOSS","M","?","?","M","?","E"],"items_purchased_type":["Relic"],"build_version":"2020-12-22","purchased_purges":1,"victory":false,"max_hp_per_floor":[66,66,66,66,66,66,66,66,66,66,66,66,71,71,71,71,71,71,71,71,71,71,71,71],"card_choices":[{"not_picked":["Slice","Backflip"],"picked":"Finisher","floor":1},{"not_picked":["Expertise","Distraction"],"picked":"Cloak And Dagger","floor":3},{"not_picked":["Poisoned Stab","Sucker Punch","Dodge and Roll"],"picked":"SKIP","floor":7},{"not_picked":["Choke","Outmaneuver","Skewer"],"picked":"SKIP","floor":11},{"not_picked":["Prepared","Leg Sweep","Heel Hook"],"picked":"SKIP","floor":12},{"not_picked":["Crippling Poison","Eviscerate","Setup"],"picked":"SKIP","floor":14},{"not_picked":["Storm of Steel","Tools of the Trade+1"],"picked":"After Image+1","floor":16},{"not_picked":["Eviscerate+1","Poisoned Stab"],"picked":"Cloak And Dagger","floor":18},{"not_picked":["Blade Dance","Outmaneuver+1"],"picked":"Footwork+1","floor":21}],"player_experience":1862119,"relics_obtained":[{"floor":9,"key":"Bag of Marbles"},{"floor":12,"key":"Du-Vu Doll"},{"floor":14,"key":"Frozen Egg 2"}],"event_choices":[{"damage_healed":0,"gold_gain":0,"player_choice":"Rummage","damage_taken":0,"relics_obtained":["WarpedTongs"],"max_hp_gain":0,"max_hp_loss":0,"event_name":"Accursed Blacksmith","floor":2,"gold_loss":0,"cards_obtained":["Pain"]},{"damage_healed":0,"gold_gain":150,"player_choice":"AGREE","damage_taken":0,"max_hp_gain":0,"max_hp_loss":0,"event_name":"Liars Game","floor":4,"gold_loss":0,"cards_obtained":["Doubt"]},{"cards_removed":["Doubt"],"damage_healed":0,"gold_gain":0,"player_choice":"Forget","damage_taken":0,"max_hp_gain":0,"max_hp_loss":0,"event_name":"Living Wall","floor":10,"gold_loss":0},{"damage_healed":0,"gold_gain":0,"player_choice":"Donut","damage_taken":0,"max_hp_gain":5,"max_hp_loss":0,"event_name":"Big Fish","floor":13,"gold_loss":0},{"cards_removed":["Strike_G"],"damage_healed":0,"gold_gain":0,"player_choice":"Elegance","damage_taken":0,"max_hp_gain":0,"max_hp_loss":0,"event_name":"Back to Basics","floor":19,"gold_loss":0},{"damage_healed":0,"gold_gain":0,"cards_transformed":["Defend_G","Strike_G"],"player_choice":"Became Test Subject","damage_taken":0,"max_hp_gain":0,"max_hp_loss":0,"event_name":"Drug Dealer","floor":20,"gold_loss":0,"cards_obtained":["Accuracy","A Thousand Cuts"]},{"damage_healed":0,"gold_gain":50,"player_choice":"Stole From Cult","damage_taken":0,"max_hp_gain":0,"max_hp_loss":0,"event_name":"Nest","floor":22,"gold_loss":0}],"is_beta":false,"boss_relics":[{"not_picked":["Snecko Eye","Runic Pyramid"],"picked":"Ring of the Serpent"}],"items_purged_floors":[5],"is_endless":false,"potions_floor_spawned":[3,7,12,14,16],"killed_by":"Slavers","ascension_level":20}}