{"host":"36t3qd3wjvajtu1z","time":1613026040,"event":{"mods":["2.2 Compatiblity","AchievementEnabler","BaseMod","Bestiary","Block Reminder","Colored Powertips","Curses Come First","Highlight Path","Minty Spire (QoL Compilation)","Permanent Neow","Quick Restart","Random Character Button","Rare Cards Sparkle","Relic Stats","Slay-I","StSLib","Unknown Chances"],"gold_per_floor":[110,185,196,207,207,207,238,163,215,235,235,246,274,291,291,365,365,376,376,389,403,403,403,403,403],"floor_reached":24,"language":"ENG","playtime":1101,"items_purged":[],"score":399,"play_id":"79fa0b74-f2e3-4d51-88f4-ad9ef2ff137e","local_time":"20210210224720","is_ascension_mode":true,"campfire_choices":[{"data":"Bash","floor":6.0,"key":"SMITH"},{"data":"Immolate","floor":11.0,"key":"SMITH"},{"data":"True Grit","floor":15.0,"key":"SMITH"},{"floor":23,"key":"REST"}],"circlet_count":0,"master_deck":["AscendersBane","Strike_R","Strike_R","Defend_R","Defend_R","Defend_R","Defend_R","Bash+1","Feed","Sword Boomerang","Twin Strike","Flex","Immolate+1","Shrug It Off","Corruption","True Grit+1","Barricade","Seeing Red+1","Battle Trance"],"relics":["Burning Blood","Oddly Smooth Stone","Boot","The Courier","Black Star"],"acts_visited":["Exordium","TheCity"],"potions_floor_usage":[21,22,24,24],"damage_taken":[{"damage":0.0,"enemies":"2 Louse","floor":1.0,"turns":3.0},{"damage":1.0,"enemies":"Small Slimes","floor":3.0,"turns":4.0},{"damage":5.0,"enemies":"Jaw Worm","floor":4.0,"turns":5.0},{"damage":30.0,"enemies":"Lagavulin","floor":7.0,"turns":7.0},{"damage":0.0,"enemies":"Looter","floor":10.0,"turns":2.0},{"damage":13.0,"enemies":"Lots of Slimes","floor":12.0,"turns":2.0},{"damage":24.0,"enemies":"Gremlin Nob","floor":13.0,"turns":4.0},{"damage":12.0,"enemies":"Large Slime","floor":14.0,"turns":6.0},{"damage":18.0,"enemies":"Slime Boss","floor":16.0,"turns":9.0},{"damage":51,"enemies":"2 Thieves","floor":18,"turns":4},{"damage":19,"enemies":"Spheric Guardian","floor":20,"turns":4},{"damage":13,"enemies":"Snake Plant","floor":21,"turns":4},{"damage":46,"enemies":"Book of Stabbing","floor":24,"turns":5}],"seed_played":"7663899374852486148","potions_obtained":[{"floor":4.0,"key":"Fire Potion"},{"floor":7.0,"key":"ElixirPotion"},{"floor":14.0,"key":"BlessingOfTheForge"},{"floor":16.0,"key":"LiquidBronze"},{"floor":20,"key":"HeartOfIron"},{"floor":22,"key":"BloodPotion"},{"floor":22,"key":"ColorlessPotion"}],"is_trial":false,"path_per_floor":["M","?","M","M","?","R","E","?","T","M","R","M","E","M","R","B",null,"M","?","M","M","?","R","E"],"character_chosen":"IRONCLAD","items_purchased":[],"campfire_rested":1,"item_purchase_floors":[],"current_hp_per_floor":[71,60,68,72,72,72,51,51,51,60,60,56,38,35,35,27,77,35,35,22,15,34,62,16,16],"gold":403,"neow_bonus":"THREE_RARE_CARDS","is_daily":false,"chose_seed":false,"campfire_upgraded":3,"win_rate":0.0,"timestamp":1613026040,"path_taken":["M","?","M","M","?","R","E","?","T","M","R","M","E","M","R","BOSS","M","?","M","M","?","R","E"],"items_purchased_type":[],"build_version":"2020-12-22","purchased_purges":0,"victory":false,"max_hp_per_floor":[71,71,74,77,77,77,80,80,80,83,83,86,86,89,89,93,93,96,96,96,96,96,96,96,96],"relic_stats":{"counters":[13,59],"Black Star":0,"Boot":[48],"obtain_stats":[{"Oddly Smooth Stone":7,"The Courier":13,"Black Star":17,"Boot":9,"Burning Blood":0},{"Oddly Smooth Stone":4,"The Courier":7,"Black Star":9,"Boot":4,"Burning Blood":0},{"Oddly Smooth Stone":19,"The Courier":27,"Black Star":42,"Boot":19,"Burning Blood":0}],"Burning Blood":66},"card_choices":[{"not_picked":["Demon Form","Offering"],"picked":"Feed","floor":0.0},{"not_picked":["Flame Barrier","Body Slam"],"picked":"Sword Boomerang","floor":1.0},{"not_picked":["Thunderclap","Heavy Blade","Clash"],"picked":"SKIP","floor":3.0},{"not_picked":["Thunderclap","Disarm"],"picked":"Twin Strike","floor":4.0},{"not_picked":["Bloodletting","Iron Wave"],"picked":"Immolate","floor":7.0},{"not_picked":["Heavy Blade","Dark Embrace"],"picked":"Shrug It Off","floor":10.0},{"not_picked":["Anger","Armaments","Havoc"],"picked":"SKIP","floor":12.0},{"not_picked":["Disarm","Thunderclap"],"picked":"Corruption","floor":13.0},{"not_picked":["Iron Wave","Anger"],"picked":"True Grit","floor":14.0},{"not_picked":["Demon Form","Juggernaut"],"picked":"Barricade","floor":16.0},{"not_picked":["Twin Strike","Rupture"],"picked":"Seeing Red+1","floor":18},{"not_picked":["Heavy Blade+1","True Grit","Armaments"],"picked":"SKIP","floor":20},{"not_picked":["Flex","Warcry"],"picked":"Battle Trance","floor":21}],"player_experience":486752,"relics_obtained":[{"floor":7.0,"key":"Oddly Smooth Stone"},{"floor":9.0,"key":"Boot"},{"floor":13.0,"key":"The Courier"}],"event_choices":[{"damage_healed":0.0,"max_hp_gain":0.0,"max_hp_loss":0.0,"gold_gain":75.0,"event_name":"World of Goop","player_choice":"Gather Gold","floor":2.0,"gold_loss":0.0,"damage_taken":11.0},{"damage_healed":0.0,"max_hp_gain":0.0,"max_hp_loss":0.0,"gold_gain":0.0,"cards_transformed":["Strike_R"],"event_name":"Living Wall","player_choice":"Change","floor":5.0,"gold_loss":0.0,"damage_taken":0.0,"cards_obtained":["Flex"]},{"cards_removed":["Strike_R"],"damage_healed":0.0,"max_hp_gain":0.0,"max_hp_loss":0.0,"gold_gain":0.0,"event_name":"The Cleric","player_choice":"Card Removal","floor":8.0,"gold_loss":75.0,"damage_taken":0.0},{"cards_removed":["Strike_R"],"damage_healed":0,"gold_gain":0,"player_choice":"Elegance","damage_taken":0,"max_hp_gain":0,"max_hp_loss":0,"event_name":"Back to Basics","floor":19,"gold_loss":0},{"damage_healed":0,"gold_gain":0,"player_choice":"Got Potions","damage_taken":0,"max_hp_gain":0,"max_hp_loss":0,"event_name":"Lab","floor":22,"gold_loss":0}],"is_beta":false,"boss_relics":[{"not_picked":["Fusion Hammer","Calling Bell"],"picked":"Black Star"}],"items_purged_floors":[],"is_endless":false,"potions_floor_spawned":[4,7,14,16,20],"killed_by":"Book of Stabbing","ascension_level":16}}