{"host":"mqhvlr3kpxebko0t","time":1613027048,"event":{"mods":["AchievementEnabler","BaseMod","Colored Map","Colored Powertips","KOR Keyword Fix","Keyboard Shortcuts","Minty Spire (QoL Compilation)","StSLib","SuperFastMode"],"gold_per_floor":[19,33,50,50,67,67,102,102,102,102,102],"floor_reached":10,"language":"KOR","playtime":154,"items_purged":[],"score":122,"play_id":"63d29ca9-73d2-4039-af71-94164f5a660b","local_time":"20210211160408","is_ascension_mode":true,"campfire_choices":[{"data":"Terror","floor":6,"key":"SMITH"},{"data":"Poisoned Stab","floor":8,"key":"SMITH"}],"circlet_count":0,"master_deck":["AscendersBane","Strike_G","Strike_G","Strike_G","Defend_G","Defend_G","Defend_G","Defend_G","Survivor","Neutralize","Poisoned Stab+1","Terror+1","Backstab","Underhanded Strike","Backflip"],"relics":["Ring of the Snake","Snake Skull","Orichalcum"],"acts_visited":["Exordium"],"potions_floor_usage":[7],"damage_taken":[{"damage":4,"enemies":"Jaw Worm","floor":1,"turns":5},{"damage":6,"enemies":"2 Louse","floor":2,"turns":3},{"damage":1,"enemies":"Cultist","floor":3,"turns":3},{"damage":2,"enemies":"3 Louse","floor":5,"turns":5},{"damage":16,"enemies":"Gremlin Nob","floor":7,"turns":4},{"damage":20,"enemies":"3 Sentries","floor":10,"turns":4}],"seed_played":"734362642773625163","potions_obtained":[{"floor":1,"key":"BlessingOfTheForge"},{"floor":5,"key":"GamblersBrew"}],"is_trial":false,"path_per_floor":["M","M","M","?","M","R","E","R","T","E"],"character_chosen":"THE_SILENT","items_purchased":[],"campfire_rested":0,"item_purchase_floors":[],"current_hp_per_floor":[55,49,48,48,46,46,30,30,30,10,10],"gold":102,"neow_bonus":"REMOVE_TWO","is_daily":false,"chose_seed":false,"campfire_upgraded":2,"win_rate":0.0,"timestamp":1613027048,"path_taken":["M","M","M","?","M","R","E","R","T","E"],"items_purchased_type":[],"build_version":"2020-12-22","purchased_purges":0,"victory":false,"max_hp_per_floor":[66,66,66,66,66,66,66,66,66,66,66],"card_choices":[{"not_picked":["Expertise","Bane"],"picked":"Poisoned Stab","floor":1},{"not_picked":["Deflect","Phantasmal Killer"],"picked":"Terror","floor":2},{"not_picked":["Quick Slash","Acrobatics"],"picked":"Backstab","floor":3},{"not_picked":["Dodge and Roll","Flying Knee","Quick Slash"],"picked":"SKIP","floor":5},{"not_picked":["Wraith Form v2","Dagger Spray"],"picked":"Backflip","floor":7}],"player_experience":707789,"relics_obtained":[{"floor":7,"key":"Snake Skull"},{"floor":9,"key":"Orichalcum"}],"event_choices":[{"damage_healed":0,"gold_gain":0,"cards_transformed":["Strike_G"],"player_choice":"Change","damage_taken":0,"max_hp_gain":0,"max_hp_loss":0,"event_name":"Living Wall","floor":4,"gold_loss":0,"cards_obtained":["Underhanded Strike"]}],"is_beta":false,"boss_relics":[],"items_purged_floors":[],"is_endless":false,"potions_floor_spawned":[1,5],"killed_by":"3 Sentries","ascension_level":16}}