{"host":"9b7hrp48q3pna783","time":1613064984,"event":{"mods":["BaseMod","Colored Map","Colored Powertips","Highlight Path","Minty Spire (QoL Compilation)","Relic Stats"],"gold_per_floor":[114,114,114,125,135,135,135],"floor_reached":6,"language":"ENG","playtime":379,"items_purged":[],"score":41,"play_id":"01f197b8-0ca1-4e33-a4eb-996f2c46132f","local_time":"20210211123624","is_ascension_mode":true,"campfire_choices":[],"circlet_count":0,"master_deck":["Strike_G","Strike_G","Strike_G","Strike_G","Defend_G","Defend_G","Defend_G","Defend_G","Defend_G","Survivor","Neutralize","CurseOfTheBell","PiercingWail","Deadly Poison"],"relics":["Calling Bell","Omamori","Darkstone Periapt","Du-Vu Doll","InkBottle"],"acts_visited":["Exordium"],"potions_floor_usage":[],"damage_taken":[{"damage":0,"enemies":"2 Louse","floor":1,"turns":3},{"damage":11,"enemies":"Jaw Worm","floor":4,"turns":5},{"damage":0,"enemies":"Small Slimes","floor":5,"turns":5},{"damage":62,"enemies":"3 Sentries","floor":6,"turns":8}],"seed_played":"8200816507111755035","potions_obtained":[],"is_trial":false,"path_per_floor":["M","?","T","M","M","E"],"character_chosen":"THE_SILENT","items_purchased":[],"campfire_rested":0,"item_purchase_floors":[],"current_hp_per_floor":[70,63,63,52,52,0,0],"gold":135,"neow_bonus":"BOSS_RELIC","is_daily":false,"chose_seed":false,"campfire_upgraded":0,"win_rate":0.0,"timestamp":1613064984,"path_taken":["M","?","?","M","M","E"],"items_purchased_type":[],"build_version":"2020-12-22","purchased_purges":0,"victory":false,"max_hp_per_floor":[70,70,70,70,70,70,70],"relic_stats":{"Darkstone Periapt":0,"counters":[4,21],"obtain_stats":[{"Calling Bell":0,"Darkstone Periapt":0,"Du-Vu Doll":0,"Omamori":0,"InkBottle":3,"Ring of the Snake":0},{"Calling Bell":0,"Darkstone Periapt":0,"Du-Vu Doll":0,"Omamori":0,"InkBottle":1,"Ring of the Snake":0},{"Calling Bell":0,"Darkstone Periapt":0,"Du-Vu Doll":0,"Omamori":0,"InkBottle":3,"Ring of the Snake":0}],"InkBottle":[5]},"card_choices":[{"not_picked":["Dagger Throw","Deflect","Bane"],"picked":"SKIP","floor":1},{"not_picked":["Slice","Eviscerate"],"picked":"PiercingWail","floor":4},{"not_picked":["Concentrate","Doppelganger"],"picked":"Deadly Poison","floor":5}],"player_experience":151766,"relics_obtained":[{"floor":0,"key":"Omamori"},{"floor":0,"key":"Darkstone Periapt"},{"floor":0,"key":"Du-Vu Doll"},{"floor":3,"key":"InkBottle"}],"event_choices":[{"cards_removed":["Strike_G"],"damage_healed":0,"gold_gain":0,"player_choice":"Card Removal","damage_taken":7,"max_hp_gain":0,"max_hp_loss":0,"event_name":"Golden Wing","floor":2,"gold_loss":0}],"is_beta":false,"boss_relics":[],"items_purged_floors":[],"is_endless":false,"potions_floor_spawned":[],"killed_by":"3 Sentries","ascension_level":3}}