{"host":"lly094a91h6n5nv5","time":1613029418,"event":{"mods":["AchievementEnabler","BaseMod","Block Reminder","Colored Map","Minty Spire (QoL Compilation)"],"gold_per_floor":[116,116,116,133,133,133,149,149,197,207,241,153,184,203,203,303,303,313,332,332,357,357,357,390,409,435,62,75,75,90,110,110,210,210,222,444,460,473,473,506,121,139,139,139,154,154,7,21,21,21],"floor_reached":51,"language":"ENG","playtime":4518,"items_purged":["Strike_P","Strike_P"],"score":991,"play_id":"7b51fea0-85ae-45a4-be4c-de7de3d8cba5","local_time":"20210211014338","is_ascension_mode":true,"campfire_choices":[{"data":"SashWhip","floor":6.0,"key":"SMITH"},{"floor":8.0,"key":"REST"},{"data":"Nirvana","floor":15.0,"key":"SMITH"},{"data":"Devotion","floor":23.0,"key":"SMITH"},{"data":"Nirvana","floor":29.0,"key":"SMITH"},{"floor":32.0,"key":"REST"},{"data":"Fasting2","floor":44.0,"key":"SMITH"},{"floor":49.0,"key":"REST"}],"circlet_count":0,"master_deck":["Defend_P","Defend_P","Defend_P+1","Vigilance+1","BowlingBash+1","Weave+1","SpiritShield+1","SashWhip+1","CutThroughFate","Protect","Devotion+1","Weave","Nirvana+1","Prostrate","Tantrum","ThirdEye","CutThroughFate","ThirdEye+1","Wireheading","DeceiveReality","Nirvana+1","TalkToTheHand+1","ClearTheMind","Fasting2+1","Parasite","ThirdEye+1"],"relics":["Astrolabe","GoldenEye","Anchor","Darkstone Periapt","Shuriken","Sozu","Red Mask","Question Card","Orichalcum","TungstenRod","SlaversCollar","TeardropLocket","Ginger","Juzu Bracelet","TheAbacus"],"acts_visited":["Exordium","TheCity","TheBeyond"],"potions_floor_usage":[50,50,50],"damage_taken":[{"damage":0.0,"enemies":"Cultist","floor":1.0,"turns":2.0},{"damage":4.0,"enemies":"Small Slimes","floor":4.0,"turns":2.0},{"damage":1.0,"enemies":"Jaw Worm","floor":7.0,"turns":2.0},{"damage":0.0,"enemies":"Gremlin Gang","floor":10.0,"turns":3.0},{"damage":3.0,"enemies":"Lagavulin","floor":11.0,"turns":7.0},{"damage":32.0,"enemies":"Gremlin Nob","floor":13.0,"turns":3.0},{"damage":0.0,"enemies":"Exordium Thugs","floor":14.0,"turns":3.0},{"damage":0.0,"enemies":"The Guardian","floor":16.0,"turns":9.0},{"damage":0.0,"enemies":"Chosen","floor":18.0,"turns":3.0},{"damage":0.0,"enemies":"3 Byrds","floor":19.0,"turns":4.0},{"damage":0.0,"enemies":"Masked Bandits","floor":21.0,"turns":3.0},{"damage":2.0,"enemies":"Slavers","floor":24.0,"turns":5.0},{"damage":0.0,"enemies":"Snecko","floor":25.0,"turns":2.0},{"damage":0.0,"enemies":"Centurion and Healer","floor":28.0,"turns":4.0},{"damage":2.0,"enemies":"Shelled Parasite and Fungi","floor":30.0,"turns":5.0},{"damage":10.0,"enemies":"3 Cultists","floor":31.0,"turns":4.0},{"damage":14.0,"enemies":"Champ","floor":33.0,"turns":8.0},{"damage":0.0,"enemies":"3 Darklings","floor":35.0,"turns":3.0},{"damage":18.0,"enemies":"Orb Walker","floor":37.0,"turns":6.0},{"damage":4.0,"enemies":"4 Shapes","floor":38.0,"turns":5.0},{"damage":0.0,"enemies":"Giant Head","floor":40.0,"turns":5.0},{"damage":3.0,"enemies":"Writhing Mass","floor":42.0,"turns":4.0},{"damage":13.0,"enemies":"Jaw Worm Horde","floor":45.0,"turns":4.0},{"damage":3.0,"enemies":"4 Shapes","floor":48.0,"turns":5.0},{"damage":24,"enemies":"Awakened One","floor":50,"turns":10}],"seed_played":"-914615001660582840","potions_obtained":[{"floor":7.0,"key":"Ancient Potion"},{"floor":13.0,"key":"Strength Potion"},{"floor":14.0,"key":"Energy Potion"}],"is_trial":false,"path_per_floor":["M","?","?","M","?","R","M","R","T","M","E","$","E","M","R","B",null,"M","M","?","?","?","R","E","M","T","$","M","R","M","M","R","B",null,"M","?","M","M","?","E","$","M","T","R","M","?","$","M","R","B",null],"character_chosen":"WATCHER","items_purchased":["Nirvana","Prostrate","TungstenRod","Ginger","TheAbacus"],"campfire_rested":3,"item_purchase_floors":[12,12,27,41,47],"current_hp_per_floor":[65,65,47,43,29,29,28,49,49,49,46,46,14,14,14,14,58,58,58,45,45,45,45,43,43,43,43,43,43,41,31,54,40,68,68,68,50,46,46,46,46,49,49,49,36,36,36,33,56,32],"gold":21,"neow_bonus":"BOSS_RELIC","is_daily":false,"chose_seed":false,"campfire_upgraded":5,"win_rate":0.0,"timestamp":1613029418,"path_taken":["M","?","?","M","?","R","M","R","T","M","E","$","E","?","R","BOSS","M","?","?","?","?","R","E","M","T","$","M","R","?","M","R","BOSS","M","?","M","M","?","E","$","M","T","R","M","?","$","M","R","BOSS"],"items_purchased_type":["Card","Card","Relic","Relic","Relic"],"build_version":"2020-12-22","purchased_purges":2,"victory":true,"max_hp_per_floor":[72,72,72,72,72,72,72,72,72,72,72,72,72,72,72,72,72,72,72,77,77,77,77,77,77,77,77,77,77,77,77,77,77,77,77,77,77,77,73,73,73,79,79,79,79,79,79,79,79,79],"card_choices":[{"not_picked":["FlyingSleeves","WreathOfFlame"],"picked":"SashWhip","floor":1.0},{"not_picked":["LikeWater","FlurryOfBlows"],"picked":"CutThroughFate","floor":4.0},{"not_picked":["BattleHymn","LikeWater"],"picked":"Protect","floor":7.0},{"not_picked":["ReachHeaven","Worship"],"picked":"Devotion","floor":10.0},{"not_picked":["Study","Evaluate"],"picked":"Weave","floor":11.0},{"not_picked":["PathToVictory","Swivel"],"picked":"Tantrum","floor":13.0},{"not_picked":["BattleHymn","Tantrum"],"picked":"ThirdEye","floor":14.0},{"not_picked":["Prostrate","Crescendo"],"picked":"CutThroughFate","floor":18.0},{"not_picked":["BowlingBash","EmptyFist"],"picked":"ThirdEye+1","floor":19.0},{"not_picked":["Halt+1","EmptyFist"],"picked":"Wireheading","floor":21.0},{"not_picked":["Consecrate","Tantrum","DevaForm"],"picked":"SKIP","floor":24.0},{"not_picked":["JustLucky","Crescendo","MentalFortress"],"picked":"DeceiveReality","floor":25.0},{"not_picked":["PathToVictory","Halt","BattleHymn"],"picked":"Nirvana","floor":28.0},{"not_picked":["Study","SignatureMove+1","CrushJoints","FollowUp+1"],"picked":"SKIP","floor":30.0},{"not_picked":["Protect","WindmillStrike","Adaptation","Tantrum"],"picked":"SKIP","floor":31.0},{"not_picked":["Consecrate+1","PathToVictory+1","Indignation"],"picked":"TalkToTheHand+1","floor":35.0},{"not_picked":["Consecrate+1","SashWhip","EmptyBody+1","CarveReality+1"],"picked":"SKIP","floor":37.0},{"not_picked":["FlurryOfBlows+1","SandsOfTime+1","DeusExMachina"],"picked":"ClearTheMind","floor":38.0},{"not_picked":["MasterReality","Tantrum+1","EmptyBody"],"picked":"Fasting2","floor":40.0},{"not_picked":["Protect","Fasting2","WindmillStrike+1","FollowUp+1"],"picked":"SKIP","floor":42.0},{"not_picked":["BowlingBash","FlurryOfBlows","Evaluate+1"],"picked":"ThirdEye+1","floor":45.0},{"not_picked":["Collect","Consecrate+1","MentalFortress+1","Ragnarok"],"picked":"SKIP","floor":48.0}],"player_experience":199611,"relics_obtained":[{"floor":9.0,"key":"Anchor"},{"floor":11.0,"key":"Darkstone Periapt"},{"floor":13.0,"key":"Shuriken"},{"floor":21.0,"key":"Red Mask"},{"floor":24.0,"key":"Question Card"},{"floor":26.0,"key":"Orichalcum"},{"floor":40.0,"key":"TeardropLocket"},{"floor":43.0,"key":"Juzu Bracelet"}],"event_choices":[{"damage_healed":0.0,"max_hp_gain":0.0,"max_hp_loss":0.0,"gold_gain":0.0,"event_name":"Living Wall","player_choice":"Grow","floor":2.0,"gold_loss":0.0,"damage_taken":0.0,"cards_upgraded":["Eruption"]},{"damage_healed":0.0,"max_hp_gain":0.0,"max_hp_loss":0.0,"gold_gain":0.0,"event_name":"Scrap Ooze","player_choice":"Success","floor":3.0,"gold_loss":0.0,"damage_taken":18.0,"relics_obtained":["GoldenEye"]},{"damage_healed":0.0,"max_hp_gain":0.0,"max_hp_loss":0.0,"gold_gain":0.0,"event_name":"Shining Light","player_choice":"Entered Light","floor":5.0,"gold_loss":0.0,"damage_taken":14.0,"cards_upgraded":["Vigilance","Defend_P"]},{"damage_healed":0.0,"max_hp_gain":5.0,"max_hp_loss":0.0,"gold_gain":0.0,"event_name":"Forgotten Altar","player_choice":"Shed Blood","floor":20.0,"gold_loss":0.0,"damage_taken":18.0},{"damage_healed":0.0,"max_hp_gain":0.0,"max_hp_loss":0.0,"gold_gain":0.0,"event_name":"Masked Bandits","player_choice":"Fought Bandits","floor":21.0,"gold_loss":0.0,"damage_taken":0.0},{"damage_healed":0.0,"max_hp_gain":0.0,"max_hp_loss":0.0,"gold_gain":0.0,"event_name":"Lab","player_choice":"Got Potions","floor":22.0,"gold_loss":0.0,"damage_taken":0.0},{"damage_healed":0.0,"max_hp_gain":0.0,"max_hp_loss":0.0,"gold_gain":222.0,"event_name":"Tomb of Lord Red Mask","player_choice":"Wore Mask","floor":36.0,"gold_loss":0.0,"damage_taken":0.0},{"damage_healed":0.0,"max_hp_gain":0.0,"max_hp_loss":4.0,"gold_gain":0.0,"event_name":"Winding Halls","player_choice":"Max HP","floor":39.0,"gold_loss":0.0,"damage_taken":0.0},{"cards_removed":["Eruption"],"damage_healed":0.0,"max_hp_gain":0.0,"max_hp_loss":0.0,"gold_gain":0.0,"event_name":"Falling","player_choice":"Removed Attack","floor":46.0,"gold_loss":0.0,"damage_taken":0.0}],"is_beta":false,"boss_relics":[{"not_picked":["Runic Pyramid","Philosopher\u0027s Stone"],"picked":"Sozu"},{"not_picked":["Cursed Key","VioletLotus"],"picked":"SlaversCollar"}],"items_purged_floors":[27,41],"is_endless":false,"potions_floor_spawned":[7,13,14,18,19,24,25,31,38,40,42],"ascension_level":7}}