{"host":"yecadp3kwkksam5a","time":1613021408,"event":{"mods":["100% Spire Juice","BaseMod","Minty Spire (QoL Compilation)","StSLib","SuperFastMode","The Cursed","WarShipGirlsR/??á´Ò³R mod"],"gold_per_floor":[111,131,131,150,160,160,193,193,261,39,72,72,72,99,99,99,99],"floor_reached":16,"language":"KOR","playtime":644,"items_purged":["TheCursedMod:Strike_TheCursed"],"score":130,"play_id":"2c5ece85-eb26-4188-aa28-29a7e3df13d1","local_time":"20210211143008","is_ascension_mode":true,"campfire_choices":[{"data":"TheCursedMod:CircleOfFocus","floor":6,"key":"SMITH"},{"floor":8,"key":"REST"},{"data":"TheCursedMod:CleanUpWorkshop","floor":12,"key":"SMITH"},{"floor":15,"key":"REST"}],"circlet_count":0,"master_deck":["TheCursedMod:Strike_TheCursed","TheCursedMod:Strike_TheCursed","TheCursedMod:Strike_TheCursed","TheCursedMod:Defend_TheCursed+1","TheCursedMod:Defend_TheCursed","TheCursedMod:Defend_TheCursed","TheCursedMod:Defend_TheCursed","TheCursedMod:CursedWand","TheCursedMod:CleanUpWorkshop+1","TheCursedMod:Dregs","TheCursedMod:FleshFromBone","TheCursedMod:Hemoplague","TheCursedMod:DemonicPact","TheCursedMod:CircleOfFocus+1","TheCursedMod:FleshFromBone","TheCursedMod:CursedShiv+1","TheCursedMod:Mangle"],"relics":["Runic Pyramid","TheCursedMod:CrystalBall","Matryoshka","Toy Ornithopter","Vajra","Lizard Tail"],"acts_visited":["Exordium"],"potions_floor_usage":[14],"damage_taken":[{"damage":0,"enemies":"2 Louse","floor":1,"turns":2},{"damage":0,"enemies":"Small Slimes","floor":2,"turns":4},{"damage":0,"enemies":"Cultist","floor":4,"turns":5},{"damage":6,"enemies":"3 Louse","floor":5,"turns":5},{"damage":39,"enemies":"Gremlin Nob","floor":7,"turns":6},{"damage":8,"enemies":"Lagavulin","floor":11,"turns":11},{"damage":24,"enemies":"Gremlin Nob","floor":14,"turns":5},{"damage":35,"enemies":"Slime Boss","floor":16,"turns":8}],"seed_played":"-4347858045830376975","potions_obtained":[{"floor":2,"key":"BlessingOfTheForge"},{"floor":4,"key":"FairyPotion"},{"floor":5,"key":"Explosive Potion"}],"is_trial":false,"path_per_floor":["M","M","?","M","M","R","E","R","T","$","E","R","?","E","R","B"],"character_chosen":"THE_CURSED","items_purchased":["Toy Ornithopter"],"campfire_rested":2,"item_purchase_floors":[10],"current_hp_per_floor":[75,75,75,75,69,69,30,52,52,52,44,44,29,10,32,22,22],"gold":99,"neow_bonus":"BOSS_RELIC","is_daily":false,"chose_seed":false,"campfire_upgraded":2,"win_rate":0.0,"timestamp":1613021408,"path_taken":["M","M","?","?","M","R","E","R","T","$","E","R","?","E","R","BOSS"],"items_purchased_type":["Relic"],"build_version":"2020-12-22","purchased_purges":1,"victory":false,"max_hp_per_floor":[75,75,75,75,75,75,75,75,75,75,75,75,75,75,75,75,75],"card_choices":[{"not_picked":["TheCursedMod:ReleasedKnowledge","TheCursedMod:CursedSpellbook"],"picked":"TheCursedMod:FleshFromBone","floor":1},{"not_picked":["TheCursedMod:CircleOfFocus","TheCursedMod:SpitefulPray"],"picked":"TheCursedMod:Hemoplague","floor":2},{"not_picked":[],"picked":"TheCursedMod:DemonicPact","floor":3},{"not_picked":["TheCursedMod:ReleasedKnowledge","TheCursedMod:CursedMace"],"picked":"TheCursedMod:CircleOfFocus","floor":4},{"not_picked":["TheCursedMod:FuryStrike","TheCursedMod:TacticalStrike"],"picked":"TheCursedMod:FleshFromBone","floor":5},{"not_picked":["TheCursedMod:CircleOfCorruption","TheCursedMod:VoidForm","TheCursedMod:RapidMovement"],"picked":"SKIP","floor":7},{"not_picked":["TheCursedMod:SpitefulStrike","TheCursedMod:Wield"],"picked":"TheCursedMod:CursedShiv","floor":11},{"not_picked":["TheCursedMod:FleshFromBone","TheCursedMod:CircleOfCorruption"],"picked":"TheCursedMod:Mangle","floor":14}],"player_experience":607553,"relics_obtained":[{"floor":7,"key":"TheCursedMod:CrystalBall"},{"floor":9,"key":"Matryoshka"},{"floor":11,"key":"Vajra"},{"floor":14,"key":"Lizard Tail"}],"event_choices":[{"damage_healed":0,"gold_gain":0,"player_choice":"Entered Light","damage_taken":15,"max_hp_gain":0,"max_hp_loss":0,"event_name":"Shining Light","floor":13,"gold_loss":0,"cards_upgraded":["TheCursedMod:CursedShiv","TheCursedMod:Defend_TheCursed"]}],"is_beta":false,"boss_relics":[],"items_purged_floors":[10],"is_endless":false,"potions_floor_spawned":[2,4,5,11],"killed_by":"Slime Boss","ascension_level":2}}