{"host":"mvk4cyf8p31hksyn","time":1613052132,"event":{"mods":["BaseMod","Block Reminder","Colored Map","Highlight Path","Minty Spire (QoL Compilation)","Relic Sorter"],"gold_per_floor":[111,111,129,204,204,539,539,554,554,554,554,554,220,245,245,340,340,356,356,372,471,471,503,503,529,606,606,606,635,330,342,342,440,440,454,473,228,242,252,277,277,305,376,402,402,402,402,416,416,416],"floor_reached":51,"language":"ENG","playtime":2552,"items_purged":["Regret","Defend_G"],"score":1041,"play_id":"2a7c60c8-deaf-4647-b59f-bb619e3f00e7","local_time":"20210211150212","is_ascension_mode":true,"campfire_choices":[{"data":"Neutralize","floor":7.0,"key":"SMITH"},{"data":"Deadly Poison","floor":11.0,"key":"SMITH"},{"floor":15.0,"key":"REST"},{"data":"Well Laid Plans","floor":24,"key":"SMITH"},{"data":"Malaise","floor":28,"key":"SMITH"},{"floor":32,"key":"REST"},{"data":"Cloak And Dagger","floor":46,"key":"SMITH"},{"data":"Deadly Poison","floor":49,"key":"SMITH"}],"circlet_count":0,"master_deck":["Strike_G+1","Defend_G","Defend_G+1","Survivor","Neutralize+1","Corpse Explosion+1","Blur+1","Infinite Blades","Well Laid Plans+1","Deadly Poison+1","Eviscerate","PiercingWail","Malaise+1","Deadly Poison+1","Acrobatics+1","Envenom+1","After Image+1","Blade Dance","Cloak And Dagger+1","Noxious Fumes+1","Escape Plan+1"],"relics":["Astrolabe","Pocketwatch","Shuriken","Sundial","Blood Vial","Old Coin","Ginger","HornCleat","Meat on the Bone","HoveringKite","Frozen Egg 2","Bag of Preparation","Lantern","Cursed Key","ClockworkSouvenir","Juzu Bracelet","Oddly Smooth Stone","Ninja Scroll","Spirit Poop"],"acts_visited":["Exordium","TheCity","TheBeyond"],"potions_floor_usage":[23],"damage_taken":[{"damage":0.0,"enemies":"2 Louse","floor":1.0,"turns":2.0},{"damage":0.0,"enemies":"Small Slimes","floor":3.0,"turns":3.0},{"damage":5.0,"enemies":"3 Sentries","floor":6.0,"turns":4.0},{"damage":1.0,"enemies":"Jaw Worm","floor":8.0,"turns":3.0},{"damage":0.0,"enemies":"Lagavulin","floor":14.0,"turns":5.0},{"damage":0.0,"enemies":"Slime Boss","floor":16.0,"turns":5.0},{"damage":4.0,"enemies":"Chosen","floor":18.0,"turns":5.0},{"damage":0,"enemies":"3 Byrds","floor":20,"turns":3},{"damage":30,"enemies":"Gremlin Leader","floor":23,"turns":7},{"damage":8,"enemies":"Book of Stabbing","floor":25,"turns":6},{"damage":20,"enemies":"Slavers","floor":29,"turns":3},{"damage":2,"enemies":"Snake Plant","floor":31,"turns":4},{"damage":30,"enemies":"Automaton","floor":33,"turns":10},{"damage":0,"enemies":"Orb Walker","floor":35,"turns":4},{"damage":4,"enemies":"3 Darklings","floor":36,"turns":4},{"damage":0,"enemies":"Spire Growth","floor":38,"turns":4},{"damage":0,"enemies":"Sphere and 2 Shapes","floor":39,"turns":4},{"damage":8,"enemies":"Reptomancer","floor":40,"turns":5},{"damage":0,"enemies":"Nemesis","floor":42,"turns":7},{"damage":0,"enemies":"Reptomancer","floor":44,"turns":6},{"damage":0,"enemies":"Maw","floor":48,"turns":7},{"damage":7,"enemies":"Awakened One","floor":50,"turns":13}],"seed_played":"341271829098718621","potions_obtained":[{"floor":1.0,"key":"Weak Potion"},{"floor":3.0,"key":"CunningPotion"},{"floor":8.0,"key":"ColorlessPotion"},{"floor":18.0,"key":"Dexterity Potion"},{"floor":25,"key":"PowerPotion"},{"floor":40,"key":"DuplicationPotion"},{"floor":44,"key":"DuplicationPotion"}],"is_trial":false,"path_per_floor":["M","?","M","?","?","E","R","M","T","?","R","?","$","E","R","B",null,"M","?","M","?","?","E","R","E","T","?","R","E","$","M","R","B",null,"M","M","$","M","M","E","?","E","T","E","?","R","?","M","R","B",null],"character_chosen":"THE_SILENT","items_purchased":["HornCleat","Envenom+1","Lantern","ClockworkSouvenir"],"campfire_rested":2,"item_purchase_floors":[13,30,30,37],"current_hp_per_floor":[70,63,65,54,47,44,44,45,45,45,45,31,31,33,54,56,70,66,66,68,68,68,40,40,46,46,46,46,40,40,40,61,45,70,70,66,66,68,70,62,62,64,64,66,66,66,66,68,68,63],"gold":416,"neow_bonus":"BOSS_RELIC","is_daily":false,"chose_seed":false,"campfire_upgraded":6,"win_rate":0.0,"timestamp":1613052132,"path_taken":["M","?","M","?","?","E","R","M","T","?","R","?","?","E","R","BOSS","M","?","M","?","?","E","R","E","T","?","R","E","?","?","R","BOSS","M","M","$","M","M","E","?","E","T","E","?","R","?","M","R","BOSS"],"items_purchased_type":["Relic","Card","Relic","Relic"],"build_version":"2020-12-22","purchased_purges":2,"victory":true,"max_hp_per_floor":[70,70,70,70,70,70,70,70,70,70,70,70,70,70,70,70,70,70,70,70,70,70,70,70,70,70,70,70,70,70,70,70,70,70,70,70,70,70,70,70,70,70,70,70,70,70,70,70,70,70],"card_choices":[{"not_picked":["Terror","PiercingWail"],"picked":"Infinite Blades","floor":1.0},{"not_picked":["Slice","Dagger Spray"],"picked":"Well Laid Plans","floor":3.0},{"not_picked":["Skewer","Finisher","Prepared"],"picked":"SKIP","floor":6.0},{"not_picked":["Endless Agony","Caltrops"],"picked":"Deadly Poison","floor":8.0},{"not_picked":["Reflex","Blade Dance","Underhanded Strike"],"picked":"SKIP","floor":14.0},{"not_picked":["Acrobatics","Endless Agony"],"picked":"Eviscerate","floor":18.0},{"not_picked":["Poisoned Stab","Flying Knee+1","Backstab"],"picked":"SKIP","floor":20},{"not_picked":["Slice","Deadly Poison"],"picked":"PiercingWail","floor":23},{"not_picked":["Flying Knee","Endless Agony","Heel Hook+1"],"picked":"SKIP","floor":25},{"not_picked":["Backstab","Expertise"],"picked":"Acrobatics+1","floor":29},{"not_picked":["Well Laid Plans+1","Bane+1","Skewer"],"picked":"SKIP","floor":31},{"not_picked":["Wraith Form v2+1","Phantasmal Killer"],"picked":"After Image+1","floor":33},{"not_picked":["Slice+1","Dagger Throw+1"],"picked":"Blade Dance","floor":35},{"not_picked":["Bane+1","Acrobatics"],"picked":"Cloak And Dagger","floor":36},{"not_picked":["Tactician+1","Setup"],"picked":"Noxious Fumes+1","floor":38},{"not_picked":["Blade Dance","Well Laid Plans+1","Dodge and Roll"],"picked":"SKIP","floor":39},{"not_picked":["Caltrops+1","Reflex+1","Slice+1"],"picked":"SKIP","floor":40},{"not_picked":["Infinite Blades+1","Distraction+1","All Out Attack"],"picked":"SKIP","floor":42},{"not_picked":["Deadly Poison","Predator+1"],"picked":"Escape Plan+1","floor":44},{"not_picked":["Dagger Spray+1","Well Laid Plans+1","Blade Dance"],"picked":"SKIP","floor":48}],"player_experience":847142,"relics_obtained":[{"floor":6.0,"key":"Old Coin"},{"floor":9.0,"key":"Sundial"},{"floor":14.0,"key":"Meat on the Bone"},{"floor":23,"key":"Frozen Egg 2"},{"floor":25,"key":"Bag of Preparation"},{"floor":26,"key":"Shuriken"},{"floor":29,"key":"Pocketwatch"},{"floor":40,"key":"Juzu Bracelet"},{"floor":42,"key":"Oddly Smooth Stone"},{"floor":43,"key":"Ninja Scroll"}],"event_choices":[{"damage_healed":0.0,"max_hp_gain":0.0,"max_hp_loss":0.0,"gold_gain":0.0,"event_name":"Scrap Ooze","player_choice":"Success","floor":2.0,"gold_loss":0.0,"damage_taken":7.0,"relics_obtained":["Blood Vial"]},{"damage_healed":0.0,"max_hp_gain":0.0,"max_hp_loss":0.0,"gold_gain":75.0,"event_name":"World of Goop","player_choice":"Gather Gold","floor":4.0,"gold_loss":0.0,"damage_taken":11.0},{"cards_removed":["Strike_G"],"damage_healed":0.0,"max_hp_gain":0.0,"max_hp_loss":0.0,"gold_gain":0.0,"event_name":"Golden Wing","player_choice":"Card Removal","floor":5.0,"gold_loss":0.0,"damage_taken":7.0},{"damage_healed":0.0,"max_hp_gain":0.0,"max_hp_loss":0.0,"gold_gain":0.0,"event_name":"Big Fish","player_choice":"Box","floor":10.0,"gold_loss":0.0,"damage_taken":0.0,"relics_obtained":["Ginger"],"cards_obtained":["Regret"]},{"damage_healed":0.0,"max_hp_gain":0.0,"max_hp_loss":0.0,"gold_gain":0.0,"event_name":"Shining Light","player_choice":"Entered Light","floor":12.0,"gold_loss":0.0,"damage_taken":14.0,"cards_upgraded":["Strike_G","Defend_G"]},{"damage_healed":0,"gold_gain":0,"player_choice":"Ignored","damage_taken":0,"max_hp_gain":0,"max_hp_loss":0,"event_name":"Cursed Tome","floor":19,"gold_loss":0},{"damage_healed":0,"gold_gain":99,"player_choice":"Stole From Cult","damage_taken":0,"max_hp_gain":0,"max_hp_loss":0,"event_name":"Nest","floor":21,"gold_loss":0},{"damage_healed":0,"gold_gain":0,"player_choice":"Ignored","damage_taken":0,"max_hp_gain":0,"max_hp_loss":0,"event_name":"Ghosts","floor":22,"gold_loss":0},{"damage_healed":0,"gold_gain":0,"cards_transformed":["Strike_G","Strike_G"],"player_choice":"Became Test Subject","damage_taken":0,"max_hp_gain":0,"max_hp_loss":0,"event_name":"Drug Dealer","floor":27,"gold_loss":0,"cards_obtained":["Malaise","Deadly Poison"]},{"cards_removed":["Bane"],"damage_healed":0,"gold_gain":0,"player_choice":"Removed Attack","damage_taken":0,"max_hp_gain":0,"max_hp_loss":0,"event_name":"Falling","floor":41,"gold_loss":0},{"damage_healed":0,"gold_gain":0,"player_choice":"Ignored","damage_taken":0,"max_hp_gain":0,"max_hp_loss":0,"event_name":"Mysterious Sphere","floor":45,"gold_loss":0},{"cards_removed":["Decay"],"damage_healed":0,"gold_gain":0,"player_choice":"Offered Curse","damage_taken":0,"relics_obtained":["Spirit Poop"],"max_hp_gain":0,"max_hp_loss":0,"event_name":"Bonfire Elementals","floor":47,"gold_loss":0}],"is_beta":false,"boss_relics":[{"not_picked":["Tiny House","Ectoplasm"],"picked":"HoveringKite"},{"not_picked":["Busted Crown","Black Star"],"picked":"Cursed Key"}],"items_purged_floors":[13,37],"is_endless":false,"potions_floor_spawned":[1,3,8,18,25,33,35,40,42,44],"ascension_level":1}}