{"host":"bp6b47iftb3mluh0","time":1613066250,"event":{"mods":["100% Spire Juice","Act Like it!","Alarm Clock","Aspiration","Astrologer","BaseMod","Bestiary","Better Third Choice","Better Vampires","Challenge The Spire","Colored Powertips","Conspire","Curses Come First","Dota2Spire","Downfall","Friendly Minions","Gensokyo","Hallownest","Hermit","Kiyohime£®«Âºß£©","Lobotomy","LobotomyExtend","Marisa£®ÏF”Í°°ƒß¿Ì…≥£©","Marked Mod","Minty Spire (QoL Compilation)","Quick Restart","Rare Cards Sparkle","Red Circlet Mod","Relic Filter Mod","Relic Stats","Remilia£®¿Ÿ√◊¿Ú—«£©","Replay The Spire","Reworked Bosses","Ryuuou¡˙Õı","Shop Mod","Spicy Shops","StSLib","The Bug Knight","The Invoker Mod","Uncapped","Waifu the Spire","Youmu£®ªÍ∆«—˝√Œ£©","°æ“≈ŒÔø®≈∆°øREMEMod","≤–¡Ù÷ÆŒÔ"],"gold_per_floor":[99,99,116,116,128,128,128,161,161,161,161,175,175,210,220,315,315,315,328,346,346,370,31,31,92,132,132,132,132,132,158,177,313,313,313,329,279,303,303,334,334,234,265,280,304,304,324,28,54,114],"floor_reached":51,"language":"ZHS","playtime":2240,"items_purged":["Amnesia","Delirium","champ:FanOfKnives+1"],"score":970,"play_id":"7524cd7d-26c6-47e5-be4a-7b743c21cad7","local_time":"20210212015730","is_ascension_mode":false,"campfire_choices":[{"floor":1.0,"key":"DIG"},{"data":"champ:Taunt","floor":6.0,"key":"SMITH"},{"data":"Twilight","floor":10.0,"key":"SMITH"},{"data":"champ:TornadoPunch","floor":13.0,"key":"SMITH"},{"data":"champ:MurderStrike","floor":18.0,"key":"SMITH"},{"data":"champ:Execute","floor":27.0,"key":"SMITH"},{"data":"champ:FocusedBerserking","floor":29.0,"key":"SMITH"},{"floor":35.0,"key":"DIG"},{"data":"champ:VampiricStrike","floor":42.0,"key":"SMITH"}],"circlet_count":0,"master_deck":["champ:Strike","champ:Strike","champ:Defend","champ:Defend","champ:Defend","champ:Execute+1","champ:Taunt+1","Twilight+1","champ:TornadoPunch+1","champ:EnragedBash+1","champ:FocusedBerserking+1","champ:UltimateStance+1","champ:MurderStrike+1","champ:GutPunch+1","champ:RecklessLeap+1","champ:PerfectedStrike+1","champ:VampiricStrike+1","champ:BringItOn+1","champ:RapidStrikes+1","champ:EnGarde+1","Regret","Trip"],"relics":["champ:ChampionCrown","REME_ComplimentaryCards","HalfPhantom","LetterFromLob","Dota2Spire:MantaStyle","Ice Cream","aspiration:ChemicalBlood","Blood Vial","Moonlight_r","MerchantsRug","ReplayTheSpireMod:CursedCoin","Dota2Spire:BattleFury","Incense Burner","REME_ArchaeologicalTools","Dota2Spire:ShivaGuard","Ring of Fury","aspiration:RitualDagger","Question Card","Dota2Spire:ShadowBlade","Happy Flower","RedMistMask","ReplayTheSpireMod:TigerMarble","downfall:HeartBlessingGreen","Membership Card","Orichalcum","Replay:Mystery Machine","Dota2Spire:Dagon"],"acts_visited":["Hallownest:Greenpath","Gensokyo:Gensokyoer","Hallownest:KingdomsEdge"],"potions_floor_usage":[47,50,50,50],"damage_taken":[{"damage":10.0,"enemies":"Hallownest:2_Baldur","floor":3.0,"turns":3.0},{"damage":0.0,"enemies":"Hallownest:2_MossCreeps","floor":5.0,"turns":4.0},{"damage":20.0,"enemies":"Hallownest:eliteMossKnight","floor":8.0,"turns":8.0},{"damage":1.0,"enemies":"Hallownest:monsterHuskWarrior","floor":12.0,"turns":4.0},{"damage":67.0,"enemies":"conspire:MimicChest","floor":14.0,"turns":6.0},{"damage":20.0,"enemies":"Hallownest:Guard_and_Warrior","floor":15.0,"turns":6.0},{"damage":31.0,"enemies":"SI_SHIV_ARCHETYPE","floor":16.0,"turns":7.0},{"damage":35.0,"enemies":"Gensokyo:Chomper","floor":19.0,"turns":3.0},{"damage":13.0,"enemies":"Gensokyo:3_Dogs","floor":20.0,"turns":4.0},{"damage":50.0,"enemies":"downfall:FleeingMerchant","floor":23.0,"turns":4.0},{"damage":30.0,"enemies":"Gensokyo:Reisen","floor":25.0,"turns":1.0},{"damage":31.0,"enemies":"Gensokyo:Slime_Group","floor":26.0,"turns":3.0},{"damage":15.0,"enemies":"Gensokyo:Monolith_and_Dog","floor":31.0,"turns":2.0},{"damage":40.0,"enemies":"Gensokyo:Wraith","floor":32.0,"turns":3.0},{"damage":14.0,"enemies":"IC_MUSHROOM_ARCHETYPE","floor":33.0,"turns":3.0},{"damage":77.0,"enemies":"Hallownest:3_Siblings","floor":36.0,"turns":4.0},{"damage":59.0,"enemies":"Hallownest:2_Littles","floor":38.0,"turns":4.0},{"damage":46.0,"enemies":"Hallownest:StalkingDevout","floor":40.0,"turns":4.0},{"damage":6.0,"enemies":"Hallownest:2_Soldiers_and_1_Guardian","floor":43.0,"turns":2.0},{"damage":6.0,"enemies":"downfall:FleeingMerchant","floor":44.0,"turns":2.0},{"damage":14,"enemies":"Hallownest:2_Wandering_and_1_Horned","floor":45,"turns":2},{"damage":46,"enemies":"Hallownest:Slobbering_and_Violent","floor":47,"turns":4},{"damage":18,"enemies":"Hallownest:monsterPrimalAspid","floor":49,"turns":3},{"damage":37,"enemies":"WA_ARCHETYPE_DIVINITY","floor":50,"turns":6}],"seed_played":"9095682689472133998","potions_obtained":[{"floor":12.0,"key":"SpeedPotion"},{"floor":14.0,"key":"Guardian:BlockOnCardUsePotion"},{"floor":19.0,"key":"Weak Potion"},{"floor":25.0,"key":"FearPotion"},{"floor":26.0,"key":"champ:CounterPotion"},{"floor":31.0,"key":"Energy Potion"},{"floor":32.0,"key":"Fire Potion"},{"floor":32.0,"key":"Block Potion"},{"floor":43.0,"key":"ColorlessPotion"},{"floor":45,"key":"SpeedPotion"},{"floor":47,"key":"DuplicationPotion"}],"is_trial":false,"path_per_floor":["R","?","M","?","M","R","T","E","?","R","T","M","R","?","M","B",null,"R","M","M","?","T","$","T","E","M","R","?","R","?","M","M","B",null,"R","M","?","M","T","E","T","R","M","$","M","?","M","$","M","B",null],"character_chosen":"THE_CHAMP","items_purchased":["MerchantsRug","ReplayTheSpireMod:CursedCoin","Dota2Spire:BattleFury","Incense Burner","Membership Card","Orichalcum","Replay:Mystery Machine","Trip","Dota2Spire:Dagon"],"campfire_rested":0,"item_purchase_floors":[23,23,23,23,44,44,44,44,48],"current_hp_per_floor":[97,97,97,97,97,97,97,97,87,87,87,88,88,53,55,46,97,97,97,94,58,58,60,60,62,63,63,63,63,48,50,52,60,97,97,55,65,60,60,71,71,71,67,63,61,46,2,2,101,102],"gold":114,"neow_bonus":"NOSTALGIA","is_daily":false,"chose_seed":false,"campfire_upgraded":7,"win_rate":0.0,"timestamp":1613066250,"path_taken":["R","?","M","?","M","R","T","E","?","R","?","?","R","?","M","BOSS","R","?","M","?","?","$","T","E","M","R","?","R","?","M","M","BOSS","R","M","?","M","?","E","T","R","?","$","M","?","M","$","M","BOSS"],"items_purchased_type":["Relic","Relic","Relic","Relic","Relic","Relic","Relic","Card","Relic"],"build_version":"2020-12-22","purchased_purges":3,"victory":true,"max_hp_per_floor":[97,97,97,97,97,97,97,97,97,97,97,97,97,97,97,97,97,97,97,97,97,97,97,97,97,97,97,97,97,97,97,97,97,97,97,97,97,102,102,102,102,102,102,102,102,102,102,102,102,102],"relic_stats":{"Blood Vial":35,"Happy Flower":[6],"counters":[24,91],"Orichalcum":[36],"Question Card":8,"obtain_stats":[{"Ice Cream":8,"champ:ChampionCrown":0,"HalfPhantom":0,"downfall:HeartBlessingGreen":42,"Dota2Spire:ShadowBlade":39,"Incense Burner":23,"Replay:Mystery Machine":44,"Blood Vial":9,"Lizard Tail":11,"Dream Catcher":14,"Strawberry":1,"REME_ArchaeologicalTools":24,"aspiration:ChemicalBlood":9,"Potion Belt":22,"MerchantsRug":23,"Dota2Spire:MantaStyle":7,"Happy Flower":40,"aspiration:Nostalgia":0,"ReplayTheSpireMod:CursedCoin":23,"Astrolabe":17,"Dota2Spire:Dagon":48,"Dota2Spire:ShivaGuard":25,"Dota2Spire:BattleFury":23,"Orichalcum":44,"Question Card":35,"Moonlight_r":21,"Ring of Fury":28,"RedMistMask":40,"LetterFromLob":3,"ReplayTheSpireMod:TigerMarble":41,"aspiration:RitualDagger":34,"Membership Card":44,"REME_ComplimentaryCards":0},{"Ice Cream":3,"champ:ChampionCrown":0,"HalfPhantom":0,"downfall:HeartBlessingGreen":18,"Dota2Spire:ShadowBlade":17,"Incense Burner":10,"Replay:Mystery Machine":20,"Blood Vial":3,"Lizard Tail":3,"Dream Catcher":5,"Strawberry":0,"REME_ArchaeologicalTools":10,"aspiration:ChemicalBlood":3,"Potion Belt":9,"MerchantsRug":10,"Dota2Spire:MantaStyle":2,"Happy Flower":18,"aspiration:Nostalgia":0,"ReplayTheSpireMod:CursedCoin":10,"Astrolabe":7,"Dota2Spire:Dagon":22,"Dota2Spire:ShivaGuard":11,"Dota2Spire:BattleFury":10,"Orichalcum":20,"Question Card":15,"Moonlight_r":9,"Ring of Fury":12,"RedMistMask":18,"LetterFromLob":1,"ReplayTheSpireMod:TigerMarble":18,"aspiration:RitualDagger":15,"Membership Card":20,"REME_ComplimentaryCards":0},{"Ice Cream":15,"champ:ChampionCrown":0,"HalfPhantom":0,"downfall:HeartBlessingGreen":72,"Dota2Spire:ShadowBlade":68,"Incense Burner":49,"Replay:Mystery Machine":76,"Blood Vial":15,"Lizard Tail":15,"Dream Catcher":25,"Strawberry":0,"REME_ArchaeologicalTools":49,"aspiration:ChemicalBlood":15,"Potion Belt":45,"MerchantsRug":49,"Dota2Spire:MantaStyle":7,"Happy Flower":72,"aspiration:Nostalgia":0,"ReplayTheSpireMod:CursedCoin":49,"Astrolabe":38,"Dota2Spire:Dagon":82,"Dota2Spire:ShivaGuard":50,"Dota2Spire:BattleFury":49,"Orichalcum":76,"Question Card":60,"Moonlight_r":45,"Ring of Fury":52,"RedMistMask":72,"LetterFromLob":3,"ReplayTheSpireMod:TigerMarble":72,"aspiration:RitualDagger":60,"Membership Card":76,"REME_ComplimentaryCards":0}]},"card_choices":[{"not_picked":["champ:ShieldSlam","champ:FocusedBerserking"],"picked":"champ:TornadoPunch","floor":3.0},{"not_picked":["champ:Backstep","champ:PreciseThrust","champ:ShieldWall"],"picked":"SKIP","floor":5.0},{"not_picked":["champ:SkillfulDodge","champ:CrookedStrike"],"picked":"champ:EnragedBash","floor":8.0},{"not_picked":["champ:GutPunch","champ:AdrenalArmor"],"picked":"champ:FocusedBerserking","floor":12.0},{"not_picked":["champ:FanOfKnives","champ:RisingSlash"],"picked":"champ:UltimateStance","floor":15.0},{"not_picked":["champ:HoldFirm","champ:SteelEdge"],"picked":"champ:MurderStrike","floor":16.0},{"not_picked":["champ:PerfectedStrike","champ:SkillfulDodge"],"picked":"champ:FanOfKnives+1","floor":19.0},{"not_picked":["champ:CrownThrow","champ:DefensiveShout","champ:AdrenalArmor+1"],"picked":"SKIP","floor":20.0},{"not_picked":["champ:EnragedBash+1","champ:DefensiveShout","champ:RisingSlash+1"],"picked":"SKIP","floor":23.0},{"not_picked":["champ:BerserkersShout","champ:RisingSlash+1","champ:EnGarde"],"picked":"SKIP","floor":25.0},{"not_picked":["champ:RecklessLeap+1","champ:BerserkersShout","champ:GutPunch"],"picked":"SKIP","floor":26.0},{"not_picked":["champ:EnGarde","champ:AdrenalArmor","champ:TornadoPunch+1"],"picked":"SKIP","floor":31.0},{"not_picked":["champ:FancyFootwork","champ:Circumvent","champ:FlashCut"],"picked":"SKIP","floor":32.0},{"not_picked":["champ:SwordThrow","champ:SteelEdge"],"picked":"champ:VampiricStrike","floor":33.0},{"not_picked":["champ:Haymaker+1","champ:SetATrap+1","champ:TornadoPunch"],"picked":"champ:BringItOn+1","floor":36.0},{"not_picked":["champ:Lariat","champ:DefensiveShout","champ:AdrenalArmor","champ:GladiatorStyle"],"picked":"SKIP","floor":38.0},{"not_picked":["champ:FocusedBerserking","champ:GutPunch+1","champ:CrownThrow+1"],"picked":"champ:RapidStrikes+1","floor":40.0},{"not_picked":["champ:DefensiveShout+1","champ:Circumvent+1","champ:PreciseThrust"],"picked":"champ:EnGarde+1","floor":43.0},{"not_picked":["champ:PerfectedStrike","champ:RisingSlash","champ:GutPunch+1","champ:TornadoPunch"],"picked":"SKIP","floor":44.0},{"not_picked":["champ:DancingMaster","champ:FanOfKnives+1","champ:Lariat+1","champ:FlashCut+1"],"picked":"SKIP","floor":45},{"not_picked":["champ:GutPunch","champ:ArenaPreparation","champ:Backstep+1","champ:StanceDance"],"picked":"SKIP","floor":47},{"not_picked":["champ:BringItOn","champ:ShieldSlam","champ:EnragedBash+1","champ:Circumvent"],"picked":"SKIP","floor":49}],"player_experience":198243,"relics_obtained":[{"floor":1.0,"key":"Strawberry"},{"floor":3.0,"key":"LetterFromLob"},{"floor":7.0,"key":"Dota2Spire:MantaStyle"},{"floor":8.0,"key":"Ice Cream"},{"floor":11.0,"key":"Lizard Tail"},{"floor":14.0,"key":"Dream Catcher"},{"floor":22.0,"key":"Potion Belt"},{"floor":24.0,"key":"REME_ArchaeologicalTools"},{"floor":25.0,"key":"Dota2Spire:ShivaGuard"},{"floor":28.0,"key":"Ring of Fury"},{"floor":35.0,"key":"Question Card"},{"floor":39.0,"key":"Dota2Spire:ShadowBlade"},{"floor":40.0,"key":"Happy Flower"},{"floor":40.0,"key":"RedMistMask"},{"floor":41.0,"key":"ReplayTheSpireMod:TigerMarble"}],"event_choices":[{"damage_healed":0.0,"max_hp_gain":0.0,"max_hp_loss":0.0,"gold_gain":0.0,"event_name":"conspire:Investor","player_choice":"Leave","floor":2.0,"gold_loss":0.0,"damage_taken":0.0}],"is_beta":false,"boss_relics":[{"not_picked":["Snecko Eye","aspiration:WatcherSkillbook"],"picked":"Astrolabe"},{"not_picked":["Replay:Ancient Bell","conspire:SpecialSausage"],"picked":"aspiration:RitualDagger"}],"items_purged_floors":[23,44,48],"is_endless":false,"potions_floor_spawned":[12,14,15,19,25,26,31,32,43,45,47],"ascension_level":0}}