{"host":"ifd7sfhtlbe34qll","time":1613023537,"event":{"mods":["2.2 Compatiblity","Act Like it!","Ascension Unlocker","BaseMod","Block Reminder","Colored Map","Curses Come First","Highlight Path","Minty Spire (QoL Compilation)","Potion Indicator Mod","Quick Restart","Random Character Button","Relic Stats","StSLib","SuperFastMode"],"gold_per_floor":[11,11,71,139,149,149,183,19,96,124,38,88,102,152,152,227,227,242,292,342,342,342],"floor_reached":21,"language":"ENG","playtime":1508,"items_purged":["Strike_G"],"score":374,"play_id":"5e17a9d9-4d16-4d67-a8ff-76728e07aba5","local_time":"20210211000537","is_ascension_mode":true,"campfire_choices":[{"data":"Dagger Spray","floor":6.0,"key":"SMITH"},{"floor":15.0,"key":"REST"}],"circlet_count":0,"master_deck":["AscendersBane","Strike_G","Defend_G","Defend_G","Defend_G","Defend_G","Survivor","Neutralize","Footwork","Dagger Spray+1","After Image","Grand Finale+1","Well Laid Plans","Infinite Blades+1","Prepared","Well Laid Plans+1","CurseOfTheBell","Prepared","Concentrate","Leg Sweep"],"relics":["Ring of the Snake","SsserpentHead","The Specimen","Frozen Egg 2","Ancient Tea Set","Calling Bell","Omamori","Eternal Feather","Girya","Necronomicon"],"acts_visited":["Exordium","TheCity"],"potions_floor_usage":[21],"damage_taken":[{"damage":8.0,"enemies":"Jaw Worm","floor":1.0,"turns":8.0},{"damage":8.0,"enemies":"Cultist","floor":3.0,"turns":6.0},{"damage":0.0,"enemies":"Small Slimes","floor":4.0,"turns":6.0},{"damage":3.0,"enemies":"3 Louse","floor":5.0,"turns":4.0},{"damage":26.0,"enemies":"3 Sentries","floor":7.0,"turns":9.0},{"damage":7.0,"enemies":"Lagavulin","floor":10.0,"turns":6.0},{"damage":3.0,"enemies":"Large Slime","floor":13.0,"turns":5.0},{"damage":4.0,"enemies":"Slime Boss","floor":16.0,"turns":6.0},{"damage":14.0,"enemies":"Spheric Guardian","floor":18.0,"turns":7.0},{"damage":20,"enemies":"3 Byrds","floor":21,"turns":2}],"seed_played":"-3934329781668004229","potions_obtained":[{"floor":3.0,"key":"GamblersBrew"},{"floor":4.0,"key":"DuplicationPotion"},{"floor":5.0,"key":"Poison Potion"},{"floor":13.0,"key":"Block Potion"}],"is_trial":false,"path_per_floor":["M","?","M","M","M","R","E","$","T","E","$","?","M","?","R","B",null,"M","?","?","M"],"character_chosen":"THE_SILENT","items_purchased":["Well Laid Plans","Prepared","Swift Potion"],"campfire_rested":1,"item_purchase_floors":[8,11,11],"current_hp_per_floor":[51,51,43,43,40,40,14,14,14,7,7,7,4,4,23,19,54,40,40,19,0,0],"gold":342,"neow_bonus":"REMOVE_TWO","is_daily":false,"chose_seed":false,"campfire_upgraded":1,"win_rate":0.0,"timestamp":1613023537,"path_taken":["M","?","?","?","M","R","E","$","T","E","$","?","M","?","R","BOSS","M","?","?","M"],"items_purchased_type":["Card","Card","Potion"],"build_version":"2020-12-22","purchased_purges":1,"victory":false,"max_hp_per_floor":[66,66,66,66,66,66,66,66,66,66,66,66,66,66,66,66,66,66,66,66,66,66],"relic_stats":{"SsserpentHead":300,"counters":[10,59],"Eternal Feather":0,"Necronomicon":[0],"obtain_stats":[{"Calling Bell":17,"SsserpentHead":2,"Girya":17,"The Specimen":7,"Eternal Feather":17,"Omamori":17,"Necronomicon":20,"Frozen Egg 2":9,"Ancient Tea Set":10,"Ring of the Snake":0},{"Calling Bell":8,"SsserpentHead":1,"Girya":8,"The Specimen":5,"Eternal Feather":8,"Omamori":8,"Necronomicon":9,"Frozen Egg 2":5,"Ancient Tea Set":6,"Ring of the Snake":0},{"Calling Bell":50,"SsserpentHead":8,"Girya":50,"The Specimen":33,"Eternal Feather":50,"Omamori":50,"Necronomicon":57,"Frozen Egg 2":33,"Ancient Tea Set":39,"Ring of the Snake":0}],"Ring of the Snake":[20]},"card_choices":[{"not_picked":["Bane","Backflip","Eviscerate"],"picked":"SKIP","floor":1.0},{"not_picked":["Acrobatics","Deflect"],"picked":"Footwork","floor":3.0},{"not_picked":["Bane","Dodge and Roll"],"picked":"Dagger Spray","floor":4.0},{"not_picked":["Acrobatics","Slice"],"picked":"After Image","floor":5.0},{"not_picked":["Cloak And Dagger","Eviscerate"],"picked":"Grand Finale","floor":7.0},{"not_picked":["Choke","Tactician"],"picked":"Infinite Blades+1","floor":10.0},{"not_picked":["PiercingWail","Underhanded Strike"],"picked":"Well Laid Plans+1","floor":13.0},{"not_picked":["Well Laid Plans+1","Dagger Throw"],"picked":"Prepared","floor":18.0}],"player_experience":1465296,"relics_obtained":[{"floor":7.0,"key":"The Specimen"},{"floor":9.0,"key":"Frozen Egg 2"},{"floor":10.0,"key":"Ancient Tea Set"},{"floor":17.0,"key":"Omamori"},{"floor":17.0,"key":"Eternal Feather"},{"floor":17.0,"key":"Girya"},{"floor":20.0,"key":"Necronomicon"}],"event_choices":[{"damage_healed":0.0,"max_hp_gain":0.0,"max_hp_loss":0.0,"gold_gain":0.0,"event_name":"FaceTrader","player_choice":"Trade","floor":2.0,"gold_loss":0.0,"damage_taken":0.0,"relics_obtained":["SsserpentHead"]},{"damage_healed":0.0,"max_hp_gain":0.0,"max_hp_loss":0.0,"gold_gain":0.0,"event_name":"Shining Light","player_choice":"Ignored","floor":12.0,"gold_loss":0.0,"damage_taken":0.0},{"damage_healed":0.0,"max_hp_gain":0.0,"max_hp_loss":0.0,"gold_gain":0.0,"event_name":"Living Wall","player_choice":"Grow","floor":14.0,"gold_loss":0.0,"damage_taken":0.0,"cards_upgraded":["Grand Finale"]},{"damage_healed":0.0,"max_hp_gain":0.0,"max_hp_loss":0.0,"gold_gain":0.0,"cards_transformed":["Strike_G","Strike_G"],"event_name":"Drug Dealer","player_choice":"Became Test Subject","floor":19.0,"gold_loss":0.0,"damage_taken":0.0,"cards_obtained":["Concentrate","Leg Sweep"]},{"damage_healed":0.0,"max_hp_gain":0.0,"max_hp_loss":0.0,"gold_gain":0.0,"event_name":"Cursed Tome","player_choice":"Obtained Book","floor":20.0,"gold_loss":0.0,"damage_taken":21.0}],"is_beta":false,"boss_relics":[{"not_picked":["WristBlade","Ring of the Serpent"],"picked":"Calling Bell"}],"items_purged_floors":[8],"is_endless":false,"potions_floor_spawned":[3,4,5,13,16],"killed_by":"3 Byrds","ascension_level":20}}