{"host":"d8cz15m779bv9isj","time":1613063117,"event":{"mods":["Aspiration","BaseMod","Colored Map","Colored Powertips","DeckTracker","Downfall","Hermit","Highlight Path","Hubris","Infinite Spire","Minty Spire (QoL Compilation)","Quick Restart","Random Character Button","Relic Sorter","Replay The Spire","StSLib","SuperFastMode","Synergy Search","The Cursed","The Disciple","The Jungle","The Runesmith"],"gold_per_floor":[112,112,122,122,137,169,169,195,195,206,206,239,239,270,270,270,270],"floor_reached":16,"language":"ENG","playtime":560,"items_purged":[],"score":166,"play_id":"72936064-54cb-4b89-a0b6-7edd738082a6","local_time":"20210211180517","is_ascension_mode":true,"campfire_choices":[{"floor":7,"key":"REST"},{"floor":13,"key":"REST"},{"data":"Catalyst","floor":15,"key":"SMITH"}],"circlet_count":0,"master_deck":["Strike_G","Strike_G","Strike_G","Strike_G","Defend_G","Defend_G","Defend_G","Defend_G","Defend_G","Survivor","Neutralize","Poisoned Stab","Deadly Poison","Replay:Bag of Tricks","Catalyst+1","Distraction","Prepared"],"relics":["NeowsBlessing","Sizzling Blood","infinitespire:WardingShard","Orichalcum","ReplayTheSpireMod:Lightbulb","infinitespire:Golems Mask","Darkstone Periapt"],"acts_visited":["Exordium"],"potions_floor_usage":[16],"damage_taken":[{"damage":0,"enemies":"Small Slimes","floor":1,"turns":1},{"damage":0,"enemies":"2 Louse","floor":3,"turns":1},{"damage":0,"enemies":"Cultist","floor":5,"turns":1},{"damage":33,"enemies":"Lagavulin","floor":6,"turns":8},{"damage":32,"enemies":"Gremlin Nob","floor":8,"turns":5},{"damage":5,"enemies":"3 Louse","floor":10,"turns":5},{"damage":11,"enemies":"3 Sentries","floor":12,"turns":11},{"damage":17,"enemies":"Lagavulin","floor":14,"turns":6},{"damage":49,"enemies":"Fading Forest","floor":16,"turns":11}],"seed_played":"-6091651578698374875","potions_obtained":[{"floor":1,"key":"BlessingOfTheForge"},{"floor":6,"key":"Languid Potion"},{"floor":8,"key":"Milkshake"},{"floor":14,"key":"PowerPotion"}],"is_trial":false,"path_per_floor":["M","?","M","?","M","E","R","E","T","M","?","E","R","E","R","B"],"character_chosen":"THE_SILENT","items_purchased":[],"campfire_rested":2,"item_purchase_floors":[],"current_hp_per_floor":[63,63,63,67,71,42,64,36,36,35,38,31,54,41,41,0,0],"gold":270,"neow_bonus":"THREE_ENEMY_KILL","is_daily":false,"chose_seed":false,"campfire_upgraded":1,"win_rate":0.0,"timestamp":1613063117,"path_taken":["M","?","M","?","M","E","R","E","T","M","?","E","R","E","R","BOSS"],"items_purchased_type":[],"build_version":"2020-12-22","purchased_purges":0,"victory":false,"max_hp_per_floor":[70,70,70,74,74,74,74,74,74,74,77,77,77,77,77,77,77],"card_choices":[{"not_picked":["Predator","Dagger Spray"],"picked":"Poisoned Stab","floor":1},{"not_picked":["Sucker Punch","Finisher","Reflex"],"picked":"SKIP","floor":3},{"not_picked":["Reflex","PiercingWail"],"picked":"Deadly Poison","floor":5},{"not_picked":["Eviscerate","Dodge and Roll","Underhanded Strike"],"picked":"SKIP","floor":6},{"not_picked":["Dagger Throw","Draining Mist"],"picked":"Replay:Bag of Tricks","floor":8},{"not_picked":["hubris:SlightOfHand","Flechettes"],"picked":"Catalyst","floor":10},{"not_picked":["Dash","Infinite Blades"],"picked":"Distraction","floor":12},{"not_picked":["hubris:SlightOfHand","Hidden Blade"],"picked":"Prepared","floor":14}],"player_experience":246715,"relics_obtained":[{"floor":6,"key":"infinitespire:WardingShard"},{"floor":8,"key":"Orichalcum"},{"floor":9,"key":"ReplayTheSpireMod:Lightbulb"},{"floor":12,"key":"infinitespire:Golems Mask"},{"floor":14,"key":"Darkstone Periapt"}],"event_choices":[{"cards_removed":["Strike_G"],"damage_healed":0,"gold_gain":0,"player_choice":"Forget","damage_taken":0,"max_hp_gain":0,"max_hp_loss":0,"event_name":"Living Wall","floor":2,"gold_loss":0}],"is_beta":false,"boss_relics":[],"items_purged_floors":[],"is_endless":false,"potions_floor_spawned":[1,6,8,14],"killed_by":"Fading Forest","ascension_level":6}}