{"host":"cjhtzh7tp54jdfyv","time":1613084253,"event":{"mods":["AchievementEnabler","BaseMod","Colored Map","Colored Powertips","Curses Come First","DeckTracker","Minty Spire (QoL Compilation)","RNG Fix","Relic Sorter","Relic Stats","StSLib","UnlockEverythingMod","ojb\u0027s Better Paths Mod","ojb\u0027s Info Mod"],"gold_per_floor":[16,26,26,44,59,88,88,121,148,148,160,160,189,114,114,188,188,198,214,230,250,175,208,225,225,225,253,273,290,319,166,166,243,243,254,264,164,164,180,205,205,219,219,251,251,251,282,299,299,299,299,299,299,15,43,43],"floor_reached":57,"language":"ENG","playtime":4123,"items_purged":["Strike_G","Slice","Defend_G"],"score":3098,"play_id":"d25425ab-101e-4c96-8170-7aff5015f62d","local_time":"20210211175733","is_ascension_mode":true,"campfire_choices":[{"data":"Dagger Spray","floor":7.0,"key":"SMITH"},{"data":"Eviscerate","floor":10.0,"key":"SMITH"},{"data":"Leg Sweep","floor":15.0,"key":"SMITH"},{"floor":25.0,"key":"REST"},{"data":"Strike_G","floor":32.0,"key":"PURGE"},{"floor":41.0,"key":"RECALL"},{"data":"Well Laid Plans","floor":46.0,"key":"SMITH"},{"data":"Slice","floor":49.0,"key":"PURGE"},{"data":"Burst","floor":53.0,"key":"SMITH"}],"circlet_count":0,"master_deck":["AscendersBane","Defend_G","Defend_G","Defend_G","Survivor","Neutralize","Leg Sweep+1","Dagger Spray+1","Masterful Stab","Eviscerate+1","Bullet Time","Phantasmal Killer","Blade Dance+1","Backflip","Corpse Explosion","Eviscerate","Leg Sweep","Underhanded Strike+1","Backflip","After Image","Dodge and Roll+1","Bouncing Flask","Backflip","Tools of the Trade","Terror","Well Laid Plans+1","Bullet Time","Burst+1","Outmaneuver+1","PiercingWail","Adrenaline","Calculated Gamble+1","Bullet Time","Blade Dance+1","Dagger Spray+1","Riddle With Holes","Backflip+1","Leg Sweep","Predator","Blade Dance"],"relics":["Ring of the Snake","Sundial","Nunchaku","Prayer Wheel","MealTicket","Oddly Smooth Stone","Snecko Eye","Lantern","Peace Pipe","Meat on the Bone","Tiny Chest","WristBlade","TungstenRod","White Beast Statue","Blood Vial","HornCleat"],"acts_visited":["Exordium","TheCity","TheBeyond","TheEnding"],"potions_floor_usage":[56,56],"damage_taken":[{"damage":3.0,"enemies":"Cultist","floor":1.0,"turns":5.0},{"damage":1.0,"enemies":"Small Slimes","floor":2.0,"turns":3.0},{"damage":0.0,"enemies":"Jaw Worm","floor":4.0,"turns":3.0},{"damage":1.0,"enemies":"Red Slaver","floor":5.0,"turns":3.0},{"damage":0.0,"enemies":"Lagavulin","floor":6.0,"turns":7.0},{"damage":15.0,"enemies":"3 Sentries","floor":8.0,"turns":7.0},{"damage":0.0,"enemies":"Looter","floor":11.0,"turns":3.0},{"damage":14.0,"enemies":"Gremlin Nob","floor":13.0,"turns":4.0},{"damage":19.0,"enemies":"The Guardian","floor":16.0,"turns":17.0},{"damage":0.0,"enemies":"2 Thieves","floor":18.0,"turns":1.0},{"damage":0.0,"enemies":"3 Byrds","floor":19.0,"turns":2.0},{"damage":0.0,"enemies":"3 Cultists","floor":20.0,"turns":3.0},{"damage":0.0,"enemies":"Snake Plant","floor":21.0,"turns":4.0},{"damage":15.0,"enemies":"Book of Stabbing","floor":23.0,"turns":4.0},{"damage":24.0,"enemies":"Cultist and Chosen","floor":24.0,"turns":5.0},{"damage":0.0,"enemies":"Gremlin Leader","floor":27.0,"turns":4.0},{"damage":0.0,"enemies":"Centurion and Healer","floor":28.0,"turns":3.0},{"damage":0.0,"enemies":"3 Cultists","floor":29.0,"turns":2.0},{"damage":8.0,"enemies":"Book of Stabbing","floor":30.0,"turns":6.0},{"damage":3.0,"enemies":"Champ","floor":33.0,"turns":8.0},{"damage":3.0,"enemies":"3 Shapes","floor":35.0,"turns":3.0},{"damage":0.0,"enemies":"Orb Walker","floor":36.0,"turns":3.0},{"damage":0.0,"enemies":"Sphere and 2 Shapes","floor":39.0,"turns":3.0},{"damage":5.0,"enemies":"Nemesis","floor":40.0,"turns":6.0},{"damage":0.0,"enemies":"Writhing Mass","floor":42.0,"turns":4.0},{"damage":0.0,"enemies":"Giant Head","floor":44.0,"turns":3.0},{"damage":0.0,"enemies":"Reptomancer","floor":47.0,"turns":3.0},{"damage":0.0,"enemies":"Maw","floor":48.0,"turns":4.0},{"damage":25.0,"enemies":"Time Eater","floor":50.0,"turns":5.0},{"damage":17.0,"enemies":"Donu and Deca","floor":51.0,"turns":4.0},{"damage":34.0,"enemies":"Shield and Spear","floor":55.0,"turns":5.0},{"damage":24,"enemies":"The Heart","floor":56,"turns":7}],"seed_played":"-4993093041300237306","potions_obtained":[{"floor":2.0,"key":"SkillPotion"},{"floor":4.0,"key":"Weak Potion"},{"floor":5.0,"key":"Energy Potion"},{"floor":6.0,"key":"SkillPotion"},{"floor":16.0,"key":"Strength Potion"},{"floor":19.0,"key":"Poison Potion"},{"floor":24.0,"key":"Swift Potion"},{"floor":30.0,"key":"AttackPotion"},{"floor":44.0,"key":"Energy Potion"},{"floor":47.0,"key":"Strength Potion"},{"floor":48.0,"key":"DuplicationPotion"},{"floor":55.0,"key":"ColorlessPotion"}],"is_trial":false,"path_per_floor":["M","M","?","M","M","E","R","E","T","R","M","?","E","?","R","B",null,"M","M","M","M","?","E","M","R","T","E","M","M","E","$","R","B",null,"M","M","$","?","M","E","R","M","T","E","?","R","E","M","R","B","B",null,"R","$","E","B",null],"character_chosen":"THE_SILENT","items_purchased":["Bullet Time","SteroidPotion","Predator","Blade Dance"],"campfire_rested":1,"item_purchase_floors":[31,54,54,54],"current_hp_per_floor":[56,55,55,55,54,54,54,39,39,39,39,39,25,25,25,6,51,51,51,51,51,51,36,12,31,31,31,43,43,35,50,50,47,61,58,58,66,66,66,61,61,61,61,61,61,61,61,63,63,38,35,56,56,63,41,31],"gold":43,"neow_bonus":"ONE_RARE_RELIC","is_daily":false,"chose_seed":false,"campfire_upgraded":5,"win_rate":0.0,"timestamp":1613084253,"path_taken":["M","M","?","M","M","E","R","E","T","R","?","?","E","?","R","BOSS","M","M","M","M","?","E","M","R","T","E","M","M","E","$","R","BOSS","M","M","$","?","M","E","R","M","T","E","?","R","E","M","R","BOSS","BOSS","R","$","E","BOSS"],"items_purchased_type":["Card","Potion","Card","Card"],"build_version":"2020-12-22","purchased_purges":3,"victory":true,"max_hp_per_floor":[66,66,66,66,66,66,66,66,66,66,66,66,66,66,66,66,66,66,66,66,66,66,66,66,66,66,66,66,66,66,66,66,66,66,66,66,66,66,66,66,66,66,66,66,63,63,63,63,63,63,63,63,63,63,63,63],"relic_stats":{"counters":[32,144],"Peace Pipe":2,"Blood Vial":6,"Nunchaku":[32],"Sundial":[12],"Snecko Eye":[189,194,204,207],"Prayer Wheel":17,"MealTicket":30,"Tiny Chest":0,"obtain_stats":[{"Lantern":23,"Oddly Smooth Stone":9,"White Beast Statue":44,"Peace Pipe":26,"Blood Vial":47,"Nunchaku":8,"HornCleat":55,"WristBlade":34,"Sundial":13,"Snecko Eye":17,"Prayer Wheel":0,"MealTicket":6,"Tiny Chest":30,"TungstenRod":40,"Ring of the Snake":0,"Meat on the Bone":27},{"Lantern":14,"Oddly Smooth Stone":6,"White Beast Statue":26,"Peace Pipe":15,"Blood Vial":27,"Nunchaku":6,"HornCleat":31,"WristBlade":20,"Sundial":8,"Snecko Eye":9,"Prayer Wheel":0,"MealTicket":5,"Tiny Chest":19,"TungstenRod":24,"Ring of the Snake":0,"Meat on the Bone":16},{"Lantern":66,"Oddly Smooth Stone":28,"White Beast Statue":116,"Peace Pipe":71,"Blood Vial":119,"Nunchaku":28,"HornCleat":137,"WristBlade":94,"Sundial":35,"Snecko Eye":52,"Prayer Wheel":0,"MealTicket":21,"Tiny Chest":86,"TungstenRod":109,"Ring of the Snake":0,"Meat on the Bone":75}],"TungstenRod":17,"Ring of the Snake":[64],"Meat on the Bone":48},"card_choices":[{"not_picked":["Setup","PiercingWail"],"picked":"Slice","floor":1.0},{"not_picked":["Acrobatics","PiercingWail"],"picked":"Leg Sweep","floor":1.0},{"not_picked":["Quick Slash","Cloak And Dagger"],"picked":"Dagger Spray","floor":2.0},{"not_picked":["Poisoned Stab","Underhanded Strike"],"picked":"Slice","floor":2.0},{"not_picked":["Choke","Poisoned Stab","Dagger Spray"],"picked":"SKIP","floor":4.0},{"not_picked":["Caltrops","Accuracy","Cloak And Dagger"],"picked":"SKIP","floor":4.0},{"not_picked":["Underhanded Strike","Catalyst"],"picked":"Eviscerate","floor":5.0},{"not_picked":["Concentrate","Bane"],"picked":"Bullet Time","floor":5.0},{"not_picked":["Choke","Tactician"],"picked":"Phantasmal Killer","floor":6.0},{"not_picked":["Slice","Deflect","Caltrops"],"picked":"SKIP","floor":8.0},{"not_picked":["Poisoned Stab","Caltrops"],"picked":"Blade Dance","floor":11.0},{"not_picked":["Prepared","Deadly Poison","Heel Hook"],"picked":"SKIP","floor":11.0},{"not_picked":["Cloak And Dagger","Poisoned Stab"],"picked":"Backflip","floor":13.0},{"not_picked":["Doppelganger","Malaise"],"picked":"Corpse Explosion","floor":16.0},{"not_picked":["Poisoned Stab","Riddle With Holes"],"picked":"Eviscerate","floor":18.0},{"not_picked":["Outmaneuver","Quick Slash"],"picked":"Leg Sweep","floor":18.0},{"not_picked":["Setup","Riddle With Holes"],"picked":"Underhanded Strike+1","floor":19.0},{"not_picked":["Dagger Spray","Flying Knee"],"picked":"Backflip","floor":19.0},{"not_picked":["Acrobatics","PiercingWail"],"picked":"After Image","floor":20.0},{"not_picked":["Deflect","Slice"],"picked":"Dodge and Roll+1","floor":20.0},{"not_picked":["Quick Slash","All Out Attack+1"],"picked":"Bouncing Flask","floor":21.0},{"not_picked":["Underhanded Strike","Poisoned Stab","Caltrops+1"],"picked":"SKIP","floor":21.0},{"not_picked":["A Thousand Cuts","Grand Finale","Flying Knee"],"picked":"SKIP","floor":23.0},{"not_picked":["Endless Agony","All Out Attack"],"picked":"Backflip","floor":24.0},{"not_picked":["Dagger Throw","Poisoned Stab","Deadly Poison"],"picked":"SKIP","floor":24.0},{"not_picked":["Sucker Punch","Dagger Spray"],"picked":"Tools of the Trade","floor":27.0},{"not_picked":["Dodge and Roll","Expertise","Backstab"],"picked":"SKIP","floor":28.0},{"not_picked":["Bane","Quick Slash","Cloak And Dagger"],"picked":"SKIP","floor":28.0},{"not_picked":["Poisoned Stab","PiercingWail+1"],"picked":"Terror","floor":29.0},{"not_picked":["Slice","Bane","Underhanded Strike"],"picked":"SKIP","floor":29.0},{"not_picked":["Expertise","Glass Knife"],"picked":"Well Laid Plans","floor":30.0},{"not_picked":["Corpse Explosion","Malaise"],"picked":"Burst","floor":33.0},{"not_picked":["Blade Dance+1","PiercingWail"],"picked":"Outmaneuver+1","floor":35.0},{"not_picked":["Slice","Poisoned Stab+1"],"picked":"PiercingWail","floor":35.0},{"not_picked":["Poisoned Stab","Slice"],"picked":"Adrenaline","floor":36.0},{"not_picked":["Setup","Eviscerate","Dagger Spray"],"picked":"SKIP","floor":36.0},{"not_picked":["Leg Sweep+1","Underhanded Strike"],"picked":"Calculated Gamble+1","floor":39.0},{"not_picked":["Quick Slash","Deflect","Heel Hook"],"picked":"SKIP","floor":39.0},{"not_picked":["Sucker Punch","Underhanded Strike"],"picked":"Bullet Time","floor":40.0},{"not_picked":["Catalyst","Crippling Poison+1"],"picked":"Blade Dance+1","floor":42.0},{"not_picked":["Deadly Poison","Slice"],"picked":"Dagger Spray+1","floor":42.0},{"not_picked":["Distraction","Dagger Spray"],"picked":"Riddle With Holes","floor":44.0},{"not_picked":["Choke","Terror"],"picked":"Backflip+1","floor":47.0},{"not_picked":["Deflect","Slice"],"picked":"Leg Sweep","floor":48.0},{"not_picked":["Leg Sweep","Poisoned Stab","Crippling Poison"],"picked":"SKIP","floor":48.0},{"not_picked":["Quick Slash","Eviscerate","Dagger Spray"],"picked":"SKIP","floor":55.0}],"player_experience":4830786,"relics_obtained":[{"floor":6.0,"key":"MealTicket"},{"floor":8.0,"key":"Nunchaku"},{"floor":9.0,"key":"Oddly Smooth Stone"},{"floor":13.0,"key":"Sundial"},{"floor":23.0,"key":"Lantern"},{"floor":26.0,"key":"Peace Pipe"},{"floor":27.0,"key":"Meat on the Bone"},{"floor":30.0,"key":"Tiny Chest"},{"floor":40.0,"key":"TungstenRod"},{"floor":44.0,"key":"White Beast Statue"},{"floor":47.0,"key":"Blood Vial"},{"floor":55.0,"key":"HornCleat"}],"event_choices":[{"damage_healed":0.0,"max_hp_gain":0.0,"max_hp_loss":0.0,"gold_gain":0.0,"cards_transformed":["Strike_G"],"event_name":"Living Wall","player_choice":"Change","floor":3.0,"gold_loss":0.0,"damage_taken":0.0,"cards_obtained":["Masterful Stab"]},{"damage_healed":0.0,"max_hp_gain":0.0,"max_hp_loss":0.0,"gold_gain":0.0,"event_name":"Upgrade Shrine","player_choice":"Upgraded","floor":12.0,"gold_loss":0.0,"damage_taken":0.0,"cards_upgraded":["Blade Dance"]},{"cards_removed":["Strike_G"],"damage_healed":0.0,"max_hp_gain":0.0,"max_hp_loss":0.0,"gold_gain":0.0,"event_name":"The Cleric","player_choice":"Card Removal","floor":14.0,"gold_loss":75.0,"damage_taken":0.0},{"cards_removed":["Strike_G"],"damage_healed":0.0,"max_hp_gain":0.0,"max_hp_loss":0.0,"gold_gain":0.0,"event_name":"Beggar","player_choice":"Gave Gold","floor":22.0,"gold_loss":75.0,"damage_taken":0.0},{"cards_removed":["Defend_G"],"damage_healed":0.0,"max_hp_gain":0.0,"max_hp_loss":0.0,"gold_gain":0.0,"event_name":"Falling","player_choice":"Removed Skill","floor":38.0,"gold_loss":0.0,"damage_taken":0.0},{"damage_healed":0.0,"max_hp_gain":0.0,"max_hp_loss":3.0,"gold_gain":0.0,"event_name":"Winding Halls","player_choice":"Max HP","floor":45.0,"gold_loss":0.0,"damage_taken":0.0}],"is_beta":false,"boss_relics":[{"not_picked":["Sozu","Runic Dome"],"picked":"Snecko Eye"},{"not_picked":["SlaversCollar","Black Star"],"picked":"WristBlade"}],"items_purged_floors":[31,37,54],"is_endless":false,"potions_floor_spawned":[2,4,5,6,16,19,20,24,27,30,44,47,48,55],"ascension_level":20}}