{"host":"wuernuywc9gl215o","time":1613038652,"event":{"mods":["2.2 Compatiblity","AchievementEnabler","BaseMod","Bestiary","Block Reminder","Displayed Cursed Tome","Highlight Path","Key Reminder","Minty Spire (QoL Compilation)","Permanent Neow","Potion Indicator Mod","Quick Restart","Rare Cards Sparkle","Relic Stats","ojb\u0027s Info Mod"],"gold_per_floor":[368,24,39,55,55,82,94,94,118,144,177,177,205,205,205,331,331,349,188,204,119,144,144,184,184,184,184,32,75,75,75],"floor_reached":30,"language":"ENG","playtime":2363,"items_purged":["Clumsy"],"score":461,"play_id":"6c30edc9-b4e9-422b-a925-b7742c02f25a","local_time":"20210211101732","is_ascension_mode":true,"campfire_choices":[{"data":"Sweeping Beam","floor":8.0,"key":"SMITH"},{"floor":12.0,"key":"REST"},{"data":"Chill","floor":15.0,"key":"SMITH"},{"data":"Sunder","floor":23,"key":"SMITH"},{"data":"Loop","floor":25,"key":"SMITH"},{"data":"Zap","floor":27,"key":"SMITH"}],"circlet_count":0,"master_deck":["Strike_B","Strike_B","Strike_B","Strike_B","Defend_B","Defend_B","Defend_B","Defend_B","Zap+1","Dualcast","Chill+1","Sweeping Beam+1","White Noise+1","Conserve Battery+1","Undo+1","Redo+1","Cold Snap","Skim+1","Reboot+1","Go for the Eyes+1","Leap+1","Chaos+1","Loop+1","Sunder+1","Tempest+1","White Noise+1","Seek+1","Redo+1","Leap+1","Darkness+1","Lockon"],"relics":["Cracked Core","Toxic Egg 2","DataDisk","WingedGreaves","Juzu Bracelet","MealTicket","Oddly Smooth Stone","Boot","Golden Idol","Philosopher\u0027s Stone","Centennial Puzzle","Bottled Tornado","Bronze Scales","Orrery","Pantograph"],"acts_visited":["Exordium","TheCity"],"potions_floor_usage":[24],"damage_taken":[{"damage":1.0,"enemies":"Cultist","floor":1.0,"turns":3.0},{"damage":7.0,"enemies":"Small Slimes","floor":3.0,"turns":3.0},{"damage":0.0,"enemies":"2 Louse","floor":4.0,"turns":2.0},{"damage":12.0,"enemies":"Lagavulin","floor":6.0,"turns":7.0},{"damage":0.0,"enemies":"Gremlin Gang","floor":7.0,"turns":3.0},{"damage":0.0,"enemies":"3 Sentries","floor":10.0,"turns":6.0},{"damage":17.0,"enemies":"Gremlin Nob","floor":11.0,"turns":4.0},{"damage":14.0,"enemies":"Lagavulin","floor":13.0,"turns":6.0},{"damage":0.0,"enemies":"The Guardian","floor":16.0,"turns":13.0},{"damage":9.0,"enemies":"Spheric Guardian","floor":18.0,"turns":6.0},{"damage":4.0,"enemies":"2 Thieves","floor":20.0,"turns":4.0},{"damage":0,"enemies":"Cultist and Chosen","floor":22,"turns":6},{"damage":15,"enemies":"Gremlin Leader","floor":24,"turns":6},{"damage":19,"enemies":"Slavers","floor":29,"turns":3},{"damage":54,"enemies":"Gremlin Leader","floor":30,"turns":7}],"seed_played":"-8876718492547858203","potions_obtained":[{"floor":1.0,"key":"SpeedPotion"},{"floor":6.0,"key":"Block Potion"},{"floor":11.0,"key":"Swift Potion"},{"floor":13.0,"key":"SteroidPotion"},{"floor":20.0,"key":"Block Potion"},{"floor":29,"key":"Strength Potion"}],"is_trial":false,"path_per_floor":["M","$","M","M","T","E","M","R","T","E","E","R","E","?","R","B",null,"M","$","M","?","M","R","E","R","T","R","$","E","E"],"character_chosen":"DEFECT","items_purchased":["Toxic Egg 2","Sweeping Beam","Leap+1","Chaos+1","Loop","Orrery"],"campfire_rested":1,"item_purchase_floors":[2,2,19,19,19,28],"current_hp_per_floor":[74,74,67,67,67,55,55,55,55,55,38,60,46,46,46,46,63,54,69,65,65,65,65,50,50,50,50,65,46,0,0],"gold":75,"neow_bonus":"TWO_FIFTY_GOLD","is_daily":false,"chose_seed":false,"campfire_upgraded":5,"win_rate":0.0,"timestamp":1613038652,"path_taken":["M","$","M","M","?","E","M","R","T","E","E","R","E","?","R","BOSS","M","$","M","?","M","R","E","R","T","R","$","E","E"],"items_purchased_type":["Relic","Card","Card","Card","Card","Relic"],"build_version":"2020-12-22","purchased_purges":1,"victory":false,"max_hp_per_floor":[75,75,75,75,75,75,75,75,75,75,75,75,75,69,69,69,69,69,69,69,69,69,69,69,69,69,69,69,69,69,69],"relic_stats":{"Centennial Puzzle":[9],"counters":[15,79],"Golden Idol":54,"Bronze Scales":[54],"Pantograph":0,"MealTicket":30,"Juzu Bracelet":0,"Boot":[9],"obtain_stats":[{"Golden Idol":14,"Oddly Smooth Stone":11,"Juzu Bracelet":9,"Bottled Tornado":24,"Boot":13,"DataDisk":5,"Centennial Puzzle":21,"Bronze Scales":26,"Pantograph":29,"Orrery":28,"MealTicket":10,"Philosopher\u0027s Stone":17,"WingedGreaves":6,"Toxic Egg 2":2,"Cracked Core":0},{"Golden Idol":8,"Oddly Smooth Stone":7,"Juzu Bracelet":5,"Bottled Tornado":13,"Boot":8,"DataDisk":3,"Centennial Puzzle":11,"Bronze Scales":13,"Pantograph":14,"Orrery":13,"MealTicket":6,"Philosopher\u0027s Stone":9,"WingedGreaves":4,"Toxic Egg 2":1,"Cracked Core":0},{"Golden Idol":34,"Oddly Smooth Stone":28,"Juzu Bracelet":18,"Bottled Tornado":69,"Boot":34,"DataDisk":8,"Centennial Puzzle":57,"Bronze Scales":69,"Pantograph":72,"Orrery":69,"MealTicket":24,"Philosopher\u0027s Stone":47,"WingedGreaves":15,"Toxic Egg 2":3,"Cracked Core":0}]},"card_choices":[{"not_picked":["Self Repair","Gash"],"picked":"Chill","floor":1.0},{"not_picked":["Cold Snap","Conserve Battery+1"],"picked":"White Noise+1","floor":3.0},{"not_picked":["Steam+1","Hello World"],"picked":"Conserve Battery+1","floor":4.0},{"not_picked":["Streamline","Scrape"],"picked":"Undo+1","floor":6.0},{"not_picked":["Go for the Eyes","Beam Cell"],"picked":"Redo+1","floor":7.0},{"not_picked":["Storm","Steam Power+1"],"picked":"Cold Snap","floor":10.0},{"not_picked":["Scrape","Sweeping Beam","Rebound"],"picked":"SKIP","floor":11.0},{"not_picked":["Capacitor","Reprogram+1"],"picked":"Skim+1","floor":13.0},{"not_picked":["Meteor Strike","Seek+1"],"picked":"Reboot+1","floor":16.0},{"not_picked":["Turbo+1","Gash+1"],"picked":"Go for the Eyes+1","floor":18.0},{"not_picked":["Scrape+1","Steam+1"],"picked":"Sunder","floor":20.0},{"not_picked":["Coolheaded+1","Blizzard"],"picked":"Tempest+1","floor":22},{"not_picked":["Cold Snap","Melter+1"],"picked":"White Noise+1","floor":24},{"not_picked":["Beam Cell","Go for the Eyes"],"picked":"Seek+1","floor":28},{"not_picked":["Meteor Strike","Coolheaded+1"],"picked":"Redo+1","floor":28},{"not_picked":["Cold Snap","Loop"],"picked":"Leap+1","floor":28},{"not_picked":["Go for the Eyes","Rebound"],"picked":"Darkness+1","floor":28},{"not_picked":["Stack+1","Recycle+1"],"picked":"Lockon","floor":29}],"player_experience":909110,"relics_obtained":[{"floor":5.0,"key":"DataDisk"},{"floor":6.0,"key":"WingedGreaves"},{"floor":9.0,"key":"Juzu Bracelet"},{"floor":10.0,"key":"MealTicket"},{"floor":11.0,"key":"Oddly Smooth Stone"},{"floor":13.0,"key":"Boot"},{"floor":24,"key":"Bottled Tornado"},{"floor":26,"key":"Bronze Scales"},{"floor":29,"key":"Pantograph"}],"event_choices":[{"damage_healed":0.0,"max_hp_gain":0.0,"max_hp_loss":6.0,"gold_gain":0.0,"event_name":"Golden Idol","player_choice":"Lose Max HP","floor":14.0,"gold_loss":0.0,"damage_taken":0.0,"relics_obtained":["Golden Idol"]},{"damage_healed":0.0,"max_hp_gain":0.0,"max_hp_loss":0.0,"gold_gain":0.0,"event_name":"Addict","player_choice":"Obtained Relic","floor":21.0,"gold_loss":85.0,"damage_taken":0.0,"relics_obtained":["Centennial Puzzle"]}],"is_beta":false,"boss_relics":[{"not_picked":["Inserter","Calling Bell"],"picked":"Philosopher\u0027s Stone"}],"items_purged_floors":[2],"is_endless":false,"potions_floor_spawned":[1,6,11,13,20,29],"killed_by":"Gremlin Leader","ascension_level":5}}