{"host":"mnpd8gh7cwxsn5kh","time":1613058030,"event":{"mods":["BaseMod","Bestiary","Block Reminder","Colored Map","Colored Powertips","Highlight Path","Minty Spire (QoL Compilation)","Relic Sorter","Relic Stats"],"gold_per_floor":[114,134,146,166,166,191,191,116,116,148,148,160,160,176,176,248,248,261,186,186,202,202,202,202,236,236,246,246,93,126,56,56,133,133,162,174,206,272,294,337,360,372,384,424,291,291,48,48,48,48],"floor_reached":51,"language":"ENG","playtime":3780,"items_purged":["Strike_R","Strike_R"],"score":1277,"play_id":"3fdc7b30-487c-4821-906f-3e3ab5f88968","local_time":"20210211164030","is_ascension_mode":true,"campfire_choices":[{"data":"Armaments","floor":7,"key":"SMITH"},{"data":"Hemokinesis","floor":11,"key":"SMITH"},{"data":"Shrug It Off","floor":13,"key":"SMITH"},{"floor":15,"key":"REST"},{"data":"Double Tap","floor":23,"key":"SMITH"},{"data":"Spot Weakness","floor":32,"key":"SMITH"},{"data":"Disarm","floor":42,"key":"SMITH"},{"floor":49,"key":"REST"}],"circlet_count":0,"master_deck":["AscendersBane","Defend_R","Defend_R","Defend_R","Bash","Warcry","Hemokinesis+1","Shrug It Off+1","Double Tap+1","Shrug It Off","Twin Strike+1","Reaper+1","Spot Weakness+1","Disarm","Fiend Fire+1","Hemokinesis+1","Twin Strike+1","Clothesline+1","Immolate+1","Power Through","Uppercut+1","Impervious","CurseOfTheBell","Impervious","Burning Pact+1","Fire Breathing+1","Disarm","Feel No Pain+1","Disarm+1","Flame Barrier","Shrug It Off","Exhume","Metallicize+1","Ghostly Armor"],"relics":["Burning Blood","Pen Nib","Molten Egg 2","Turnip","Velvet Choker","Enchiridion","Bag of Preparation","Darkstone Periapt","Red Skull","Calling Bell","MawBank","Frozen Egg 2","WingedGreaves","Champion Belt","Centennial Puzzle","Pear","Omamori"],"acts_visited":["Exordium","TheCity","TheBeyond"],"potions_floor_usage":[6,14,18,27,50],"damage_taken":[{"damage":0,"enemies":"Cultist","floor":1,"turns":3},{"damage":2,"enemies":"Jaw Worm","floor":2,"turns":4},{"damage":10,"enemies":"2 Louse","floor":3,"turns":3},{"damage":13,"enemies":"Looter","floor":4,"turns":2},{"damage":6,"enemies":"Gremlin Nob","floor":6,"turns":2},{"damage":32,"enemies":"3 Sentries","floor":10,"turns":10},{"damage":2,"enemies":"3 Louse","floor":12,"turns":4},{"damage":11,"enemies":"Large Slime","floor":14,"turns":6},{"damage":36,"enemies":"Hexaghost","floor":16,"turns":12},{"damage":4,"enemies":"Chosen","floor":18,"turns":4},{"damage":14,"enemies":"2 Thieves","floor":21,"turns":4},{"damage":28,"enemies":"Book of Stabbing","floor":25,"turns":5},{"damage":4,"enemies":"Shelled Parasite and Fungi","floor":27,"turns":6},{"damage":23,"enemies":"Gremlin Leader","floor":30,"turns":6},{"damage":33,"enemies":"Automaton","floor":33,"turns":6},{"damage":0,"enemies":"3 Darklings","floor":35,"turns":1},{"damage":10,"enemies":"3 Shapes","floor":37,"turns":4},{"damage":63,"enemies":"2 Orb Walkers","floor":38,"turns":6},{"damage":22,"enemies":"Maw","floor":39,"turns":7},{"damage":13,"enemies":"Nemesis","floor":40,"turns":5},{"damage":0,"enemies":"Jaw Worm Horde","floor":41,"turns":2},{"damage":41,"enemies":"Giant Head","floor":44,"turns":9},{"damage":32,"enemies":"Time Eater","floor":50,"turns":20}],"seed_played":"5513715552257949437","potions_obtained":[{"floor":2,"key":"FearPotion"},{"floor":3,"key":"DistilledChaos"},{"floor":4,"key":"LiquidMemories"},{"floor":14,"key":"SneckoOil"},{"floor":16,"key":"AttackPotion"},{"floor":18,"key":"Ancient Potion"},{"floor":21,"key":"Strength Potion"},{"floor":25,"key":"SpeedPotion"},{"floor":37,"key":"Energy Potion"},{"floor":39,"key":"BloodPotion"}],"is_trial":false,"path_per_floor":["M","M","M","M","?","E","R","$","T","E","R","M","R","M","R","B",null,"M","?","?","M","?","R","?","E","T","M","?","$","E","$","R","B",null,"M","?","M","?","M","E","M","R","T","E","$","?","$","?","R","B",null],"character_chosen":"IRONCLAD","items_purchased":["Immolate+1","Uppercut+1","Shrug It Off","Exhume","Metallicize+1","Ghostly Armor"],"campfire_rested":2,"item_purchase_floors":[29,31,45,47,47,47],"current_hp_per_floor":[68,68,64,57,51,51,51,51,51,25,25,29,29,24,44,14,55,67,67,51,63,51,51,51,29,29,39,39,39,46,46,46,56,75,79,79,75,28,36,45,51,51,61,45,45,45,45,45,70,49],"gold":48,"neow_bonus":"TRANSFORM_TWO_CARDS","is_daily":false,"chose_seed":false,"campfire_upgraded":6,"win_rate":0.0,"timestamp":1613058030,"path_taken":["M","M","M","?","?","E","R","$","T","E","R","?","R","M","R","BOSS","M","?","?","M","?","R","?","E","T","M","?","?","E","$","R","BOSS","M","?","M","?","M","E","M","R","T","E","$","?","?","?","R","BOSS"],"items_purchased_type":["Card","Card","Card","Card","Card","Card"],"build_version":"2020-12-22","purchased_purges":2,"victory":true,"max_hp_per_floor":[68,68,68,68,68,68,68,68,68,68,68,68,68,68,68,68,68,68,68,68,68,73,73,73,73,73,73,73,73,73,73,73,73,79,79,79,79,79,79,79,79,79,89,89,89,89,89,85,85,85],"relic_stats":{"Darkstone Periapt":6,"Centennial Puzzle":[6],"counters":[23,131],"Pen Nib":[18],"Turnip":[3],"Bag of Preparation":[22],"Champion Belt":[12],"MawBank":132,"obtain_stats":[{"Darkstone Periapt":26,"Pear":43,"Velvet Choker":17,"Enchiridion":20,"Pen Nib":6,"Bag of Preparation":25,"Omamori":44,"Frozen Egg 2":34,"MawBank":34,"Burning Blood":0,"Calling Bell":34,"Centennial Puzzle":40,"Molten Egg 2":9,"Turnip":10,"WingedGreaves":34,"Champion Belt":38,"Red Skull":30},{"Darkstone Periapt":12,"Pear":21,"Velvet Choker":9,"Enchiridion":10,"Pen Nib":5,"Bag of Preparation":12,"Omamori":22,"Frozen Egg 2":15,"MawBank":15,"Burning Blood":0,"Calling Bell":15,"Centennial Puzzle":20,"Molten Egg 2":5,"Turnip":6,"WingedGreaves":15,"Champion Belt":18,"Red Skull":14},{"Darkstone Periapt":59,"Pear":102,"Velvet Choker":46,"Enchiridion":50,"Pen Nib":14,"Bag of Preparation":59,"Omamori":111,"Frozen Egg 2":77,"MawBank":77,"Burning Blood":0,"Calling Bell":77,"Centennial Puzzle":100,"Molten Egg 2":14,"Turnip":24,"WingedGreaves":77,"Champion Belt":88,"Red Skull":71}],"Burning Blood":126},"card_choices":[{"not_picked":["Flex","Pommel Strike"],"picked":"Armaments","floor":1},{"not_picked":["Cleave","Anger"],"picked":"Hemokinesis","floor":2},{"not_picked":["Clash","Wild Strike"],"picked":"Shrug It Off","floor":3},{"not_picked":["Flex","Body Slam"],"picked":"Double Tap","floor":4},{"not_picked":["Wild Strike","Pommel Strike","Warcry"],"picked":"SKIP","floor":6},{"not_picked":["Blood for Blood+1","Bloodletting"],"picked":"Shrug It Off","floor":10},{"not_picked":["Anger+1","Dropkick+1"],"picked":"Twin Strike+1","floor":12},{"not_picked":["Heavy Blade+1","Perfected Strike+1","Armaments"],"picked":"SKIP","floor":14},{"not_picked":["Bludgeon+1","Barricade"],"picked":"Reaper+1","floor":16},{"not_picked":["Wild Strike+1","Body Slam+1"],"picked":"Spot Weakness","floor":18},{"not_picked":["Spot Weakness","Body Slam+1"],"picked":"Disarm","floor":21},{"not_picked":["Havoc","Searing Blow+1"],"picked":"Twin Strike+1","floor":25},{"not_picked":["Sever Soul+1","Seeing Red"],"picked":"Clothesline+1","floor":27},{"not_picked":["Corruption","Twin Strike+1"],"picked":"Power Through","floor":30},{"not_picked":["Fiend Fire+1","Berserk"],"picked":"Impervious","floor":33},{"not_picked":["Heavy Blade+1","True Grit"],"picked":"Impervious","floor":35},{"not_picked":["Clash+1","Reckless Charge+1"],"picked":"Burning Pact+1","floor":37},{"not_picked":["Ghostly Armor","Inflame+1"],"picked":"Fire Breathing+1","floor":38},{"not_picked":["Anger+1","Fire Breathing+1"],"picked":"Disarm","floor":39},{"not_picked":["Cleave+1","Perfected Strike+1"],"picked":"Feel No Pain+1","floor":40},{"not_picked":["Anger+1","Whirlwind+1"],"picked":"Disarm","floor":41},{"not_picked":["Warcry","Wild Strike+1"],"picked":"Flame Barrier","floor":44}],"player_experience":451849,"relics_obtained":[{"floor":6,"key":"Pen Nib"},{"floor":9,"key":"Molten Egg 2"},{"floor":10,"key":"Turnip"},{"floor":20,"key":"Enchiridion"},{"floor":25,"key":"Bag of Preparation"},{"floor":26,"key":"Darkstone Periapt"},{"floor":30,"key":"Red Skull"},{"floor":34,"key":"MawBank"},{"floor":34,"key":"Frozen Egg 2"},{"floor":34,"key":"WingedGreaves"},{"floor":38,"key":"Champion Belt"},{"floor":40,"key":"Centennial Puzzle"},{"floor":43,"key":"Pear"},{"floor":44,"key":"Omamori"}],"event_choices":[{"damage_healed":0,"gold_gain":0,"player_choice":"Damaged","damage_taken":6,"max_hp_gain":0,"max_hp_loss":0,"event_name":"Wheel of Change","floor":5,"gold_loss":0},{"cards_removed":["Anger"],"damage_healed":0,"gold_gain":0,"player_choice":"Gave Gold","damage_taken":0,"max_hp_gain":0,"max_hp_loss":0,"event_name":"Beggar","floor":19,"gold_loss":75},{"damage_healed":0,"gold_gain":0,"player_choice":"Obtained Book","damage_taken":16,"max_hp_gain":0,"max_hp_loss":0,"event_name":"Cursed Tome","floor":20,"gold_loss":0},{"damage_healed":0,"gold_gain":0,"player_choice":"Shed Blood","damage_taken":17,"max_hp_gain":5,"max_hp_loss":0,"event_name":"Forgotten Altar","floor":22,"gold_loss":0},{"damage_healed":0,"gold_gain":0,"cards_transformed":["Defend_R","Strike_R"],"player_choice":"Became Test Subject","damage_taken":0,"max_hp_gain":0,"max_hp_loss":0,"event_name":"Drug Dealer","floor":24,"gold_loss":0,"cards_obtained":["Fiend Fire","Hemokinesis"]},{"damage_healed":0,"gold_gain":0,"player_choice":"Ignored","damage_taken":0,"max_hp_gain":0,"max_hp_loss":0,"event_name":"Vampires","floor":28,"gold_loss":0},{"cards_removed":["Armaments"],"damage_healed":0,"gold_gain":0,"player_choice":"Removed Skill","damage_taken":0,"max_hp_gain":0,"max_hp_loss":0,"event_name":"Falling","floor":36,"gold_loss":0},{"damage_healed":0,"gold_gain":0,"player_choice":"Fight","damage_taken":0,"max_hp_gain":0,"max_hp_loss":0,"event_name":"Mysterious Sphere","floor":38,"gold_loss":0},{"damage_healed":0,"gold_gain":0,"player_choice":"Ignored","damage_taken":0,"max_hp_gain":0,"max_hp_loss":0,"event_name":"Tomb of Lord Red Mask","floor":46,"gold_loss":0},{"damage_healed":0,"gold_gain":0,"player_choice":"Max HP","damage_taken":0,"max_hp_gain":0,"max_hp_loss":4,"event_name":"Winding Halls","floor":48,"gold_loss":0}],"is_beta":false,"boss_relics":[{"not_picked":["Cursed Key","Tiny House"],"picked":"Velvet Choker"},{"not_picked":["Black Star","Runic Cube"],"picked":"Calling Bell"}],"items_purged_floors":[8,45],"is_endless":false,"potions_floor_spawned":[2,3,4,14,16,18,21,25,37,39,44],"ascension_level":14}}