{"host":"11728qvdvolffudn","time":1613078909,"event":{"mods":["BaseMod","Block Reminder","Colored Powertips","Curses Come First","Custom Start","Displayed Cursed Tome","Highlight Path","Minty Spire (QoL Compilation)","Permanent Neow","Quick Restart","Rare Cards Sparkle","Relic Stats","StSLib","Weighted Paths"],"gold_per_floor":[109,59,71,88,136,136,163,163,163,163,189,199,209,242,242,341,341,358,268,218,236,186,186,202,202,282,282,298,298,317,317,317,317,317],"floor_reached":33,"language":"ENG","playtime":5540,"items_purged":["Strike_R","Strike_R"],"score":318,"play_id":"e2c8bd39-ca26-4dee-ba6a-d147620d4911","local_time":"20210211212829","is_ascension_mode":true,"campfire_choices":[{"data":"Immolate","floor":6,"key":"SMITH"},{"data":"Whirlwind","floor":8,"key":"SMITH"},{"data":"Infernal Blade","floor":10,"key":"SMITH"},{"data":"Whirlwind","floor":15,"key":"SMITH"},{"data":"Defend_R","floor":23,"key":"SMITH"},{"data":"Defend_R","floor":25,"key":"SMITH"},{"data":"Defend_R","floor":27,"key":"SMITH"},{"data":"Defend_R","floor":29,"key":"SMITH"},{"data":"Bash","floor":32,"key":"SMITH"}],"circlet_count":0,"master_deck":["Strike_R+1","Defend_R+1","Defend_R+1","Defend_R+1","Defend_R+1","Bash+1","Immolate+1","Infernal Blade+1","Battle Trance","Whirlwind+1","Whirlwind+1","Shrug It Off"],"relics":["Burning Blood","Smiling Mask","Champion Belt","Darkstone Periapt","Ancient Tea Set","Boot","Shuriken"],"acts_visited":["Exordium","TheCity"],"potions_floor_usage":[30,33,33],"damage_taken":[{"damage":11,"enemies":"2 Louse","floor":1,"turns":3},{"damage":4,"enemies":"Jaw Worm","floor":3,"turns":4},{"damage":2,"enemies":"Small Slimes","floor":4,"turns":2},{"damage":15,"enemies":"3 Sentries","floor":7,"turns":5},{"damage":18,"enemies":"Gremlin Nob","floor":11,"turns":3},{"damage":0,"enemies":"Gremlin Gang","floor":12,"turns":1},{"damage":3,"enemies":"Blue Slaver","floor":13,"turns":3},{"damage":15,"enemies":"Lagavulin","floor":14,"turns":5},{"damage":21,"enemies":"Slime Boss","floor":16,"turns":7},{"damage":8,"enemies":"3 Byrds","floor":18,"turns":3},{"damage":25,"enemies":"2 Thieves","floor":21,"turns":3},{"damage":22,"enemies":"Snake Plant","floor":24,"turns":4},{"damage":0,"enemies":"3 Cultists","floor":28,"turns":2},{"damage":0,"enemies":"Snecko","floor":30,"turns":2},{"damage":95,"enemies":"Collector","floor":33,"turns":7}],"seed_played":"4133824705551592288","potions_obtained":[{"floor":3,"key":"ColorlessPotion"},{"floor":4,"key":"ElixirPotion"},{"floor":7,"key":"Fire Potion"},{"floor":14,"key":"Explosive Potion"},{"floor":30,"key":"BloodPotion"}],"is_trial":false,"path_per_floor":["M","?","M","M","T","R","E","R","T","R","E","M","M","E","R","B",null,"M","?","$","M","$","R","M","R","T","R","M","R","M","?","R","B"],"character_chosen":"IRONCLAD","items_purchased":[],"campfire_rested":0,"item_purchase_floors":[],"current_hp_per_floor":[75,75,77,80,80,80,71,71,71,71,59,65,68,59,59,44,80,78,78,78,59,59,59,43,43,43,43,49,49,55,55,55,0,0],"gold":317,"neow_bonus":"ONE_RANDOM_RARE_CARD","is_daily":false,"chose_seed":false,"campfire_upgraded":9,"win_rate":0.0,"timestamp":1613078909,"path_taken":["M","?","M","M","?","R","E","R","T","R","E","M","M","E","R","BOSS","M","?","$","M","$","R","M","R","T","R","?","R","M","?","R","BOSS"],"items_purchased_type":[],"build_version":"2020-12-22","purchased_purges":2,"victory":false,"max_hp_per_floor":[80,80,80,80,80,80,80,80,80,80,80,80,80,80,80,80,80,80,80,80,80,80,80,80,80,80,80,80,80,80,80,80,80,80],"relic_stats":{"Darkstone Periapt":0,"counters":[15,54],"Shuriken":[0],"Champion Belt":[9],"Smiling Mask":75,"Boot":[11],"obtain_stats":[{"Darkstone Periapt":9,"Shuriken":26,"Champion Belt":7,"Smiling Mask":5,"Ancient Tea Set":11,"Boot":14,"Burning Blood":0},{"Darkstone Periapt":4,"Shuriken":12,"Champion Belt":4,"Smiling Mask":3,"Ancient Tea Set":5,"Boot":8,"Burning Blood":0},{"Darkstone Periapt":14,"Shuriken":43,"Champion Belt":14,"Smiling Mask":9,"Ancient Tea Set":17,"Boot":26,"Burning Blood":0}],"Burning Blood":83},"card_choices":[{"not_picked":["Headbutt","Sever Soul"],"picked":"Infernal Blade","floor":1},{"not_picked":["Iron Wave","Pommel Strike","Metallicize"],"picked":"SKIP","floor":3},{"not_picked":["Thunderclap","Rampage"],"picked":"Battle Trance","floor":4},{"not_picked":["Burning Pact","Rupture"],"picked":"Whirlwind","floor":7},{"not_picked":["Shockwave","Intimidate"],"picked":"Whirlwind","floor":11},{"not_picked":["Reckless Charge","Headbutt"],"picked":"Shrug It Off","floor":12},{"not_picked":["Clash","Heavy Blade","Anger"],"picked":"SKIP","floor":13},{"not_picked":["Reaper","Fire Breathing","Anger"],"picked":"SKIP","floor":14},{"not_picked":["Wild Strike","Heavy Blade","Twin Strike+1"],"picked":"SKIP","floor":18},{"not_picked":["Perfected Strike","Iron Wave","Dark Embrace"],"picked":"SKIP","floor":21},{"not_picked":["True Grit","Thunderclap","Feel No Pain"],"picked":"SKIP","floor":24},{"not_picked":["Wild Strike+1","Seeing Red+1","Sword Boomerang+1"],"picked":"SKIP","floor":28},{"not_picked":["Pommel Strike","True Grit","Wild Strike"],"picked":"SKIP","floor":30}],"player_experience":196094,"relics_obtained":[{"floor":5,"key":"Smiling Mask"},{"floor":7,"key":"Champion Belt"},{"floor":9,"key":"Darkstone Periapt"},{"floor":11,"key":"Ancient Tea Set"},{"floor":14,"key":"Boot"},{"floor":26,"key":"Shuriken"}],"event_choices":[{"cards_removed":["Strike_R"],"damage_healed":0,"gold_gain":0,"player_choice":"Card Removal","damage_taken":0,"max_hp_gain":0,"max_hp_loss":0,"event_name":"The Cleric","floor":2,"gold_loss":50},{"cards_removed":["Strike_R"],"damage_healed":0,"gold_gain":0,"player_choice":"Upgrade and Remove","damage_taken":0,"max_hp_gain":0,"max_hp_loss":0,"event_name":"Designer","floor":19,"gold_loss":90,"cards_upgraded":["Strike_R"]},{"damage_healed":0,"gold_gain":0,"player_choice":"Ignored","damage_taken":0,"max_hp_gain":0,"max_hp_loss":0,"event_name":"Vampires","floor":31,"gold_loss":0}],"is_beta":false,"boss_relics":[{"not_picked":[]}],"items_purged_floors":[20,22],"is_endless":false,"potions_floor_spawned":[3,4,7,14,16,21,28,30],"killed_by":"Collector","ascension_level":4}}