{"host":"pke0xxyzw0teju56","time":1613080974,"event":{"mods":["BaseMod","Bestiary","Colored Powertips","Highlight Path","Minty Spire (QoL Compilation)","Relic Stats","Slay the Relics Exporter","StSLib","ojb\u0027s Info Mod"],"gold_per_floor":[369,43,43,67,32,65,77,89,101,133,145,172,184,196,196],"floor_reached":14,"language":"ENG","playtime":285,"items_purged":["Writhe"],"score":176,"play_id":"d3d9fa52-e55e-4528-9c05-962a32fb43ec","local_time":"20210211170254","is_ascension_mode":true,"campfire_choices":[{"floor":8,"key":"REST"},{"data":"Bouncing Flask","floor":11,"key":"SMITH"}],"circlet_count":0,"master_deck":["AscendersBane","Strike_G","Strike_G","Strike_G","Strike_G","Defend_G","Defend_G+1","Defend_G","Defend_G","Defend_G","Survivor","Neutralize","Bouncing Flask+1","Infinite Blades","PiercingWail","Wraith Form v2+1","Footwork","PiercingWail+1"],"relics":["Ring of the Snake","ClockworkSouvenir","Golden Idol","MawBank","Toxic Egg 2"],"acts_visited":["Exordium"],"potions_floor_usage":[4,14],"damage_taken":[{"damage":0,"enemies":"Jaw Worm","floor":1,"turns":5},{"damage":0,"enemies":"2 Louse","floor":4,"turns":2},{"damage":26,"enemies":"Lagavulin","floor":6,"turns":6},{"damage":2,"enemies":"Small Slimes","floor":10,"turns":5},{"damage":3,"enemies":"2 Fungi Beasts","floor":12,"turns":5},{"damage":21,"enemies":"3 Sentries","floor":14,"turns":5}],"seed_played":"-6579149649096858244","potions_obtained":[{"floor":1,"key":"AttackPotion"},{"floor":12,"key":"SpeedPotion"}],"is_trial":false,"path_per_floor":["M","$","?","M","?","E","?","R","T","M","R","M","?","E"],"character_chosen":"THE_SILENT","items_purchased":["Infinite Blades","ClockworkSouvenir"],"campfire_rested":1,"item_purchase_floors":[2,2],"current_hp_per_floor":[59,59,36,36,52,26,6,25,25,23,23,20,13,0,0],"gold":196,"neow_bonus":"TWO_FIFTY_GOLD","is_daily":false,"chose_seed":false,"campfire_upgraded":1,"win_rate":0.0,"timestamp":1613080974,"path_taken":["M","$","?","M","?","E","?","R","T","M","R","M","?","E"],"items_purchased_type":["Card","Relic"],"build_version":"2020-12-22","purchased_purges":1,"victory":false,"max_hp_per_floor":[66,66,66,66,66,66,66,66,66,66,66,66,66,66,66],"relic_stats":{"counters":[6,28],"Golden Idol":19,"MawBank":96,"obtain_stats":[{"Golden Idol":3,"Toxic Egg 2":9,"MawBank":6,"Ring of the Snake":0,"ClockworkSouvenir":2},{"Golden Idol":1,"Toxic Egg 2":3,"MawBank":3,"Ring of the Snake":0,"ClockworkSouvenir":1},{"Golden Idol":5,"Toxic Egg 2":13,"MawBank":13,"Ring of the Snake":0,"ClockworkSouvenir":5}],"Ring of the Snake":[12]},"card_choices":[{"not_picked":["Slice","Blade Dance"],"picked":"Bouncing Flask","floor":1},{"not_picked":["Prepared","Dagger Throw"],"picked":"PiercingWail","floor":4},{"not_picked":["Eviscerate","Deflect"],"picked":"Wraith Form v2","floor":6},{"not_picked":["PiercingWail+1","Escape Plan+1"],"picked":"Footwork","floor":10},{"not_picked":["Setup+1","Outmaneuver+1"],"picked":"PiercingWail+1","floor":12}],"player_experience":5331265,"relics_obtained":[{"floor":6,"key":"MawBank"},{"floor":9,"key":"Toxic Egg 2"}],"event_choices":[{"damage_healed":0,"gold_gain":0,"player_choice":"Take Damage","damage_taken":23,"relics_obtained":["Golden Idol"],"max_hp_gain":0,"max_hp_loss":0,"event_name":"Golden Idol","floor":3,"gold_loss":0},{"damage_healed":16,"gold_gain":0,"player_choice":"Healed","damage_taken":0,"max_hp_gain":0,"max_hp_loss":0,"event_name":"The Cleric","floor":5,"gold_loss":35},{"damage_healed":0,"gold_gain":0,"player_choice":"Entered Light","damage_taken":20,"max_hp_gain":0,"max_hp_loss":0,"event_name":"Shining Light","floor":7,"gold_loss":0,"cards_upgraded":["Defend_G","Wraith Form v2"]},{"cards_removed":["Strike_G"],"damage_healed":0,"gold_gain":0,"player_choice":"Card Removal","damage_taken":7,"max_hp_gain":0,"max_hp_loss":0,"event_name":"Golden Wing","floor":13,"gold_loss":0}],"is_beta":false,"boss_relics":[],"items_purged_floors":[2],"is_endless":false,"potions_floor_spawned":[1,12],"killed_by":"3 Sentries","ascension_level":20}}