{"host":"mgc7o2tpy0ck407l","time":1613054510,"event":{"mods":["Alarm Clock","BaseMod","Better Altar","Better Match","Better Note","Better Sensory Stone","Better Skull","Better Third Choice","Better Vampires","BetterRewards","Block Reminder","Bossed Relics","Challenge The Spire","Colored Map","Colored Powertips","Curses Come First","DeckTracker","Disable Question Mark Monsters","Displayed Cursed Tome","Infinite Spire","Key Reminder","Minty Spire (QoL Compilation)","Permanent Neow","Quick Restart","Rare Cards Sparkle","Relic Sorter","Reliquary","Reorder Act Four","Replay The Spire","Shop Mod","Spicy Shops","StSLib","SuperFastMode","Transform Curses","Unceasing Turn Reminder"],"gold_per_floor":[117,117,117,34,53,53,53,78,78,78,104,117,130,155,155,253,253,269,286,211,211,311,311,311,311,311,311,346,361,361,371,371,468,468,508,54,70,86,105,146,146,165,235,265,365,404,441,483,483,483,483,134,134,170,170],"floor_reached":56,"language":"ENG","playtime":1994,"items_purged":["Regret","Pride","Strike_R"],"score":1605,"play_id":"91e687b8-3ec8-4291-878b-3e0593f438a5","local_time":"20210211094150","is_ascension_mode":true,"campfire_choices":[{"data":"Armaments","floor":6.0,"key":"SMITH"},{"data":"Bash","floor":10.0,"key":"SMITH"},{"data":"Body Slam","floor":15.0,"key":"SMITH"},{"data":"Iron Wave","floor":23,"key":"SMITH"},{"data":"Thunderclap","floor":25,"key":"SMITH"},{"floor":27,"key":"RECALL"},{"data":"Defend_R","floor":30,"key":"SMITH"},{"data":"infinitespire:OneForAll","floor":32,"key":"PURGE"},{"data":"Limit Break","floor":41,"key":"PURGE"},{"data":"Strike_R","floor":49,"key":"PURGE"},{"data":"Strike_R","floor":53,"key":"PURGE"}],"circlet_count":0,"master_deck":["Strike_R","Strike_R","Defend_R","Defend_R","Defend_R","Defend_R+1","Bash+1","Thunderclap+1","Replay:Undeath\u0027s Touch+1","Armaments+1","Iron Wave+1","Body Slam+1","Body Slam+1","Hemogenesis+1","Juggernaut+1","Juggernaut+1","Juggernaut+1","Hemogenesis","ReplayUltimateDefense+1","ReplayReversal+1","ReplayTheSpireMod:Haul","Apotheosis+1"],"relics":["Burning Blood","Potion Belt","Eternal Feather","ReplayTheSpireMod:Shallot","Nunchaku","Champion Belt","Runic Pyramid","DollysMirror","Philosopher\u0027s Stone","Golden Egg","InkBottle","infinitespire:EvilPickle","Electric Blood","Peace Pipe","Shuriken","Incense Burner","Membership Card","ReplayTheSpireMod:Ninjato","Replay:Kaleidoscope"],"acts_visited":["Exordium","TheCity","TheBeyond","TheEnding"],"potions_floor_usage":[28,28,45,45,45,45,55],"damage_taken":[{"damage":2.0,"enemies":"2 Louse","floor":1.0,"turns":3.0},{"damage":0.0,"enemies":"Small Slimes","floor":5.0,"turns":3.0},{"damage":25.0,"enemies":"Lagavulin","floor":8.0,"turns":5.0},{"damage":3.0,"enemies":"Gremlin Nob","floor":11.0,"turns":3.0},{"damage":2.0,"enemies":"Jaw Worm","floor":12.0,"turns":3.0},{"damage":8.0,"enemies":"Looter","floor":13.0,"turns":3.0},{"damage":11.0,"enemies":"3 Sentries","floor":14.0,"turns":8.0},{"damage":76.0,"enemies":"Slime Boss","floor":16.0,"turns":16.0},{"damage":8.0,"enemies":"Chosen","floor":18.0,"turns":5.0},{"damage":21.0,"enemies":"3 Byrds","floor":19.0,"turns":9.0},{"damage":21,"enemies":"Slavers","floor":28,"turns":4},{"damage":32,"enemies":"3 Cultists","floor":29,"turns":5},{"damage":21,"enemies":"Snake Plant","floor":31,"turns":3},{"damage":34,"enemies":"Pondfish","floor":33,"turns":7},{"damage":20,"enemies":"3 Shapes","floor":35,"turns":4},{"damage":10,"enemies":"Orb Walker","floor":37,"turns":3},{"damage":53,"enemies":"Spire Growth","floor":38,"turns":5},{"damage":28,"enemies":"Writhing Mass","floor":39,"turns":4},{"damage":105,"enemies":"Nightmare","floor":40,"turns":7},{"damage":17,"enemies":"Maw","floor":42,"turns":4},{"damage":9,"enemies":"Spire Growth","floor":44,"turns":3},{"damage":12,"enemies":"infinitespire:Three Voidlings","floor":45,"turns":2},{"damage":64,"enemies":"Nightmare_Alpha","floor":45,"turns":7},{"damage":9,"enemies":"Sphere and 2 Shapes","floor":46,"turns":3},{"damage":11,"enemies":"4 Shapes","floor":47,"turns":3},{"damage":29,"enemies":"Jaw Worm Horde","floor":48,"turns":3},{"damage":30,"enemies":"infinitespire:MassOfShapes","floor":50,"turns":6},{"damage":16,"enemies":"Shield and Spear","floor":54,"turns":4},{"damage":62,"enemies":"The Heart","floor":55,"turns":7}],"seed_played":"8160157083528689627","potions_obtained":[{"floor":1.0,"key":"GamblersBrew"},{"floor":5.0,"key":"Weak Potion"},{"floor":13.0,"key":"DistilledChaos"},{"floor":14.0,"key":"Milkshake"},{"floor":16.0,"key":"SmokeBomb"},{"floor":18.0,"key":"Reflective Coating"},{"floor":29,"key":"ElixirPotion"},{"floor":31,"key":"Venom Potion"},{"floor":37,"key":"Energy Potion"},{"floor":44,"key":"Adrenaline Potion"},{"floor":45,"key":"LiquidBronze"}],"is_trial":false,"path_per_floor":["M","?","?","$","M","R","?","E","T","R","E","M","M","E","R","B",null,"M","M","?","?","?","R","AVR","R","T","R","E","M","R","M","R_BF","B",null,"M","$","M","M","M","NM","R","M","T","M","?","M","M","M","R","B",null,"$","R","E","B",null],"character_chosen":"IRONCLAD","items_purchased":["Armaments","ReplayUltimateDefense","Peace Pipe","Membership Card","ReplayTheSpireMod:Ninjato","Apotheosis"],"campfire_rested":0,"item_purchase_floors":[4,36,36,52,52,52],"current_hp_per_floor":[80,80,80,80,80,80,80,61,61,70,73,77,75,70,79,9,80,78,63,63,63,63,75,75,80,80,80,80,65,77,62,74,78,80,80,80,80,80,80,78,80,69,69,80,80,80,80,57,69,80,80,80,80,80,80],"gold":170,"neow_bonus":"THREE_CARDS","is_daily":false,"chose_seed":false,"campfire_upgraded":6,"win_rate":0.0,"timestamp":1613054510,"path_taken":["M","?","?","$","M","R","?","E","T","R","E","M","M","E","R","BOSS","M","M","?","?","?","R","AVR","R","T","R","E","M","R","M","R_BF","BOSS","M","$","M","M","M","NM","R","M","T","M","?","M","M","M","R","BOSS","$","R","E","BOSS"],"items_purchased_type":["Card","Card","Relic","Relic","Relic","Card"],"build_version":"2020-12-22","purchased_purges":3,"victory":true,"max_hp_per_floor":[80,80,80,80,80,80,80,80,80,80,80,80,80,80,80,80,80,80,80,80,80,80,80,80,80,80,80,80,80,80,80,80,80,80,80,80,80,80,80,80,80,80,80,80,80,80,80,80,80,80,80,80,80,80,80],"card_choices":[{"not_picked":["Headbutt","True Grit"],"picked":"Thunderclap","floor":0.0},{"not_picked":["Thunderclap","ReplayTheSpireMod:Corrosion Curse"],"picked":"Replay:Undeath\u0027s Touch","floor":1.0},{"not_picked":["Flex","Intimidate"],"picked":"Iron Wave","floor":5.0},{"not_picked":["Run Through","Evolve","Wild Strike"],"picked":"SKIP","floor":8.0},{"not_picked":["Dark Embrace","Anger"],"picked":"Limit Break","floor":11.0},{"not_picked":["Thunderclap","ReplayReversal"],"picked":"infinitespire:OneForAll","floor":12.0},{"not_picked":["Uppercut","Cleave","Wild Strike"],"picked":"SKIP","floor":13.0},{"not_picked":["Rage","Heavy Blade"],"picked":"Body Slam","floor":14.0},{"not_picked":["Feel No Pain","Clash","Sword Boomerang"],"picked":"SKIP","floor":18.0},{"not_picked":["Iron Wave","Cleave"],"picked":"Body Slam","floor":19.0},{"not_picked":["Bludgeon+1","Exhume+1"],"picked":"Hemogenesis+1","floor":20},{"not_picked":["Impervious+1","Bludgeon+1"],"picked":"Juggernaut+1","floor":20},{"not_picked":["Berserk+1","Offering+1"],"picked":"Juggernaut+1","floor":20},{"not_picked":["Carnage","Limit Break","Bludgeon"],"picked":"SKIP","floor":28},{"not_picked":["Clash","Cleave+1","Sentinel"],"picked":"SKIP","floor":29},{"not_picked":["ReplayTheSpireMod:Corrosion Curse","Sword Boomerang","Warcry+1"],"picked":"SKIP","floor":31},{"not_picked":["Exhume","Eclipse"],"picked":"Hemogenesis","floor":33},{"not_picked":["Sword Boomerang","Run Through","Cleave+1"],"picked":"SKIP","floor":35},{"not_picked":["Thunderclap","Pummel","Run Through"],"picked":"SKIP","floor":37},{"not_picked":["Pommel Strike+1","Body Slam+1","Clash"],"picked":"SKIP","floor":38},{"not_picked":["Warcry","Massacre","Pommel Strike+1"],"picked":"SKIP","floor":39},{"not_picked":["Defy Death","Impervious"],"picked":"ReplayReversal+1","floor":40},{"not_picked":["Twin Strike","Clothesline","Rampage"],"picked":"SKIP","floor":42},{"not_picked":["Shockwave","Pommel Strike","Wild Strike"],"picked":"SKIP","floor":44},{"not_picked":["infinitespire:Oblivion","infinitespire:DeathsTouch"],"picked":"ReplayTheSpireMod:Haul","floor":45},{"not_picked":["ReplayTheSpireMod:Strike From Hell+1","Pummel+1","infinitespire:OneForAll"],"picked":"SKIP","floor":46},{"not_picked":["Wild Strike","Clothesline+1","ReplayTheSpireMod:Strike From Hell+1"],"picked":"SKIP","floor":47},{"not_picked":["Body Slam+1","Warcry+1","Infernal Blade"],"picked":"SKIP","floor":48},{"not_picked":["Blood for Blood","Thunderclap+1","Wild Strike+1"],"picked":"SKIP","floor":54}],"player_experience":768400,"relics_obtained":[{"floor":8.0,"key":"Eternal Feather"},{"floor":9.0,"key":"ReplayTheSpireMod:Shallot"},{"floor":11.0,"key":"Nunchaku"},{"floor":14.0,"key":"Champion Belt"},{"floor":26,"key":"Golden Egg"},{"floor":28,"key":"InkBottle"},{"floor":40,"key":"Shuriken"},{"floor":45,"key":"Incense Burner"},{"floor":54,"key":"Replay:Kaleidoscope"}],"event_choices":[{"damage_healed":0.0,"max_hp_gain":0.0,"max_hp_loss":0.0,"gold_gain":0.0,"event_name":"Big Fish","player_choice":"Box","floor":3.0,"gold_loss":0.0,"damage_taken":0.0,"relics_obtained":["Potion Belt"],"cards_obtained":["Regret"]},{"damage_healed":0.0,"max_hp_gain":0.0,"max_hp_loss":0.0,"gold_gain":0.0,"event_name":"Living Wall","player_choice":"Grow","floor":7.0,"gold_loss":0.0,"damage_taken":0.0,"cards_upgraded":["Replay:Undeath\u0027s Touch"]},{"damage_healed":0,"gold_gain":0,"player_choice":"3","damage_taken":0,"max_hp_gain":0,"max_hp_loss":0,"event_name":"betterMatch:BetterMatch","floor":20,"gold_loss":0,"cards_obtained":["betterMatch:RareCard"]},{"damage_healed":0,"gold_gain":0,"player_choice":"Forge","damage_taken":0,"max_hp_gain":0,"max_hp_loss":0,"event_name":"Accursed Blacksmith","floor":21,"gold_loss":0,"cards_upgraded":["Body Slam"]},{"damage_healed":0,"gold_gain":100,"player_choice":"Pray","damage_taken":0,"max_hp_gain":0,"max_hp_loss":0,"event_name":"Golden Shrine","floor":22,"gold_loss":0}],"is_beta":false,"boss_relics":[{"not_picked":["Snecko Eye","Ring of Chaos"],"picked":"Runic Pyramid"},{"not_picked":["Velvet Choker","Cursed Key"],"picked":"Electric Blood"}],"items_purged_floors":[24,52,52],"is_endless":false,"potions_floor_spawned":[1,5,13,14,16,18,29,31,37,38,39,44,45,45],"ascension_level":1}}