{"host":"vc42n08di9czm3e7","time":1613081189,"event":{"mods":["AchievementEnabler","Act Like it!","BaseMod","Colored Powertips","Downfall","Friendly Minions","GifTheSpireLib","Minty Spire (QoL Compilation)","Rare Cards Sparkle","StSLib"],"gold_per_floor":[99,143,143,143,191,202,250,266,301,48,78,97,97,97,117,212,212,112,130,145,145,145,145],"floor_reached":21,"language":"ENG","playtime":1365,"items_purged":[],"score":191,"play_id":"abf6fcd9-e2b4-428f-ae7e-eb56904b7b5a","local_time":"20210211170629","is_ascension_mode":false,"campfire_choices":[{"floor":18,"key":"RECALL"}],"circlet_count":0,"master_deck":["sneckomod:TailWhip","sneckomod:SnekBite","sneckomod:Unknown","Wish+1","Guardian:Gem_Green","sneckomod:UnendingSupply+1","sneckomod:PureSnecko","sneckomod:SlitherStrike","sneckomod:SoulDraw","sneckomod:Mudshield","expansioncontent:QuickStudy","sneckomod:QuickMove","sneckomod:UnknownStrength","sneckomod:UnknownBlock","CutThroughFate","sneckomod:SlitherStrike","sneckomod:Nope","sneckomod:SerpentMind","sneckomod:UnknownBoss","sneckomod:Unknown1Cost","sneckomod:ImprovisedGuard","sneckomod:UnknownRareSkill","sneckomod:UnknownUncommonPower","sneckomod:SoulDraw","sneckomod:UnknownWeak+1"],"relics":["sneckomod:SneckoSoul","Centennial Puzzle","sneckomod:LoadedDie","Shuriken","Pandora\u0027s Box","downfall:HeartBlessingGreen"],"acts_visited":["Exordium","TheCity"],"potions_floor_usage":[9,11,11,19],"damage_taken":[{"damage":4,"enemies":"2 Louse","floor":2,"turns":4},{"damage":6,"enemies":"Cultist","floor":5,"turns":4},{"damage":16,"enemies":"Jaw Worm","floor":6,"turns":5},{"damage":6,"enemies":"Large Slime","floor":8,"turns":5},{"damage":14,"enemies":"Gremlin Nob","floor":9,"turns":3},{"damage":0,"enemies":"downfall:FleeingMerchant","floor":10,"turns":4},{"damage":8,"enemies":"Lagavulin","floor":11,"turns":5},{"damage":5,"enemies":"3 Louse","floor":12,"turns":2},{"damage":10,"enemies":"Exordium Thugs","floor":15,"turns":5},{"damage":8,"enemies":"SI_SHIV_ARCHETYPE","floor":16,"turns":8},{"damage":53,"enemies":"3 Byrds","floor":19,"turns":6},{"damage":40,"enemies":"Cultist and Chosen","floor":20,"turns":8},{"damage":0,"enemies":"Shelled Parasite and Fungi","floor":21,"turns":1}],"seed_played":"-3865878494979860989","potions_obtained":[{"floor":5,"key":"ColorlessPotion"},{"floor":6,"key":"champ:CounterPotion"},{"floor":8,"key":"sneckomod:DiceRollPotion"},{"floor":12,"key":"sneckomod:OffclassReductionPotion"},{"floor":19,"key":"hexamod:SoulburnPotion"}],"is_trial":false,"path_per_floor":["R","M","?","?","M","M","T","M","E","$","E","M","R","?","M","B",null,"R","M","M","M"],"character_chosen":"THE_SNECKO","items_purchased":["expansioncontent:QuickStudy","sneckomod:QuickMove"],"campfire_rested":0,"item_purchase_floors":[10,10],"current_hp_per_floor":[90,86,91,91,85,69,69,63,49,49,41,36,36,36,26,18,95,95,42,2,2,2,2],"gold":145,"neow_bonus":"UPGRADE_CARD","is_daily":false,"chose_seed":false,"campfire_upgraded":0,"win_rate":0.0,"timestamp":1613081189,"path_taken":["R","M","?","?","M","M","T","M","E","$","E","?","R","?","M","BOSS","R","M","M","M"],"items_purchased_type":["Card","Card"],"build_version":"2020-12-22","purchased_purges":0,"victory":false,"max_hp_per_floor":[90,90,95,95,95,95,95,95,95,95,95,95,95,95,95,95,95,95,95,95,95,95,95],"card_choices":[{"not_picked":["Guardian:Gem_Cyan","Guardian:Gem_Lightblue"],"picked":"Guardian:Gem_Green","floor":2},{"not_picked":["sneckomod:Unknown0Cost","sneckomod:UnknownCommonAttack"],"picked":"sneckomod:UnendingSupply","floor":2},{"not_picked":["sneckomod:UnknownStrike","sneckomod:Unknown1Cost"],"picked":"sneckomod:PureSnecko","floor":5},{"not_picked":["sneckomod:Nope","sneckomod:PureSnecko"],"picked":"sneckomod:UnknownDraw","floor":6},{"not_picked":["sneckomod:UnknownUncommonAttack","sneckomod:Unknown1Cost"],"picked":"sneckomod:SlitherStrike","floor":8},{"not_picked":["sneckomod:Unknown1Cost","sneckomod:UnknownCommonAttack"],"picked":"sneckomod:SoulDraw","floor":9},{"not_picked":["sneckomod:UnknownUncommonPower","sneckomod:UnknownCommonAttack"],"picked":"sneckomod:Mudshield","floor":10},{"not_picked":["sneckomod:Unknown1Cost","sneckomod:MasterEye"],"picked":"sneckomod:UnknownStrength","floor":11},{"not_picked":["sneckomod:SoulRoll","sneckomod:SnekBeam"],"picked":"sneckomod:UnknownBlock","floor":12},{"not_picked":["sneckomod:UnknownCommonAttack","sneckomod:RainOfDice"],"picked":"sneckomod:Nope","floor":15},{"not_picked":["sneckomod:DangerNoodle","sneckomod:GlitteringGambit"],"picked":"sneckomod:SerpentMind","floor":16},{"not_picked":["sneckomod:SoulRoll","sneckomod:UnknownCommonAttack"],"picked":"sneckomod:UnknownWeak+1","floor":19},{"not_picked":["sneckomod:UnknownCommonAttack","sneckomod:UnknownClassGUARDIAN","sneckomod:UnknownDraw"],"picked":"SKIP","floor":20}],"player_experience":309005,"relics_obtained":[{"floor":7,"key":"Centennial Puzzle"},{"floor":9,"key":"sneckomod:LoadedDie"},{"floor":11,"key":"Shuriken"}],"event_choices":[{"damage_healed":0,"gold_gain":0,"player_choice":"Donut","damage_taken":0,"max_hp_gain":5,"max_hp_loss":0,"event_name":"Big Fish","floor":3,"gold_loss":0}],"is_beta":false,"boss_relics":[{"not_picked":["SacredBark","Snecko Eye"],"picked":"Pandora\u0027s Box"}],"items_purged_floors":[],"is_endless":false,"potions_floor_spawned":[5,6,8,12,19],"killed_by":"Shelled Parasite and Fungi","ascension_level":0}}