{"host":"ak97kadm4gobvh6l","time":1613071502,"event":{"mods":["BaseMod","Colored Map","Downfall","Minty Spire (QoL Compilation)","StSLib"],"gold_per_floor":[99,110,120,120,131,150,174,190,6,156,156,181,198,198,198,198],"floor_reached":14,"language":"ENG","playtime":1298,"items_purged":[],"score":106,"play_id":"2ae8dad0-6b35-408a-b0a8-12eff29320e8","local_time":"20210211202502","is_ascension_mode":true,"campfire_choices":[{"data":"champ:Taunt","floor":1,"key":"SMITH"},{"floor":11,"key":"REST"}],"circlet_count":0,"master_deck":["champ:Strike","champ:Strike","champ:Defend","champ:Defend","champ:Defend","champ:Execute","champ:Taunt+1","champ:BerserkersShout","champ:ShieldSlam","downfall:Bewildered","champ:ViciousMockery","champ:RageSigil","champ:StanceDance","champ:GutPunch","champ:VampiricStrike","champ:StanceDance","downfall:Icky","champ:TornadoPunch","champ:Backstep"],"relics":["champ:ChampionCrown","PreservedInsect","Dream Catcher"],"acts_visited":["Exordium"],"potions_floor_usage":[3],"damage_taken":[{"damage":27,"enemies":"Jaw Worm","floor":2,"turns":4},{"damage":40,"enemies":"Cultist","floor":3,"turns":5},{"damage":17,"enemies":"2 Louse","floor":5,"turns":4},{"damage":62,"enemies":"Exordium Wildlife","floor":6,"turns":6},{"damage":101,"enemies":"Large Slime","floor":8,"turns":10},{"damage":35,"enemies":"downfall:FleeingMerchant","floor":9,"turns":4},{"damage":70,"enemies":"Gremlin Nob","floor":12,"turns":4},{"damage":10,"enemies":"3 Louse","floor":13,"turns":3},{"damage":45,"enemies":"Lagavulin","floor":14,"turns":5}],"seed_played":"-6789673369817751709","potions_obtained":[{"floor":2,"key":"FearPotion"},{"floor":13,"key":"Ancient Potion"}],"is_trial":false,"path_per_floor":["R","M","M","?","M","M","T","M","$","?","R","E","M","E"],"character_chosen":"THE_CHAMP","items_purchased":["champ:VampiricStrike","champ:StanceDance"],"campfire_rested":1,"item_purchase_floors":[9,9],"current_hp_per_floor":[99,92,87,87,85,63,63,32,32,32,61,21,21,0,0,0],"gold":198,"neow_bonus":"TEN_PERCENT_HP_BONUS","is_daily":false,"chose_seed":false,"campfire_upgraded":1,"win_rate":0.0,"timestamp":1613071502,"path_taken":["R","M","M","?","?","M","T","?","$","?","R","E","M","E"],"items_purchased_type":["Card","Card"],"build_version":"2020-12-22","purchased_purges":0,"victory":false,"max_hp_per_floor":[99,99,99,99,99,99,99,99,99,99,99,99,99,99,99,99],"card_choices":[{"not_picked":["champ:ShieldSigil","champ:BringItOn"],"picked":"champ:BerserkersShout","floor":2},{"not_picked":["champ:CrownThrow","champ:SkillfulDodge"],"picked":"champ:ShieldSlam","floor":3},{"not_picked":["champ:BerserkersShout","champ:TornadoPunch"],"picked":"champ:ViciousMockery","floor":5},{"not_picked":["champ:DefensiveStyle","champ:RapidStrikes"],"picked":"champ:RageSigil","floor":6},{"not_picked":["champ:BringItOn","champ:ArenaPreparation"],"picked":"champ:StanceDance","floor":8},{"not_picked":["champ:PerfectedStrike","champ:HeartStrike"],"picked":"champ:GutPunch","floor":9},{"not_picked":["champ:IgnorePain","champ:Lariat"],"picked":"champ:TornadoPunch","floor":12},{"not_picked":["champ:FaceSlap","champ:ShieldSlam"],"picked":"champ:Backstep","floor":13}],"player_experience":1102368,"relics_obtained":[{"floor":7,"key":"PreservedInsect"},{"floor":12,"key":"Dream Catcher"}],"event_choices":[],"is_beta":false,"boss_relics":[],"items_purged_floors":[],"is_endless":false,"potions_floor_spawned":[2,13],"killed_by":"Lagavulin","ascension_level":3}}