{"host":"86nc795wsqxyrbm0","time":1613002073,"event":{"mods":["AchievementEnabler","BaseMod","Colored Map","Duelist Mod","Minty Spire (QoL Compilation)","StSLib"],"gold_per_floor":[117,267,141,151,161,196,196,196,267,267,267],"floor_reached":10,"language":"ENG","playtime":1189,"items_purged":["Doubt"],"score":116,"play_id":"77be0c98-eadd-4df9-b449-9b090a4b03b5","local_time":"20210211000753","is_ascension_mode":true,"campfire_choices":[{"floor":7,"key":"REST"}],"circlet_count":0,"master_deck":["AscendersBane","Strike_R","Strike_R","Strike_R","Strike_R","Defend_R","Defend_R","Defend_R","Defend_R","Bash","Body Slam","Disarm","Rage"],"relics":["Burning Blood","Red Skull","Question Card"],"acts_visited":["Exordium"],"potions_floor_usage":[4,10],"damage_taken":[{"damage":8,"enemies":"2 Louse","floor":1,"turns":3},{"damage":0,"enemies":"Cultist","floor":4,"turns":4},{"damage":6,"enemies":"Jaw Worm","floor":5,"turns":5},{"damage":67,"enemies":"3 Sentries","floor":6,"turns":15},{"damage":38,"enemies":"Gremlin Nob","floor":10,"turns":4}],"seed_played":"4968083827863953111","potions_obtained":[{"floor":1,"key":"FearPotion"},{"floor":6,"key":"ColorlessPotion"}],"is_trial":false,"path_per_floor":["M","?","$","M","M","E","R","?","T","E"],"character_chosen":"IRONCLAD","items_purchased":["Body Slam"],"campfire_rested":1,"item_purchase_floors":[3],"current_hp_per_floor":[73,73,73,79,79,18,42,35,35,0,0],"gold":267,"neow_bonus":"TEN_PERCENT_HP_BONUS","is_daily":false,"chose_seed":false,"campfire_upgraded":0,"win_rate":0.0,"timestamp":1613002073,"path_taken":["M","?","$","M","M","E","R","?","T","E"],"items_purchased_type":["Card"],"build_version":"2020-12-22","purchased_purges":1,"victory":false,"max_hp_per_floor":[82,82,82,82,82,82,82,82,82,82,82],"card_choices":[{"not_picked":["Searing Blow","Havoc","Perfected Strike"],"picked":"SKIP","floor":1},{"not_picked":["Wild Strike","Twin Strike"],"picked":"Disarm","floor":4},{"not_picked":["Iron Wave","Feel No Pain"],"picked":"Rage","floor":5},{"not_picked":["Havoc","Bloodletting","Impervious"],"picked":"SKIP","floor":6}],"player_experience":554207,"relics_obtained":[{"floor":6,"key":"Red Skull"},{"floor":9,"key":"Question Card"}],"event_choices":[{"damage_healed":0,"gold_gain":150,"player_choice":"AGREE","damage_taken":0,"max_hp_gain":0,"max_hp_loss":0,"event_name":"Liars Game","floor":2,"gold_loss":0,"cards_obtained":["Doubt"]},{"cards_removed":["Strike_R"],"damage_healed":0,"gold_gain":0,"player_choice":"Card Removal","damage_taken":7,"max_hp_gain":0,"max_hp_loss":0,"event_name":"Golden Wing","floor":8,"gold_loss":0}],"is_beta":false,"boss_relics":[],"items_purged_floors":[3],"is_endless":false,"potions_floor_spawned":[1,6],"killed_by":"Gremlin Nob","ascension_level":15}}