{"host":"pqs17sqrgflf4eqa","time":1613082648,"event":{"mods":["AchievementEnabler","BaseMod","Bestiary","Better Altar","Colored Map","Colored Powertips","Emptier Cage","Googly Eyes","Highlight Path","Minty Spire (QoL Compilation)","Quick Restart","StSLib","SuperFastMode","Transform Curses","slay the spire mod where everything is the same but ironclad has a cowboy hat"],"gold_per_floor":[113,113,133,143,157,157,186,186,212,1,32,45,45,74,74,74,74],"floor_reached":16,"language":"ENG","playtime":368,"items_purged":[],"score":181,"play_id":"93149030-9a0b-4f7d-89dc-85f91260c700","local_time":"20210211173048","is_ascension_mode":true,"campfire_choices":[{"data":"Neutralize","floor":6.0,"key":"SMITH"},{"data":"Deadly Poison","floor":8.0,"key":"SMITH"},{"data":"Backstab","floor":15.0,"key":"SMITH"}],"circlet_count":0,"master_deck":["Strike_G","Strike_G","Strike_G","Strike_G","Strike_G","Defend_G","Defend_G","Defend_G","Defend_G","Defend_G","Survivor","Neutralize+1","Envenom+1","Slice","PiercingWail","Dagger Throw","Deadly Poison+1","PiercingWail","Backstab+1","Wraith Form v2","Backstab","Skewer"],"relics":["Ring of the Snake","Pen Nib","PreservedInsect","HandDrill","Nunchaku","SsserpentHead","Lantern"],"acts_visited":["Exordium"],"potions_floor_usage":[16],"damage_taken":[{"damage":1.0,"enemies":"Jaw Worm","floor":1.0,"turns":3.0},{"damage":0.0,"enemies":"Cultist","floor":3.0,"turns":3.0},{"damage":12.0,"enemies":"Small Slimes","floor":4.0,"turns":4.0},{"damage":3.0,"enemies":"Blue Slaver","floor":5.0,"turns":4.0},{"damage":21.0,"enemies":"Gremlin Nob","floor":7.0,"turns":5.0},{"damage":0.0,"enemies":"Lagavulin","floor":11.0,"turns":2.0},{"damage":0.0,"enemies":"Exordium Wildlife","floor":12.0,"turns":3.0},{"damage":15.0,"enemies":"3 Sentries","floor":14.0,"turns":5.0},{"damage":24,"enemies":"Slime Boss","floor":16,"turns":7}],"seed_played":"789980378305128757","potions_obtained":[{"floor":1.0,"key":"LiquidMemories"},{"floor":4.0,"key":"ColorlessPotion"},{"floor":7.0,"key":"CunningPotion"},{"floor":12.0,"key":"Energy Potion"}],"is_trial":false,"path_per_floor":["M","?","M","M","M","R","E","R","T","$","E","M","?","E","R","B"],"character_chosen":"THE_SILENT","items_purchased":["Backstab","HandDrill"],"campfire_rested":0,"item_purchase_floors":[10,10],"current_hp_per_floor":[69,69,69,57,54,54,33,33,33,33,33,33,33,18,18,0,0],"gold":74,"neow_bonus":"ONE_RANDOM_RARE_CARD","is_daily":false,"chose_seed":false,"campfire_upgraded":3,"win_rate":0.0,"timestamp":1613082648,"path_taken":["M","?","M","?","M","R","E","R","T","?","E","M","?","E","R","BOSS"],"items_purchased_type":["Card","Relic"],"build_version":"2020-12-22","purchased_purges":0,"victory":false,"max_hp_per_floor":[70,70,70,70,70,70,70,70,70,70,70,70,70,70,70,70,70],"card_choices":[{"not_picked":["Flechettes","Backflip"],"picked":"Slice","floor":1.0},{"not_picked":["Dodge and Roll","Concentrate"],"picked":"PiercingWail","floor":3.0},{"not_picked":["Cloak And Dagger","Outmaneuver"],"picked":"Dagger Throw","floor":4.0},{"not_picked":["Underhanded Strike","Slice"],"picked":"Deadly Poison","floor":5.0},{"not_picked":["Endless Agony","Acrobatics"],"picked":"PiercingWail","floor":7.0},{"not_picked":["Quick Slash","Infinite Blades"],"picked":"Wraith Form v2","floor":11.0},{"not_picked":["Cloak And Dagger","Prepared"],"picked":"Backstab","floor":12.0},{"not_picked":["Bane","Bullet Time"],"picked":"Skewer","floor":14.0}],"player_experience":161431,"relics_obtained":[{"floor":7.0,"key":"Pen Nib"},{"floor":9.0,"key":"PreservedInsect"},{"floor":11.0,"key":"Nunchaku"},{"floor":14.0,"key":"Lantern"}],"event_choices":[{"damage_healed":0.0,"max_hp_gain":0.0,"max_hp_loss":0.0,"gold_gain":0.0,"event_name":"Upgrade Shrine","player_choice":"Upgraded","floor":2.0,"gold_loss":0.0,"damage_taken":0.0,"cards_upgraded":["Envenom"]},{"damage_healed":0.0,"max_hp_gain":0.0,"max_hp_loss":0.0,"gold_gain":0.0,"event_name":"FaceTrader","player_choice":"Trade","floor":13.0,"gold_loss":0.0,"damage_taken":0.0,"relics_obtained":["SsserpentHead"]}],"is_beta":false,"boss_relics":[],"items_purged_floors":[],"is_endless":false,"potions_floor_spawned":[1,4,7,12],"killed_by":"Slime Boss","ascension_level":5}}