{"host":"lktusdb9orijgc6z","time":1613052040,"event":{"mods":["BaseMod","Bestiary","Colored Map","Colored Powertips","Filter the Spire","Minty Spire (QoL Compilation)","Permanent Neow","Quick Restart","Relic Stats","StSLib","everything is the same but u backflip on backflip","slay the spire mod where everything is the same but ironclad has a cowboy hat"],"gold_per_floor":[109,109,119,137,148,148,176,188,227,15,15,35,62,80,80,80,80],"floor_reached":16,"language":"ENG","playtime":368,"items_purged":[],"score":224,"play_id":"ada8736a-256a-4daf-af35-16083ced6977","local_time":"20210211150040","is_ascension_mode":true,"campfire_choices":[{"data":"Conserve Battery","floor":6.0,"key":"SMITH"},{"floor":11.0,"key":"REST"},{"data":"Consume","floor":15.0,"key":"SMITH"}],"circlet_count":0,"master_deck":["AscendersBane","Zap","Dualcast+1","Conserve Battery+1","Lockon","Rebound","Leap+1","BootSequence","Echo Form","Sweeping Beam","Genetic Algorithm","Consume+1"],"relics":["Pandora\u0027s Box","MawBank","War Paint","Membership Card","Boot"],"acts_visited":["Exordium"],"potions_floor_usage":[16],"damage_taken":[{"damage":14.0,"enemies":"2 Louse","floor":1.0,"turns":2.0},{"damage":10.0,"enemies":"Jaw Worm","floor":3.0,"turns":4.0},{"damage":0.0,"enemies":"Small Slimes","floor":4.0,"turns":2.0},{"damage":8.0,"enemies":"3 Louse","floor":5.0,"turns":3.0},{"damage":11.0,"enemies":"Lagavulin","floor":7.0,"turns":6.0},{"damage":0.0,"enemies":"Blue Slaver","floor":12.0,"turns":3.0},{"damage":30.0,"enemies":"3 Sentries","floor":13.0,"turns":7.0},{"damage":0.0,"enemies":"Exordium Wildlife","floor":14.0,"turns":3.0},{"damage":27,"enemies":"The Guardian","floor":16,"turns":2}],"seed_played":"8276120827666653239","potions_obtained":[{"floor":4.0,"key":"AttackPotion"},{"floor":5.0,"key":"CultistPotion"},{"floor":13.0,"key":"Weak Potion"}],"is_trial":false,"path_per_floor":["M","?","M","M","M","R","E","$","T","$","R","M","E","M","R","B"],"character_chosen":"DEFECT","items_purchased":["Membership Card","Echo Form","Sweeping Beam"],"campfire_rested":1,"item_purchase_floors":[10,10,10],"current_hp_per_floor":[50,50,40,40,32,32,21,21,21,21,42,42,12,12,12,0,0],"gold":80,"neow_bonus":"BOSS_RELIC","is_daily":false,"chose_seed":false,"campfire_upgraded":2,"win_rate":0.0,"timestamp":1613052040,"path_taken":["M","?","M","M","M","R","E","$","T","$","R","M","E","M","R","BOSS"],"items_purchased_type":["Relic","Card","Card"],"build_version":"2020-12-22","purchased_purges":0,"victory":false,"max_hp_per_floor":[71,71,71,71,71,71,71,71,71,71,71,71,71,71,71,71,71],"relic_stats":{"counters":[9,32],"Pandora\u0027s Box":["Genetic Algorithm","Aggregate","Recycle","Compile Driver","Sweeping Beam","Hello World","Compile Driver","All For One"],"War Paint":["Leap","Dualcast"],"MawBank":36,"Boot":[0],"obtain_stats":[{"Pandora\u0027s Box":0,"Membership Card":10,"War Paint":9,"Cracked Core":0,"MawBank":7,"Boot":13},{"Pandora\u0027s Box":0,"Membership Card":5,"War Paint":5,"Cracked Core":0,"MawBank":5,"Boot":7},{"Pandora\u0027s Box":0,"Membership Card":17,"War Paint":17,"Cracked Core":0,"MawBank":17,"Boot":27}]},"card_choices":[{"not_picked":["Blizzard","Hologram"],"picked":"Conserve Battery","floor":1.0},{"not_picked":["Steam","Coolheaded"],"picked":"Lockon","floor":3.0},{"not_picked":["Lockon","Steam"],"picked":"Rebound","floor":4.0},{"not_picked":["Stack","Beam Cell"],"picked":"Leap","floor":5.0},{"not_picked":["Go for the Eyes","Compile Driver"],"picked":"BootSequence","floor":7.0},{"not_picked":["Conserve Battery","Blizzard","Leap"],"picked":"SKIP","floor":12.0},{"not_picked":["Steam","Undo"],"picked":"Genetic Algorithm","floor":13.0},{"not_picked":["Storm","Steam"],"picked":"Consume","floor":14.0}],"player_experience":783650,"relics_obtained":[{"floor":7.0,"key":"MawBank"},{"floor":9.0,"key":"War Paint"},{"floor":13.0,"key":"Boot"}],"event_choices":[{"damage_healed":0.0,"max_hp_gain":0.0,"max_hp_loss":0.0,"gold_gain":0.0,"event_name":"Golden Wing","player_choice":"Ignored","floor":2.0,"gold_loss":0.0,"damage_taken":0.0}],"is_beta":false,"boss_relics":[],"items_purged_floors":[],"is_endless":false,"potions_floor_spawned":[4,5,13],"killed_by":"The Guardian","ascension_level":20}}