{"host":"pke0xxyzw0teju56","time":1613079314,"event":{"mods":["BaseMod","Bestiary","Colored Powertips","Highlight Path","Minty Spire (QoL Compilation)","Relic Stats","Slay the Relics Exporter","StSLib","ojb\u0027s Info Mod"],"gold_per_floor":[113,113,126,126,142,142,157,157,157,198,62,62,86,101,101,200,200,216,131,131,144,144,144,162,162,215,253,28,75,75,25,25,127,127,149,1166,1216,1244,1269,1269,1602,1602,1602,1602,1602],"floor_reached":44,"language":"ENG","playtime":1081,"items_purged":["Strike_R","Strike_R+1"],"score":1038,"play_id":"2ef169ad-385e-497a-a9e1-b8195b59c979","local_time":"20210211163514","is_ascension_mode":true,"campfire_choices":[{"data":"Perfected Strike","floor":6,"key":"SMITH"},{"floor":8,"key":"REST"},{"data":"Spot Weakness","floor":15,"key":"SMITH"},{"floor":23,"key":"REST"},{"data":"True Grit","floor":25,"key":"SMITH"},{"floor":32,"key":"REST"},{"floor":40,"key":"REST"},{"data":"Barricade","floor":42,"key":"SMITH"}],"circlet_count":0,"master_deck":["AscendersBane","Strike_R+1","Strike_R+1","Defend_R+1","Defend_R+1","Defend_R+1","Defend_R+1","Bash","Battle Trance","Thunderclap+1","Perfected Strike+1","Iron Wave","Anger+1","Flame Barrier","Spot Weakness+1","Whirlwind+1","Barricade+1","CurseOfTheBell","Twin Strike+1","True Grit+1","Flame Barrier+1","Shockwave","Dark Embrace+1","Disarm","Impervious","True Grit+1","Normality","Normality","Shrug It Off","Battle Trance"],"relics":["Philosopher\u0027s Stone","Molten Egg 2","Blue Candle","Calling Bell","Nunchaku","Frozen Egg 2","StoneCalendar","Shuriken","Matryoshka","Kunai","Smiling Mask","Blood Vial","CeramicFish","Runic Dome","Pen Nib"],"acts_visited":["Exordium","TheCity","TheBeyond"],"potions_floor_usage":[10,16,18,27,29,29,35],"damage_taken":[{"damage":8,"enemies":"Jaw Worm","floor":1,"turns":4},{"damage":0,"enemies":"2 Louse","floor":3,"turns":3},{"damage":2,"enemies":"Cultist","floor":5,"turns":3},{"damage":2,"enemies":"Exordium Thugs","floor":7,"turns":3},{"damage":24,"enemies":"Lagavulin","floor":10,"turns":6},{"damage":5,"enemies":"2 Fungi Beasts","floor":13,"turns":2},{"damage":9,"enemies":"Blue Slaver","floor":14,"turns":2},{"damage":0,"enemies":"Slime Boss","floor":16,"turns":4},{"damage":22,"enemies":"Chosen","floor":18,"turns":4},{"damage":14,"enemies":"2 Thieves","floor":21,"turns":4},{"damage":15,"enemies":"Snecko","floor":24,"turns":3},{"damage":28,"enemies":"Book of Stabbing","floor":27,"turns":4},{"damage":22,"enemies":"Gremlin Leader","floor":29,"turns":5},{"damage":27,"enemies":"Champ","floor":33,"turns":13},{"damage":23,"enemies":"3 Darklings","floor":35,"turns":3},{"damage":6,"enemies":"Orb Walker","floor":38,"turns":3},{"damage":24,"enemies":"3 Darklings","floor":39,"turns":5},{"damage":42,"enemies":"4 Shapes","floor":44,"turns":3}],"seed_played":"-3366182721201936571","potions_obtained":[{"floor":3,"key":"SkillPotion"},{"floor":10,"key":"SkillPotion"},{"floor":14,"key":"BloodPotion"},{"floor":16,"key":"ColorlessPotion"},{"floor":24,"key":"Swift Potion"},{"floor":29,"key":"SteroidPotion"},{"floor":33,"key":"Energy Potion"}],"is_trial":false,"path_per_floor":["M","?","M","?","M","R","M","R","T","E","$","?","M","M","R","B",null,"M","?","?","M","T","R","M","R","T","E","$","E","?","$","R","B",null,"M","?","?","M","M","R","?","R","T","M"],"character_chosen":"IRONCLAD","items_purchased":["Flame Barrier","Fire Potion","Shockwave","Dark Embrace+1","PowerPotion"],"campfire_rested":4,"item_purchase_floors":[11,11,28,28,28],"current_hp_per_floor":[60,34,34,34,32,32,30,52,52,28,28,33,28,19,19,19,65,43,43,43,29,29,53,38,38,38,10,10,6,6,6,30,5,61,40,40,40,36,14,38,38,38,38,0,0],"gold":1602,"neow_bonus":"BOSS_RELIC","is_daily":false,"chose_seed":false,"campfire_upgraded":4,"win_rate":0.0,"timestamp":1613079314,"path_taken":["M","?","M","?","M","R","M","R","T","E","$","?","M","M","R","BOSS","M","?","?","?","?","R","M","R","T","E","$","E","?","$","R","BOSS","M","?","?","?","M","R","?","R","T","M"],"items_purchased_type":["Card","Potion","Card","Card","Potion"],"build_version":"2020-12-22","purchased_purges":2,"victory":false,"max_hp_per_floor":[75,75,75,75,75,75,75,75,75,75,75,80,80,80,80,80,80,80,80,80,80,80,80,80,80,80,80,80,80,80,80,80,80,80,80,80,80,80,80,80,80,80,80,80,80],"relic_stats":{"Blood Vial":12,"Nunchaku":[8],"counters":[18,74],"Shuriken":[8],"Blue Candle":[6],"CeramicFish":63,"StoneCalendar":[25],"Pen Nib":[0],"Kunai":[6],"Smiling Mask":75,"obtain_stats":[{"Golden Idol":2,"Blue Candle":10,"CeramicFish":29,"StoneCalendar":17,"Pen Nib":43,"Frozen Egg 2":17,"Smiling Mask":26,"Burning Blood":0,"Calling Bell":17,"Blood Vial":27,"Runic Dome":34,"Nunchaku":17,"Matryoshka":22,"Shuriken":19,"Philosopher\u0027s Stone":0,"Molten Egg 2":9,"Kunai":26},{"Golden Idol":1,"Blue Candle":5,"CeramicFish":13,"StoneCalendar":8,"Pen Nib":17,"Frozen Egg 2":8,"Smiling Mask":11,"Burning Blood":0,"Calling Bell":8,"Blood Vial":12,"Runic Dome":14,"Nunchaku":8,"Matryoshka":10,"Shuriken":9,"Philosopher\u0027s Stone":0,"Molten Egg 2":4,"Kunai":11},{"Golden Idol":4,"Blue Candle":19,"CeramicFish":47,"StoneCalendar":27,"Pen Nib":71,"Frozen Egg 2":27,"Smiling Mask":38,"Burning Blood":0,"Calling Bell":27,"Blood Vial":42,"Runic Dome":60,"Nunchaku":27,"Matryoshka":35,"Shuriken":31,"Philosopher\u0027s Stone":0,"Molten Egg 2":13,"Kunai":38}]},"card_choices":[{"not_picked":["Anger","Clothesline"],"picked":"Battle Trance","floor":1},{"not_picked":["Heavy Blade","Shrug It Off"],"picked":"Thunderclap","floor":3},{"not_picked":["Armaments","Exhume"],"picked":"Perfected Strike","floor":5},{"not_picked":["Havoc","Dark Embrace"],"picked":"Iron Wave","floor":7},{"not_picked":["Entrench","Armaments"],"picked":"Anger+1","floor":10},{"not_picked":["Pommel Strike+1","Heavy Blade+1"],"picked":"Spot Weakness","floor":13},{"not_picked":["Dropkick+1","Clothesline+1"],"picked":"Whirlwind+1","floor":14},{"not_picked":["Corruption","Bludgeon+1"],"picked":"Barricade","floor":16},{"not_picked":["True Grit","Perfected Strike+1"],"picked":"Twin Strike+1","floor":18},{"not_picked":["Havoc","Dropkick+1","Clash+1"],"picked":"SKIP","floor":21},{"not_picked":["Pommel Strike+1","Searing Blow+1"],"picked":"True Grit","floor":24},{"not_picked":["Wild Strike+1","Body Slam+1"],"picked":"Flame Barrier+1","floor":27},{"not_picked":["Anger+1","Body Slam+1"],"picked":"Disarm","floor":29},{"not_picked":["Immolate+1","Exhume"],"picked":"Impervious","floor":33},{"not_picked":["Hemokinesis+1","Combust+1"],"picked":"True Grit+1","floor":35},{"not_picked":["Havoc","Seeing Red"],"picked":"Shrug It Off","floor":38},{"not_picked":["Iron Wave+1","Perfected Strike+1"],"picked":"Battle Trance","floor":39}],"player_experience":5328930,"relics_obtained":[{"floor":9,"key":"Molten Egg 2"},{"floor":10,"key":"Blue Candle"},{"floor":17,"key":"Nunchaku"},{"floor":17,"key":"Frozen Egg 2"},{"floor":17,"key":"StoneCalendar"},{"floor":22,"key":"Matryoshka"},{"floor":26,"key":"Kunai"},{"floor":26,"key":"Smiling Mask"},{"floor":27,"key":"Blood Vial"},{"floor":29,"key":"CeramicFish"},{"floor":43,"key":"Pen Nib"}],"event_choices":[{"damage_healed":0,"gold_gain":0,"player_choice":"Take Damage","damage_taken":26,"relics_obtained":["Golden Idol"],"max_hp_gain":0,"max_hp_loss":0,"event_name":"Golden Idol","floor":2,"gold_loss":0},{"damage_healed":0,"gold_gain":0,"player_choice":"Grow","damage_taken":0,"max_hp_gain":0,"max_hp_loss":0,"event_name":"Living Wall","floor":4,"gold_loss":0,"cards_upgraded":["Thunderclap"]},{"damage_healed":0,"gold_gain":0,"player_choice":"Donut","damage_taken":0,"max_hp_gain":5,"max_hp_loss":0,"event_name":"Big Fish","floor":12,"gold_loss":0},{"damage_healed":0,"gold_gain":0,"player_choice":"Obtained Relic","damage_taken":0,"relics_obtained":["Shuriken"],"max_hp_gain":0,"max_hp_loss":0,"event_name":"Addict","floor":19,"gold_loss":85},{"cards_removed":["Strike_R"],"damage_healed":0,"gold_gain":0,"player_choice":"Purged","damage_taken":0,"max_hp_gain":0,"max_hp_loss":0,"event_name":"Purifier","floor":20,"gold_loss":0},{"damage_healed":0,"gold_gain":0,"player_choice":"Simplicity","damage_taken":0,"max_hp_gain":0,"max_hp_loss":0,"event_name":"Back to Basics","floor":30,"gold_loss":0,"cards_upgraded":["Strike_R","Strike_R","Strike_R","Defend_R","Defend_R","Defend_R","Defend_R"]},{"damage_healed":0,"gold_gain":999,"player_choice":"Gold","damage_taken":0,"max_hp_gain":0,"max_hp_loss":0,"event_name":"MindBloom","floor":36,"gold_loss":0,"cards_obtained":["Normality","Normality"]},{"damage_healed":0,"gold_gain":50,"player_choice":"Pray","damage_taken":0,"max_hp_gain":0,"max_hp_loss":0,"event_name":"Golden Shrine","floor":37,"gold_loss":0},{"damage_healed":0,"gold_gain":333,"player_choice":"Gave Idol","damage_taken":0,"max_hp_gain":0,"max_hp_loss":0,"event_name":"The Moai Head","floor":41,"relics_lost":["Golden Idol"],"gold_loss":0}],"is_beta":false,"boss_relics":[{"not_picked":["Busted Crown","SacredBark"],"picked":"Calling Bell"},{"not_picked":["SlaversCollar","Mark of Pain"],"picked":"Runic Dome"}],"items_purged_floors":[28,31],"is_endless":false,"potions_floor_spawned":[3,10,14,16,24,29,33],"killed_by":"4 Shapes","ascension_level":20}}