{"host":"mo4d2vii2wc3uyp7","time":1613054503,"event":{"mods":["AchievementEnabler","BaseMod","Colored Map","Highlight Path","Keyboard Shortcuts","Minty Spire (QoL Compilation)","Permanent Neow","Quick Restart","Shop Mod","StSLib","SuperFastMode","everything is the same but u backflip on backflip"],"gold_per_floor":[115,125,143,158,123,123,155,155,231,256,256,269,284,310,310,414,414,434,359,373,288,29,29,29,62,62,62,94,111,129,146,146,244,244,261,261,280,142,153,184,184,199,223,235,254,289,301,331,343,355,355],"floor_reached":50,"language":"KOR","playtime":1723,"items_purged":["Defend_G","Strike_G"],"score":596,"play_id":"0f29396d-cdcc-403a-968a-fe5c926a4fdb","local_time":"20210211234143","is_ascension_mode":true,"campfire_choices":[{"data":"Neutralize","floor":6.0,"key":"SMITH"},{"data":"Venomology","floor":8.0,"key":"SMITH"},{"data":"Caltrops","floor":15.0,"key":"SMITH"},{"data":"Envenom","floor":23.0,"key":"SMITH"},{"data":"Endless Agony","floor":27.0,"key":"SMITH"},{"floor":32.0,"key":"REST"},{"data":"After Image","floor":41.0,"key":"SMITH"},{"data":"Footwork","floor":47,"key":"SMITH"},{"floor":49,"key":"REST"}],"circlet_count":0,"master_deck":["Strike_G","Strike_G","Strike_G","Defend_G","Defend_G","Defend_G","Defend_G","Survivor","Neutralize+1","Backstab","Footwork+1","Quick Slash","Prepared","Venomology+1","Caltrops+1","Parasite","Endless Agony+1","Envenom+1","CurseOfTheBell","Tactician+1","Dagger Spray","Noxious Fumes+1","Calculated Gamble+1","After Image+1","Flechettes","Backflip+1","Dagger Throw","Escape Plan+1","Bane+1","Escape Plan+1"],"relics":["Ring of the Snake","Du-Vu Doll","Akabeko","Pear","Turnip","Bag of Marbles","Calling Bell","Strawberry","The Courier","CaptainsWheel","HornCleat","Kunai","Juzu Bracelet","Snake Skull","Toxic Egg 2","HoveringKite","Happy Flower","Potion Belt","MawBank"],"acts_visited":["Exordium","TheCity","TheBeyond"],"potions_floor_usage":[46,46,48,48,50,50,50,50,50],"damage_taken":[{"damage":0.0,"enemies":"Jaw Worm","floor":1.0,"turns":7.0},{"damage":7.0,"enemies":"2 Louse","floor":2.0,"turns":4.0},{"damage":0.0,"enemies":"Cultist","floor":3.0,"turns":4.0},{"damage":0.0,"enemies":"2 Fungi Beasts","floor":4.0,"turns":3.0},{"damage":0.0,"enemies":"Exordium Thugs","floor":5.0,"turns":5.0},{"damage":19.0,"enemies":"3 Sentries","floor":7.0,"turns":13.0},{"damage":21.0,"enemies":"Gremlin Nob","floor":10.0,"turns":5.0},{"damage":0.0,"enemies":"Looter","floor":12.0,"turns":2.0},{"damage":0.0,"enemies":"Blue Slaver","floor":13.0,"turns":1.0},{"damage":11.0,"enemies":"Lagavulin","floor":14.0,"turns":4.0},{"damage":14.0,"enemies":"The Guardian","floor":16.0,"turns":15.0},{"damage":11.0,"enemies":"Shell Parasite","floor":18.0,"turns":4.0},{"damage":2.0,"enemies":"Chosen","floor":20.0,"turns":3.0},{"damage":13.0,"enemies":"Gremlin Leader","floor":25.0,"turns":5.0},{"damage":5.0,"enemies":"Slavers","floor":28.0,"turns":5.0},{"damage":1.0,"enemies":"Snake Plant","floor":29.0,"turns":4.0},{"damage":0.0,"enemies":"Snecko","floor":30.0,"turns":4.0},{"damage":12.0,"enemies":"Centurion and Healer","floor":31.0,"turns":2.0},{"damage":47.0,"enemies":"Champ","floor":33.0,"turns":13.0},{"damage":4.0,"enemies":"3 Shapes","floor":35.0,"turns":2.0},{"damage":1.0,"enemies":"Orb Walker","floor":37.0,"turns":2.0},{"damage":5.0,"enemies":"Sphere and 2 Shapes","floor":39.0,"turns":5.0},{"damage":10.0,"enemies":"Reptomancer","floor":40.0,"turns":5.0},{"damage":2.0,"enemies":"Spire Growth","floor":42.0,"turns":4.0},{"damage":0,"enemies":"Jaw Worm Horde","floor":44,"turns":4},{"damage":0,"enemies":"3 Darklings","floor":45,"turns":6},{"damage":14,"enemies":"Nemesis","floor":46,"turns":5},{"damage":18,"enemies":"Writhing Mass","floor":48,"turns":4},{"damage":51,"enemies":"Time Eater","floor":50,"turns":10}],"seed_played":"4346599213720590672","potions_obtained":[{"floor":2.0,"key":"Energy Potion"},{"floor":4.0,"key":"SneckoOil"},{"floor":5.0,"key":"Dexterity Potion"},{"floor":12.0,"key":"BlessingOfTheForge"},{"floor":14.0,"key":"Swift Potion"},{"floor":18.0,"key":"DistilledChaos"},{"floor":35.0,"key":"Ancient Potion"},{"floor":36.0,"key":"GhostInAJar"},{"floor":36.0,"key":"CunningPotion"},{"floor":39.0,"key":"LiquidBronze"},{"floor":44,"key":"GhostInAJar"},{"floor":46,"key":"Fire Potion"}],"is_trial":false,"path_per_floor":["M","M","M","M","M","R","E","R","T","E","?","M","M","E","R","B",null,"M","?","M","?","$","R","$","E","T","R","E","M","M","M","R","B",null,"M","?","M","$","M","E","R","M","T","M","M","E","R","M","R","B"],"character_chosen":"THE_SILENT","items_purchased":["Kunai","Backflip+1","Dagger Throw"],"campfire_rested":2,"item_purchase_floors":[22,38,38],"current_hp_per_floor":[63,56,56,56,56,56,37,37,47,26,44,44,44,33,33,19,80,69,69,67,67,67,67,67,54,54,54,49,48,48,36,60,13,80,76,76,75,75,70,60,60,58,58,58,58,44,44,26,50,0,0],"gold":355,"neow_bonus":"ONE_RARE_RELIC","is_daily":false,"chose_seed":false,"campfire_upgraded":7,"win_rate":0.0,"timestamp":1613054503,"path_taken":["M","M","M","M","M","R","E","R","T","E","?","M","M","E","R","BOSS","M","?","M","?","$","R","?","E","T","R","E","M","M","M","R","BOSS","M","?","M","$","M","E","R","M","T","M","M","E","R","M","R","BOSS"],"items_purchased_type":["Relic","Card","Card"],"build_version":"2020-12-22","purchased_purges":2,"victory":false,"max_hp_per_floor":[63,63,63,63,63,63,63,63,73,73,73,73,73,73,73,73,80,80,80,80,80,80,80,80,80,80,80,80,80,80,80,80,80,80,80,80,80,80,80,80,80,80,80,80,80,80,80,80,80,80,80],"card_choices":[{"not_picked":["Deflect","Choke","Slice"],"picked":"SKIP","floor":1.0},{"not_picked":["Sucker Punch","Expertise"],"picked":"Backstab","floor":2.0},{"not_picked":["Sucker Punch","Dagger Throw"],"picked":"Footwork","floor":3.0},{"not_picked":["Poisoned Stab","Catalyst"],"picked":"Quick Slash","floor":4.0},{"not_picked":["Caltrops","Cloak And Dagger"],"picked":"Prepared","floor":5.0},{"not_picked":["Deflect","Finisher"],"picked":"Venomology","floor":7.0},{"not_picked":["Cloak And Dagger","Bane"],"picked":"Caltrops","floor":10.0},{"not_picked":["Well Laid Plans","Cloak And Dagger"],"picked":"Endless Agony","floor":12.0},{"not_picked":["Deflect","Quick Slash","Outmaneuver"],"picked":"SKIP","floor":13.0},{"not_picked":["Catalyst","Expertise","Outmaneuver"],"picked":"SKIP","floor":14.0},{"not_picked":["Tools of the Trade","Die Die Die"],"picked":"Envenom","floor":16.0},{"not_picked":["Quick Slash","Setup","Sucker Punch"],"picked":"SKIP","floor":18.0},{"not_picked":["Quick Slash","Slice+1"],"picked":"Tactician+1","floor":20.0},{"not_picked":["Flying Knee+1","Cloak And Dagger"],"picked":"Dagger Spray","floor":25.0},{"not_picked":["Sucker Punch+1","Dodge and Roll+1","Well Laid Plans"],"picked":"SKIP","floor":28.0},{"not_picked":["Poisoned Stab","Accuracy"],"picked":"Noxious Fumes+1","floor":29.0},{"not_picked":["Blade Dance+1","Catalyst+1","Well Laid Plans+1"],"picked":"SKIP","floor":30.0},{"not_picked":["Sucker Punch","Reflex+1"],"picked":"Calculated Gamble+1","floor":31.0},{"not_picked":["Unload","Grand Finale"],"picked":"After Image","floor":33.0},{"not_picked":["PiercingWail+1","Setup+1"],"picked":"Flechettes","floor":35.0},{"not_picked":["Concentrate+1","Leg Sweep+1","Infinite Blades+1"],"picked":"SKIP","floor":37.0},{"not_picked":["Slice+1","PiercingWail+1"],"picked":"Escape Plan+1","floor":39.0},{"not_picked":["Poisoned Stab","Caltrops"],"picked":"Bane+1","floor":40.0},{"not_picked":["Dagger Spray","Reflex+1","Sucker Punch+1"],"picked":"SKIP","floor":42.0},{"not_picked":["Deadly Poison+1","Backflip+1","Dodge and Roll+1"],"picked":"SKIP","floor":44},{"not_picked":["Bane","Footwork","Underhanded Strike+1"],"picked":"SKIP","floor":45},{"not_picked":["Backstab+1","Outmaneuver+1"],"picked":"Escape Plan+1","floor":46},{"not_picked":["Deadly Poison+1","Envenom","Deflect+1"],"picked":"SKIP","floor":48}],"player_experience":613933,"relics_obtained":[{"floor":7.0,"key":"Akabeko"},{"floor":9.0,"key":"Pear"},{"floor":10.0,"key":"Turnip"},{"floor":14.0,"key":"Bag of Marbles"},{"floor":17.0,"key":"Strawberry"},{"floor":17.0,"key":"The Courier"},{"floor":17.0,"key":"CaptainsWheel"},{"floor":25.0,"key":"Juzu Bracelet"},{"floor":26.0,"key":"Snake Skull"},{"floor":28.0,"key":"Toxic Egg 2"},{"floor":40.0,"key":"Happy Flower"},{"floor":43.0,"key":"Potion Belt"},{"floor":46,"key":"MawBank"}],"event_choices":[{"damage_healed":18.0,"max_hp_gain":0.0,"max_hp_loss":0.0,"gold_gain":0.0,"event_name":"Mushrooms","player_choice":"Healed and dodged fight","floor":11.0,"gold_loss":0.0,"damage_taken":0.0,"cards_obtained":["Parasite"]},{"cards_removed":["Strike_G"],"damage_healed":0.0,"max_hp_gain":0.0,"max_hp_loss":0.0,"gold_gain":0.0,"event_name":"Beggar","player_choice":"Gave Gold","floor":19.0,"gold_loss":75.0,"damage_taken":0.0},{"damage_healed":0.0,"max_hp_gain":0.0,"max_hp_loss":0.0,"gold_gain":0.0,"event_name":"Addict","player_choice":"Obtained Relic","floor":21.0,"gold_loss":85.0,"damage_taken":0.0,"relics_obtained":["HornCleat"]},{"damage_healed":0.0,"max_hp_gain":0.0,"max_hp_loss":0.0,"gold_gain":0.0,"event_name":"Lab","player_choice":"Got Potions","floor":36.0,"gold_loss":0.0,"damage_taken":0.0}],"is_beta":false,"boss_relics":[{"not_picked":["Runic Dome","Velvet Choker"],"picked":"Calling Bell"},{"not_picked":["Busted Crown","Cursed Key"],"picked":"HoveringKite"}],"items_purged_floors":[22,38],"is_endless":false,"potions_floor_spawned":[2,4,5,12,14,18,31,35,39,44,45,46],"killed_by":"Time Eater","ascension_level":1}}