{"host":"dhlnk6yox2l1s6up","time":1613083215,"event":{"mods":["BaseMod","Minty Spire (QoL Compilation)","Relic Stats","StSLib","ojb\u0027s Info Mod"],"gold_per_floor":[112,122,44,61,31,63,63,63,86,105,280,310,310,325,325,430,430,445,16,50,60,60,91,91,91,118,132,132,151,161,196,196,295,345,360,360,33,48,62,62,110,139,166,181,181,206,52,72,72,72,72,72,23,57,57,57],"floor_reached":55,"language":"ENG","playtime":5333,"items_purged":["Strike_P","Strike_P"],"score":1238,"play_id":"eae1053d-80ed-435b-b2bb-1d3503d2cfb1","local_time":"20210211164015","is_ascension_mode":true,"campfire_choices":[{"floor":8.0,"key":"REST"},{"data":"Sanctity","floor":13.0,"key":"SMITH"},{"data":"CrushJoints","floor":15.0,"key":"SMITH"},{"data":"Ghostly","floor":24.0,"key":"SMITH"},{"data":"Ghostly","floor":28.0,"key":"SMITH"},{"data":"Ghostly","floor":32.0,"key":"SMITH"},{"floor":40.0,"key":"RECALL"},{"floor":45,"key":"REST"},{"floor":49,"key":"REST"},{"data":"Ghostly","floor":52,"key":"SMITH"}],"circlet_count":0,"master_deck":["AscendersBane","Strike_P","Defend_P+1","Defend_P","Defend_P","Eruption+1","Vigilance","Prostrate","BattleHymn","MentalFortress","PathToVictory+1","ClearTheMind","Sanctity+1","CrushJoints+1","DevaForm","ThirdEye+1","Apotheosis","PathToVictory","EmptyFist+1","Ghostly+1","Ghostly+1","Ghostly+1","Ghostly+1","Ghostly+1","TalkToTheHand+1","WaveOfTheHand+1","TalkToTheHand+1","CutThroughFate+1","Alpha","Wireheading+1","ThirdEye+1","InnerPeace","Devotion","LikeWater","Crescendo+1","PathToVictory+1","WheelKick+1","Brilliance"],"relics":["Empty Cage","Akabeko","Omamori","Snecko Eye","ClockworkSouvenir","Red Mask","Sundial","Nloth\u0027s Gift","Bag of Marbles","Tiny House","Blood Vial","Girya","Lizard Tail","Whetstone","Ancient Tea Set","Bag of Preparation","War Paint"],"acts_visited":["Exordium","TheCity","TheBeyond","TheEnding"],"potions_floor_usage":[41,41,41,41,41,44,46,50,50,54,55],"damage_taken":[{"damage":1.0,"enemies":"Cultist","floor":1.0,"turns":5.0},{"damage":5.0,"enemies":"2 Louse","floor":2.0,"turns":2.0},{"damage":5.0,"enemies":"Small Slimes","floor":4.0,"turns":3.0},{"damage":0.0,"enemies":"Looter","floor":5.0,"turns":4.0},{"damage":37.0,"enemies":"Gremlin Nob","floor":6.0,"turns":4.0},{"damage":15.0,"enemies":"Large Slime","floor":10.0,"turns":5.0},{"damage":10.0,"enemies":"Lagavulin","floor":12.0,"turns":7.0},{"damage":6.0,"enemies":"3 Louse","floor":14.0,"turns":3.0},{"damage":8.0,"enemies":"Hexaghost","floor":16.0,"turns":9.0},{"damage":9.0,"enemies":"2 Thieves","floor":18.0,"turns":4.0},{"damage":6.0,"enemies":"Masked Bandits","floor":20.0,"turns":7.0},{"damage":5.0,"enemies":"3 Byrds","floor":21.0,"turns":4.0},{"damage":3.0,"enemies":"Slavers","floor":23.0,"turns":5.0},{"damage":3.0,"enemies":"Snake Plant","floor":27.0,"turns":4.0},{"damage":1.0,"enemies":"Cultist and Chosen","floor":29.0,"turns":6.0},{"damage":3.0,"enemies":"Centurion and Healer","floor":30.0,"turns":6.0},{"damage":0.0,"enemies":"Gremlin Leader","floor":31.0,"turns":10.0},{"damage":17.0,"enemies":"Champ","floor":33.0,"turns":9.0},{"damage":2.0,"enemies":"3 Darklings","floor":35.0,"turns":5.0},{"damage":0.0,"enemies":"3 Shapes","floor":38.0,"turns":7.0},{"damage":0.0,"enemies":"Spire Growth","floor":39.0,"turns":5.0},{"damage":8,"enemies":"2 Orb Walkers","floor":41,"turns":5},{"damage":11,"enemies":"Nemesis","floor":42,"turns":11},{"damage":10,"enemies":"4 Shapes","floor":44,"turns":8},{"damage":28,"enemies":"Reptomancer","floor":46,"turns":8},{"damage":1,"enemies":"Writhing Mass","floor":48,"turns":7},{"damage":32,"enemies":"Awakened One","floor":50,"turns":11},{"damage":15,"enemies":"Shield and Spear","floor":54,"turns":6},{"damage":29,"enemies":"The Heart","floor":55,"turns":8}],"seed_played":"-1448481162555999895","potions_obtained":[{"floor":4.0,"key":"FearPotion"},{"floor":6.0,"key":"SteroidPotion"},{"floor":10.0,"key":"PowerPotion"},{"floor":18.0,"key":"Swift Potion"},{"floor":20.0,"key":"EntropicBrew"},{"floor":27.0,"key":"Block Potion"},{"floor":44,"key":"FearPotion"},{"floor":54,"key":"Strength Potion"}],"is_trial":false,"path_per_floor":["M","M","$","M","M","E","?","R","T","M","?","E","R","M","R","B",null,"M","$","?","M","?","E","R","?","T","M","R","M","M","E","R","B",null,"M","?","$","M","M","R","?","E","T","M","R","E","$","M","R","B",null,"R","$","E","B"],"character_chosen":"WATCHER","items_purchased":["MentalFortress","ClockworkSouvenir","Apotheosis","PathToVictory","InnerPeace","Blood Vial","Bag of Preparation","BottledMiracle"],"campfire_rested":3,"item_purchase_floors":[3,19,19,19,37,37,47,53],"current_hp_per_floor":[64,59,59,54,54,17,17,38,38,23,23,23,23,17,17,9,64,55,55,49,44,41,38,38,38,38,35,35,34,31,31,31,14,39,37,37,37,39,41,41,35,26,26,18,31,5,5,6,19,20,40,40,40,27,0,0],"gold":57,"neow_bonus":"BOSS_RELIC","is_daily":false,"chose_seed":false,"campfire_upgraded":6,"win_rate":0.0,"timestamp":1613083215,"path_taken":["M","M","?","M","M","E","?","R","T","M","?","E","R","M","R","BOSS","M","$","?","M","?","E","R","?","T","?","R","M","M","E","R","BOSS","M","?","?","M","?","R","?","E","T","M","R","E","?","M","R","BOSS","R","$","E","BOSS"],"items_purchased_type":["Card","Relic","Card","Card","Card","Relic","Relic","Potion"],"build_version":"2020-12-22","purchased_purges":2,"victory":false,"max_hp_per_floor":[72,72,72,72,72,72,72,72,72,72,72,82,82,82,82,82,82,82,82,82,82,41,41,41,41,41,41,41,41,41,41,41,41,46,46,46,46,46,46,46,46,46,46,46,46,46,46,46,46,46,46,46,46,46,46,46],"relic_stats":{"Blood Vial":20,"Lizard Tail":23,"counters":[29,178],"Sundial":[18],"Snecko Eye":[275,240,247,258],"Nloth\u0027s Gift":5,"Bag of Preparation":[8],"Whetstone":["TalkToTheHand","Eruption"],"War Paint":["Ghostly","WaveOfTheHand"],"obtain_stats":[{"Girya":41,"Pear":12,"Tiny House":34,"Omamori":9,"Bag of Preparation":47,"Whetstone":43,"War Paint":54,"Empty Cage":0,"Ancient Tea Set":46,"Akabeko":6,"ClockworkSouvenir":19,"Blood Vial":37,"Lizard Tail":42,"Sundial":23,"Snecko Eye":17,"Red Mask":20,"Nloth\u0027s Gift":25,"Bag of Marbles":31,"PureWater":0},{"Girya":22,"Pear":7,"Tiny House":18,"Omamori":5,"Bag of Preparation":25,"Whetstone":23,"War Paint":28,"Empty Cage":0,"Ancient Tea Set":25,"Akabeko":5,"ClockworkSouvenir":10,"Blood Vial":19,"Lizard Tail":23,"Sundial":13,"Snecko Eye":9,"Red Mask":11,"Nloth\u0027s Gift":13,"Bag of Marbles":17,"PureWater":0},{"Girya":119,"Pear":30,"Tiny House":97,"Omamori":18,"Bag of Preparation":146,"Whetstone":130,"War Paint":170,"Empty Cage":0,"Ancient Tea Set":146,"Akabeko":18,"ClockworkSouvenir":46,"Blood Vial":102,"Lizard Tail":130,"Sundial":62,"Snecko Eye":42,"Red Mask":53,"Nloth\u0027s Gift":62,"Bag of Marbles":88,"PureWater":0}]},"card_choices":[{"not_picked":["Worship","Halt"],"picked":"Prostrate","floor":1.0},{"not_picked":["Crescendo","Weave"],"picked":"BattleHymn","floor":2.0},{"not_picked":["WindmillStrike","LikeWater"],"picked":"PathToVictory","floor":4.0},{"not_picked":["BattleHymn","Consecrate"],"picked":"ClearTheMind","floor":5.0},{"not_picked":["SignatureMove","Ragnarok","Indignation"],"picked":"SKIP","floor":6.0},{"not_picked":["EmptyFist","Crescendo"],"picked":"Sanctity","floor":10.0},{"not_picked":["SashWhip","FlyingSleeves","Protect"],"picked":"SKIP","floor":12.0},{"not_picked":["ThirdEye","Protect"],"picked":"CrushJoints","floor":14.0},{"not_picked":["MasterReality","Brilliance"],"picked":"DevaForm","floor":16.0},{"not_picked":["EmptyBody+1","InnerPeace"],"picked":"ThirdEye+1","floor":18.0},{"not_picked":["CutThroughFate","Crescendo"],"picked":"EmptyFist+1","floor":20.0},{"not_picked":["Prostrate","Consecrate+1","CutThroughFate"],"picked":"SKIP","floor":21.0},{"not_picked":["Conclude","ThirdEye+1"],"picked":"TalkToTheHand","floor":23.0},{"not_picked":["CutThroughFate","BowlingBash+1"],"picked":"WaveOfTheHand","floor":27.0},{"not_picked":["ThirdEye","DeusExMachina"],"picked":"TalkToTheHand+1","floor":29.0},{"not_picked":["ReachHeaven","FearNoEvil"],"picked":"CutThroughFate+1","floor":30.0},{"not_picked":["Fasting2","ConjureBlade","EmptyFist"],"picked":"SKIP","floor":31.0},{"not_picked":["LessonLearned","Blasphemy"],"picked":"Alpha","floor":33.0},{"not_picked":["SignatureMove","Protect"],"picked":"Wireheading+1","floor":34.0},{"not_picked":["Evaluate+1","Halt"],"picked":"ThirdEye+1","floor":35.0},{"not_picked":["SandsOfTime+1","EmptyFist+1","WaveOfTheHand"],"picked":"SKIP","floor":38.0},{"not_picked":["Crescendo","CutThroughFate"],"picked":"Devotion","floor":39.0},{"not_picked":["SignatureMove","Protect"],"picked":"LikeWater","floor":41},{"not_picked":["LikeWater+1","Blasphemy"],"picked":"Crescendo+1","floor":42},{"not_picked":["Fasting2+1","SashWhip+1"],"picked":"PathToVictory+1","floor":44},{"not_picked":["ConjureBlade","Tantrum"],"picked":"WheelKick+1","floor":46},{"not_picked":["BattleHymn+1","Protect","Swivel"],"picked":"SKIP","floor":48},{"not_picked":["Fasting2","MentalFortress+1"],"picked":"Brilliance","floor":54}],"player_experience":6186495,"relics_obtained":[{"floor":6.0,"key":"Akabeko"},{"floor":9.0,"key":"Omamori"},{"floor":12.0,"key":"Pear"},{"floor":20.0,"key":"Red Mask"},{"floor":23.0,"key":"Sundial"},{"floor":31.0,"key":"Bag of Marbles"},{"floor":41,"key":"Girya"},{"floor":42,"key":"Lizard Tail"},{"floor":43,"key":"Whetstone"},{"floor":46,"key":"Ancient Tea Set"},{"floor":54,"key":"War Paint"}],"event_choices":[{"damage_healed":0.0,"max_hp_gain":0.0,"max_hp_loss":0.0,"gold_gain":0.0,"event_name":"Living Wall","player_choice":"Grow","floor":7.0,"gold_loss":0.0,"damage_taken":0.0,"cards_upgraded":["PathToVictory"]},{"damage_healed":0.0,"max_hp_gain":0.0,"max_hp_loss":0.0,"gold_gain":175.0,"event_name":"Liars Game","player_choice":"AGREE","floor":11.0,"gold_loss":0.0,"damage_taken":0.0,"cards_obtained":["Doubt"]},{"damage_healed":0.0,"max_hp_gain":0.0,"max_hp_loss":0.0,"gold_gain":0.0,"event_name":"Masked Bandits","player_choice":"Fought Bandits","floor":20.0,"gold_loss":0.0,"damage_taken":0.0},{"damage_healed":0.0,"max_hp_gain":0.0,"max_hp_loss":41.0,"gold_gain":0.0,"event_name":"Ghosts","player_choice":"Became a Ghost","floor":22.0,"gold_loss":0.0,"damage_taken":0.0,"cards_obtained":["Ghostly","Ghostly","Ghostly","Ghostly","Ghostly"]},{"damage_healed":0.0,"max_hp_gain":0.0,"max_hp_loss":0.0,"gold_gain":0.0,"event_name":"N\u0027loth","player_choice":"Traded Relic","floor":25.0,"relics_lost":["Pear"],"gold_loss":0.0,"damage_taken":0.0,"relics_obtained":["Nloth\u0027s Gift"]},{"damage_healed":0.0,"max_hp_gain":0.0,"max_hp_loss":0.0,"gold_gain":0.0,"event_name":"SensoryStone","player_choice":"Memory 1","floor":36.0,"gold_loss":0.0,"damage_taken":0.0},{"damage_healed":0,"gold_gain":0,"player_choice":"Fight","damage_taken":0,"max_hp_gain":0,"max_hp_loss":0,"event_name":"Mysterious Sphere","floor":41,"gold_loss":0}],"is_beta":false,"boss_relics":[{"not_picked":["SlaversCollar","Runic Dome"],"picked":"Snecko Eye"},{"not_picked":["Velvet Choker","VioletLotus"],"picked":"Tiny House"}],"items_purged_floors":[19,37],"is_endless":false,"potions_floor_spawned":[4,6,10,18,20,23,27,33,35,42,44,54],"killed_by":"The Heart","ascension_level":10}}