{"host":"grwexcir7mx5yvgg","time":1613019212,"event":{"mods":["AchievementEnabler","Ascension Reborn","Aspiration","BaseMod","Better Vampires","Colored Powertips","Custom Start","Energized Spire","Googly Eyes","Minty Spire (QoL Compilation)","MostiFishMod","Reliquary","Remilia（蕾米莉亚）","Replay The Spire","Shop Mod","Spicy Shops","StSLib","SuperFastMode","TestMod","UnlockEverythingMod","篝火指南"],"gold_per_floor":[114,134,154,10,68,100,100,111,136,149,149,94,105,115,57,161,161,180,199,211,211,58,58,70,80,80,93,93,124,124,124,124,220,220,236,246,265,122,122,150,168,0,23,39,39,39,59,79,79,79,79],"floor_reached":50,"language":"ZHS","playtime":1285,"items_purged":[],"score":1250,"play_id":"d8e34607-5877-437c-8496-62c3c1376a41","local_time":"20210211125332","daily_mods":["Vintage","Heirloom","Time Dilation","Lethality","Uncertain Future","Binary"],"is_ascension_mode":true,"campfire_choices":[{"data":"UnstableMagic","floor":30,"key":"SMITH"}],"circlet_count":0,"master_deck":["HunterOfTheNight+1","HunterOfTheNight+1","UltimateOffering+1","KillingBlow+1","ForecastOfChange+1","ScarletCoffin+1","BloodySeventeenLaser+1","BloodySeventeenLaser+1","BloodySeventeenLaser+1","BlasphemousPunishment+1","BlasphemousPunishment+1","UnstableMagic+1","VampirishNight+1","VampirishNight+1","GlobalNightmare+1","ForbiddenFruit+1","ForbiddenFruit+1","EmergencyRegeneration+1","EmergencyRegeneration+1","EmergencyRegeneration+1","BloodAndWine+1","BloodAndWine+1","BloodAndWine+1","Septette+1","DevilSight+1","BloodyMagicSquare+1","MillenniumVampire+1","MillenniumVampire+1","MillenniumVampire+1","BloodyTrap+1","BadLadyScramble+1","MiserableFate+1","MiserableFate+1","BloodRain+1","BloodRain+1","BloodyCatastrophe+1","ChaoticDestiny+1","ScarletNetherworld+1","MastersStateliness+1","MastersStateliness+1","CeilingFear+1","BloodyHallows+1","FitfulNightmare+1","TwelveNightmare+1","EquivalentExchange+1","BatForm+1","CurseOfVladTepes+1","ScarletMeister+1","QueenOfMidnight+1","DemonKingCradle+1","Mayhem+1","ReplayUltimateDefense+1","MostiFishMod:GrandStart+1","Adrenaline+1","Adrenaline+1","Adrenaline+1","Phantasmal Killer+1","Envenom+1","Tools of the Trade+1","After Image+1","Feed+1","Feed+1","Feed+1","Reaper+1","Reaper+1","MostiFishMod:HellRitual+1","MostiFishMod:HellRitual+1","MostiFishMod:HellRitual+1","Inflame+1","Barricade+1","VampireFantasy+1","BloodHunter+1","UnstableMagic+1"],"relics":["ScarletHat","Busted Crown","testmod-TestBox","DaveBox","BionicSphere","reliquary:PurpleTingedLeaf","SynthV","reliquary:WeakTea","Omamori","MerchantsRug","Oddly Smooth Stone","aspiration:HatOfInfinitePower","reliquary:FerryPass","Smiling Mask","Vajra","reliquary:Buckler","ChewingGum","testmod-IndustrialRevolution","Juzu Bracelet","StrikeDummy","Bottled Flame","Ancient Tea Set","PreservedInsect","Eternal Feather","energizedSpire:MagnifyingGlass","CombinedTypeHook","MealTicket","Regal Pillow","aspiration:ArtOfWarUpgrade","Chameleon Ring","Pen Nib","Red Mask","reliquary:Stiletto","reliquary:SilkGlove","Dream Catcher","Ice Cream"],"acts_visited":["Exordium","TheCity","TheBeyond"],"potions_floor_usage":[],"damage_taken":[{"damage":0,"enemies":"Small Slimes","floor":1,"turns":1},{"damage":0,"enemies":"Cultist","floor":2,"turns":1},{"damage":0,"enemies":"2 Louse","floor":3,"turns":1},{"damage":0,"enemies":"Gremlin Nob","floor":6,"turns":1},{"damage":0,"enemies":"Blue Slaver","floor":8,"turns":1},{"damage":0,"enemies":"Exordium Wildlife","floor":10,"turns":1},{"damage":0,"enemies":"Large Slime","floor":13,"turns":1},{"damage":0,"enemies":"Exordium Thugs","floor":14,"turns":1},{"damage":89,"enemies":"Fading Forest","floor":16,"turns":2},{"damage":0,"enemies":"Shell Parasite","floor":18,"turns":1},{"damage":43,"enemies":"Chosen","floor":19,"turns":1},{"damage":0,"enemies":"Sentry and Sphere","floor":20,"turns":1},{"damage":0,"enemies":"Centurion and Healer","floor":24,"turns":1},{"damage":0,"enemies":"Shelled Parasite and Fungi","floor":25,"turns":1},{"damage":0,"enemies":"3 Cultists","floor":27,"turns":1},{"damage":38,"enemies":"Gremlin Leader","floor":29,"turns":2},{"damage":55,"enemies":"Pondfish","floor":33,"turns":3},{"damage":0,"enemies":"3 Darklings","floor":35,"turns":1},{"damage":0,"enemies":"3 Shapes","floor":36,"turns":1},{"damage":38,"enemies":"Writhing Mass","floor":37,"turns":1},{"damage":48,"enemies":"Nemesis","floor":40,"turns":1},{"damage":0,"enemies":"Sphere and 2 Shapes","floor":41,"turns":1},{"damage":0,"enemies":"Jaw Worm Horde","floor":44,"turns":1},{"damage":38,"enemies":"Writhing Mass","floor":47,"turns":1},{"damage":0,"enemies":"3 Darklings","floor":48,"turns":1},{"damage":80,"enemies":"Time Eater","floor":50,"turns":1}],"seed_played":"-7423994814055033424","potions_obtained":[{"floor":40,"key":"Swift Potion"},{"floor":40,"key":"Elixir"}],"is_trial":true,"path_per_floor":["M","M","M","$","?","E","R","M","T","M","?","R","M","M","R","B",null,"M","M","M","?","$","R","M","M","T","M","?","E","R","T","R","B",null,"M","M","M","$","?","E","M","?","T","M","R","$","M","M","R","B"],"character_chosen":"REMILIA","items_purchased":["MerchantsRug","VampireFantasy+1","BloodHunter+1","Juzu Bracelet","Art of War"],"campfire_rested":0,"item_purchase_floors":[4,12,15,22,38],"current_hp_per_floor":[75,75,75,75,75,75,75,75,75,75,75,75,75,75,75,75,75,75,75,75,75,75,75,75,75,75,75,75,75,75,75,75,75,75,75,75,75,75,75,75,75,75,75,75,75,75,75,75,75,0,0],"gold":79,"neow_bonus":"","is_daily":false,"chose_seed":false,"campfire_upgraded":1,"win_rate":0.0,"timestamp":1613019212,"path_taken":["M","M","M","$","?","E","R","M","T","M","?","R","M","?","R","BOSS","M","M","M","?","$","R","M","M","T","M","?","E","R","?","R","BOSS","M","M","M","$","?","E","M","?","T","M","R","?","M","M","R","BOSS"],"items_purchased_type":["Relic","Card","Card","Relic","Relic"],"build_version":"2020-12-22","purchased_purges":0,"victory":false,"max_hp_per_floor":[75,75,75,75,75,75,75,75,75,75,75,75,75,75,75,75,75,75,75,75,75,75,75,75,75,75,75,75,75,75,75,75,75,75,75,75,75,75,75,75,75,75,75,75,75,75,75,75,75,75,75],"card_choices":[],"player_experience":113172,"relics_obtained":[{"floor":1,"key":"reliquary:PurpleTingedLeaf"},{"floor":2,"key":"reliquary:WeakTea"},{"floor":3,"key":"Omamori"},{"floor":6,"key":"Oddly Smooth Stone"},{"floor":8,"key":"aspiration:HatOfInfinitePower"},{"floor":9,"key":"reliquary:FerryPass"},{"floor":10,"key":"Smiling Mask"},{"floor":13,"key":"Vajra"},{"floor":14,"key":"reliquary:Buckler"},{"floor":20,"key":"testmod-IndustrialRevolution"},{"floor":25,"key":"StrikeDummy"},{"floor":26,"key":"Bottled Flame"},{"floor":27,"key":"Ancient Tea Set"},{"floor":29,"key":"PreservedInsect"},{"floor":31,"key":"Eternal Feather"},{"floor":35,"key":"CombinedTypeHook"},{"floor":36,"key":"MealTicket"},{"floor":37,"key":"Regal Pillow"},{"floor":40,"key":"Chameleon Ring"},{"floor":41,"key":"Pen Nib"},{"floor":43,"key":"reliquary:Stiletto"},{"floor":44,"key":"reliquary:SilkGlove"},{"floor":47,"key":"Dream Catcher"},{"floor":48,"key":"Ice Cream"}],"event_choices":[{"damage_healed":0,"gold_gain":58,"player_choice":"Gained Gold","damage_taken":0,"max_hp_gain":0,"max_hp_loss":0,"event_name":"Golden Wing","floor":5,"gold_loss":0},{"cards_removed":["Bandage Up"],"damage_healed":0,"gold_gain":0,"player_choice":"Offered Uncommon","damage_taken":0,"max_hp_gain":0,"max_hp_loss":0,"event_name":"Bonfire Elementals","floor":11,"gold_loss":0},{"damage_healed":0,"gold_gain":0,"player_choice":"Bought 0 Potions","damage_taken":0,"max_hp_gain":0,"max_hp_loss":0,"event_name":"The Woman in Blue","floor":21,"gold_loss":0},{"damage_healed":0,"gold_gain":0,"cards_transformed":["ScarletNetherworld"],"player_choice":"Transformed","damage_taken":0,"max_hp_gain":0,"max_hp_loss":0,"event_name":"Transmorgrifier","floor":28,"gold_loss":0,"cards_obtained":["UnstableMagic"]},{"damage_healed":0,"gold_gain":0,"player_choice":"Memory 1","damage_taken":0,"max_hp_gain":0,"max_hp_loss":0,"event_name":"SensoryStone","floor":39,"gold_loss":0},{"damage_healed":0,"gold_gain":0,"player_choice":"Paid","damage_taken":0,"relics_obtained":["Red Mask"],"max_hp_gain":0,"max_hp_loss":0,"event_name":"Tomb of Lord Red Mask","floor":42,"gold_loss":168}],"is_beta":false,"boss_relics":[{"not_picked":["OneHitWonderSystem","testmod-KeyOfTheVoid"],"picked":"ChewingGum"},{"not_picked":["NightmareShop","TimeKeys"],"picked":"energizedSpire:MagnifyingGlass"}],"items_purged_floors":[],"is_endless":true,"potions_floor_spawned":[2,8,10,16,20,24,29,40,48],"killed_by":"Time Eater","ascension_level":0}}