{"host":"d7y1n6cxafpq47nx","time":1613012872,"event":{"mods":["BaseMod","Downfall","Marisa£®ÏF”Í°°ƒß¿Ì…≥£©","Minty Spire (QoL Compilation)","Remilia£®¿Ÿ√◊¿Ú—«£©","StSLib","The Bug Knight","The Servant 0.9.4"],"gold_per_floor":[115,115,125,125,145,145,220,234,234,246,13,13,13,23,23,122,122,133,133,133,133,583,583,583,617,644,20,31,47,47,77,77,182,182,194,213,0,0,0,0,70,123,123,123,163,163,179,33,33,33],"floor_reached":51,"language":"ZHS","playtime":3021,"items_purged":[],"score":801,"play_id":"dada07e6-f09f-4b07-a457-3b7e5ba7807b","local_time":"20210211110752","is_ascension_mode":false,"campfire_choices":[{"data":"OortCloud","floor":6,"key":"SMITH"},{"floor":12,"key":"REST"},{"floor":15,"key":"REST"},{"floor":23,"key":"REST"},{"floor":30,"key":"REST"},{"floor":32,"key":"REST"},{"floor":40,"key":"REST"},{"floor":49,"key":"REST"}],"circlet_count":0,"master_deck":["Strike_MRS+1","Strike_MRS+1","Strike_MRS+1","Defend_MRS+1","Defend_MRS+1","Defend_MRS+1","Defend_MRS+1","MasterSpark","UpSweep","NonDirectionalLaser","OortCloud+1","GalacticHalo","SporeBomb","Singularity","DC","SuperPerseids","MilkyWay","CollectingQuirk","UnstableBomb+1","EnergyFlow","Decay","LuminesStrike+1","MilkyWay+1","PowerUp","LuminesStrike+1","BinaryStars","IllusionStar","UltimateShortwave","MagicChant+1","6A+1","Writhe","WitchOfGreed+1","PropBag+1","FairyDestructionRay+1","PowerUp","OneTimeOff","Iron Wave","DeepEcoloBomb","Parasite","Parasite","MagicAbsorber"],"relics":["BewitchedHakkero","Juzu Bracelet","Darkstone Periapt","Dream Catcher","ClockworkSouvenir","Lantern","MutagenicStrength","Regal Pillow","Orichalcum","Chemical X","Anchor","Pantograph","Boot","ExperimentalFamiliar","Red Mask","CaptainsWheel","Pen Nib","HollowMod:LifeEnderRelic","ShroomBag"],"acts_visited":["Exordium","TheCity","TheBeyond"],"potions_floor_usage":[16,16,25,28,29,31,33,42,50,50,50],"damage_taken":[{"damage":0,"enemies":"Small Slimes","floor":1,"turns":3},{"damage":10,"enemies":"2 Louse","floor":3,"turns":2},{"damage":9,"enemies":"Cultist","floor":5,"turns":4},{"damage":6,"enemies":"Large Slime","floor":8,"turns":6},{"damage":24,"enemies":"Blue Slaver","floor":10,"turns":3},{"damage":1,"enemies":"2 Fungi Beasts","floor":14,"turns":3},{"damage":36,"enemies":"The Guardian","floor":16,"turns":13},{"damage":16,"enemies":"Chosen","floor":18,"turns":7},{"damage":25,"enemies":"Book of Stabbing","floor":25,"turns":6},{"damage":1,"enemies":"3 Byrds","floor":28,"turns":5},{"damage":5,"enemies":"Centurion and Healer","floor":29,"turns":6},{"damage":12,"enemies":"Slavers","floor":31,"turns":5},{"damage":50,"enemies":"Automaton","floor":33,"turns":10},{"damage":22,"enemies":"3 Darklings","floor":35,"turns":4},{"damage":10,"enemies":"3 Shapes","floor":36,"turns":3},{"damage":10,"enemies":"2 Orb Walkers","floor":41,"turns":4},{"damage":39,"enemies":"Nemesis","floor":42,"turns":3},{"damage":8,"enemies":"Transient","floor":45,"turns":5},{"damage":5,"enemies":"Sphere and 2 Shapes","floor":47,"turns":2},{"damage":91,"enemies":"Time Eater","floor":50,"turns":11}],"seed_played":"5341492232092003891","potions_obtained":[{"floor":8,"key":"champ:CounterPotion"},{"floor":10,"key":"SpeedPotion"},{"floor":16,"key":"DuplicationPotion"},{"floor":18,"key":"BottledSpark"},{"floor":28,"key":"Fire Potion"},{"floor":29,"key":"Ancient Potion"},{"floor":41,"key":"Fire Potion"},{"floor":42,"key":"Energy Potion"},{"floor":42,"key":"Guardian:BlockOnCardUsePotion"},{"floor":45,"key":"Dexterity Potion"}],"is_trial":false,"path_per_floor":["M","?","M","?","M","R","?","M","T","M","$","R","?","M","R","B",null,"M","?","?","?","?","R","?","E","T","$","M","M","R","E","R","B",null,"M","M","?","?","?","R","?","E","T","?","M","?","M","$","R","B",null],"character_chosen":"MARISA","items_purchased":["ClockworkSouvenir","Singularity","Chemical X","Anchor","Pantograph","Fire Potion","ShroomBag"],"campfire_rested":7,"item_purchase_floors":[11,11,27,27,27,27,48],"current_hp_per_floor":[75,81,71,71,62,62,51,45,45,21,21,45,45,44,68,32,81,65,65,65,65,19,43,49,24,24,24,23,18,59,47,87,37,87,65,55,55,83,83,93,83,44,44,44,48,48,43,55,101,16],"gold":33,"neow_bonus":"RANDOM_COMMON_RELIC","is_daily":false,"chose_seed":false,"campfire_upgraded":1,"win_rate":0.0,"timestamp":1613012872,"path_taken":["M","?","M","?","M","R","?","M","T","M","$","R","?","M","R","BOSS","M","?","?","?","?","R","?","E","T","$","M","M","R","E","R","BOSS","M","M","?","?","?","R","?","E","T","?","M","?","M","$","R","BOSS"],"items_purchased_type":["Relic","Card","Relic","Relic","Relic","Potion","Relic"],"build_version":"2020-12-22","purchased_purges":0,"victory":true,"max_hp_per_floor":[75,81,81,81,81,81,81,81,81,81,81,81,81,81,81,81,81,81,81,81,81,81,81,87,87,87,87,87,87,87,87,87,87,87,87,87,87,93,93,93,93,93,93,93,93,93,93,105,105,105],"card_choices":[{"not_picked":["WitchOfGreed","SporeBomb"],"picked":"NonDirectionalLaser","floor":1},{"not_picked":["ShootingEcho","BlazeAway"],"picked":"OortCloud","floor":3},{"not_picked":["Acceleration","LuminesStrike"],"picked":"GalacticHalo","floor":5},{"not_picked":["Orbital","SporeBomb"],"picked":"RefractionSpark","floor":8},{"not_picked":["GravityBeat","Acceleration"],"picked":"SporeBomb","floor":10},{"not_picked":["DragonMeteor","6A"],"picked":"DC","floor":12},{"not_picked":["WitchOfGreed","MaximisePower"],"picked":"SuperPerseids","floor":14},{"not_picked":["NonDirectionalLaser","GrandCross"],"picked":"MilkyWay","floor":15},{"not_picked":["StarDustReverie","AbsoluteMagnitude"],"picked":"CollectingQuirk","floor":16},{"not_picked":["SporeBomb","MysteriousBeam"],"picked":"UnstableBomb+1","floor":18},{"not_picked":["DoubleSpark+1","AsteroidBelt"],"picked":"EnergyFlow","floor":23},{"not_picked":["GravityBeat","MaximisePower"],"picked":"LuminesStrike+1","floor":25},{"not_picked":["WitchLeyline","DC"],"picked":"MilkyWay+1","floor":28},{"not_picked":["WitchLeyline","GalacticHalo"],"picked":"PowerUp","floor":29},{"not_picked":["Robbery","DC"],"picked":"LuminesStrike+1","floor":30},{"not_picked":["GravityBeat","CasketOfStar"],"picked":"BinaryStars","floor":31},{"not_picked":["Robbery","SporeBomb+1"],"picked":"IllusionStar","floor":32},{"not_picked":["JA","SuperNova"],"picked":"UltimateShortwave","floor":33},{"not_picked":["MysteriousBeam","WitchLeyline"],"picked":"MagicChant+1","floor":35},{"not_picked":["EnergyFlow","Acceleration+1"],"picked":"6A+1","floor":36},{"not_picked":["WitchLeyline+1","DarkSpark+1"],"picked":"WitchOfGreed+1","floor":40},{"not_picked":["UnstableBomb","GravityBeat"],"picked":"PropBag+1","floor":41},{"not_picked":["StarBarrage+1","ManaConvection+1"],"picked":"FairyDestructionRay+1","floor":42},{"not_picked":["WitchLeyline+1","BigCrunch"],"picked":"OneTimeOff","floor":45},{"not_picked":["MilkyWay+1","SuperPerseids"],"picked":"DeepEcoloBomb","floor":47},{"not_picked":["WitchLeyline+1","DC+1"],"picked":"MagicAbsorber","floor":49}],"player_experience":85535,"relics_obtained":[{"floor":9,"key":"Dream Catcher"},{"floor":25,"key":"Regal Pillow"},{"floor":26,"key":"Orichalcum"},{"floor":31,"key":"Boot"},{"floor":41,"key":"CaptainsWheel"},{"floor":42,"key":"Pen Nib"},{"floor":43,"key":"HollowMod:LifeEnderRelic"}],"event_choices":[{"damage_healed":0,"gold_gain":0,"player_choice":"Box","damage_taken":0,"relics_obtained":["Darkstone Periapt"],"max_hp_gain":0,"max_hp_loss":0,"event_name":"Big Fish","floor":2,"gold_loss":0,"cards_obtained":["Regret"]},{"cards_removed":["Regret"],"damage_healed":0,"gold_gain":0,"player_choice":"Card Removal","damage_taken":0,"max_hp_gain":0,"max_hp_loss":0,"event_name":"Wheel of Change","floor":4,"gold_loss":0},{"damage_healed":0,"gold_gain":75,"player_choice":"Gather Gold","damage_taken":11,"max_hp_gain":0,"max_hp_loss":0,"event_name":"World of Goop","floor":7,"gold_loss":0},{"damage_healed":0,"gold_gain":0,"player_choice":"Searched \u00272\u0027 times","damage_taken":0,"relics_obtained":["Lantern"],"max_hp_gain":0,"max_hp_loss":0,"event_name":"Dead Adventurer","floor":13,"gold_loss":0},{"damage_healed":0,"gold_gain":0,"player_choice":"Ignored","damage_taken":0,"max_hp_gain":0,"max_hp_loss":0,"event_name":"Ghosts","floor":19,"gold_loss":0},{"damage_healed":0,"gold_gain":0,"player_choice":"Inject Mutagens","damage_taken":0,"relics_obtained":["MutagenicStrength"],"max_hp_gain":0,"max_hp_loss":0,"event_name":"Drug Dealer","floor":20,"gold_loss":0},{"damage_healed":0,"gold_gain":0,"player_choice":"Simplicity","damage_taken":0,"max_hp_gain":0,"max_hp_loss":0,"event_name":"Back to Basics","floor":21,"gold_loss":0,"cards_upgraded":["Strike_MRS","Strike_MRS","Strike_MRS","Strike_MRS","Defend_MRS","Defend_MRS","Defend_MRS","Defend_MRS"]},{"damage_healed":0,"gold_gain":450,"player_choice":"GOLD GOLD GOLD GOLD GOLD ","damage_taken":46,"max_hp_gain":0,"max_hp_loss":0,"event_name":"Knowing Skull","floor":22,"potions_obtained":[],"gold_loss":0,"cards_obtained":[]},{"damage_healed":0,"gold_gain":0,"player_choice":"Smashed Altar","damage_taken":0,"max_hp_gain":0,"max_hp_loss":0,"event_name":"Forgotten Altar","floor":24,"gold_loss":0,"cards_obtained":["Decay"]},{"damage_healed":0,"gold_gain":0,"player_choice":"Paid","damage_taken":0,"relics_obtained":["Red Mask"],"max_hp_gain":0,"max_hp_loss":0,"event_name":"Tomb of Lord Red Mask","floor":37,"gold_loss":213},{"damage_healed":22,"gold_gain":0,"player_choice":"Writhe","damage_taken":0,"max_hp_gain":0,"max_hp_loss":0,"event_name":"Winding Halls","floor":38,"gold_loss":0,"cards_obtained":["Writhe"]},{"cards_removed":["RefractionSpark"],"damage_healed":0,"gold_gain":0,"player_choice":"Removed Attack","damage_taken":0,"max_hp_gain":0,"max_hp_loss":0,"event_name":"Falling","floor":39,"gold_loss":0},{"damage_healed":0,"gold_gain":0,"player_choice":"Fight","damage_taken":0,"max_hp_gain":0,"max_hp_loss":0,"event_name":"Mysterious Sphere","floor":41,"gold_loss":0},{"damage_healed":0,"gold_gain":0,"player_choice":"Copied","damage_taken":0,"max_hp_gain":0,"max_hp_loss":0,"event_name":"Duplicator","floor":44,"gold_loss":0,"cards_obtained":["PowerUp"]},{"cards_removed":["Strike_MRS"],"damage_healed":0,"gold_gain":0,"player_choice":"Took Card","damage_taken":0,"max_hp_gain":0,"max_hp_loss":0,"event_name":"NoteForYourself","floor":46,"gold_loss":0,"cards_obtained":["Iron Wave"]}],"is_beta":false,"boss_relics":[{"not_picked":["Velvet Choker","Ectoplasm"],"picked":"BewitchedHakkero"},{"not_picked":["RampagingMagicTools","Snecko Eye"],"picked":"ExperimentalFamiliar"}],"items_purged_floors":[],"is_endless":false,"potions_floor_spawned":[8,10,16,18,28,29,41,42,45],"ascension_level":0}}