{"host":"am0cr9xwekqmrere","time":1613080800,"event":{"mods":["AchievementEnabler","Act Like it!","BaseMod","Better Altar","Better Match","Better Note","Better Sensory Stone","Better Skull","Better Third Choice","BetterRewards","Conspire","Downfall","Hubris","Infinite Spire","Minty Spire (QoL Compilation)","Rare Cards Sparkle","Spicy Shops","StSLib","Unceasing Turn Reminder"],"gold_per_floor":[99,112,46,68,95,95,121,121,139,139,39,58,58,76,95,208,208,208,220,240,266,284,82,82,182,182,182,182,193,213,321,321,321,321],"floor_reached":32,"language":"ENG","playtime":1393,"items_purged":[],"score":261,"play_id":"a9f4db85-fb2e-4200-8be5-a8f61dfe2947","local_time":"20210211160000","is_ascension_mode":false,"campfire_choices":[{"data":"hexamod:VolcanoVisage","floor":1,"key":"SMITH"},{"floor":6,"key":"RECALL"},{"floor":11,"key":"REST"},{"floor":13,"key":"REST"},{"data":"hexamod:SoulSteal","floor":18,"key":"SMITH"},{"floor":28,"key":"REST"}],"circlet_count":0,"master_deck":["hexamod:Strike","hexamod:Strike","hexamod:Strike","hexamod:Strike","hexamod:Defend","hexamod:Defend","hexamod:Defend","hexamod:Defend","hexamod:Sear","hexamod:Float","hexamod:VolcanoVisage+1","hexamod:ExtraCrispy","hexamod:SecondSeal","hexamod:Firestarter","hexamod:SoulSteal+1","hexamod:BurningTouch","hexamod:Firestarter","hexamod:HeatMetal","hexamod:GhostOfSpireFuture","hexamod:RainOfEmbers","hexamod:ChargedBarrage","hexamod:GhostOfSpireFuture","hexamod:WildfireWeapon","hexamod:SuperheatedStrike","hexamod:FirstSeal","hexamod:ApocalypseNow","hexamod:InspiringFlames","infinitespire:Starlight","hexamod:GiftsFromTheDead","hexamod:FlamesFromBeyond"],"relics":["hexamod:SpiritBrand","Dream Catcher","hubris:Towel","MealTicket","downfall:HeartBlessingRed","hubris:Stopwatch","Chemical X","Incense Burner","hubris:DisguiseKit","downfall:GremlinWheel"],"acts_visited":["Exordium","TheCity"],"potions_floor_usage":[14,14,14,16,22,27,29,30],"damage_taken":[{"damage":8,"enemies":"2 Louse","floor":2,"turns":3},{"damage":0,"enemies":"downfall:FleeingMerchant","floor":3,"turns":4},{"damage":6,"enemies":"Jaw Worm","floor":4,"turns":4},{"damage":0,"enemies":"Cultist","floor":5,"turns":3},{"damage":29,"enemies":"Gremlin Gang","floor":9,"turns":3},{"damage":0,"enemies":"Large Slime","floor":12,"turns":3},{"damage":8,"enemies":"3 Louse","floor":14,"turns":3},{"damage":11,"enemies":"Exordium Wildlife","floor":15,"turns":3},{"damage":7,"enemies":"SI_SHIV_ARCHETYPE","floor":16,"turns":6},{"damage":5,"enemies":"Chosen","floor":19,"turns":3},{"damage":11,"enemies":"Snake Plant","floor":20,"turns":4},{"damage":23,"enemies":"Chosen and Byrds","floor":21,"turns":6},{"damage":21,"enemies":"Cultist and Chosen","floor":22,"turns":7},{"damage":11,"enemies":"downfall:FleeingMerchant","floor":23,"turns":4},{"damage":8,"enemies":"Snecko","floor":29,"turns":3},{"damage":7,"enemies":"Sentry and Sphere","floor":30,"turns":4},{"damage":50,"enemies":"Sentry and Sphere","floor":31,"turns":6},{"damage":18,"enemies":"Shelled Parasite and Fungi","floor":32,"turns":1}],"seed_played":"8760312646480424437","potions_obtained":[{"floor":5,"key":"hexamod:SoulburnPotion"},{"floor":9,"key":"champ:CounterPotion"},{"floor":12,"key":"LiquidMemories"},{"floor":14,"key":"DistilledChaos"},{"floor":19,"key":"SpeedPotion"},{"floor":21,"key":"LiquidMemories"},{"floor":27,"key":"Fruit Juice"},{"floor":27,"key":"LiquidMemories"},{"floor":27,"key":"SmokeBomb"},{"floor":29,"key":"Block Potion"},{"floor":30,"key":"GamblersBrew"}],"is_trial":false,"path_per_floor":["R","M","$","M","M","R","T","?","M","T","R","M","R","M","M","B",null,"R","M","M","M","M","$","T","?","AVR","?","R","M","M","?","M"],"character_chosen":"THE_SPIRIT","items_purchased":["hexamod:Firestarter","Chemical X","hexamod:InspiringFlames"],"campfire_rested":3,"item_purchase_floors":[3,23,23],"current_hp_per_floor":[70,62,62,56,56,56,56,56,27,27,48,48,69,61,50,43,70,70,65,54,31,10,21,21,21,21,26,48,40,50,17,0,0,0],"gold":321,"neow_bonus":"ONE_RANDOM_RARE_CARD","is_daily":false,"chose_seed":false,"campfire_upgraded":2,"win_rate":0.0,"timestamp":1613080800,"path_taken":["R","M","$","M","M","R","T","?","M","?","R","?","R","M","M","BOSS","R","M","M","M","?","$","T","?","AVR","?","R","M","M","?","M"],"items_purchased_type":["Card","Relic","Card"],"build_version":"2020-12-22","purchased_purges":0,"victory":false,"max_hp_per_floor":[70,70,70,70,70,70,70,70,70,70,70,70,70,70,70,70,70,70,70,70,70,70,70,70,70,70,75,75,75,75,75,75,75,75],"card_choices":[{"not_picked":["hexamod:ThermalTransfer","hexamod:SwordOfDarkness"],"picked":"hexamod:ExtraCrispy","floor":2},{"not_picked":["hexamod:NecessarySacrifice","hexamod:HeatShield"],"picked":"hexamod:SecondSeal","floor":3},{"not_picked":["hexamod:FastForward","hexamod:TurnItUp"],"picked":"hexamod:SoulSteal","floor":4},{"not_picked":["hexamod:FlamesFromBeyond","hexamod:RadiantFlame"],"picked":"hexamod:BurningTouch","floor":5},{"not_picked":["hexamod:RainOfEmbers","hexamod:Incineration"],"picked":"hexamod:Firestarter","floor":9},{"not_picked":["hexamod:SpectralSpark","hexamod:Haunt"],"picked":"hexamod:HeatMetal","floor":11},{"not_picked":["hexamod:HauntingEcho","hexamod:CatchUp"],"picked":"hexamod:GhostOfSpireFuture","floor":12},{"not_picked":["hexamod:ParanormalForm","hexamod:GhostShield"],"picked":"hexamod:RainOfEmbers","floor":13},{"not_picked":["hexamod:GhostShield","hexamod:Again"],"picked":"hexamod:ChargedBarrage","floor":14},{"not_picked":["hexamod:RainOfEmbers","hexamod:Firestarter"],"picked":"hexamod:GhostOfSpireFuture","floor":15},{"not_picked":["hexamod:TimeWarp","hexamod:ApocalypticArmor"],"picked":"hexamod:WildfireWeapon","floor":16},{"not_picked":["hexamod:SwordOfDarkness+1","hexamod:BurningTouch+1"],"picked":"hexamod:SuperheatedStrike","floor":19},{"not_picked":["hexamod:SwordOfDarkness","hexamod:BurningTouch","hexamod:HeatMetal"],"picked":"SKIP","floor":20},{"not_picked":["hexamod:SwordOfDarkness","hexamod:BacktrackSmack","hexamod:PhantomFireball+1"],"picked":"SKIP","floor":21},{"not_picked":["hexamod:BacktrackSmack","hexamod:GhostShield"],"picked":"hexamod:FirstSeal","floor":22},{"not_picked":["hexamod:Again","hexamod:ThermalTransfer"],"picked":"hexamod:ApocalypseNow","floor":23},{"not_picked":["hexamod:GhostLash","hexamod:SpectralSpark","Sentinel"],"picked":"hexamod:GiftsFromTheDead","floor":29},{"not_picked":["hexamod:RainOfEmbers","hexamod:SwordOfDarkness","Twin Strike"],"picked":"hexamod:FlamesFromBeyond","floor":30}],"player_experience":2768626,"relics_obtained":[{"floor":7,"key":"Dream Catcher"},{"floor":10,"key":"MealTicket"},{"floor":24,"key":"Incense Burner"},{"floor":31,"key":"downfall:GremlinWheel"}],"event_choices":[{"damage_healed":0,"gold_gain":0,"player_choice":"Got Potions","damage_taken":0,"max_hp_gain":0,"max_hp_loss":0,"event_name":"Lab","floor":27,"gold_loss":0}],"is_beta":false,"boss_relics":[{"not_picked":["Empty Cage","Runic Dome"],"picked":"hubris:Stopwatch"}],"items_purged_floors":[],"is_endless":false,"potions_floor_spawned":[5,9,12,14,19,21,29,30],"killed_by":"Shelled Parasite and Fungi","ascension_level":0}}