{"host":"txhhdwa0hqfs4jhb","time":1613068798,"event":{"mods":["BaseMod","Better Third Choice","Filter the Spire","Fox Events","Jorbs\u0027s Wanderer Trilogy","Minty Spire (QoL Compilation)","Relic Filter Mod","Relic Stats","StSLib","Thieving Mod"],"gold_per_floor":[112,112,112,129,153,153,178,198,198,198,5,18,18,34,34,132,132,142,156,81,91,91,125,141,141,216,216,235,263,263,288,288,393,393,413,424,12,65,65,105,105,120,120,40,58,76,76,95,95,95],"floor_reached":51,"language":"ENG","playtime":7637,"items_purged":["stsjorbsmod:Strike_Wanderer","Normality"],"score":812,"play_id":"ed75af0d-bc39-4dfe-8262-53840583b085","local_time":"20210211183958","is_ascension_mode":false,"campfire_choices":[{"floor":6.0,"key":"REST"},{"floor":10.0,"key":"REST"},{"data":"Hyperbeam","floor":13.0,"key":"SMITH"},{"data":"stsjorbsmod:ChainLightning","floor":15.0,"key":"SMITH"},{"floor":27,"key":"REST"},{"floor":30,"key":"REST"},{"data":"stsjorbsmod:FindFamiliar","floor":32,"key":"SMITH"},{"data":"stsjorbsmod:Rediscovery","floor":41,"key":"SMITH"},{"floor":49,"key":"REST"}],"circlet_count":0,"master_deck":["stsjorbsmod:ForbiddenGrimoire+1","stsjorbsmod:Strike_Wanderer+1","stsjorbsmod:Defend_Wanderer","stsjorbsmod:Defend_Wanderer+1","stsjorbsmod:FreshAdventure+1","stsjorbsmod:EyeOfTheStorm+1","stsjorbsmod:GatherPower+1","stsjorbsmod:SiphonEnergy+1","stsjorbsmod:MagicMissiles+1","stsjorbsmod:Rest+1","Hyperbeam+1","stsjorbsmod:Stalwart+1","stsjorbsmod:UnseenServant+1","stsjorbsmod:ChainLightning+1","stsjorbsmod:HoldMonster+1","stsjorbsmod:Inferno+1","stsjorbsmod:ParryingBlow","stsjorbsmod:WanderingMind+1","stsjorbsmod:FaerieFire+1","stsjorbsmod:Fireball+1","stsjorbsmod:WanderingMind+1","stsjorbsmod:Thorns+1","stsjorbsmod:DisguiseSelf+1","stsjorbsmod:WeightOfMemory+1","Clumsy","stsjorbsmod:Trauma+1","stsjorbsmod:ScorchingRay+1","stsjorbsmod:FindFamiliar+1","stsjorbsmod:ArcaneForm+1","CurseOfTheBell","stsjorbsmod:FranticSearch+1","stsjorbsmod:Firebolt+1","stsjorbsmod:EyeOfTheStorm+1","stsjorbsmod:LocateObject+1","stsjorbsmod:Banish+1","stsjorbsmod:Rediscovery+1","stsjorbsmod:ScorchingRay+1","stsjorbsmod:SmithingStrike+1","stsjorbsmod:Mania+1","stsjorbsmod:WeightOfMemory+1"],"relics":["Astrolabe","Shuriken","Toxic Egg 2","Bronze Scales","Toy Ornithopter","stsjorbsmod:BottledMemoryRelic","Kunai","Cursed Key","Molten Egg 2","The Courier","MealTicket","Pantograph","Calling Bell","Oddly Smooth Stone","Mummified Hand","CaptainsWheel","Orichalcum","DollysMirror","Potion Belt","Incense Burner","Vajra","Bag of Preparation"],"acts_visited":["Exordium","TheCity","TheBeyond"],"potions_floor_usage":[28,31,40,40,50,50,50,50,50,50],"damage_taken":[{"damage":3.0,"enemies":"2 Louse","floor":1.0,"turns":6.0},{"damage":11.0,"enemies":"Jaw Worm","floor":4.0,"turns":5.0},{"damage":9.0,"enemies":"3 Sentries","floor":7.0,"turns":8.0},{"damage":0.0,"enemies":"Cultist","floor":8.0,"turns":4.0},{"damage":0.0,"enemies":"2 Fungi Beasts","floor":12.0,"turns":2.0},{"damage":0.0,"enemies":"Exordium Wildlife","floor":14.0,"turns":2.0},{"damage":0.0,"enemies":"Hexaghost","floor":16.0,"turns":5.0},{"damage":0.0,"enemies":"Spheric Guardian","floor":18.0,"turns":3.0},{"damage":1.0,"enemies":"3 Byrds","floor":19.0,"turns":1.0},{"damage":22.0,"enemies":"Snecko","floor":21.0,"turns":4.0},{"damage":32.0,"enemies":"Slavers","floor":23.0,"turns":4.0},{"damage":0,"enemies":"3 Cultists","floor":24,"turns":3},{"damage":10,"enemies":"Sentry and Sphere","floor":28,"turns":3},{"damage":11,"enemies":"Book of Stabbing","floor":29,"turns":4},{"damage":16,"enemies":"Slavers","floor":31,"turns":3},{"damage":1,"enemies":"Automaton","floor":33,"turns":4},{"damage":0,"enemies":"3 Shapes","floor":35,"turns":3},{"damage":15,"enemies":"Orb Walker","floor":36,"turns":2},{"damage":42,"enemies":"2 Orb Walkers","floor":38,"turns":3},{"damage":3,"enemies":"Reptomancer","floor":40,"turns":7},{"damage":7,"enemies":"Sphere and 2 Shapes","floor":42,"turns":3},{"damage":2,"enemies":"4 Shapes","floor":45,"turns":1},{"damage":18,"enemies":"Jaw Worm Horde","floor":46,"turns":2},{"damage":1,"enemies":"Writhing Mass","floor":48,"turns":3},{"damage":25,"enemies":"Awakened One","floor":50,"turns":7}],"seed_played":"2349976149161258701","potions_obtained":[{"floor":1.0,"key":"Dexterity Potion"},{"floor":8.0,"key":"Explosive Potion"},{"floor":12.0,"key":"SteroidPotion"},{"floor":19.0,"key":"stsjorbsmod:BurningPotion"},{"floor":21.0,"key":"SmokeBomb"},{"floor":23.0,"key":"Strength Potion"},{"floor":31,"key":"Dexterity Potion"},{"floor":33,"key":"SpeedPotion"},{"floor":35,"key":"EntropicBrew"},{"floor":42,"key":"SteroidPotion"},{"floor":45,"key":"EssenceOfSteel"}],"is_trial":false,"path_per_floor":["M","?","?","M","T","R","E","M","T","R","$","M","R","M","R","B",null,"M","M","$","M","?","E","M","?","T","R","M","E","R","E","R","B",null,"M","M","$","?","?","E","R","M","T","$","M","M","?","M","R","B",null],"character_chosen":"WANDERER","items_purchased":["stsjorbsmod:HoldMonster+1","stsjorbsmod:Inferno+1","stsjorbsmod:ParryingBlow","Orichalcum","DollysMirror","Potion Belt","Regen Potion"],"campfire_rested":5,"item_purchase_floors":[11,11,11,37,37,37,37],"current_hp_per_floor":[65,51,15,4,4,24,15,20,20,40,40,40,40,40,40,40,68,68,67,67,45,45,13,13,13,13,33,28,17,37,26,26,50,68,68,53,68,26,26,48,48,41,41,56,54,36,36,35,55,43],"gold":95,"neow_bonus":"BOSS_RELIC","is_daily":false,"chose_seed":false,"campfire_upgraded":4,"win_rate":0.0,"timestamp":1613068798,"path_taken":["M","?","?","?","?","R","E","M","T","R","?","M","R","M","R","BOSS","M","M","$","M","?","E","?","?","T","R","M","E","R","E","R","BOSS","M","M","$","?","?","E","R","M","T","$","?","M","?","M","R","BOSS"],"items_purchased_type":["Card","Card","Card","Relic","Relic","Relic","Potion"],"build_version":"2020-12-22","purchased_purges":2,"victory":true,"max_hp_per_floor":[68,68,68,68,68,68,68,68,68,68,68,68,68,68,68,68,68,68,68,68,68,68,68,68,68,68,68,68,68,68,68,68,68,68,68,68,68,68,68,68,68,68,68,68,68,68,68,68,68,68],"relic_stats":{"counters":[25,92],"Astrolabe":["stsjorbsmod:GatherPower","stsjorbsmod:SiphonEnergy","stsjorbsmod:MagicMissiles"],"Bag of Preparation":[8],"Orichalcum":[36],"Cursed Key":2,"Shuriken":[11],"Mummified Hand":[27],"Bronze Scales":[195],"Pantograph":38,"MealTicket":30,"Kunai":[9],"obtain_stats":[{"Potion Belt":37,"stsjorbsmod:BottledMemoryRelic":9,"Astrolabe":0,"Oddly Smooth Stone":34,"Vajra":40,"stsjorbsmod:GrimoireRelic":0,"The Courier":26,"Incense Burner":38,"Bag of Preparation":43,"Orichalcum":37,"Cursed Key":17,"Calling Bell":34,"CaptainsWheel":34,"Shuriken":3,"Mummified Hand":34,"DollysMirror":37,"Bronze Scales":5,"Pantograph":31,"Molten Egg 2":23,"MealTicket":29,"Kunai":11,"Toxic Egg 2":3,"Toy Ornithopter":7},{"Potion Belt":18,"stsjorbsmod:BottledMemoryRelic":4,"Astrolabe":0,"Oddly Smooth Stone":16,"Vajra":20,"stsjorbsmod:GrimoireRelic":0,"The Courier":12,"Incense Burner":19,"Bag of Preparation":21,"Orichalcum":18,"Cursed Key":7,"Calling Bell":16,"CaptainsWheel":16,"Shuriken":1,"Mummified Hand":16,"DollysMirror":18,"Bronze Scales":2,"Pantograph":15,"Molten Egg 2":11,"MealTicket":14,"Kunai":4,"Toxic Egg 2":1,"Toy Ornithopter":3},{"Potion Belt":66,"stsjorbsmod:BottledMemoryRelic":23,"Astrolabe":0,"Oddly Smooth Stone":61,"Vajra":76,"stsjorbsmod:GrimoireRelic":0,"The Courier":47,"Incense Burner":69,"Bag of Preparation":79,"Orichalcum":66,"Cursed Key":32,"Calling Bell":61,"CaptainsWheel":61,"Shuriken":6,"Mummified Hand":61,"DollysMirror":66,"Bronze Scales":11,"Pantograph":57,"Molten Egg 2":44,"MealTicket":54,"Kunai":23,"Toxic Egg 2":6,"Toy Ornithopter":19}],"Toy Ornithopter":25},"card_choices":[{"not_picked":["stsjorbsmod:Hibernate","stsjorbsmod:ParryingBlow"],"picked":"stsjorbsmod:Rest","floor":1.0},{"not_picked":["stsjorbsmod:ChatteringStrike","stsjorbsmod:Will+1"],"picked":"stsjorbsmod:Stalwart+1","floor":4.0},{"not_picked":["stsjorbsmod:RayOfFrost","stsjorbsmod:Counterspell+1"],"picked":"stsjorbsmod:UnseenServant+1","floor":7.0},{"not_picked":["stsjorbsmod:ChatteringStrike","stsjorbsmod:Index+1"],"picked":"stsjorbsmod:ChainLightning","floor":8.0},{"not_picked":["stsjorbsmod:IvoryTower+1","stsjorbsmod:RefuseToForget+1"],"picked":"stsjorbsmod:WanderingMind+1","floor":12.0},{"not_picked":["stsjorbsmod:Mania","stsjorbsmod:ParryingBlow"],"picked":"stsjorbsmod:FaerieFire+1","floor":14.0},{"not_picked":["stsjorbsmod:IvoryTower+1","stsjorbsmod:Entangle"],"picked":"stsjorbsmod:Fireball","floor":16.0},{"not_picked":["stsjorbsmod:ChainLightning","stsjorbsmod:ParryingBlow"],"picked":"stsjorbsmod:WanderingMind+1","floor":18.0},{"not_picked":["stsjorbsmod:FlameWard+1","stsjorbsmod:MistyStep+1"],"picked":"stsjorbsmod:Thorns+1","floor":19.0},{"not_picked":["stsjorbsmod:ArcaneWeapon","stsjorbsmod:FaerieFire+1"],"picked":"stsjorbsmod:SchoolsOfMagic+1","floor":21.0},{"not_picked":["stsjorbsmod:Will+1","stsjorbsmod:DeathThroes+1"],"picked":"stsjorbsmod:DisguiseSelf+1","floor":23.0},{"not_picked":["stsjorbsmod:Will+1","stsjorbsmod:ParryingBlow+1"],"picked":"stsjorbsmod:WeightOfMemory+1","floor":24},{"not_picked":["stsjorbsmod:Index+1","stsjorbsmod:Materialize+1"],"picked":"stsjorbsmod:Trauma+1","floor":28},{"not_picked":["stsjorbsmod:Message+1","stsjorbsmod:Index+1"],"picked":"stsjorbsmod:ScorchingRay+1","floor":29},{"not_picked":["stsjorbsmod:DisguiseSelf+1","stsjorbsmod:Hurt+1"],"picked":"stsjorbsmod:FindFamiliar","floor":31},{"not_picked":["stsjorbsmod:HoldMonster+1","stsjorbsmod:DeathThroes+1"],"picked":"stsjorbsmod:ArcaneForm","floor":33},{"not_picked":["stsjorbsmod:Mending+1","stsjorbsmod:FaerieFire+1"],"picked":"stsjorbsmod:FranticSearch+1","floor":35},{"not_picked":["stsjorbsmod:ChainLightning+1","stsjorbsmod:TollTheDead+1"],"picked":"stsjorbsmod:Firebolt+1","floor":36},{"not_picked":["stsjorbsmod:TrueStrike+1","stsjorbsmod:Prepare+1"],"picked":"stsjorbsmod:LocateObject+1","floor":38},{"not_picked":["stsjorbsmod:Counterspell+1","stsjorbsmod:Stalwart+1"],"picked":"stsjorbsmod:Rediscovery","floor":40},{"not_picked":["stsjorbsmod:BlackTentacles+1","stsjorbsmod:Prestidigitation"],"picked":"stsjorbsmod:ScorchingRay+1","floor":42},{"not_picked":["stsjorbsmod:DoubleCheck+1","stsjorbsmod:FaerieFire+1"],"picked":"stsjorbsmod:SmithingStrike+1","floor":45},{"not_picked":["stsjorbsmod:Rest+1","stsjorbsmod:BurningFlask+1"],"picked":"stsjorbsmod:Mania+1","floor":46},{"not_picked":["stsjorbsmod:ParryingBlow+1","stsjorbsmod:Index+1"],"picked":"stsjorbsmod:WeightOfMemory+1","floor":48}],"player_experience":311145,"relics_obtained":[{"floor":5.0,"key":"Bronze Scales"},{"floor":7.0,"key":"Toy Ornithopter"},{"floor":9.0,"key":"stsjorbsmod:BottledMemoryRelic"},{"floor":23.0,"key":"Molten Egg 2"},{"floor":26,"key":"The Courier"},{"floor":29,"key":"MealTicket"},{"floor":31,"key":"Pantograph"},{"floor":34,"key":"Oddly Smooth Stone"},{"floor":34,"key":"Mummified Hand"},{"floor":34,"key":"CaptainsWheel"},{"floor":38,"key":"Incense Burner"},{"floor":40,"key":"Vajra"},{"floor":43,"key":"Bag of Preparation"}],"event_choices":[{"damage_healed":65.0,"max_hp_gain":0.0,"max_hp_loss":68.0,"gold_gain":0.0,"event_name":"betterThird:BetterShining","player_choice":"Upgrade","floor":2.0,"gold_loss":0.0,"damage_taken":14.0,"cards_upgraded":["stsjorbsmod:EyeOfTheStorm","stsjorbsmod:Rest"]},{"damage_healed":0.0,"max_hp_gain":0.0,"max_hp_loss":0.0,"gold_gain":1.0,"event_name":"betterThird:BetterScrap","player_choice":"Relic Relic Card ","floor":3.0,"gold_loss":0.0,"damage_taken":36.0,"cards_obtained":["Hyperbeam","Storm of Steel"]},{"damage_healed":0.0,"max_hp_gain":0.0,"max_hp_loss":0.0,"gold_gain":0.0,"event_name":"Upgrade Shrine","player_choice":"Upgraded","floor":22.0,"gold_loss":0.0,"damage_taken":0.0,"cards_upgraded":["stsjorbsmod:Fireball"]},{"damage_healed":0,"gold_gain":0,"player_choice":"Fight","damage_taken":0,"max_hp_gain":0,"max_hp_loss":0,"event_name":"Mysterious Sphere","floor":38,"gold_loss":0},{"damage_healed":0,"gold_gain":0,"cards_transformed":["stsjorbsmod:Defend_Wanderer"],"player_choice":"Transformed","damage_taken":0,"max_hp_gain":0,"max_hp_loss":0,"event_name":"Transmorgrifier","floor":39,"gold_loss":0,"cards_obtained":["stsjorbsmod:Banish"]},{"cards_removed":["stsjorbsmod:SchoolsOfMagic"],"damage_healed":0,"gold_gain":0,"player_choice":"Removed Skill","damage_taken":0,"max_hp_gain":0,"max_hp_loss":0,"event_name":"Falling","floor":47,"gold_loss":0}],"is_beta":false,"boss_relics":[{"not_picked":["Coffee Dripper","Sozu"],"picked":"Cursed Key"},{"not_picked":["Philosopher\u0027s Stone","Fusion Hammer"],"picked":"Calling Bell"}],"items_purged_floors":[20,44],"is_endless":false,"potions_floor_spawned":[1,8,12,19,21,23,31,33,35,42,45],"ascension_level":0}}