{"host":"fp8agajml3w3zuy9","time":1613075702,"event":{"mods":["AchievementEnabler","BaseMod","BetterRewards","Card Forge","DeckTracker","Minty Spire (QoL Compilation)","Permanent Neow","Relic Filter","StSLib","The Senshi"],"gold_per_floor":[109,122,122,134,134,170,170,191,191,235,235,258,298,319,319,412,412,430,430,430,480,494,529,529,562,562,562,601,625,641,155,155,245,245,269,269,109,409,422,457,478,521,568,607,607,628,35,68,68,68,68,68,68,109,109],"floor_reached":56,"language":"ENG","playtime":1782,"items_purged":[],"score":3107,"play_id":"650478cf-8b6e-438c-a9c6-df8038522a62","local_time":"20210211203502","is_ascension_mode":true,"campfire_choices":[{"floor":11,"key":"RECALL"},{"floor":15,"key":"REST"},{"floor":32,"key":"REST"},{"floor":45,"key":"REST"},{"floor":49,"key":"REST"},{"floor":52,"key":"REST"}],"circlet_count":0,"master_deck":["AscendersBane","Exhume+1","Flex+1","Inflame+1","Limit Break+1","Offering+1","Rupture+1","Reaper+1","Seeing Red+1","Shrug It Off+1","Whirlwind+1","Master of Strategy+1","Bloodletting+1","Exhume+1","Master of Strategy+1","RitualDagger+1","CurseOfTheBell","Offering+1","Uppercut+1"],"relics":["Burning Blood","Hammer of Thor","Seething Fire","Anvil of the Gods","Magic Flower","Golden Idol","Vajra","Smiling Mask","Red Skull","Mummified Hand","Calling Bell","Akabeko","Frozen Egg 2","Calipers","InkBottle","Oddly Smooth Stone","Blue Candle","Happy Flower","theSenshi:SailorFukuRelic","Medical Kit","Du-Vu Doll","SlaversCollar","Toolbox","Old Coin","Bronze Scales","Mercury Hourglass","MealTicket","Regal Pillow","Ginger","HornCleat","StoneCalendar","Torii"],"acts_visited":["Exordium","TheCity","TheBeyond","TheEnding"],"potions_floor_usage":[55,55],"damage_taken":[{"damage":3,"enemies":"Small Slimes","floor":1,"turns":1},{"damage":9,"enemies":"Jaw Worm","floor":2,"turns":1},{"damage":0,"enemies":"2 Louse","floor":4,"turns":2},{"damage":12,"enemies":"3 Sentries","floor":6,"turns":1},{"damage":9,"enemies":"Large Slime","floor":8,"turns":1},{"damage":3,"enemies":"Gremlin Nob","floor":10,"turns":2},{"damage":6,"enemies":"2 Fungi Beasts","floor":12,"turns":1},{"damage":9,"enemies":"Lagavulin","floor":13,"turns":1},{"damage":0,"enemies":"Red Slaver","floor":14,"turns":1},{"damage":6,"enemies":"Slime Boss","floor":16,"turns":2},{"damage":6,"enemies":"Chosen","floor":18,"turns":1},{"damage":6,"enemies":"3 Byrds","floor":22,"turns":1},{"damage":9,"enemies":"Slavers","floor":23,"turns":1},{"damage":6,"enemies":"Book of Stabbing","floor":25,"turns":1},{"damage":6,"enemies":"Gremlin Leader","floor":28,"turns":1},{"damage":6,"enemies":"Sentry and Sphere","floor":29,"turns":2},{"damage":0,"enemies":"Snecko","floor":30,"turns":1},{"damage":9,"enemies":"Champ","floor":33,"turns":1},{"damage":0,"enemies":"Orb Walker","floor":35,"turns":1},{"damage":0,"enemies":"3 Darklings","floor":39,"turns":1},{"damage":0,"enemies":"Nemesis","floor":40,"turns":1},{"damage":0,"enemies":"Spire Growth","floor":41,"turns":1},{"damage":6,"enemies":"Reptomancer","floor":42,"turns":1},{"damage":0,"enemies":"Nemesis","floor":44,"turns":1},{"damage":12,"enemies":"Sphere and 2 Shapes","floor":46,"turns":2},{"damage":6,"enemies":"Giant Head","floor":48,"turns":1},{"damage":8,"enemies":"Awakened One","floor":50,"turns":2},{"damage":0,"enemies":"Shield and Spear","floor":54,"turns":1},{"damage":52,"enemies":"The Heart","floor":55,"turns":3}],"seed_played":"3601878970972921488","potions_obtained":[{"floor":2,"key":"Strength Potion"},{"floor":4,"key":"PowerPotion"},{"floor":30,"key":"ColorlessPotion"},{"floor":41,"key":"GamblersBrew"},{"floor":44,"key":"DistilledChaos"}],"is_trial":false,"path_per_floor":["M","M","$","M","?","E","?","M","T","E","R","M","E","M","R","B",null,"M","?","?","?","M","E","?","E","T","$","E","M","M","$","R","B",null,"M","?","$","T","M","E","M","E","T","E","R","M","$","E","R","B",null,"R","$","E","B",null],"character_chosen":"IRONCLAD","items_purchased":["Medical Kit","Du-Vu Doll","Toolbox","Ginger","HornCleat"],"campfire_rested":5,"item_purchase_floors":[31,31,37,47,47],"current_hp_per_floor":[68,68,68,68,45,65,65,65,65,68,68,68,68,68,68,68,68,68,68,68,68,68,68,68,68,68,68,68,68,68,68,68,68,68,68,78,78,78,78,78,78,78,78,78,78,75,78,78,78,78,78,78,78,78,35],"gold":109,"neow_bonus":"ONE_RARE_RELIC","is_daily":false,"chose_seed":false,"campfire_upgraded":0,"win_rate":0.0,"timestamp":1613075702,"path_taken":["M","M","$","M","?","E","?","M","T","E","R","M","E","M","R","BOSS","M","?","?","?","M","E","?","E","T","$","E","M","?","$","R","BOSS","M","?","$","?","M","E","M","E","T","E","R","?","$","E","R","BOSS","R","$","E","BOSS"],"items_purchased_type":["Relic","Relic","Relic","Relic","Relic"],"build_version":"2020-12-22","purchased_purges":0,"victory":true,"max_hp_per_floor":[68,68,68,68,68,68,68,68,68,68,68,68,68,68,68,68,68,68,68,68,68,68,68,68,68,68,68,68,68,68,68,68,68,68,68,78,78,78,78,78,78,78,78,78,78,78,78,78,78,78,78,78,78,78,78],"card_choices":[{"not_picked":["Flex","Rage","Warcry"],"picked":"SKIP","floor":1},{"not_picked":["Warcry","Flex","Perfected Strike"],"picked":"SKIP","floor":2},{"not_picked":["Sentinel","Flex","Headbutt"],"picked":"SKIP","floor":4},{"not_picked":["Fire Breathing","Rupture","Second Wind"],"picked":"SKIP","floor":6},{"not_picked":["Clash","Fire Breathing","True Grit"],"picked":"SKIP","floor":8},{"not_picked":["Thunderclap","Fire Breathing","Clothesline"],"picked":"SKIP","floor":10},{"not_picked":["Wild Strike","Juggernaut","Thunderclap"],"picked":"SKIP","floor":12},{"not_picked":["Body Slam","Fire Breathing","Metallicize"],"picked":"SKIP","floor":13},{"not_picked":["Iron Wave","Cleave","Headbutt"],"picked":"SKIP","floor":14},{"not_picked":["Uppercut","Wild Strike","Fire Breathing+1"],"picked":"SKIP","floor":18},{"not_picked":["Havoc","Rampage"],"picked":"Rage","floor":22},{"not_picked":["Pommel Strike","Ghostly Armor","Clothesline+1"],"picked":"SKIP","floor":23},{"not_picked":["Clothesline","Metallicize+1","Wild Strike"],"picked":"SKIP","floor":25},{"not_picked":["Sentinel+1","Shrug It Off+1","Immolate"],"picked":"SKIP","floor":28},{"not_picked":["Spot Weakness","Sentinel","Seeing Red+1"],"picked":"SKIP","floor":29},{"not_picked":["Shrug It Off","Armaments","Sword Boomerang"],"picked":"SKIP","floor":30},{"not_picked":["Cleave","Heavy Blade","Inflame+1"],"picked":"SKIP","floor":35},{"not_picked":["Infernal Blade+1","Thunderclap","Ghostly Armor"],"picked":"SKIP","floor":39},{"not_picked":["Pommel Strike","Rage+1","Immolate"],"picked":"SKIP","floor":40},{"not_picked":["Havoc+1","Carnage","Hemokinesis"],"picked":"SKIP","floor":41},{"not_picked":["Iron Wave","Sentinel","Wild Strike"],"picked":"SKIP","floor":42},{"not_picked":["Fire Breathing+1","Warcry+1","Sentinel+1"],"picked":"SKIP","floor":44},{"not_picked":["Sever Soul","Warcry","Perfected Strike"],"picked":"SKIP","floor":46},{"not_picked":["Clash","Carnage","Flex+1"],"picked":"SKIP","floor":48},{"not_picked":["Exhume","Cleave","Pummel"],"picked":"SKIP","floor":54}],"player_experience":430010,"relics_obtained":[{"floor":6,"key":"Vajra"},{"floor":10,"key":"Red Skull"},{"floor":13,"key":"Mummified Hand"},{"floor":17,"key":"Akabeko"},{"floor":17,"key":"Frozen Egg 2"},{"floor":17,"key":"Calipers"},{"floor":23,"key":"InkBottle"},{"floor":25,"key":"Blue Candle"},{"floor":26,"key":"Happy Flower"},{"floor":28,"key":"theSenshi:SailorFukuRelic"},{"floor":38,"key":"Old Coin"},{"floor":40,"key":"Bronze Scales"},{"floor":42,"key":"Mercury Hourglass"},{"floor":43,"key":"MealTicket"},{"floor":44,"key":"Regal Pillow"},{"floor":48,"key":"StoneCalendar"},{"floor":54,"key":"Torii"}],"event_choices":[{"damage_healed":0,"gold_gain":0,"player_choice":"Take Damage","damage_taken":23,"relics_obtained":["Golden Idol"],"max_hp_gain":0,"max_hp_loss":0,"event_name":"Golden Idol","floor":5,"gold_loss":0},{"damage_healed":0,"gold_gain":0,"player_choice":"Box","damage_taken":0,"relics_obtained":["Smiling Mask"],"max_hp_gain":0,"max_hp_loss":0,"event_name":"Big Fish","floor":7,"gold_loss":0,"cards_obtained":["Regret"]},{"damage_healed":0,"gold_gain":0,"player_choice":"Ignored","damage_taken":0,"max_hp_gain":0,"max_hp_loss":0,"event_name":"Vampires","floor":19,"gold_loss":0},{"cards_removed":["Bloodletting"],"damage_healed":0,"gold_gain":0,"player_choice":"Elegance","damage_taken":0,"max_hp_gain":0,"max_hp_loss":0,"event_name":"Back to Basics","floor":20,"gold_loss":0},{"damage_healed":0,"gold_gain":50,"player_choice":"Stole From Cult","damage_taken":0,"max_hp_gain":0,"max_hp_loss":0,"event_name":"Nest","floor":21,"gold_loss":0},{"damage_healed":0,"gold_gain":0,"player_choice":"Gave Potion","damage_taken":0,"relics_obtained":["Oddly Smooth Stone"],"max_hp_gain":0,"max_hp_loss":0,"event_name":"WeMeetAgain","floor":24,"gold_loss":0},{"cards_removed":["Offering"],"damage_healed":0,"gold_gain":0,"player_choice":"Offered Rare","damage_taken":0,"max_hp_gain":10,"max_hp_loss":0,"event_name":"Bonfire Elementals","floor":36,"gold_loss":0}],"is_beta":false,"boss_relics":[{"not_picked":["Mark of Pain","Cursed Key"],"picked":"Calling Bell"},{"not_picked":["Runic Dome","Black Blood"],"picked":"SlaversCollar"}],"items_purged_floors":[],"is_endless":false,"potions_floor_spawned":[2,4,12,16,22,23,30,39,41,44,46,48],"ascension_level":16}}