{"host":"¿à÷økuyou","time":1613013467,"event":{"mods":["ATMod(°¢èªMod)","Act Like it!","BaseMod","BetterRewards","Minty Spire (QoL Compilation)","Quick Restart","StSLib"],"gold_per_floor":[114,189,204,219,234,234,264,39,39,54,54,54,69,124,124,124,124],"floor_reached":16,"language":"ZHS","playtime":630,"items_purged":["AT_PowerWithin"],"score":112,"play_id":"992572b3-ec79-4308-861a-2bd44719ed5d","local_time":"20210211111747","daily_mods":["Allstar","Vintage","Binary"],"is_ascension_mode":false,"campfire_choices":[{"data":"AT_FamilyPortrait","floor":6.0,"key":"SMITH"},{"data":"Eruption","floor":15.0,"key":"SMITH"}],"circlet_count":0,"master_deck":["Strike_P","Strike_P","Strike_P","Strike_P","Defend_P","Defend_P","Defend_P","Defend_P","Eruption+1","Vigilance","Good Instincts","AT_LightSaberMaster","AT_FamilyPortrait+1","Master of Strategy","AT_Dispersion","Protect"],"relics":["PureWater","AT_ATBox","Shuriken","Omamori","Vajra","Tiny Chest","Centennial Puzzle","AT_BellDemon","The Courier","Anchor","Molten Egg 2","AT_MibuBalloonWealth","Gambling Chip","Kunai","Damaru"],"acts_visited":["Exordium"],"potions_floor_usage":[],"damage_taken":[{"damage":2.0,"enemies":"2 Louse","floor":1.0,"turns":3.0},{"damage":8.0,"enemies":"Jaw Worm","floor":3.0,"turns":3.0},{"damage":2.0,"enemies":"Cultist","floor":4.0,"turns":5.0},{"damage":3.0,"enemies":"Exordium Wildlife","floor":5.0,"turns":5.0},{"damage":6.0,"enemies":"3 Sentries","floor":7.0,"turns":7.0},{"damage":8.0,"enemies":"Looter","floor":10.0,"turns":3.0},{"damage":0.0,"enemies":"Large Slime","floor":13.0,"turns":5.0},{"damage":14.0,"enemies":"Lagavulin","floor":14.0,"turns":6.0},{"damage":18,"enemies":"Hexaghost","floor":16,"turns":9}],"seed_played":"-587577638262706789","potions_obtained":[{"floor":1.0,"key":"StancePotion"},{"floor":4.0,"key":"DuplicationPotion"}],"is_trial":false,"path_per_floor":["M","?","M","M","M","R","E","$","T","M","?","$","M","E","R","B"],"character_chosen":"WATCHER","items_purchased":["AT_BellDemon"],"campfire_rested":0,"item_purchase_floors":[8],"current_hp_per_floor":[70,59,51,49,46,46,40,40,40,32,32,32,32,18,18,0,0],"gold":124,"neow_bonus":"","is_daily":true,"chose_seed":false,"campfire_upgraded":2,"win_rate":0.0,"timestamp":1613013467,"path_taken":["M","?","M","M","M","R","E","$","T","M","?","?","?","E","R","BOSS"],"items_purchased_type":["Relic"],"build_version":"2020-12-18","purchased_purges":1,"victory":false,"max_hp_per_floor":[72,72,72,72,72,72,72,72,72,72,72,72,72,72,72,72,72],"card_choices":[{"not_picked":["DeceiveReality","Indignation"],"picked":"SKIP","floor":7.0},{"not_picked":["Halt"],"picked":"Protect","floor":14.0}],"player_experience":208760,"relics_obtained":[{"floor":1.0,"key":"Shuriken"},{"floor":3.0,"key":"Omamori"},{"floor":4.0,"key":"Vajra"},{"floor":5.0,"key":"Tiny Chest"},{"floor":7.0,"key":"Centennial Puzzle"},{"floor":9.0,"key":"The Courier"},{"floor":10.0,"key":"Anchor"},{"floor":10.0,"key":"Molten Egg 2"},{"floor":13.0,"key":"AT_MibuBalloonWealth"},{"floor":13.0,"key":"Gambling Chip"},{"floor":14.0,"key":"Kunai"},{"floor":14.0,"key":"Damaru"}],"event_choices":[{"damage_healed":0.0,"max_hp_gain":0.0,"max_hp_loss":0.0,"gold_gain":75.0,"event_name":"World of Goop","player_choice":"Gather Gold","floor":2.0,"gold_loss":0.0,"damage_taken":11.0},{"damage_healed":0.0,"max_hp_gain":0.0,"max_hp_loss":0.0,"gold_gain":0.0,"event_name":"Shining Light","player_choice":"Ignored","floor":11.0,"gold_loss":0.0,"damage_taken":0.0}],"is_beta":true,"boss_relics":[],"items_purged_floors":[8],"is_endless":false,"potions_floor_spawned":[1,4,7],"killed_by":"Hexaghost","ascension_level":0}}