{"host":"h4lp0eeso8a0ssq0","time":1613008347,"event":{"mods":["2.2 Compatiblity","AchievementEnabler","BaseMod","CapriCore","Colored Map","Minty Spire (QoL Compilation)","StSLib","SuperFastMode"],"gold_per_floor":[111,54,80,102,130,170,170,213,213,40,69,69,89,89,89,172,172,198,22,47,47,47],"floor_reached":21,"language":"KOR","playtime":628,"items_purged":["Strike_G"],"score":382,"play_id":"7cc9acaa-6f62-4015-995e-46af876eb138","local_time":"20210211105227","is_ascension_mode":true,"campfire_choices":[{"floor":7.0,"key":"REST"},{"floor":12.0,"key":"REST"},{"data":"Crippling Poison","floor":15.0,"key":"SMITH"}],"circlet_count":0,"master_deck":["AscendersBane","Strike_G","Strike_G","Strike_G","Strike_G","Defend_G","Defend_G","Defend_G","Defend_G","Defend_G","Survivor","Neutralize","Poisoned Stab","Quick Slash","Dash","Bouncing Flask","Endless Agony","Deadly Poison","Crippling Poison+1","Corpse Explosion","Noxious Fumes+1","Setup","Dash","Bullet Time","Masterful Stab","PiercingWail"],"relics":["Ring of the Snake","CeramicFish","Oddly Smooth Stone","StoneCalendar","The Courier","Philosopher\u0027s Stone","Membership Card"],"acts_visited":["Exordium","TheCity"],"potions_floor_usage":[16],"damage_taken":[{"damage":3.0,"enemies":"Small Slimes","floor":1.0,"turns":5.0},{"damage":6.0,"enemies":"Cultist","floor":3.0,"turns":3.0},{"damage":4.0,"enemies":"2 Louse","floor":4.0,"turns":4.0},{"damage":0.0,"enemies":"Exordium Wildlife","floor":5.0,"turns":7.0},{"damage":30.0,"enemies":"Lagavulin","floor":6.0,"turns":7.0},{"damage":9.0,"enemies":"3 Sentries","floor":8.0,"turns":7.0},{"damage":6.0,"enemies":"Large Slime","floor":11.0,"turns":4.0},{"damage":0.0,"enemies":"3 Louse","floor":13.0,"turns":4.0},{"damage":36,"enemies":"The Guardian","floor":16,"turns":7},{"damage":25,"enemies":"2 Thieves","floor":18,"turns":3},{"damage":8,"enemies":"Chosen","floor":20,"turns":4},{"damage":10,"enemies":"Centurion and Healer","floor":21,"turns":2}],"seed_played":"2022767058041251414","potions_obtained":[{"floor":3.0,"key":"Ancient Potion"},{"floor":4.0,"key":"EssenceOfSteel"},{"floor":6.0,"key":"BlessingOfTheForge"},{"floor":11.0,"key":"Swift Potion"},{"floor":16,"key":"Swift Potion"}],"is_trial":false,"path_per_floor":["M","?","M","M","M","E","R","E","T","$","M","R","M","?","R","B",null,"M","$","M","M"],"character_chosen":"THE_SILENT","items_purchased":["Corpse Explosion","Noxious Fumes","Membership Card"],"campfire_rested":2,"item_purchase_floors":[10,10,19],"current_hp_per_floor":[56,56,50,46,46,16,35,26,26,26,20,39,39,39,39,3,50,25,25,17,7,7],"gold":47,"neow_bonus":"THREE_CARDS","is_daily":false,"chose_seed":false,"campfire_upgraded":1,"win_rate":0.0,"timestamp":1613008347,"path_taken":["M","?","M","M","?","E","R","E","T","$","M","R","M","?","R","BOSS","M","$","?","M"],"items_purchased_type":["Card","Card","Relic"],"build_version":"2020-12-22","purchased_purges":1,"victory":false,"max_hp_per_floor":[66,66,66,66,66,66,66,66,66,66,66,66,66,66,66,66,66,66,66,66,66,66],"card_choices":[{"not_picked":["Outmaneuver","Slice"],"picked":"Poisoned Stab","floor":0.0},{"not_picked":["Prepared","Reflex"],"picked":"Quick Slash","floor":1.0},{"not_picked":["Slice","Heel Hook"],"picked":"Dash","floor":3.0},{"not_picked":["Cloak And Dagger","Deflect"],"picked":"Bouncing Flask","floor":4.0},{"not_picked":["Deadly Poison","Eviscerate"],"picked":"Endless Agony","floor":5.0},{"not_picked":["Terror","Unload"],"picked":"Deadly Poison","floor":6.0},{"not_picked":["Envenom","Finisher"],"picked":"Crippling Poison","floor":8.0},{"not_picked":["Noxious Fumes","Acrobatics"],"picked":"Setup","floor":11.0},{"not_picked":["Well Laid Plans","Deadly Poison"],"picked":"Dash","floor":13.0},{"not_picked":["Grand Finale","Glass Knife"],"picked":"Bullet Time","floor":16},{"not_picked":["Setup","Bane"],"picked":"Masterful Stab","floor":18},{"not_picked":["Sucker Punch","Cloak And Dagger"],"picked":"PiercingWail","floor":20}],"player_experience":218294,"relics_obtained":[{"floor":6.0,"key":"Oddly Smooth Stone"},{"floor":8.0,"key":"StoneCalendar"},{"floor":9.0,"key":"The Courier"}],"event_choices":[{"damage_healed":0.0,"max_hp_gain":0.0,"max_hp_loss":0.0,"gold_gain":0.0,"event_name":"WeMeetAgain","player_choice":"Paid Gold","floor":2.0,"gold_loss":57.0,"damage_taken":0.0,"relics_obtained":["CeramicFish"]},{"damage_healed":0.0,"max_hp_gain":0.0,"max_hp_loss":0.0,"gold_gain":0.0,"event_name":"Accursed Blacksmith","player_choice":"Forge","floor":14.0,"gold_loss":0.0,"damage_taken":0.0,"cards_upgraded":["Noxious Fumes"]}],"is_beta":false,"boss_relics":[{"not_picked":["Pandora\u0027s Box","Runic Pyramid"],"picked":"Philosopher\u0027s Stone"}],"items_purged_floors":[19],"is_endless":false,"potions_floor_spawned":[3,4,6,11,16],"killed_by":"Centurion and Healer","ascension_level":20}}