{"host":"cnq91ghfhf6lz0gv","time":1613006636,"event":{"mods":["BaseMod","Clockwork Mod","Colored Map","Colored Powertips","Conspire","Downfall","Googly Eyes","Highlight Path","Minty Spire (QoL Compilation)","Replay The Spire","StSLib","SuperFastMode","The IronCluck","The Showman","slay the spire mod where everything is the same but ironclad has a cowboy hat"],"gold_per_floor":[217,217,227,3,14,14,33,33,33,44,44,58,92,108,108,206,206,224,124,124,124,139,149,198,228,228,239,318,318,418,436,463,32,32,32,32],"floor_reached":35,"language":"ENG","playtime":1034,"items_purged":["Strike_B","Redo","Dualcast"],"score":332,"play_id":"2fec1d68-8541-4792-91e1-d0dffbd78e83","local_time":"20210210202356","is_ascension_mode":true,"campfire_choices":[{"data":"Genetic Algorithm","floor":6,"key":"SMITH"},{"data":"Zap","floor":8,"key":"SMITH"},{"data":"Defend_B","floor":15,"key":"PURGE"},{"floor":26,"key":"REST"},{"floor":29,"key":"REST"},{"data":"Creative AI","floor":34,"key":"SMITH"}],"circlet_count":0,"master_deck":["Zap+1","Sweeping Beam","Genetic Algorithm+1","Panic Button","Cold Snap","Static Discharge","Genetic Algorithm","ReplayTheSpireMod:Calculation Training","Biased Cognition","Storm","Doom and Gloom","Capacitor","Genetic Algorithm","Rebound","Coolheaded+1","Creative AI+1","Genetic Algorithm","Chill+1"],"relics":["Cracked Core","NlothsMask","DataDisk","Bag of Preparation","Pandora\u0027s Box","Molten Egg 2","Potion Belt","Solar Panel","Turnip"],"acts_visited":["Exordium","TheCity"],"potions_floor_usage":[13,27],"damage_taken":[{"damage":0,"enemies":"Cultist","floor":1,"turns":3},{"damage":0,"enemies":"Small Slimes","floor":3,"turns":2},{"damage":0,"enemies":"2 Louse","floor":5,"turns":2},{"damage":9,"enemies":"Red Slaver","floor":7,"turns":4},{"damage":0,"enemies":"Exordium Thugs","floor":10,"turns":4},{"damage":3,"enemies":"Blue Slaver","floor":12,"turns":4},{"damage":6,"enemies":"Gremlin Nob","floor":13,"turns":4},{"damage":3,"enemies":"2 Fungi Beasts","floor":14,"turns":3},{"damage":45,"enemies":"Slime Boss","floor":16,"turns":10},{"damage":3,"enemies":"Spheric Guardian","floor":18,"turns":3},{"damage":11,"enemies":"Shell Parasite","floor":22,"turns":3},{"damage":16,"enemies":"Centurion and Healer","floor":23,"turns":5},{"damage":23,"enemies":"Gremlin Leader","floor":25,"turns":6},{"damage":21,"enemies":"Cultist and Chosen","floor":27,"turns":6},{"damage":0,"enemies":"Snecko","floor":31,"turns":4},{"damage":27,"enemies":"Pondfish","floor":35,"turns":8}],"seed_played":"3522364498753264774","potions_obtained":[{"floor":5,"key":"LiquidMemories"},{"floor":7,"key":"Strength Potion"},{"floor":12,"key":"SteroidPotion"},{"floor":14,"key":"EssenceOfSteel"}],"is_trial":false,"path_per_floor":["M","?","M","$","M","R","M","R","T","M","$","M","E","M","R_BF","B",null,"M","$","PTL","PTL","M","M","?","E","R","M","T","R","?","M","T","$","R","B"],"character_chosen":"DEFECT","items_purchased":["DataDisk","Turnip"],"campfire_rested":2,"item_purchase_floors":[4,33],"current_hp_per_floor":[75,75,75,75,75,75,66,66,66,66,66,63,57,54,54,9,75,72,72,72,72,61,45,27,4,26,5,5,27,27,27,27,27,27,0,0],"gold":32,"neow_bonus":"HUNDRED_GOLD","is_daily":false,"chose_seed":false,"campfire_upgraded":3,"win_rate":0.0,"timestamp":1613006636,"path_taken":["M","?","M","$","M","R","?","R","T","M","$","M","E","M","R_BF","BOSS","M","$","PTL","PTL","M","M","?","E","R","M","T","R","?","?","?","$","R","BOSS"],"items_purchased_type":["Relic","Relic"],"build_version":"2020-12-22","purchased_purges":3,"victory":false,"max_hp_per_floor":[75,75,75,75,75,75,75,75,75,75,75,75,75,75,75,75,75,75,75,75,75,75,75,75,75,75,75,75,75,75,75,75,75,75,75,75],"card_choices":[{"not_picked":["Cold Snap","Steam"],"picked":"Sweeping Beam","floor":1},{"not_picked":["Stack","Tempest"],"picked":"Genetic Algorithm","floor":3},{"not_picked":["Stack","Barrage"],"picked":"Panic Button","floor":5},{"not_picked":["Redo","Gash"],"picked":"Cold Snap","floor":7},{"not_picked":["Doom and Gloom","Go for the Eyes"],"picked":"Static Discharge","floor":10},{"not_picked":["Panic Button","Double Energy"],"picked":"Genetic Algorithm","floor":12},{"not_picked":["Rebound","Beam Cell","Reinforced Body"],"picked":"SKIP","floor":13},{"not_picked":["Recycle","Hologram"],"picked":"ReplayTheSpireMod:Calculation Training","floor":14},{"not_picked":["Reboot","Buffer"],"picked":"Biased Cognition","floor":16},{"not_picked":["Rebound","FIFO Queue","Conserve Battery"],"picked":"SKIP","floor":18},{"not_picked":["Leap","Skim"],"picked":"Coolheaded+1","floor":22},{"not_picked":["Panic Button","Barrage"],"picked":"Creative AI","floor":23},{"not_picked":["Turbo","ReplayGash+1"],"picked":"Genetic Algorithm","floor":24},{"not_picked":["Streamline+1","Leap+1","Force Field"],"picked":"SKIP","floor":25},{"not_picked":["Cold Snap+1","Turbo"],"picked":"Chill+1","floor":27},{"not_picked":["Hologram","Conserve Battery","BootSequence"],"picked":"SKIP","floor":31}],"player_experience":226091,"relics_obtained":[{"floor":13,"key":"Bag of Preparation"},{"floor":24,"key":"Molten Egg 2"},{"floor":25,"key":"Potion Belt"},{"floor":28,"key":"Solar Panel"}],"event_choices":[{"damage_healed":0,"gold_gain":0,"player_choice":"Trade","damage_taken":0,"relics_obtained":["NlothsMask"],"max_hp_gain":0,"max_hp_loss":0,"event_name":"FaceTrader","floor":2,"gold_loss":0},{"damage_healed":0,"gold_gain":100,"player_choice":"Pray","damage_taken":0,"max_hp_gain":0,"max_hp_loss":0,"event_name":"Golden Shrine","floor":30,"gold_loss":0}],"is_beta":false,"boss_relics":[{"not_picked":["FrozenCore","Philosopher\u0027s Stone"],"picked":"Pandora\u0027s Box"}],"items_purged_floors":[4,19,33],"is_endless":false,"potions_floor_spawned":[5,7,12,14,22],"killed_by":"Pondfish","ascension_level":2}}