{"host":"fl6c84p0pqwjbhud","time":1613064548,"event":{"mods":["AchievementEnabler","BaseMod","Better Altar","Better Match","Better Note","Better Sensory Stone","Better Skull","Better Third Choice","Better Vampires","Better-Laid Plans","Colored Map","Defuse TimeMaze Blight","Displayed Cursed Tome","Energized Spire","Highlight Path","Minty Spire (QoL Compilation)","Permanent Neow","Quick Restart","Relic Sorter","StSLib","Synergy Search","Transform Curses"],"gold_per_floor":[110,123,123,123,133,162,162,162,187,204,223,47,66,84,84,189,189,201,201,201,221,248,8,8,23,23,23,23],"floor_reached":27,"language":"ENG","playtime":1204,"items_purged":[],"score":251,"play_id":"ff4671d1-2275-456b-bd44-4bda9c05e693","local_time":"20210211182908","is_ascension_mode":true,"campfire_choices":[{"floor":7,"key":"REST"},{"floor":15,"key":"REST"},{"floor":24,"key":"REST"}],"circlet_count":0,"master_deck":["Defend_B","Defend_B+1","Defend_B","Defend_B+1","Zap","Dualcast","Capacitor","Beam Cell","Steam","Cold Snap+1","Beam Cell","Chaos","Gash","Self Repair","Defragment","Core Surge","Ball Lightning","Bite","Bite","Bite","Bite+1","Ball Lightning+1","Self Repair"],"relics":["Cracked Core","War Paint","Tiny Chest","OrangePellets","Inserter","Whetstone","Pantograph","Molten Egg 2"],"acts_visited":["Exordium","TheCity"],"potions_floor_usage":[6,16,18,27,27],"damage_taken":[{"damage":2,"enemies":"2 Louse","floor":1,"turns":2},{"damage":0,"enemies":"Small Slimes","floor":2,"turns":3},{"damage":5,"enemies":"Cultist","floor":5,"turns":4},{"damage":21,"enemies":"Gremlin Nob","floor":6,"turns":5},{"damage":0,"enemies":"2 Fungi Beasts","floor":10,"turns":4},{"damage":3,"enemies":"Exordium Thugs","floor":11,"turns":5},{"damage":5,"enemies":"Blue Slaver","floor":13,"turns":4},{"damage":24,"enemies":"Large Slime","floor":14,"turns":6},{"damage":40,"enemies":"Slime Boss","floor":16,"turns":9},{"damage":30,"enemies":"3 Byrds","floor":18,"turns":6},{"damage":22,"enemies":"Shell Parasite","floor":21,"turns":5},{"damage":37,"enemies":"Snake Plant","floor":25,"turns":5},{"damage":46,"enemies":"Book of Stabbing","floor":27,"turns":4}],"seed_played":"3485134692255736853","potions_obtained":[{"floor":1,"key":"SkillPotion"},{"floor":5,"key":"Block Potion"},{"floor":16,"key":"BlessingOfTheForge"},{"floor":18,"key":"Swift Potion"},{"floor":21,"key":"SkillPotion"}],"is_trial":false,"path_per_floor":["M","M","?","?","M","E","R","?","T","M","M","$","M","M","R","B",null,"M","?","?","M","T","$","R","M","T","E"],"character_chosen":"DEFECT","items_purchased":["OrangePellets","Gash","Pantograph"],"campfire_rested":3,"item_purchase_floors":[12,12,23],"current_hp_per_floor":[80,80,80,80,75,54,78,82,82,82,79,79,74,57,81,48,82,59,59,59,52,52,52,62,36,36,0,0],"gold":23,"neow_bonus":"TEN_PERCENT_HP_BONUS","is_daily":false,"chose_seed":false,"campfire_upgraded":0,"win_rate":0.0,"timestamp":1613064548,"path_taken":["M","M","?","?","?","E","R","?","T","M","M","$","M","M","R","BOSS","M","?","?","M","?","$","R","M","T","E"],"items_purchased_type":["Relic","Card","Relic"],"build_version":"2020-12-22","purchased_purges":0,"victory":false,"max_hp_per_floor":[82,82,82,82,82,82,82,82,82,82,82,82,82,82,82,82,82,82,82,62,62,62,62,62,62,62,62,62],"card_choices":[{"not_picked":["Steam","Skim"],"picked":"Capacitor","floor":1},{"not_picked":["Reinforced Body","Cold Snap"],"picked":"Beam Cell","floor":2},{"not_picked":["Violence","Secret Technique"],"picked":"Dramatic Entrance","floor":4},{"not_picked":["Turbo","Streamline"],"picked":"Steam","floor":5},{"not_picked":["Scrape","Consume"],"picked":"Cold Snap","floor":6},{"not_picked":["Rebound","Conserve Battery"],"picked":"Beam Cell","floor":10},{"not_picked":["Undo","Beam Cell"],"picked":"Chaos","floor":11},{"not_picked":["Rip and Tear","Rebound"],"picked":"Self Repair","floor":13},{"not_picked":["Go for the Eyes","Redo"],"picked":"Defragment","floor":14},{"not_picked":["Biased Cognition","Multi-Cast"],"picked":"Core Surge","floor":16},{"not_picked":["Reprogram","Conserve Battery"],"picked":"Ball Lightning","floor":18},{"not_picked":["BootSequence","Streamline"],"picked":"Ball Lightning+1","floor":21},{"not_picked":["Barrage","White Noise"],"picked":"Self Repair","floor":25}],"player_experience":503438,"relics_obtained":[{"floor":6,"key":"War Paint"},{"floor":9,"key":"Tiny Chest"},{"floor":22,"key":"Whetstone"},{"floor":26,"key":"Molten Egg 2"}],"event_choices":[{"damage_healed":0,"gold_gain":0,"player_choice":"Ignored","damage_taken":0,"max_hp_gain":0,"max_hp_loss":0,"event_name":"Golden Wing","floor":3,"gold_loss":0},{"damage_healed":0,"gold_gain":1,"player_choice":"1","damage_taken":0,"max_hp_gain":0,"max_hp_loss":0,"event_name":"betterStone:BetterStone","floor":4,"gold_loss":0},{"cards_removed":["Dramatic Entrance"],"damage_healed":4,"gold_gain":0,"player_choice":"Offered Uncommon","damage_taken":0,"max_hp_gain":0,"max_hp_loss":0,"event_name":"Bonfire Elementals","floor":8,"gold_loss":0},{"damage_healed":0,"gold_gain":0,"player_choice":"Adaptability","damage_taken":0,"max_hp_gain":0,"max_hp_loss":0,"event_name":"betterThird:BetterWriting","floor":19,"gold_loss":0},{"damage_healed":0,"gold_gain":0,"player_choice":"Became a vampire","damage_taken":0,"max_hp_gain":0,"max_hp_loss":20,"event_name":"Vampires","floor":20,"gold_loss":0,"cards_obtained":["Bite","Bite","Bite","Bite"]}],"is_beta":false,"boss_relics":[{"not_picked":["energizedSpire:CursedPentagram","Philosopher\u0027s Stone"],"picked":"Inserter"}],"items_purged_floors":[],"is_endless":false,"potions_floor_spawned":[1,5,16,18,21],"killed_by":"Book of Stabbing","ascension_level":1}}