{"host":"27wa8ufp4ryspt1p","time":1613016349,"event":{"mods":["2.2 Compatiblity","A Penny For Your Troubles","Abigail Mod","Act Like it!","Aspiration","BaseMod","Better Altar","Better Match","Better Note","Better Skull","Better Third Choice","Colored Map","Conspire","Curses Come First","Dota2Spire","Downfall-Rebalance","Elementarium","Energized Spire","Fox Events","Friendly Minions","Gensokyo","GifTheSpireLib","Gold Saver","Halation","Hallownest","HololiveMod","Hubris","Humility","Infinite Spire","Keyboard Shortcuts","Menagerie","Mimic Mod","Minty Spire (QoL Compilation)","Pale of the Ancients","Poor People Problems","Quarter Circle Forward PUNCH!","Reimu??????","Relic Filter Mod","Relic Sorter","Relic Stats","Reliquary","Replay The Spire","Reworked Bosses","Shop Mod","Spicy Shops","Spikes Relics","Spire Arcade","StSLib","Stuff the Spire","SuperFastMode","The Cursed","The Exalted","The Judge","The Necromancer","Trackpad","Waifu the Spire","Wandering Minibosses","[IsaacMod]????","??????REMEMod","????"],"gold_per_floor":[1740,1192,1192,1192,1192,1192,1225,1243,1275,1310,1328,1328,1346,1366,1366,1445,1445,1457,1467,1467,1467,1479,1479,1354,1379,1416,1444,846,856,319,346,346,423,423,423],"floor_reached":34,"language":"SPA","playtime":1280,"items_purged":["Writhe"],"score":952,"play_id":"65959cfd-474f-4feb-864d-f341897e6341","local_time":"20210210220549","daily_mods":["SealedDeck","Colorless Cards","Heirloom","Elite Swarm","Lethality"],"is_ascension_mode":true,"campfire_choices":[{"data":"StuffTheSpire:Ambrosia","floor":6.0,"key":"SMITH"},{"data":"Storm","floor":12.0,"key":"SMITH"},{"data":"conspire:Banana","floor":15.0,"key":"SMITH"},{"floor":23.0,"key":"RECALL"},{"data":"infinitespire:SevenWalls","floor":32.0,"key":"SMITH"}],"circlet_count":0,"master_deck":["AscendersBane","EpicFetus+1","Steam","Sweeping Beam","StuffTheSpire:Plugnplay","StuffTheSpire:Plugnplay","Panic Button","conspire:Banana+1","Barrage","Conserve Battery","expansioncontent:Chronoboost","Conserve Battery","Storm+1","Sharp Hide+1","StuffTheSpire:Ambrosia+1","ReplayTheSpireMod:Omega Cannon","Cold Snap","REME_Flogging","Ball Lightning","Chill","infinitespire:SevenWalls+1","ReplayTheSpireMod:Brewmster","REME_MawOfCthun","Panacea","Self Repair","REME_AllRoundStrike+1","DoctorFetus","CommonCold"],"relics":["Cracked Core","HushsDoor","REME_ComplimentaryCards","halation:Trompette","BloodDonationMachine","MerchantsRug","halation:PinkSoulGem","infinitespire:ShieldingShard","Dota2Spire:Vanguard","RuthlessExorcism:ReiMu","energizedSpire:SpiderWeb","Prayer Wheel","wanderingMiniBosses:Inkheart","OrangePellets","GuppysTail","qcfpunch:Combat_Fatigues","Pear","qcfpunch:Fighting_Gloves","REME_PuzzleBoxRelic","trackpad:WondrousWand","StuffTheSpire:GrapeVine","infinitespire:EmpoweringShard","ReplayTheSpireMod:SealedPack"],"acts_visited":["Gensokyo:Gensokyo","Hallownest:CityofTears"],"potions_floor_usage":[],"damage_taken":[{"damage":8.0,"enemies":"Gensokyo:2_Kodama","floor":1.0,"turns":2.0},{"damage":30.0,"enemies":"Gensokyo:Mamizou","floor":7.0,"turns":6.0},{"damage":0.0,"enemies":"Gensokyo:Python","floor":8.0,"turns":2.0},{"damage":2.0,"enemies":"Gensokyo:Gryphon","floor":9.0,"turns":4.0},{"damage":0.0,"enemies":"Gensokyo:Cirno","floor":10.0,"turns":3.0},{"damage":0.0,"enemies":"Gensokyo:Gryphon","floor":11.0,"turns":2.0},{"damage":0.0,"enemies":"Gensokyo:Kitsune","floor":13.0,"turns":2.0},{"damage":0.0,"enemies":"Gensokyo:Python_and_Kodama","floor":14.0,"turns":1.0},{"damage":14.0,"enemies":"Gensokyo:Reimu","floor":16.0,"turns":6.0},{"damage":44.0,"enemies":"Hallownest:Guard_and_Sentry","floor":18.0,"turns":7.0},{"damage":12.0,"enemies":"Hallownest:Guard_and_Sentry","floor":19.0,"turns":2.0},{"damage":0.0,"enemies":"Hallownest:2_Mistakes","floor":22.0,"turns":4.0},{"damage":16.0,"enemies":"Hallownest:eliteSoulWarrior","floor":25.0,"turns":3.0},{"damage":0.0,"enemies":"Hallownest:Warrior_and_Youth","floor":26.0,"turns":4.0},{"damage":0.0,"enemies":"Hallownest:eliteWatcherKnight","floor":27.0,"turns":7.0},{"damage":0.0,"enemies":"Hallownest:Warrior_and_Youth","floor":29.0,"turns":3.0},{"damage":0.0,"enemies":"Hallownest:eliteSoulWarrior","floor":31.0,"turns":3.0},{"damage":28.0,"enemies":"Hallownest:BossMantisLord","floor":33.0,"turns":4.0}],"seed_played":"9060211466231890961","potions_obtained":[{"floor":1.0,"key":"BlessingOfTheForge"},{"floor":10.0,"key":"Elixir"},{"floor":16.0,"key":"hexamod:EctoCoolerPotion"},{"floor":25.0,"key":"FearPotion"},{"floor":31.0,"key":"LiquidBronze"},{"floor":33.0,"key":"AttackPotion"}],"is_trial":true,"path_per_floor":["M","$","?","?","?","R","E","M","MIM","E","M","R","M","M","R","B",null,"M","?","AVR","?","M","R","?","E","MIM","E","R","M","$","E","R","B",null],"character_chosen":"DEFECT","items_purchased":["MerchantsRug","Storm","sneckomod:BlankCard","Pear","qcfpunch:Fighting_Gloves","REME_PuzzleBoxRelic","Self Repair","trackpad:WondrousWand","StuffTheSpire:GrapeVine"],"campfire_rested":0,"item_purchase_floors":[2,2,2,28,28,28,30,30,30],"current_hp_per_floor":[57,57,57,57,57,57,30,32,33,36,38,38,41,43,43,33,79,39,29,29,29,33,33,33,21,25,35,45,47,47,58,58,41,41,41],"gold":423,"neow_bonus":"","is_daily":false,"chose_seed":false,"campfire_upgraded":4,"win_rate":0.0,"timestamp":1613016349,"path_taken":["M","$","?","?","?","R","E","M","MIM","E","M","R","M","?","R","BOSS","M","?","AVR","?","?","R","?","E","MIM","E","R","?","$","E","R","BOSS"],"items_purchased_type":["Relic","Card","Relic","Relic","Relic","Relic","Card","Relic","Relic"],"build_version":"2020-12-22","purchased_purges":1,"victory":false,"max_hp_per_floor":[72,72,72,72,72,72,75,77,80,83,85,85,88,90,90,94,94,98,100,100,100,104,104,104,108,112,116,126,128,128,132,132,136,136,136],"relic_stats":{"OrangePellets":[3],"counters":[18,65],"Prayer Wheel":3,"obtain_stats":[{"GuppysTail":25,"sneckomod:BlankCard":2,"Dota2Spire:Vanguard":9,"trackpad:WondrousWand":30,"StuffTheSpire:GrapeVine":30,"infinitespire:ShieldingShard":7,"Prayer Wheel":18,"Cracked Core":0,"KeepersGift":0,"MerchantsRug":2,"Pear":28,"ReplayTheSpireMod:SealedPack":34,"energizedSpire:SpiderWeb":17,"qcfpunch:Combat_Fatigues":27,"OrangePellets":20,"qcfpunch:Fighting_Gloves":28,"infinitespire:EmpoweringShard":31,"REME_PuzzleBoxRelic":28,"HushsDoor":0,"halation:PinkSoulGem":4,"halation:Trompette":0,"wanderingMiniBosses:Inkheart":18,"REME_ComplimentaryCards":0,"BloodDonationMachine":0,"RuthlessExorcism:ReiMu":10},{"GuppysTail":13,"sneckomod:BlankCard":1,"Dota2Spire:Vanguard":4,"trackpad:WondrousWand":16,"StuffTheSpire:GrapeVine":16,"infinitespire:ShieldingShard":2,"Prayer Wheel":10,"Cracked Core":0,"KeepersGift":0,"MerchantsRug":1,"Pear":15,"ReplayTheSpireMod:SealedPack":18,"energizedSpire:SpiderWeb":9,"qcfpunch:Combat_Fatigues":15,"OrangePellets":11,"qcfpunch:Fighting_Gloves":15,"infinitespire:EmpoweringShard":17,"REME_PuzzleBoxRelic":15,"HushsDoor":0,"halation:PinkSoulGem":1,"halation:Trompette":0,"wanderingMiniBosses:Inkheart":10,"REME_ComplimentaryCards":0,"BloodDonationMachine":0,"RuthlessExorcism:ReiMu":5},{"GuppysTail":44,"sneckomod:BlankCard":2,"Dota2Spire:Vanguard":14,"trackpad:WondrousWand":58,"StuffTheSpire:GrapeVine":58,"infinitespire:ShieldingShard":8,"Prayer Wheel":29,"Cracked Core":0,"KeepersGift":0,"MerchantsRug":2,"Pear":55,"ReplayTheSpireMod:SealedPack":65,"energizedSpire:SpiderWeb":28,"qcfpunch:Combat_Fatigues":55,"OrangePellets":37,"qcfpunch:Fighting_Gloves":55,"infinitespire:EmpoweringShard":61,"REME_PuzzleBoxRelic":55,"HushsDoor":0,"halation:PinkSoulGem":2,"halation:Trompette":0,"wanderingMiniBosses:Inkheart":35,"REME_ComplimentaryCards":0,"BloodDonationMachine":0,"RuthlessExorcism:ReiMu":17}]},"card_choices":[{"not_picked":[],"picked":"EpicFetus","floor":0.0},{"not_picked":["StuffTheSpire:Plugnplay","expansioncontent:SlimeTackle","Degenerate"],"picked":"SKIP","floor":1.0},{"not_picked":["expansioncontent:Flail+1","Panacea+1"],"picked":"Sharp Hide+1","floor":3.0},{"not_picked":["StuffTheSpire:CelestialWarden","StuffTheSpire:Harmony"],"picked":"StuffTheSpire:Ambrosia","floor":5.0},{"not_picked":["Reforge","Poisoned Strike"],"picked":"ReplayTheSpireMod:Omega Cannon","floor":7.0},{"not_picked":["Beam Cell","Barrage","Sweeping Beam"],"picked":"SKIP","floor":8.0},{"not_picked":["expansioncontent:QuickStudy","REME_BodyOfCthun"],"picked":"ReplayTheSpireMod:Fabricate Wheel","floor":10.0},{"not_picked":["BasicCrystalCard","Coolheaded","Barrage"],"picked":"SKIP","floor":11.0},{"not_picked":["Panic Button","Go for the Eyes"],"picked":"Cold Snap","floor":13.0},{"not_picked":["Redo","Sweeping Beam","ReplayTheSpireMod:Repulse"],"picked":"SKIP","floor":14.0},{"not_picked":["REME_AllRoundStrike","hubris:DoWhile"],"picked":"REME_Flogging","floor":16.0},{"not_picked":["StuffTheSpire:Plugnplay","FTL"],"picked":"Ball Lightning","floor":18.0},{"not_picked":["StuffTheSpire:Plugnplay","Streamline"],"picked":"Chill","floor":18.0},{"not_picked":["Coolheaded","expansioncontent:Chronoboost","Dramatic Entrance"],"picked":"SKIP","floor":22.0},{"not_picked":["Panic Button","Leap","Barrage"],"picked":"SKIP","floor":22.0},{"not_picked":["Hyperbeam","Feint"],"picked":"ReplayTheSpireMod:Brewmster","floor":25.0},{"not_picked":["Hyperbeam","Rainbow"],"picked":"REME_MawOfCthun","floor":27.0},{"not_picked":["Sweeping Beam","StuffTheSpire:ShieldGenerator"],"picked":"Panacea","floor":29.0},{"not_picked":["Leap","Beam Cell","expansioncontent:AwakenDeath"],"picked":"SKIP","floor":29.0},{"not_picked":["Fission","Apotheosis"],"picked":"REME_AllRoundStrike","floor":31.0},{"not_picked":["expansioncontent:StudyTheSpire","Core Surge"],"picked":"DoctorFetus","floor":33.0}],"player_experience":4007729,"relics_obtained":[{"floor":7.0,"key":"infinitespire:ShieldingShard"},{"floor":9.0,"key":"Dota2Spire:Vanguard"},{"floor":10.0,"key":"RuthlessExorcism:ReiMu"},{"floor":18.0,"key":"wanderingMiniBosses:Inkheart"},{"floor":25.0,"key":"GuppysTail"},{"floor":27.0,"key":"qcfpunch:Combat_Fatigues"},{"floor":31.0,"key":"infinitespire:EmpoweringShard"}],"event_choices":[{"damage_healed":0.0,"max_hp_gain":0.0,"max_hp_loss":0.0,"gold_gain":0.0,"event_name":"betterMatch:BetterMatch","player_choice":"2","floor":3.0,"gold_loss":0.0,"damage_taken":0.0,"cards_obtained":["betterMatch:ColorlessUncommonCard"]},{"damage_healed":0.0,"max_hp_gain":0.0,"max_hp_loss":0.0,"gold_gain":0.0,"event_name":"betterMatch:BetterMatch","player_choice":"2","floor":24.0,"gold_loss":0.0,"damage_taken":0.0,"cards_obtained":["betterMatch:ColorlessUncommonCard"]}],"is_beta":false,"boss_relics":[{"not_picked":["Painkiller Herb","energizedSpire:UnstableMolecules"],"picked":"energizedSpire:SpiderWeb"},{"not_picked":[]},{"not_picked":["aspiration:PoetsPen","Bromod:ArcaneGrace"],"picked":"ReplayTheSpireMod:SealedPack"}],"items_purged_floors":[28],"is_endless":false,"potions_floor_spawned":[1,10,16,25,31,33],"ascension_level":20,"is_humility":true}}