{"host":"x5w9zppki4gdwvc7","time":1613074054,"event":{"mods":["AchievementEnabler","BaseMod","Colored Powertips","DeckTracker","Minty Spire (QoL Compilation)","SuperFastMode"],"gold_per_floor":[114,129,204,219,219,249,264,264,264,264,68,83,98,63,63,163,163,178,28,43,58,73,115,127,64,126,153,165,207,219,330,342,454,466,493,520,547,559,53,83,98,113,122,146,161,61,111,126,126,126],"floor_reached":51,"language":"ENG","playtime":2627,"items_purged":["Writhe","Normality"],"score":898,"play_id":"4cbe6089-8336-45cc-9334-a2cb5efc0c6d","local_time":"20210211210734","daily_mods":["Allstar","Vintage","Binary"],"is_ascension_mode":false,"campfire_choices":[{"data":"Consecrate","floor":8,"key":"SMITH"},{"data":"Panacea","floor":10,"key":"SMITH"},{"data":"Vigilance","floor":15,"key":"SMITH"},{"data":"PathToVictory","floor":24,"key":"SMITH"},{"data":"Swift Strike","floor":28,"key":"SMITH"},{"data":"Ghostly","floor":32,"key":"SMITH"},{"data":"Alpha","floor":49,"key":"SMITH"}],"circlet_count":0,"master_deck":["Strike_P","Strike_P","Strike_P+1","Defend_P","Defend_P","Defend_P","Defend_P","Eruption+1","Vigilance+1","Swift Strike+1","Dark Shackles","Sadistic Nature","Master of Strategy","Panacea+1","Consecrate+1","PathToVictory+1","MasterReality+1","Ghostly","Ghostly","Ghostly","Ghostly+1","Ghostly","Alpha+1","InnerPeace","CarveReality+1","Parasite"],"relics":["PureWater","Frozen Egg 2","Anchor","Art of War","Toy Ornithopter","Boot","Matryoshka","Lantern","Akabeko","Kunai","Cursed Key","Oddly Smooth Stone","Bag of Preparation","Prayer Wheel","Meat on the Bone","MawBank","TeardropLocket","PreservedInsect","Regal Pillow","Bronze Scales","Happy Flower","Busted Crown","Damaru","Torii","Question Card","CeramicFish","ClockworkSouvenir","InkBottle","Nunchaku","Whetstone","Ornamental Fan","Pear","Yang","Blood Vial","CloakClasp","Thread and Needle"],"acts_visited":["Exordium","TheCity","TheBeyond"],"potions_floor_usage":[6,6,21,33,37,44,50,50,50],"damage_taken":[{"damage":2,"enemies":"2 Louse","floor":1,"turns":3},{"damage":1,"enemies":"Jaw Worm","floor":2,"turns":3},{"damage":0,"enemies":"Cultist","floor":4,"turns":2},{"damage":30,"enemies":"3 Sentries","floor":6,"turns":7},{"damage":0,"enemies":"Exordium Wildlife","floor":7,"turns":3},{"damage":2,"enemies":"Looter","floor":12,"turns":3},{"damage":0,"enemies":"Large Slime","floor":13,"turns":3},{"damage":14,"enemies":"Hexaghost","floor":16,"turns":8},{"damage":8,"enemies":"2 Thieves","floor":18,"turns":4},{"damage":17,"enemies":"Spheric Guardian","floor":20,"turns":6},{"damage":3,"enemies":"Centurion and Healer","floor":21,"turns":6},{"damage":0,"enemies":"Cultist and Chosen","floor":22,"turns":5},{"damage":0,"enemies":"Gremlin Leader","floor":23,"turns":6},{"damage":2,"enemies":"Shelled Parasite and Fungi","floor":27,"turns":5},{"damage":21,"enemies":"Book of Stabbing","floor":29,"turns":4},{"damage":4,"enemies":"Collector","floor":33,"turns":8},{"damage":3,"enemies":"3 Shapes","floor":35,"turns":6},{"damage":0,"enemies":"3 Darklings","floor":36,"turns":5},{"damage":21,"enemies":"Sphere and 2 Shapes","floor":37,"turns":5},{"damage":5,"enemies":"Reptomancer","floor":40,"turns":5},{"damage":0,"enemies":"Spire Growth","floor":41,"turns":5},{"damage":3,"enemies":"3 Darklings","floor":42,"turns":4},{"damage":0,"enemies":"Writhing Mass","floor":44,"turns":5},{"damage":2,"enemies":"Jaw Worm Horde","floor":45,"turns":5},{"damage":0,"enemies":"Mind Bloom Boss Battle","floor":47,"turns":5},{"damage":1,"enemies":"3 Darklings","floor":48,"turns":6},{"damage":0,"enemies":"Awakened One","floor":50,"turns":10}],"seed_played":"-587577638262706789","potions_obtained":[{"floor":1,"key":"Fruit Juice"},{"floor":2,"key":"Weak Potion"},{"floor":4,"key":"Block Potion"},{"floor":13,"key":"Energy Potion"},{"floor":20,"key":"Fruit Juice"},{"floor":21,"key":"EssenceOfSteel"},{"floor":27,"key":"PowerPotion"},{"floor":37,"key":"AttackPotion"},{"floor":40,"key":"LiquidBronze"},{"floor":41,"key":"DuplicationPotion"},{"floor":44,"key":"Dexterity Potion"},{"floor":48,"key":"CultistPotion"}],"is_trial":false,"path_per_floor":["M","M","?","M","?","E","M","R","T","R","$","M","M","?","R","B",null,"M","$","M","M","M","E","R","?","T","M","R","E","?","?","R","B",null,"M","M","M","?","$","E","M","M","T","M","M","$","?","M","R","B",null],"character_chosen":"WATCHER","items_purchased":["PathToVictory","Lantern","Bag of Preparation","CeramicFish","ClockworkSouvenir","InnerPeace","CarveReality"],"campfire_rested":0,"item_purchase_floors":[11,11,19,39,39,39,39],"current_hp_per_floor":[70,69,58,58,58,28,28,28,28,28,28,26,26,44,44,30,72,64,64,47,54,54,54,54,54,54,52,52,43,38,38,38,34,38,35,35,22,22,22,29,29,26,36,41,39,39,41,42,42,53],"gold":126,"neow_bonus":"","is_daily":true,"chose_seed":false,"campfire_upgraded":7,"win_rate":0.0,"timestamp":1613074054,"path_taken":["M","M","?","M","?","E","M","R","T","R","?","?","M","?","R","BOSS","M","$","M","M","M","E","R","?","T","M","R","E","?","?","R","BOSS","M","M","M","?","?","E","M","M","T","?","M","$","?","M","R","BOSS"],"items_purchased_type":["Card","Relic","Relic","Relic","Relic","Card","Card"],"build_version":"2020-12-22","purchased_purges":2,"victory":true,"max_hp_per_floor":[72,72,72,72,72,72,72,72,72,72,72,72,72,72,72,72,72,72,72,72,77,77,77,77,77,77,77,77,77,38,38,38,38,38,38,38,43,43,43,43,43,43,53,53,53,53,53,53,53,53],"card_choices":[{"not_picked":["SandsOfTime"],"picked":"Consecrate","floor":6},{"not_picked":["Scrawl"],"picked":"MasterReality+1","floor":16},{"not_picked":["JustLucky","FlyingSleeves"],"picked":"SKIP","floor":23},{"not_picked":["ClearTheMind","Tantrum"],"picked":"SKIP","floor":29},{"not_picked":["LessonLearned"],"picked":"Alpha","floor":33},{"not_picked":["WaveOfTheHand"],"picked":"SKIP","floor":40}],"player_experience":621292,"relics_obtained":[{"floor":1,"key":"Frozen Egg 2"},{"floor":2,"key":"Anchor"},{"floor":4,"key":"Art of War"},{"floor":6,"key":"Toy Ornithopter"},{"floor":7,"key":"Boot"},{"floor":9,"key":"Matryoshka"},{"floor":12,"key":"Akabeko"},{"floor":13,"key":"Kunai"},{"floor":18,"key":"Oddly Smooth Stone"},{"floor":20,"key":"Prayer Wheel"},{"floor":21,"key":"Meat on the Bone"},{"floor":22,"key":"MawBank"},{"floor":23,"key":"TeardropLocket"},{"floor":26,"key":"PreservedInsect"},{"floor":26,"key":"Regal Pillow"},{"floor":27,"key":"Bronze Scales"},{"floor":29,"key":"Happy Flower"},{"floor":35,"key":"Damaru"},{"floor":36,"key":"Torii"},{"floor":37,"key":"Question Card"},{"floor":40,"key":"InkBottle"},{"floor":41,"key":"Nunchaku"},{"floor":42,"key":"Whetstone"},{"floor":43,"key":"Ornamental Fan"},{"floor":43,"key":"Pear"},{"floor":44,"key":"Yang"},{"floor":45,"key":"Blood Vial"},{"floor":47,"key":"CloakClasp"},{"floor":48,"key":"Thread and Needle"}],"event_choices":[{"damage_healed":0,"gold_gain":75,"player_choice":"Gather Gold","damage_taken":11,"max_hp_gain":0,"max_hp_loss":0,"event_name":"World of Goop","floor":3,"gold_loss":0},{"damage_healed":0,"gold_gain":0,"player_choice":"Grow","damage_taken":0,"max_hp_gain":0,"max_hp_loss":0,"event_name":"Living Wall","floor":5,"gold_loss":0,"cards_upgraded":["Eruption"]},{"damage_healed":18,"gold_gain":0,"player_choice":"Healed","damage_taken":0,"max_hp_gain":0,"max_hp_loss":0,"event_name":"The Cleric","floor":14,"gold_loss":35},{"cards_removed":["Strike_P"],"damage_healed":0,"gold_gain":0,"player_choice":"Gave Gold","damage_taken":0,"max_hp_gain":0,"max_hp_loss":0,"event_name":"Beggar","floor":25,"gold_loss":75},{"damage_healed":0,"gold_gain":0,"player_choice":"Became a Ghost","damage_taken":0,"max_hp_gain":0,"max_hp_loss":39,"event_name":"Ghosts","floor":30,"gold_loss":0,"cards_obtained":["Ghostly","Ghostly","Ghostly","Ghostly","Ghostly"]},{"damage_healed":0,"gold_gain":99,"player_choice":"Stole From Cult","damage_taken":0,"max_hp_gain":0,"max_hp_loss":0,"event_name":"Nest","floor":31,"gold_loss":0},{"damage_healed":0,"gold_gain":0,"player_choice":"Ignored","damage_taken":0,"max_hp_gain":0,"max_hp_loss":0,"event_name":"Tomb of Lord Red Mask","floor":38,"gold_loss":0},{"damage_healed":0,"gold_gain":0,"player_choice":"Fight","damage_taken":0,"max_hp_gain":0,"max_hp_loss":0,"event_name":"MindBloom","floor":47,"gold_loss":0}],"is_beta":false,"boss_relics":[{"not_picked":["SlaversCollar","SacredBark"],"picked":"Cursed Key"},{"not_picked":["Coffee Dripper","Runic Dome"],"picked":"Busted Crown"}],"items_purged_floors":[39,46],"is_endless":false,"potions_floor_spawned":[1,2,4,13,20,21,27,29,37,40,41,44,45,47,48],"ascension_level":0}}