{"host":"fortuna","time":1613050617,"event":{"mods":["100% Spire Juice","Act Like it!","Arknights","BaseMod","CapriCore","Gensokyo","Hallownest","Koishi","Minty Spire (QoL Compilation)","MostiFishMod","Reimu£®≤©¿ˆ¡È√Œ£©","Relic Stats","StSLib","The Animator","The Bug Knight","The Immortal","Waifu the Spire","WarShipGirlsR/’ΩΩ¢…Ÿ≈ÆR mod","Yakumo Yukari mod"],"gold_per_floor":[113,73,85,95,115,150,162,191,215,243,269,281,293,305,317,426,438,469,496,493,521,550,588,612,657,716,760,783,813,825,167,179,288,300,324,353,365,377,409,421,466,697,709,749,761,183,145,172,172,172],"floor_reached":51,"language":"ZHS","playtime":2801,"items_purged":["Pain"],"score":1158,"play_id":"d0267149-b645-40b8-ba22-fd99ac40e79e","local_time":"20210211213657","is_ascension_mode":true,"campfire_choices":[{"data":"HollowMod:SlysStrikes","floor":13,"key":"SMITH"},{"data":"HollowMod:FocusHealStart","floor":15,"key":"SMITH"},{"data":"HollowMod:HerrahsAnger","floor":32,"key":"SMITH"},{"data":"HollowMod:HerrahsAnger","floor":40,"key":"SMITH"},{"data":"HollowMod:HornetsHelp","floor":49,"key":"SMITH"}],"circlet_count":0,"master_deck":["HollowMod:NailStrikeStart","HollowMod:NailStrikeStart","HollowMod:QuickDashStart","HollowMod:QuickDashStart","HollowMod:QuickDashStart","HollowMod:FocusHealStart+1","HollowMod:PogoStrike","HollowMod:LifebloodCocoon","HollowMod:DashSlash","HollowMod:SlysStrikes+1","HollowMod:PerfectDash","HollowMod:CornifersMapStart","HollowMod:SoulVessel","HollowMod:SoulStrike","HollowMod:ChannelNail","HollowMod:MonomonsArchive","HollowMod:MidwifesHunger","HollowMod:GreatSlash","HollowMod:HornetsHelp+1","HollowMod:HowlingWraiths","HollowMod:HuntersJournal+1","HollowMod:SiblingsSouls+1","HollowMod:SoulStrike+1","HollowMod:MantisMark","HollowMod:SoulEater+1","HollowMod:HerrahsAnger+1","HollowMod:MonarchWings+1","Gensokyo:FourOfAKind","Gensokyo:FourOfAKind","Gensokyo:FourOfAKind","Gensokyo:FourOfAKind","HollowMod:HerrahsAnger+1","HollowMod:DashSlash+1","HollowMod:CloakDash","HollowMod:MonomonsArchive+1","HollowMod:SoulSplash+1","HollowMod:NewLittleFool+1"],"relics":["HollowMod:VesselMask","DaveBox","RhineSuit","SynthV:TestCard","Bag of Marbles","Mango","Mastiff:ReiMu","MawBank","Gensokyo:LunaticRedEyes","RhineCircuit","Smiling Mask","Happy Flower","Dream Catcher","MostiFishMod:AdaptiveDefenses","Ying","BirthdayGift-Icosahedron","TimeFreeze","JellyFishMachine","Boot","Lizard Tail","SynthV:C4","Incense Burner","ArrowTower","ImprovedEquipment","TentaclePot:ReiMu","Civilization","ChiLing","Chi","Ling","Orrery","Dead Branch"],"acts_visited":["Gensokyo:Gensokyo","Gensokyo:Gensokyoer","Gensokyo:Gensokyoest"],"potions_floor_usage":[27],"damage_taken":[{"damage":0,"enemies":"Gensokyo:3_Fairies","floor":1,"turns":2},{"damage":0,"enemies":"Gensokyo:2_Kodama","floor":3,"turns":3},{"damage":3,"enemies":"Gensokyo:Python","floor":4,"turns":3},{"damage":5,"enemies":"Gensokyo:CorruptedTreant","floor":5,"turns":3},{"damage":16,"enemies":"Gensokyo:Aya","floor":6,"turns":4},{"damage":0,"enemies":"Gensokyo:2_Rabbits","floor":7,"turns":2},{"damage":0,"enemies":"Gensokyo:Mamizou","floor":8,"turns":5},{"damage":8,"enemies":"Gensokyo:Aya","floor":10,"turns":6},{"damage":7,"enemies":"Gensokyo:5_Fairies","floor":11,"turns":5},{"damage":12,"enemies":"Gensokyo:Kokoro","floor":16,"turns":7},{"damage":1,"enemies":"Gensokyo:3_Dogs","floor":18,"turns":4},{"damage":27,"enemies":"Gensokyo:AngelMirror","floor":19,"turns":3},{"damage":8,"enemies":"Gensokyo:Monolith_and_Dog","floor":21,"turns":4},{"damage":5,"enemies":"Gensokyo:Wraith","floor":22,"turns":3},{"damage":14,"enemies":"Gensokyo:Reisen","floor":23,"turns":5},{"damage":25,"enemies":"Gensokyo:Chomper_and_Gloop","floor":24,"turns":4},{"damage":8,"enemies":"Gensokyo:Tenshi","floor":25,"turns":4},{"damage":0,"enemies":"Gensokyo:Koishi","floor":27,"turns":2},{"damage":5,"enemies":"Gensokyo:3_Gloops","floor":28,"turns":4},{"damage":1,"enemies":"Gensokyo:Swordslinger","floor":29,"turns":1},{"damage":41,"enemies":"Gensokyo:Eternal_Rivals","floor":33,"turns":6},{"damage":2,"enemies":"Gensokyo:AncientGuardian","floor":35,"turns":3},{"damage":7,"enemies":"Gensokyo:3_Boulders","floor":36,"turns":4},{"damage":0,"enemies":"Gensokyo:Dusk_and_Dawn","floor":39,"turns":3},{"damage":0,"enemies":"Gensokyo:Marisa","floor":41,"turns":3},{"damage":5,"enemies":"Gensokyo:AtlasGolem","floor":42,"turns":4},{"damage":7,"enemies":"Gensokyo:Kasen","floor":44,"turns":3},{"damage":0,"enemies":"Gensokyo:Marisa","floor":48,"turns":1},{"damage":2,"enemies":"Gensokyo:Shinki","floor":50,"turns":5}],"seed_played":"-1271797553752844541","potions_obtained":[{"floor":3,"key":"Explosive Potion"},{"floor":4,"key":"ColorlessPotion"},{"floor":8,"key":"SkillPotion"},{"floor":24,"key":"DistilledChaos"},{"floor":29,"key":"SneckoOil"},{"floor":44,"key":"FairyPotion"}],"is_trial":false,"path_per_floor":["M","?","M","M","M","E","M","E","T","E","M","?","R","?","R","B",null,"M","M","?","M","M","E","M","E","T","E","M","M","?","COS","R","B",null,"M","M","?","?","M","R","E","M","T","E","T","COS","$","E","R","B",null],"character_chosen":"THE_BUGKNIGHT","items_purchased":[],"campfire_rested":0,"item_purchase_floors":[],"current_hp_per_floor":[54,54,54,51,52,36,36,56,56,54,53,53,53,19,19,17,89,88,61,88,86,81,73,54,58,58,58,59,64,63,63,63,30,63,62,62,62,37,38,38,41,46,46,45,45,45,45,47,47,67],"gold":172,"neow_bonus":"THREE_RARE_CARDS","is_daily":false,"chose_seed":false,"campfire_upgraded":5,"win_rate":0.0,"timestamp":1613050617,"path_taken":["M","?","M","?","M","E","M","E","T","E","M","?","R","?","R","BOSS","M","M","?","M","M","E","M","E","T","E","M","M","?","COS","R","BOSS","M","M","?","?","M","R","E","M","T","E","?","COS","?","E","R","BOSS"],"items_purchased_type":[],"build_version":"2020-12-18","purchased_purges":1,"victory":true,"max_hp_per_floor":[75,75,75,75,75,75,75,89,89,89,89,89,89,89,89,89,89,89,89,89,89,89,89,89,89,89,89,89,89,63,63,63,63,63,63,63,63,63,63,63,63,63,63,63,63,63,63,64,64,67],"relic_stats":{"Dream Catcher":0,"Lizard Tail":0,"Happy Flower":[13],"counters":[29,106],"Dead Branch":[16],"MawBank":444,"Smiling Mask":25,"Boot":[1],"obtain_stats":[{"Ying":31,"DaveBox":0,"Chi":46,"HollowMod:VesselMask":0,"RhineSuit":0,"Mango":8,"MostiFishMod:AdaptiveDefenses":31,"BirthdayGift-Icosahedron":31,"Incense Burner":43,"Smiling Mask":23,"Boot":36,"Gensokyo:LunaticRedEyes":12,"SynthV:C4":41,"Frozen Eye":27,"Civilization":46,"Dream Catcher":27,"Lizard Tail":38,"Mastiff:ReiMu":9,"Happy Flower":25,"JellyFishMachine":34,"ImprovedEquipment":45,"TentaclePot:ReiMu":46,"Dead Branch":48,"MawBank":10,"TimeFreeze":31,"RhineCircuit":17,"Ling":46,"SynthV:TestCard":1,"Orrery":46,"Bag of Marbles":6,"ArrowTower":44,"ChiLing":46},{"Ying":20,"DaveBox":0,"Chi":27,"HollowMod:VesselMask":0,"RhineSuit":0,"Mango":7,"MostiFishMod:AdaptiveDefenses":20,"BirthdayGift-Icosahedron":20,"Incense Burner":26,"Smiling Mask":15,"Boot":23,"Gensokyo:LunaticRedEyes":9,"SynthV:C4":25,"Frozen Eye":17,"Civilization":27,"Dream Catcher":18,"Lizard Tail":23,"Mastiff:ReiMu":7,"Happy Flower":17,"JellyFishMachine":21,"ImprovedEquipment":27,"TentaclePot:ReiMu":27,"Dead Branch":28,"MawBank":8,"TimeFreeze":20,"RhineCircuit":10,"Ling":27,"SynthV:TestCard":1,"Orrery":27,"Bag of Marbles":5,"ArrowTower":27,"ChiLing":27},{"Ying":74,"DaveBox":0,"Chi":100,"HollowMod:VesselMask":0,"RhineSuit":0,"Mango":22,"MostiFishMod:AdaptiveDefenses":74,"BirthdayGift-Icosahedron":74,"Incense Burner":97,"Smiling Mask":59,"Boot":84,"Gensokyo:LunaticRedEyes":33,"SynthV:C4":93,"Frozen Eye":67,"Civilization":100,"Dream Catcher":69,"Lizard Tail":87,"Mastiff:ReiMu":22,"Happy Flower":67,"JellyFishMachine":80,"ImprovedEquipment":100,"TentaclePot:ReiMu":100,"Dead Branch":101,"MawBank":28,"TimeFreeze":74,"RhineCircuit":40,"Ling":100,"SynthV:TestCard":2,"Orrery":100,"Bag of Marbles":15,"ArrowTower":100,"ChiLing":100}]},"card_choices":[{"not_picked":["HollowMod:ZotesMagnificence","HollowMod:MidwifesHunger"],"picked":"HollowMod:Weaversong","floor":0},{"not_picked":["HollowMod:SiblingsSouls","HollowMod:FallenFury"],"picked":"HollowMod:LifebloodCocoon","floor":1},{"not_picked":[],"picked":"HollowMod:DashSlash","floor":2},{"not_picked":[],"picked":"HollowMod:SlysStrikes","floor":2},{"not_picked":["HollowMod:SharpenedShadows","HollowMod:SoulShaman","HollowMod:CrystalDash","HollowMod:InfectedAttack"],"picked":"HollowMod:PerfectDash","floor":3},{"not_picked":["HollowMod:NewLittleFool","HollowMod:InfectedCysts","HollowMod:Grubsong","HollowMod:SiblingsSouls"],"picked":"HollowMod:CornifersMapStart","floor":4},{"not_picked":["HollowMod:NewJinnsSoul","HollowMod:GoodIntentions","HollowMod:SoulShaman","HollowMod:SoulSplash"],"picked":"HollowMod:SoulVessel","floor":5},{"not_picked":["HollowMod:ShadowDash","HollowMod:GoodIntentions","HollowMod:FastStrike","HollowMod:SoulMaster"],"picked":"HollowMod:SoulStrike","floor":6},{"not_picked":["HollowMod:WraithStrike","HollowMod:TaintedHusks","HollowMod:SiblingsShadow","HollowMod:LifebloodCocoon"],"picked":"HollowMod:ChannelNail","floor":7},{"not_picked":["HollowMod:InfectedAttack","HollowMod:MawleksShell","HollowMod:CornifersMapStart","HollowMod:DescendingDark"],"picked":"HollowMod:MonomonsArchive","floor":8},{"not_picked":["HollowMod:CoiledNail","HollowMod:NewJinnsSoul","HollowMod:SharpenedShadows","HollowMod:BlackTendrils"],"picked":"HollowMod:MidwifesHunger","floor":10},{"not_picked":["HollowMod:ShadowDash","HollowMod:SharpenedNail","HollowMod:FallenFury","HollowMod:MonarchWings"],"picked":"HollowMod:GreatSlash","floor":11},{"not_picked":["HollowMod:NewInfectedGuardian","HollowMod:ZotesMagnificence","HollowMod:Weaversong","HollowMod:theNailsmith"],"picked":"HollowMod:HornetsHelp","floor":16},{"not_picked":["HollowMod:ShadowDash","HollowMod:LifebloodCocoon","HollowMod:VengefulVoid","HollowMod:CornifersMapStart"],"picked":"HollowMod:HowlingWraiths","floor":18},{"not_picked":["HollowMod:SiblingsSouls","HollowMod:SharpenedNail","HollowMod:Grubsong+1","HollowMod:ChannelNail","HollowMod:WraithStrike+1"],"picked":"SKIP","floor":19},{"not_picked":["HollowMod:NewJinnsSoul","HollowMod:CoiledNail","HollowMod:VengefulVoid","HollowMod:AbyssShriek","HollowMod:SiblingsSouls"],"picked":"SKIP","floor":21},{"not_picked":["HollowMod:Weaversong","HollowMod:SiblingsSouls","HollowMod:SoulSplash+1","HollowMod:MawleksShell"],"picked":"HollowMod:HuntersJournal+1","floor":22},{"not_picked":["HollowMod:InfectedCysts","HollowMod:MonarchWings","HollowMod:GrimmsGift","HollowMod:DashSlash"],"picked":"HollowMod:SiblingsSouls+1","floor":23},{"not_picked":["HollowMod:DreamGate+1","HollowMod:PerfectDash","HollowMod:DashSlash","HollowMod:ShapeofUnn+1"],"picked":"HollowMod:SoulStrike+1","floor":24},{"not_picked":["HollowMod:DescendingDark","HollowMod:Grubsong","HollowMod:DashSlash","HollowMod:SharpenedNail+1"],"picked":"HollowMod:MantisMark","floor":25},{"not_picked":["HollowMod:SiblingsSouls+1","HollowMod:NewJinnsSoul","HollowMod:DescendingDark","HollowMod:DashSlash+1"],"picked":"HollowMod:SoulEater+1","floor":27},{"not_picked":["HollowMod:FallenFury+1","HollowMod:HeavyBlow+1","HollowMod:CycloneSlash+1","HollowMod:DoubleDash"],"picked":"HollowMod:HerrahsAnger","floor":28},{"not_picked":["HollowMod:CrystalDash","HollowMod:DescendingDark+1","HollowMod:WraithStrike","HollowMod:HowlingWraiths"],"picked":"HollowMod:MonarchWings+1","floor":29},{"not_picked":["HollowMod:theNailsmith","HollowMod:VoidDash","HollowMod:SlysStrikes","HollowMod:PureVessel"],"picked":"HollowMod:HerrahsAnger","floor":33},{"not_picked":["HollowMod:SharpenedNail","HollowMod:NewJinnsSoul+1","HollowMod:RecoilStrike","HollowMod:VengefulVoid"],"picked":"HollowMod:DashSlash+1","floor":35},{"not_picked":["HollowMod:GreatSlash","HollowMod:SoulSplash+1","HollowMod:DoubleDash","HollowMod:DescendingDark+1","HollowMod:DashSlash+1"],"picked":"SKIP","floor":36},{"not_picked":["HollowMod:PureNailStrike","HollowMod:CornifersMapStart+1","HollowMod:MawleksShell+1","HollowMod:GoodIntentions","HollowMod:SiblingsShadow"],"picked":"SKIP","floor":39},{"not_picked":["HollowMod:CycloneSlash","HollowMod:DungDefenderAura+1","HollowMod:ChannelNail","HollowMod:CornifersMapStart+1"],"picked":"HollowMod:CloakDash","floor":41},{"not_picked":["HollowMod:SiblingsSouls","HollowMod:FallenFury","HollowMod:SoulSplash","HollowMod:CornifersMapStart+1","HollowMod:Grubsong+1"],"picked":"SKIP","floor":42},{"not_picked":["HollowMod:GreatSlash+1","HollowMod:DescendingDark","HollowMod:FastStrike+1","HollowMod:DreamGate"],"picked":"HollowMod:MonomonsArchive+1","floor":44},{"not_picked":["HollowMod:SoulStrike","HollowMod:InfectedAttack+1","HollowMod:ShadowDash+1","HollowMod:WraithStrike"],"picked":"HollowMod:SoulSplash+1","floor":46},{"not_picked":["HollowMod:SiblingsSouls+1","HollowMod:LifebloodCore","HollowMod:CycloneSlash","HollowMod:CloakDash"],"picked":"HollowMod:NewLittleFool+1","floor":48}],"player_experience":352918,"relics_obtained":[{"floor":1,"key":"SynthV:TestCard"},{"floor":6,"key":"Bag of Marbles"},{"floor":8,"key":"Mango"},{"floor":9,"key":"Mastiff:ReiMu"},{"floor":10,"key":"MawBank"},{"floor":23,"key":"Smiling Mask"},{"floor":25,"key":"Happy Flower"},{"floor":27,"key":"Dream Catcher"},{"floor":41,"key":"SynthV:C4"},{"floor":43,"key":"Incense Burner"},{"floor":44,"key":"ArrowTower"},{"floor":45,"key":"ImprovedEquipment"},{"floor":48,"key":"Dead Branch"}],"event_choices":[],"is_beta":true,"boss_relics":[{"not_picked":["SacredBark","GuanYuAspect"],"picked":"RhineCircuit"},{"not_picked":["Velvet Choker","TimeKeys"],"picked":"JellyFishMachine"}],"items_purged_floors":[47],"is_endless":false,"potions_floor_spawned":[3,4,8,11,18,22,24,25,29,33,39,41,44,48],"ascension_level":1}}