{"host":"3po7ngt2j61s4rmj","time":1613013516,"event":{"mods":["Act Like it!","BaseMod","Elementarium","Minty Spire (QoL Compilation)","Relic Stats","Shade Mod","StSLib","The Cursed"],"gold_per_floor":[116,127,140,158,177,202,202,226,226,226,254,264,280,280,280,379,379,394,408,423,435,20,49,49,88,136,171,195,210,210,9,9,116,116,141,0,57,57,16,16,41,41,41],"floor_reached":42,"language":"ENG","playtime":4261,"items_purged":["TheCursedMod:Strike_TheCursed"],"score":715,"play_id":"7d7ea1c4-fdf4-4bea-b4d4-6b9e150b3c8c","local_time":"20210210201836","is_ascension_mode":true,"campfire_choices":[{"data":"TheCursedMod:ReleasedKnowledge","floor":7.0,"key":"SMITH"},{"data":"TheCursedMod:CursedStaff","floor":10.0,"key":"SMITH"},{"floor":15.0,"key":"REST"},{"floor":24.0,"key":"REST"},{"floor":30.0,"key":"REST"},{"data":"TheCursedMod:DarkBarrier","floor":32.0,"key":"SMITH"},{"floor":40,"key":"REST"}],"circlet_count":0,"master_deck":["AscendersBane","TheCursedMod:Strike_TheCursed","TheCursedMod:Strike_TheCursed+1","TheCursedMod:Strike_TheCursed+1","TheCursedMod:Defend_TheCursed","TheCursedMod:Defend_TheCursed","TheCursedMod:Defend_TheCursed","TheCursedMod:Defend_TheCursed","TheCursedMod:CursedWand","TheCursedMod:CleanUpWorkshop","Sadistic Nature","TheCursedMod:CircleOfCorruption","TheCursedMod:SmokeScreen","TheCursedMod:CursedStaff+1","TheCursedMod:ReleasedKnowledge+1","TheCursedMod:WearCloak","TheCursedMod:RapidMovement","TheCursedMod:CursedSpellbook","TheCursedMod:FuryStrike","TheCursedMod:PrepareRite","TheCursedMod:DarkBarrier+1","TheCursedMod:FleshFromBone+1","TheCursedMod:StingEye+1","TheCursedMod:CursedArmor+1","TheCursedMod:Stigma","Panache","Shade:SoulToxin+1","Perseverance+1","Steam+1","Flechettes+1","TheCursedMod:VoidForm","Shade:OminousRitual","Coolheaded","Madness","TheCursedMod:HellfireBreathing","TheCursedMod:BlessingInDisguise","Shade:GreyBargain+1"],"relics":["TheCursedMod:BlackMagic101","Lizard Tail","TheCursedMod:Tack","Bottled Flame","Odd Mushroom","TheCursedMod:OminousMark","PrismaticShard","Lantern","CeramicFish","Vajra","Whetstone","Membership Card","Cursed Key","Red Mask","TheCursedMod:SoulVessel"],"acts_visited":["Exordium","TheCity","TheBeyond"],"potions_floor_usage":[33,33,42],"damage_taken":[{"damage":6.0,"enemies":"Cultist","floor":1.0,"turns":5.0},{"damage":0.0,"enemies":"2 Louse","floor":2.0,"turns":3.0},{"damage":0.0,"enemies":"Jaw Worm","floor":3.0,"turns":3.0},{"damage":2.0,"enemies":"Exordium Wildlife","floor":4.0,"turns":5.0},{"damage":1.0,"enemies":"3 Louse","floor":5.0,"turns":4.0},{"damage":27.0,"enemies":"Lagavulin","floor":6.0,"turns":8.0},{"damage":9.0,"enemies":"The Mushroom Lair","floor":11.0,"turns":4.0},{"damage":5.0,"enemies":"Red Slaver","floor":12.0,"turns":2.0},{"damage":2.0,"enemies":"Exordium Thugs","floor":13.0,"turns":4.0},{"damage":23.0,"enemies":"Slime Boss","floor":16.0,"turns":10.0},{"damage":1.0,"enemies":"3 Byrds","floor":18.0,"turns":2.0},{"damage":10.0,"enemies":"2 Thieves","floor":19.0,"turns":4.0},{"damage":15.0,"enemies":"Snake Plant","floor":20.0,"turns":4.0},{"damage":7.0,"enemies":"Snecko","floor":21.0,"turns":6.0},{"damage":1.0,"enemies":"Book of Stabbing","floor":23.0,"turns":5.0},{"damage":30.0,"enemies":"Gremlin Leader","floor":25.0,"turns":6.0},{"damage":2.0,"enemies":"Book of Stabbing","floor":27.0,"turns":4.0},{"damage":0.0,"enemies":"3 Cultists","floor":28.0,"turns":4.0},{"damage":2.0,"enemies":"Centurion and Healer","floor":29.0,"turns":4.0},{"damage":64,"enemies":"Collector","floor":33,"turns":11},{"damage":0,"enemies":"Orb Walker","floor":35,"turns":4},{"damage":25,"enemies":"2 Orb Walkers","floor":37,"turns":8},{"damage":12,"enemies":"3 Shapes","floor":41,"turns":6},{"damage":45,"enemies":"Giant Head","floor":42,"turns":6}],"seed_played":"-9098855927822021021","potions_obtained":[{"floor":2.0,"key":"DistilledChaos"},{"floor":3.0,"key":"SkillPotion"},{"floor":12.0,"key":"SpeedPotion"},{"floor":20.0,"key":"SkillPotion"},{"floor":21.0,"key":"DuplicationPotion"},{"floor":25.0,"key":"Weak Potion"},{"floor":28.0,"key":"TheCursedMod:DregsPotion"},{"floor":29.0,"key":"Strength Potion"},{"floor":35,"key":"EssenceOfSteel"}],"is_trial":false,"path_per_floor":["M","M","M","M","M","E","R","T","T","R","?","M","M","?","R","B",null,"M","M","M","M","$","E","R","E","T","E","M","M","R","$","R","B",null,"M","?","?","?","$","R","M","E"],"character_chosen":"THE_CURSED","items_purchased":["PrismaticShard","Panache","Membership Card","TheCursedMod:VoidForm","Block Potion","TheCursedMod:HellfireBreathing","TheCursedMod:BlessingInDisguise"],"campfire_rested":4,"item_purchase_floors":[22,22,31,31,31,39,39],"current_hp_per_floor":[62,62,62,60,59,32,32,32,32,32,23,18,16,16,36,13,54,53,43,28,21,21,20,40,10,10,8,8,6,26,26,26,11,54,54,54,29,29,29,49,42,0,0],"gold":41,"neow_bonus":"RANDOM_COLORLESS_2","is_daily":false,"chose_seed":false,"campfire_upgraded":3,"win_rate":0.0,"timestamp":1613013516,"path_taken":["M","M","M","M","M","E","R","?","T","R","?","M","M","?","R","BOSS","M","M","M","M","$","E","R","E","T","E","M","?","R","$","R","BOSS","M","?","?","?","$","R","?","E"],"items_purchased_type":["Relic","Card","Relic","Card","Potion","Card","Card"],"build_version":"2020-12-22","purchased_purges":1,"victory":false,"max_hp_per_floor":[68,68,68,68,68,68,68,68,68,68,68,68,68,68,68,68,68,68,68,68,68,68,68,68,68,68,68,68,68,68,68,68,68,68,68,68,68,68,68,68,68,68,68],"relic_stats":{"Lizard Tail":34,"counters":[24,122],"CeramicFish":90,"Whetstone":["TheCursedMod:Strike_TheCursed","TheCursedMod:Strike_TheCursed"],"Cursed Key":0,"obtain_stats":[{"TheCursedMod:BlackMagic101":0,"Lantern":23,"TheCursedMod:Tack":8,"CeramicFish":25,"Vajra":26,"Whetstone":27,"Odd Mushroom":11,"PrismaticShard":22,"Cursed Key":34,"Lizard Tail":6,"Bottled Flame":9,"TheCursedMod:OminousMark":17,"Red Mask":36,"Membership Card":31,"TheCursedMod:SoulVessel":37},{"TheCursedMod:BlackMagic101":0,"Lantern":15,"TheCursedMod:Tack":6,"CeramicFish":16,"Vajra":16,"Whetstone":17,"Odd Mushroom":7,"PrismaticShard":14,"Cursed Key":20,"Lizard Tail":6,"Bottled Flame":6,"TheCursedMod:OminousMark":10,"Red Mask":21,"Membership Card":19,"TheCursedMod:SoulVessel":22},{"TheCursedMod:BlackMagic101":0,"Lantern":69,"TheCursedMod:Tack":28,"CeramicFish":75,"Vajra":75,"Whetstone":79,"Odd Mushroom":32,"PrismaticShard":64,"Cursed Key":98,"Lizard Tail":28,"Bottled Flame":28,"TheCursedMod:OminousMark":48,"Red Mask":102,"Membership Card":87,"TheCursedMod:SoulVessel":110}]},"card_choices":[{"not_picked":["Secret Technique","Secret Weapon"],"picked":"Sadistic Nature","floor":0.0},{"not_picked":["TheCursedMod:ReleasedKnowledge","TheCursedMod:RavingStaff"],"picked":"TheCursedMod:CircleOfCorruption","floor":1.0},{"not_picked":["TheCursedMod:CircleOfAmplification","TheCursedMod:CursedAmulet"],"picked":"TheCursedMod:SmokeScreen","floor":2.0},{"not_picked":["TheCursedMod:SpitefulPray","TheCursedMod:CursedArmor"],"picked":"TheCursedMod:CursedStaff","floor":3.0},{"not_picked":["TheCursedMod:Obscuration","TheCursedMod:WearCloak"],"picked":"TheCursedMod:ReleasedKnowledge","floor":4.0},{"not_picked":["TheCursedMod:RavingStaff","TheCursedMod:ParallelWorld"],"picked":"TheCursedMod:WearCloak","floor":5.0},{"not_picked":["TheCursedMod:AshesToAshes","TheCursedMod:RavingStaff"],"picked":"TheCursedMod:RapidMovement","floor":6.0},{"not_picked":["TheCursedMod:CursedBlade","TheCursedMod:RavingStaff"],"picked":"TheCursedMod:CursedSpellbook","floor":11.0},{"not_picked":["TheCursedMod:FleshFromBone","TheCursedMod:SaltUponWound"],"picked":"TheCursedMod:FuryStrike","floor":12.0},{"not_picked":["TheCursedMod:SpitefulPray","TheCursedMod:AshesToAshes"],"picked":"TheCursedMod:PrepareRite","floor":13.0},{"not_picked":["TheCursedMod:ManaCirculation","TheCursedMod:ShockAndAwe"],"picked":"TheCursedMod:DarkBarrier","floor":16.0},{"not_picked":["TheCursedMod:CursedAmulet","TheCursedMod:Obscuration"],"picked":"TheCursedMod:FleshFromBone+1","floor":18.0},{"not_picked":["TheCursedMod:DoubleShield","TheCursedMod:CursedBlade+1"],"picked":"TheCursedMod:StingEye+1","floor":19.0},{"not_picked":["TheCursedMod:EmpowerCircles","TheCursedMod:CircleOfCorruption"],"picked":"TheCursedMod:CursedArmor+1","floor":20.0},{"not_picked":["TheCursedMod:CursedArmor","TheCursedMod:CursedMace"],"picked":"TheCursedMod:Stigma","floor":21.0},{"not_picked":["Shade:TouchOfTheGrave","Concentrate"],"picked":"Shade:SoulToxin+1","floor":23.0},{"not_picked":["Bloodletting","Static Discharge"],"picked":"Perseverance+1","floor":25.0},{"not_picked":["BowlingBash","Catalyst"],"picked":"Steam+1","floor":27.0},{"not_picked":["Shade:Frenzy","Perfected Strike"],"picked":"Flechettes+1","floor":28.0},{"not_picked":["Indignation","Catalyst+1","Twin Strike"],"picked":"SKIP","floor":29.0},{"not_picked":["Burst","Fiend Fire"],"picked":"Shade:OminousRitual","floor":33},{"not_picked":["Shade:Brains","Warcry"],"picked":"Coolheaded","floor":35},{"not_picked":["SashWhip","Compile Driver+1"],"picked":"Madness","floor":37},{"not_picked":["Quick Slash+1","TheCursedMod:CircleOfFlame"],"picked":"Shade:GreyBargain+1","floor":41}],"player_experience":1111238,"relics_obtained":[{"floor":6.0,"key":"Lizard Tail"},{"floor":8.0,"key":"TheCursedMod:Tack"},{"floor":9.0,"key":"Bottled Flame"},{"floor":11.0,"key":"Odd Mushroom"},{"floor":23.0,"key":"Lantern"},{"floor":25.0,"key":"CeramicFish"},{"floor":26.0,"key":"Vajra"},{"floor":27.0,"key":"Whetstone"},{"floor":37,"key":"TheCursedMod:SoulVessel"}],"event_choices":[{"damage_healed":0.0,"max_hp_gain":0.0,"max_hp_loss":0.0,"gold_gain":0.0,"event_name":"Mushrooms","player_choice":"Fought Mushrooms","floor":11.0,"gold_loss":0.0,"damage_taken":0.0},{"cards_removed":["TheCursedMod:Dregs"],"damage_healed":0.0,"max_hp_gain":0.0,"max_hp_loss":0.0,"gold_gain":0.0,"event_name":"Fountain of Cleansing","player_choice":"Removed Curses","floor":14.0,"gold_loss":0.0,"damage_taken":0.0},{"damage_healed":0,"gold_gain":0,"player_choice":"Paid","damage_taken":0,"relics_obtained":["Red Mask"],"max_hp_gain":0,"max_hp_loss":0,"event_name":"Tomb of Lord Red Mask","floor":36,"gold_loss":141},{"damage_healed":0,"gold_gain":0,"player_choice":"Fight","damage_taken":0,"max_hp_gain":0,"max_hp_loss":0,"event_name":"Mysterious Sphere","floor":37,"gold_loss":0},{"damage_healed":0,"gold_gain":0,"player_choice":"Ignored","damage_taken":0,"max_hp_gain":0,"max_hp_loss":0,"event_name":"SecretPortal","floor":38,"gold_loss":0}],"is_beta":false,"boss_relics":[{"not_picked":["SlaversCollar","Velvet Choker"],"picked":"TheCursedMod:OminousMark"},{"not_picked":["Coffee Dripper","Busted Crown"],"picked":"Cursed Key"}],"items_purged_floors":[22],"is_endless":false,"potions_floor_spawned":[2,3,12,20,21,25,28,29,35],"killed_by":"Giant Head","ascension_level":10}}