{"host":"s24sb66hw4a4sfft","time":1613004923,"event":{"mods":["AchievementEnabler","BaseMod","Colored Map","Colored Powertips","Googly Eyes","Hermit","Hubris","Minty Spire (QoL Compilation)","Quick Restart","Shop Mod","StSLib"],"gold_per_floor":[117,117,137,148,167,202,202,234,234,234,234],"floor_reached":10,"language":"ENG","playtime":313,"items_purged":[],"score":133,"play_id":"2ddea9fe-4c43-4e0e-81af-9ff7c1b6f994","local_time":"20210210195523","is_ascension_mode":true,"campfire_choices":[{"floor":7,"key":"REST"}],"circlet_count":0,"master_deck":["AscendersBane","Strike_G","Strike_G","Strike_G","Strike_G","Strike_G","Defend_G","Defend_G","Defend_G","Defend_G","Defend_G","Survivor","Neutralize","Slice","Cloak And Dagger","Dash","Dagger Spray"],"relics":["Ring of the Snake","NeowsBlessing","Pen Nib","hubris:MedicalManual","hubris:Potato"],"acts_visited":["Exordium"],"potions_floor_usage":[6,6,8],"damage_taken":[{"damage":0,"enemies":"Small Slimes","floor":1,"turns":1},{"damage":0,"enemies":"Cultist","floor":3,"turns":1},{"damage":0,"enemies":"2 Louse","floor":4,"turns":1},{"damage":3,"enemies":"Exordium Thugs","floor":5,"turns":6},{"damage":34,"enemies":"Lagavulin","floor":6,"turns":10},{"damage":9,"enemies":"Gremlin Nob","floor":8,"turns":5},{"damage":23,"enemies":"Lagavulin","floor":10,"turns":6}],"seed_played":"3825355512820497752","potions_obtained":[{"floor":4,"key":"Weak Potion"},{"floor":5,"key":"LiquidMemories"},{"floor":6,"key":"EssenceOfSteel"}],"is_trial":false,"path_per_floor":["M","?","M","M","M","E","R","E","T","E"],"character_chosen":"THE_SILENT","items_purchased":[],"campfire_rested":1,"item_purchase_floors":[],"current_hp_per_floor":[59,59,59,59,56,22,41,32,32,9,9],"gold":234,"neow_bonus":"THREE_ENEMY_KILL","is_daily":false,"chose_seed":false,"campfire_upgraded":0,"win_rate":0.0,"timestamp":1613004923,"path_taken":["M","?","?","M","M","E","R","E","T","E"],"items_purchased_type":[],"build_version":"2020-12-22","purchased_purges":0,"victory":false,"max_hp_per_floor":[66,66,66,66,66,66,66,66,66,66,66],"card_choices":[{"not_picked":["Dodge and Roll","Leg Sweep","Backflip"],"picked":"SKIP","floor":1},{"not_picked":["Skewer","Expertise"],"picked":"Slice","floor":3},{"not_picked":["PiercingWail","Quick Slash"],"picked":"Cloak And Dagger","floor":4},{"not_picked":["Prepared","Choke"],"picked":"Dash","floor":5},{"not_picked":["Setup","PiercingWail","Caltrops"],"picked":"SKIP","floor":6},{"not_picked":["Terror","Acrobatics"],"picked":"Dagger Spray","floor":8}],"player_experience":607855,"relics_obtained":[{"floor":6,"key":"Pen Nib"},{"floor":8,"key":"hubris:MedicalManual"},{"floor":9,"key":"hubris:Potato"}],"event_choices":[{"damage_healed":0,"gold_gain":0,"player_choice":"Bought 0 Potions","damage_taken":0,"max_hp_gain":0,"max_hp_loss":0,"event_name":"The Woman in Blue","floor":2,"gold_loss":0}],"is_beta":false,"boss_relics":[],"items_purged_floors":[],"is_endless":false,"potions_floor_spawned":[4,5,6],"killed_by":"Lagavulin","ascension_level":14}}