{"host":"n605f8gctjc87d7h","time":1613016603,"event":{"mods":["Aspiration","Bard","BaseMod","Better Match","Better Note","Better Skull","Better Third Choice","Conspire","Downfall","Halation","Hermit","Infinite Spire","Minty Spire (QoL Compilation)","Reliquary","Replay The Spire","Retaliation","Shade Mod","Spicy Shops","StSLib","The IronCluck","The Jungle","The Runesmith"],"gold_per_floor":[110,129,204,204,23,23,38,50,50,65,65,65,65,97,97,192,242,258,288,288,210,220,93,128,0,48,59,71,71,82,97,97,97,97],"floor_reached":33,"language":"ENG","playtime":2062,"items_purged":["Strike_P"],"score":385,"play_id":"2b5e625a-a480-47af-8309-a1eb33d89744","local_time":"20210210201003","is_ascension_mode":true,"campfire_choices":[{"floor":6,"key":"REST"},{"floor":11,"key":"REST"},{"data":"ForeignInfluence","floor":13,"key":"SMITH"},{"data":"FlurryOfBlows","floor":15,"key":"SMITH"},{"floor":32,"key":"REST"}],"circlet_count":0,"master_deck":["Strike_P+1","Strike_P","Strike_P","Defend_P","Defend_P","Defend_P","Defend_P","Eruption+1","Vigilance","FearNoEvil","ForeignInfluence+1","BowlingBash","FollowUp","FlurryOfBlows+1","TalkToTheHand","SandsOfTime","FlyingSleeves+1","infinitespire:Collect","Indignation+1"],"relics":["PureWater","GremlinMask","Membership Card","reliquary:QuartzCube","Happy Flower","Tiny House","Red Mask","Omamori","reliquary:Firecrackers","aspiration:DSix","aspiration:HummingbirdHeart","Pen Nib","Replay:Ringing Soul"],"acts_visited":["Exordium","TheCity"],"potions_floor_usage":[17,18,19,22,24,31,33],"damage_taken":[{"damage":0,"enemies":"conspire:RoseBush","floor":1,"turns":3},{"damage":8,"enemies":"Small Slimes","floor":2,"turns":4},{"damage":0,"enemies":"Cultist","floor":7,"turns":3},{"damage":10,"enemies":"Large Slime","floor":8,"turns":5},{"damage":3,"enemies":"Exordium Thugs","floor":10,"turns":3},{"damage":3,"enemies":"Replay:BlueRogue","floor":14,"turns":3},{"damage":36,"enemies":"Slime Boss","floor":16,"turns":7},{"damage":1,"enemies":"Spheric Guardian","floor":18,"turns":3},{"damage":4,"enemies":"Masked Bandits","floor":19,"turns":3},{"damage":15,"enemies":"2 Thieves","floor":22,"turns":4},{"damage":6,"enemies":"Slavers","floor":24,"turns":4},{"damage":20,"enemies":"Snecko","floor":27,"turns":4},{"damage":5,"enemies":"Sentry and Sphere","floor":28,"turns":3},{"damage":0,"enemies":"Centurion and Healer","floor":30,"turns":4},{"damage":0,"enemies":"3 Cultists","floor":31,"turns":4},{"damage":61,"enemies":"Automaton","floor":33,"turns":6}],"seed_played":"-3836855354057252740","potions_obtained":[{"floor":1,"key":"BlessingOfTheForge"},{"floor":10,"key":"Fruit Juice"},{"floor":16,"key":"Milkshake"},{"floor":17,"key":"SneckoOil"},{"floor":18,"key":"PowerPotion"},{"floor":22,"key":"ColorlessPotion"},{"floor":28,"key":"Energy Potion"},{"floor":30,"key":"LiquidMemories"}],"is_trial":false,"path_per_floor":["M","M","?","?","$","R","M","M","T","M","R","?","R","E","R","B",null,"M","?","?","$","M","$","E","$","T","M","M","AVR","M","M","R","B"],"character_chosen":"WATCHER","items_purchased":["Membership Card","Omamori","reliquary:Firecrackers","aspiration:HummingbirdHeart"],"campfire_rested":3,"item_purchase_floors":[5,21,23,25],"current_hp_per_floor":[65,57,46,46,46,67,67,57,57,54,72,72,72,69,69,33,72,71,67,67,67,52,52,46,46,46,26,21,24,24,27,53,0,0],"gold":97,"neow_bonus":"UPGRADE_CARD","is_daily":false,"chose_seed":false,"campfire_upgraded":2,"win_rate":0.0,"timestamp":1613016603,"path_taken":["M","M","?","?","$","R","M","?","T","M","R","?","R","E","R","BOSS","M","?","?","$","M","$","E","?","T","M","M","AVR","M","M","R","BOSS"],"items_purchased_type":["Relic","Relic","Relic","Relic"],"build_version":"2020-12-22","purchased_purges":1,"victory":false,"max_hp_per_floor":[72,72,72,72,72,72,72,72,72,72,72,72,72,72,72,72,82,82,82,82,82,82,82,82,82,82,82,82,85,85,88,88,88,88],"card_choices":[{"not_picked":["PathToVictory","ClearTheMind"],"picked":"FearNoEvil","floor":1},{"not_picked":["TalkToTheHand","Replay:ManipulateFuture"],"picked":"ForeignInfluence","floor":2},{"not_picked":["Weave","Consecrate"],"picked":"BowlingBash","floor":7},{"not_picked":["Pray","CutThroughFate"],"picked":"FollowUp","floor":8},{"not_picked":["TalkToTheHand","Evaluate","CutThroughFate"],"picked":"SKIP","floor":10},{"not_picked":["Tantrum","EmptyBody"],"picked":"FlurryOfBlows","floor":14},{"not_picked":["Prostrate","CutThroughFate"],"picked":"TalkToTheHand","floor":17},{"not_picked":["ThirdEye+1","Replay:AtTheReady"],"picked":"SandsOfTime","floor":18},{"not_picked":["Fasting2","Scrawl"],"picked":"FlyingSleeves+1","floor":22},{"not_picked":["Replay:ManipulateFuture","CutThroughFate","Fasting2"],"picked":"SKIP","floor":24},{"not_picked":["Replay:Hum","BowlingBash+1","EmptyBody+1"],"picked":"SKIP","floor":27},{"not_picked":["FollowUp","Judgement","SandsOfTime"],"picked":"SKIP","floor":28},{"not_picked":["FollowUp","Judgement","SandsOfTime"],"picked":"SKIP","floor":28},{"not_picked":["ThirdEye+1","Replay:ManipulateFuture","Prostrate+1"],"picked":"SKIP","floor":30},{"not_picked":["Replay:BluntJabs","CrushJoints"],"picked":"Indignation+1","floor":31}],"player_experience":846811,"relics_obtained":[{"floor":9,"key":"reliquary:QuartzCube"},{"floor":14,"key":"Happy Flower"},{"floor":19,"key":"Red Mask"},{"floor":24,"key":"aspiration:DSix"},{"floor":26,"key":"Pen Nib"}],"event_choices":[{"damage_healed":0,"gold_gain":75,"player_choice":"Gold","damage_taken":11,"max_hp_gain":0,"max_hp_loss":0,"event_name":"betterThird:BetterGoop","floor":3,"gold_loss":0},{"damage_healed":0,"gold_gain":0,"player_choice":"Trade","damage_taken":0,"relics_obtained":["GremlinMask"],"max_hp_gain":0,"max_hp_loss":0,"event_name":"FaceTrader","floor":4,"gold_loss":0},{"damage_healed":0,"gold_gain":0,"player_choice":"Fought Bandits","damage_taken":0,"max_hp_gain":0,"max_hp_loss":0,"event_name":"Masked Bandits","floor":19,"gold_loss":0},{"damage_healed":0,"gold_gain":0,"player_choice":"Ignored","damage_taken":0,"max_hp_gain":0,"max_hp_loss":0,"event_name":"Cursed Tome","floor":20,"gold_loss":0}],"is_beta":false,"boss_relics":[{"not_picked":["infinitespire:Cupcake","halation:Risk"],"picked":"Tiny House"}],"items_purged_floors":[5],"is_endless":false,"potions_floor_spawned":[1,10,16,18,22,28,30],"killed_by":"Automaton","ascension_level":7}}