{"host":"Ryley","time":1613004792,"event":{"mods":["BaseMod","Downfall","Minty Spire (QoL Compilation)","StSLib"],"gold_per_floor":[217,217,217,217,242,276,276,301,301,322,322,322,322,347,347,347,347],"floor_reached":16,"language":"ENG","playtime":340,"items_purged":[],"score":100,"play_id":"fda4731f-7556-4835-89ad-fee1810ed1ab","local_time":"20210210185312","is_ascension_mode":false,"campfire_choices":[{"floor":7,"key":"REST"},{"floor":13,"key":"REST"},{"data":"Barricade","floor":15,"key":"SMITH"}],"circlet_count":0,"master_deck":["Strike_R+1","Strike_R","Strike_R","Strike_R","Strike_R","Defend_R","Defend_R","Defend_R+1","Bash","Power Through","Injury","Thunderclap","Entrench","Spot Weakness","Barricade+1","Body Slam","Headbutt"],"relics":["Burning Blood","Golden Idol","Dream Catcher","Matryoshka","Gremlin Horn"],"acts_visited":["Exordium"],"potions_floor_usage":[6],"damage_taken":[{"damage":1,"enemies":"Jaw Worm","floor":1,"turns":3},{"damage":2,"enemies":"2 Louse","floor":5,"turns":3},{"damage":59,"enemies":"Lagavulin","floor":6,"turns":9},{"damage":10,"enemies":"Small Slimes","floor":8,"turns":2},{"damage":6,"enemies":"Exordium Wildlife","floor":10,"turns":4},{"damage":6,"enemies":"3 Louse","floor":14,"turns":2},{"damage":69,"enemies":"Hexaghost","floor":16,"turns":16}],"seed_played":"-4677888787685192744","potions_obtained":[{"floor":1,"key":"BlessingOfTheForge"},{"floor":8,"key":"SpeedPotion"},{"floor":14,"key":"Strength Potion"}],"is_trial":false,"path_per_floor":["M","?","?","?","M","E","R","M","T","M","?","?","R","M","R","B"],"character_chosen":"IRONCLAD","items_purchased":[],"campfire_rested":2,"item_purchase_floors":[],"current_hp_per_floor":[80,73,57,57,61,8,32,28,28,28,54,42,66,66,66,0,0],"gold":347,"neow_bonus":"HUNDRED_GOLD","is_daily":false,"chose_seed":false,"campfire_upgraded":1,"win_rate":0.0,"timestamp":1613004792,"path_taken":["M","?","?","?","?","E","R","M","T","M","?","?","R","M","R","BOSS"],"items_purchased_type":[],"build_version":"2020-12-18","purchased_purges":0,"victory":false,"max_hp_per_floor":[80,80,80,80,80,80,80,80,80,80,80,80,80,80,80,80,80],"card_choices":[{"not_picked":["Fire Breathing","True Grit"],"picked":"Power Through","floor":1},{"not_picked":["Second Wind","Perfected Strike"],"picked":"Thunderclap","floor":5},{"not_picked":["Sentinel","Headbutt"],"picked":"Entrench","floor":6},{"not_picked":["Armaments","Dark Embrace"],"picked":"Spot Weakness","floor":7},{"not_picked":["Intimidate","Flex","Anger"],"picked":"SKIP","floor":8},{"not_picked":["Whirlwind","Intimidate"],"picked":"Barricade","floor":10},{"not_picked":["Headbutt","Battle Trance"],"picked":"Body Slam","floor":13},{"not_picked":["True Grit","Spot Weakness"],"picked":"Headbutt","floor":14}],"player_experience":389568,"relics_obtained":[{"floor":6,"key":"Dream Catcher"},{"floor":9,"key":"Matryoshka"}],"event_choices":[{"cards_removed":["Defend_R"],"damage_healed":0,"gold_gain":0,"player_choice":"Card Removal","damage_taken":7,"max_hp_gain":0,"max_hp_loss":0,"event_name":"Golden Wing","floor":2,"gold_loss":0},{"damage_healed":0,"gold_gain":0,"player_choice":"Entered Light","damage_taken":16,"max_hp_gain":0,"max_hp_loss":0,"event_name":"Shining Light","floor":3,"gold_loss":0,"cards_upgraded":["Strike_R","Defend_R"]},{"damage_healed":0,"gold_gain":0,"player_choice":"Take Wound","damage_taken":0,"relics_obtained":["Golden Idol"],"max_hp_gain":0,"max_hp_loss":0,"event_name":"Golden Idol","floor":4,"gold_loss":0,"cards_obtained":["Injury"]},{"damage_healed":26,"gold_gain":0,"player_choice":"Banana","damage_taken":0,"max_hp_gain":0,"max_hp_loss":0,"event_name":"Big Fish","floor":11,"gold_loss":0},{"damage_healed":0,"gold_gain":0,"player_choice":"Success","damage_taken":12,"relics_obtained":["Gremlin Horn"],"max_hp_gain":0,"max_hp_loss":0,"event_name":"Scrap Ooze","floor":12,"gold_loss":0}],"is_beta":true,"boss_relics":[],"items_purged_floors":[],"is_endless":false,"potions_floor_spawned":[1,8,14],"killed_by":"Hexaghost","ascension_level":0}}