{"host":"f5n4tidiz2n5sooh","time":1613022939,"event":{"mods":["BaseMod","Colored Map","Minty Spire (QoL Compilation)","Relic Stats","StSLib"],"gold_per_floor":[112,130,141,157,171,171,189,189,235,235,249,269,269,32,32,32,32],"floor_reached":16,"language":"ENG","playtime":500,"items_purged":["Strike_G"],"score":192,"play_id":"788e634d-82b8-43ee-bbdc-d7b5fe232f8d","local_time":"20210210235539","is_ascension_mode":true,"campfire_choices":[{"data":"Predator","floor":6,"key":"SMITH"},{"data":"Bouncing Flask","floor":10,"key":"SMITH"},{"floor":15,"key":"REST"}],"circlet_count":0,"master_deck":["AscendersBane","Strike_G","Strike_G","Strike_G","Strike_G","Defend_G","Defend_G","Defend_G","Defend_G","Defend_G","Survivor","Neutralize","Poisoned Stab","Predator+1","Bouncing Flask+1","Dagger Throw","Footwork","Wraith Form v2"],"relics":["Ring of the Snake","Strawberry"],"acts_visited":["Exordium"],"potions_floor_usage":[5,16],"damage_taken":[{"damage":9,"enemies":"Cultist","floor":1,"turns":5},{"damage":7,"enemies":"Jaw Worm","floor":2,"turns":4},{"damage":1,"enemies":"2 Louse","floor":3,"turns":3},{"damage":9,"enemies":"Blue Slaver","floor":4,"turns":3},{"damage":0,"enemies":"Exordium Wildlife","floor":5,"turns":4},{"damage":10,"enemies":"Large Slime","floor":7,"turns":4},{"damage":14,"enemies":"3 Louse","floor":11,"turns":3},{"damage":9,"enemies":"Red Slaver","floor":12,"turns":4},{"damage":31,"enemies":"Slime Boss","floor":16,"turns":11}],"seed_played":"-7362172478252484816","potions_obtained":[{"floor":2,"key":"Explosive Potion"},{"floor":7,"key":"LiquidBronze"},{"floor":12,"key":"BlessingOfTheForge"}],"is_trial":false,"path_per_floor":["M","M","M","M","M","R","M","?","T","R","M","M","?","$","R","B"],"character_chosen":"THE_SILENT","items_purchased":["Wraith Form v2"],"campfire_rested":1,"item_purchase_floors":[14],"current_hp_per_floor":[56,49,48,39,39,39,29,29,36,36,22,13,2,2,25,0,0],"gold":32,"neow_bonus":"TEN_PERCENT_HP_BONUS","is_daily":false,"chose_seed":false,"campfire_upgraded":2,"win_rate":0.0,"timestamp":1613022939,"path_taken":["M","M","M","M","M","R","?","?","T","R","M","M","?","$","R","BOSS"],"items_purchased_type":["Card"],"build_version":"2020-12-22","purchased_purges":1,"victory":false,"max_hp_per_floor":[72,72,72,72,72,72,72,72,79,79,79,79,79,79,79,79,79],"relic_stats":{"counters":[9,41],"obtain_stats":[{"Strawberry":9,"Ring of the Snake":0},{"Strawberry":6,"Ring of the Snake":0},{"Strawberry":23,"Ring of the Snake":0}],"Ring of the Snake":[18]},"card_choices":[{"not_picked":["Caltrops","Sucker Punch"],"picked":"Poisoned Stab","floor":1},{"not_picked":["Acrobatics","Dodge and Roll"],"picked":"Predator","floor":2},{"not_picked":["Acrobatics","Riddle With Holes"],"picked":"Bouncing Flask","floor":3},{"not_picked":["Underhanded Strike","Caltrops","Poisoned Stab"],"picked":"SKIP","floor":4},{"not_picked":["Slice","Accuracy"],"picked":"Dagger Throw","floor":5},{"not_picked":["Tactician","Outmaneuver","Backflip"],"picked":"SKIP","floor":7},{"not_picked":["Skewer","Backstab"],"picked":"Footwork","floor":11},{"not_picked":["Slice","Dagger Spray","Outmaneuver"],"picked":"SKIP","floor":12}],"player_experience":2047156,"relics_obtained":[{"floor":9,"key":"Strawberry"}],"event_choices":[{"damage_healed":0,"gold_gain":0,"player_choice":"Ignored","damage_taken":0,"max_hp_gain":0,"max_hp_loss":0,"event_name":"Liars Game","floor":8,"gold_loss":0},{"damage_healed":0,"gold_gain":0,"player_choice":"Fled","damage_taken":11,"max_hp_gain":0,"max_hp_loss":0,"event_name":"Scrap Ooze","floor":13,"gold_loss":0}],"is_beta":false,"boss_relics":[],"items_purged_floors":[14],"is_endless":false,"potions_floor_spawned":[2,7,12],"killed_by":"Slime Boss","ascension_level":20}}