{"host":"u3jctbsl7uavviuy","time":1613037506,"event":{"mods":["ATMod(阿瑾Mod)","Act Like it!","Arknights","BaseMod","BetterRewards","GungeonMod","HololiveMod","Luminous","Marisa（F雨　魔理沙）","Minty Spire (QoL Compilation)","Relic Stats","Replay The Spire","Shop Mod","Spicy Shops","StSLib","TestMod","The Animator","The Cursed","The Gatherer","The Servant 0.9.4","WarShipGirlsR/战舰少女R mod","篝火指南"],"gold_per_floor":[58,75,0,175,191,191,191],"floor_reached":6,"language":"ZHS","playtime":184,"items_purged":[],"score":50,"play_id":"c8121983-44b6-4514-8f95-49a361973598","local_time":"20210211185826","is_ascension_mode":true,"campfire_choices":[],"circlet_count":0,"master_deck":["ats:Strike C","ats:Strike G","ats:Strike S","ats:Strike V","ats:Armor Crushing Shot","ats:Defend","ats:Defend","ats:Defend","ats:Defend","ats:Emotion Absorption","ats:Composite Medical Shells","ats:Calcification","ats:Soul Absorption","Doubt","ats:Poison Spread"],"relics":["ats:Sanity","testmod-TestBox","AT_ATBox","testmod-Maize","DemoMod:MeatBun","Replay:Rubber Ducky"],"acts_visited":["Exordium"],"potions_floor_usage":[6,6],"damage_taken":[{"damage":1.0,"enemies":"Cultist","floor":1.0,"turns":3.0},{"damage":10,"enemies":"ats:Genji","floor":2,"turns":5},{"damage":27,"enemies":"Jaw Worm","floor":5,"turns":7},{"damage":19,"enemies":"Replay:BlueRogue","floor":6,"turns":5}],"seed_played":"5488020949550029512","potions_obtained":[{"floor":1,"key":"Dexterity Potion"},{"floor":5,"key":"Languid Potion"}],"is_trial":false,"path_per_floor":["M","M","$","?","M","E"],"character_chosen":"DOCTOR_CLASS","items_purchased":["ats:Composite Medical Shells","ats:Calcification","DemoMod:MeatBun","Replay:Rubber Ducky","ats:Soul Absorption"],"campfire_rested":0,"item_purchase_floors":[0,0,0,0,3],"current_hp_per_floor":[59,50,50,50,25,7,7],"gold":191,"neow_bonus":"","is_daily":false,"chose_seed":false,"campfire_upgraded":0,"win_rate":0.0,"timestamp":1613037506,"path_taken":["M","M","?","?","?","E"],"items_purchased_type":["Card","Card","Relic","Relic","Card"],"build_version":"2020-12-22","purchased_purges":0,"victory":false,"max_hp_per_floor":[72,72,72,72,72,72,72],"relic_stats":{"counters":[21,57],"obtain_stats":[{"Golden Egg":0,"AT_ATBox":0,"DemoMod:GlassGuonStoneRelic":4,"ats:Special":3,"Smiling Mask":10,"ClockworkSouvenir":24,"Replay:Rubber Ducky":0,"testmod-StringDisintegrator":0,"Iron Hammer":26,"ats:Sanity":0,"Toxic Egg 2":9,"testmod-Maize":0,"testmod-TestBox":0,"Guide Book":0,"AT_MortalBlade":17,"Pen Nib":8,"AT_SpeedBoots":0,"Replay:Baseball":23,"Hololive_LightStick":25,"AT_BellowingDragoncrestRing":20,"ats:Originium":8,"Ornamental Fan":0,"DemoMod:MeatBun":0,"Orrery":3,"Membership Card":0,"testmod-EnergyCheck":0},{"Golden Egg":0,"AT_ATBox":0,"DemoMod:GlassGuonStoneRelic":2,"ats:Special":1,"Smiling Mask":6,"ClockworkSouvenir":15,"Replay:Rubber Ducky":17,"testmod-StringDisintegrator":0,"Iron Hammer":16,"ats:Sanity":0,"Toxic Egg 2":5,"testmod-Maize":0,"testmod-TestBox":0,"Guide Book":0,"AT_MortalBlade":10,"Pen Nib":5,"AT_SpeedBoots":0,"Replay:Baseball":15,"Hololive_LightStick":16,"AT_BellowingDragoncrestRing":12,"ats:Originium":5,"Ornamental Fan":0,"DemoMod:MeatBun":0,"Orrery":1,"Membership Card":0,"testmod-EnergyCheck":0},{"Golden Egg":0,"AT_ATBox":0,"DemoMod:GlassGuonStoneRelic":2,"ats:Special":1,"Smiling Mask":11,"ClockworkSouvenir":33,"Replay:Rubber Ducky":37,"testmod-StringDisintegrator":0,"Iron Hammer":35,"ats:Sanity":0,"Toxic Egg 2":9,"testmod-Maize":0,"testmod-TestBox":0,"Guide Book":0,"AT_MortalBlade":21,"Pen Nib":9,"AT_SpeedBoots":0,"Replay:Baseball":33,"Hololive_LightStick":35,"AT_BellowingDragoncrestRing":25,"ats:Originium":9,"Ornamental Fan":0,"DemoMod:MeatBun":0,"Orrery":1,"Membership Card":0,"testmod-EnergyCheck":0}]},"card_choices":[{"not_picked":["ats:Blood Oath","ats:Ignite","ats:Absolute Focus"],"picked":"SKIP","floor":1},{"not_picked":["ats:Flame Of Heaven","ats:Absolute Focus","ats:Shadow Raid"],"picked":"SKIP","floor":2},{"not_picked":["ats:Flexible Camouflage","ats:Roar Of Ursus"],"picked":"ats:Poison Spread","floor":5}],"player_experience":461828,"relics_obtained":[],"event_choices":[{"damage_healed":0,"gold_gain":175,"player_choice":"AGREE","damage_taken":0,"max_hp_gain":0,"max_hp_loss":0,"event_name":"Liars Game","floor":4,"gold_loss":0,"cards_obtained":["Doubt"]}],"is_beta":false,"boss_relics":[],"items_purged_floors":[],"is_endless":false,"potions_floor_spawned":[1,5],"killed_by":"Replay:BlueRogue","ascension_level":8}}