{"host":"3po7ngt2j61s4rmj","time":1613018762,"event":{"mods":["BaseMod","Minty Spire (QoL Compilation)","Relic Stats","Replay The Spire","StSLib"],"gold_per_floor":[112,112,112,112,112,112,53,53,106,106,106,106],"floor_reached":11,"language":"ENG","playtime":259,"items_purged":[],"score":114,"play_id":"8bfd191b-283b-4bde-b512-c3a8b452d50b","local_time":"20210210214602","is_ascension_mode":true,"campfire_choices":[{"data":"Go for the Eyes","floor":6,"key":"SMITH"},{"data":"Zap","floor":8,"key":"SMITH"},{"data":"Dualcast","floor":10,"key":"SMITH"}],"circlet_count":0,"master_deck":["AscendersBane","Strike_B","Strike_B","Strike_B","Strike_B","Defend_B","Defend_B","Defend_B","Defend_B","Zap+1","Dualcast+1","Go for the Eyes+1","Capacitor+1"],"relics":["Cracked Core","Golden Idol","Juzu Bracelet","Lantern","Geode"],"acts_visited":["Exordium"],"potions_floor_usage":[],"damage_taken":[{"damage":0,"enemies":"2 Louse","floor":1,"turns":2},{"damage":64,"enemies":"Gremlin Nob","floor":11,"turns":4}],"seed_played":"7301244585496064604","potions_obtained":[],"is_trial":false,"path_per_floor":["M","?","?","?","?","R","$","R","T","R","E"],"character_chosen":"DEFECT","items_purchased":["Capacitor+1"],"campfire_rested":0,"item_purchase_floors":[7],"current_hp_per_floor":[71,71,71,64,46,46,46,46,46,46,0,0],"gold":106,"neow_bonus":"TEN_PERCENT_HP_BONUS","is_daily":false,"chose_seed":false,"campfire_upgraded":3,"win_rate":0.0,"timestamp":1613018762,"path_taken":["M","?","?","?","?","R","?","R","T","R","E"],"items_purchased_type":["Card"],"build_version":"2020-12-22","purchased_purges":0,"victory":false,"max_hp_per_floor":[78,71,71,71,71,71,71,71,71,71,71,71],"relic_stats":{"counters":[2,6],"Golden Idol":0,"Juzu Bracelet":1,"obtain_stats":[{"Lantern":5,"Golden Idol":2,"Juzu Bracelet":3,"Geode":9,"Cracked Core":0},{"Lantern":1,"Golden Idol":1,"Juzu Bracelet":1,"Geode":1,"Cracked Core":0},{"Lantern":2,"Golden Idol":2,"Juzu Bracelet":2,"Geode":2,"Cracked Core":0}]},"card_choices":[{"not_picked":["ReplayTheSpireMod:GoodbyeWorld","Gash"],"picked":"Go for the Eyes","floor":1}],"player_experience":899597,"relics_obtained":[{"floor":9,"key":"Geode"}],"event_choices":[{"damage_healed":0,"gold_gain":0,"player_choice":"Lose Max HP","damage_taken":0,"relics_obtained":["Golden Idol"],"max_hp_gain":0,"max_hp_loss":7,"event_name":"Golden Idol","floor":2,"gold_loss":0},{"damage_healed":0,"gold_gain":0,"player_choice":"Box","damage_taken":0,"relics_obtained":["Juzu Bracelet"],"max_hp_gain":0,"max_hp_loss":0,"event_name":"Big Fish","floor":3,"gold_loss":0,"cards_obtained":["Regret"]},{"cards_removed":["Regret"],"damage_healed":0,"gold_gain":0,"player_choice":"Card Removal","damage_taken":7,"max_hp_gain":0,"max_hp_loss":0,"event_name":"Golden Wing","floor":4,"gold_loss":0},{"damage_healed":0,"gold_gain":0,"player_choice":"Success","damage_taken":18,"relics_obtained":["Lantern"],"max_hp_gain":0,"max_hp_loss":0,"event_name":"Scrap Ooze","floor":5,"gold_loss":0}],"is_beta":false,"boss_relics":[],"items_purged_floors":[],"is_endless":false,"potions_floor_spawned":[],"killed_by":"Gremlin Nob","ascension_level":20}}