{"host":"u8f6oqzdc7r6igag","time":1613084542,"event":{"mods":["BaseMod","Minty Spire (QoL Compilation)","Relic Stats"],"gold_per_floor":[116,191,191,191,191,235,235,274,298,336,351,375,400,400,400,529,529,550,550,290,290,260,260],"floor_reached":22,"language":"ENG","playtime":635,"items_purged":["Strike_B"],"score":325,"play_id":"cc7d225b-cfb2-4cb2-875e-b9b335d3dba6","local_time":"20210211170222","is_ascension_mode":true,"campfire_choices":[{"data":"Creative AI","floor":7,"key":"SMITH"},{"data":"Hologram","floor":15,"key":"SMITH"}],"circlet_count":0,"master_deck":["Strike_B","Strike_B+1","Strike_B","Defend_B+1","Defend_B","Defend_B","Defend_B","Zap","Dualcast","Streamline","Injury","Creative AI+1","Meteor Strike","Hologram+1","Conserve Battery","Electrodynamics","Writhe","Doom and Gloom","Seek"],"relics":["Cracked Core","NeowsBlessing","Kunai","Bloody Idol","Lantern","Juzu Bracelet","PreservedInsect","Shovel","Inserter","Bird Faced Urn"],"acts_visited":["Exordium","TheCity"],"potions_floor_usage":[10,10,13,16,22],"damage_taken":[{"damage":0,"enemies":"Cultist","floor":1,"turns":1},{"damage":0,"enemies":"Gremlin Nob","floor":6,"turns":1},{"damage":0,"enemies":"3 Sentries","floor":8,"turns":2},{"damage":20,"enemies":"Lagavulin","floor":10,"turns":4},{"damage":12,"enemies":"Jaw Worm","floor":11,"turns":3},{"damage":0,"enemies":"2 Louse","floor":12,"turns":3},{"damage":3,"enemies":"Looter","floor":13,"turns":3},{"damage":24,"enemies":"The Guardian","floor":16,"turns":12},{"damage":48,"enemies":"Shell Parasite","floor":18,"turns":9},{"damage":14,"enemies":"2 Thieves","floor":22,"turns":1}],"seed_played":"8856121005793572222","potions_obtained":[{"floor":1,"key":"Fire Potion"},{"floor":6,"key":"Fire Potion"},{"floor":12,"key":"PowerPotion"},{"floor":13,"key":"Explosive Potion"},{"floor":16,"key":"Ancient Potion"},{"floor":18,"key":"ColorlessPotion"}],"is_trial":false,"path_per_floor":["M","?","T","?","?","E","R","E","T","E","M","M","M","?","R","B",null,"M","?","$","?","M"],"character_chosen":"DEFECT","items_purchased":["Doom and Gloom","Seek"],"campfire_rested":0,"item_purchase_floors":[20,20],"current_hp_per_floor":[68,57,57,57,42,42,42,42,42,22,10,10,7,32,32,8,58,10,10,10,10,0,0],"gold":260,"neow_bonus":"THREE_ENEMY_KILL","is_daily":false,"chose_seed":false,"campfire_upgraded":2,"win_rate":0.0,"timestamp":1613084542,"path_taken":["M","?","?","?","?","E","R","E","T","E","M","M","M","?","R","BOSS","M","?","$","?","M"],"items_purchased_type":["Card","Card"],"build_version":"2020-12-22","purchased_purges":1,"victory":false,"max_hp_per_floor":[75,75,75,75,75,75,75,75,75,75,75,75,75,75,75,75,75,75,75,75,75,75,75],"relic_stats":{"Shovel":0,"Inserter":[5],"counters":[10,39],"Bloody Idol":0,"Bird Faced Urn":[0],"PreservedInsect":28,"Juzu Bracelet":0,"Kunai":[2],"obtain_stats":[{"Lantern":6,"Shovel":10,"Inserter":17,"NeowsBlessing":0,"Golden Idol":4,"Bird Faced Urn":19,"Bloody Idol":21,"PreservedInsect":9,"Juzu Bracelet":8,"Kunai":3,"Cracked Core":0},{"Lantern":2,"Shovel":4,"Inserter":8,"NeowsBlessing":0,"Golden Idol":1,"Bird Faced Urn":9,"Bloody Idol":9,"PreservedInsect":3,"Juzu Bracelet":3,"Kunai":1,"Cracked Core":0},{"Lantern":2,"Shovel":8,"Inserter":29,"NeowsBlessing":0,"Golden Idol":1,"Bird Faced Urn":38,"Bloody Idol":38,"PreservedInsect":4,"Juzu Bracelet":4,"Kunai":1,"Cracked Core":0}]},"card_choices":[{"not_picked":["Melter","Rip and Tear"],"picked":"Streamline","floor":1},{"not_picked":["Steam","Cold Snap"],"picked":"Creative AI","floor":6},{"not_picked":["Capacitor","Stack"],"picked":"Meteor Strike","floor":8},{"not_picked":["Reinforced Body","Stack"],"picked":"Hologram","floor":10},{"not_picked":["Rip and Tear","Streamline","Redo"],"picked":"SKIP","floor":11},{"not_picked":["Auto Shields","Tempest"],"picked":"Conserve Battery","floor":12},{"not_picked":["Hologram","Turbo","Tempest"],"picked":"SKIP","floor":13},{"not_picked":["Machine Learning","Hyperbeam"],"picked":"Electrodynamics","floor":16},{"not_picked":["Streamline","Sunder","Blizzard"],"picked":"SKIP","floor":18}],"player_experience":148349,"relics_obtained":[{"floor":3,"key":"Kunai"},{"floor":6,"key":"Lantern"},{"floor":8,"key":"Juzu Bracelet"},{"floor":9,"key":"PreservedInsect"},{"floor":10,"key":"Shovel"}],"event_choices":[{"damage_healed":0,"gold_gain":75,"player_choice":"Gather Gold","damage_taken":11,"max_hp_gain":0,"max_hp_loss":0,"event_name":"World of Goop","floor":2,"gold_loss":0},{"damage_healed":0,"gold_gain":0,"player_choice":"Take Wound","damage_taken":0,"relics_obtained":["Golden Idol"],"max_hp_gain":0,"max_hp_loss":0,"event_name":"Golden Idol","floor":4,"gold_loss":0,"cards_obtained":["Injury"]},{"damage_healed":0,"gold_gain":0,"player_choice":"Entered Light","damage_taken":15,"max_hp_gain":0,"max_hp_loss":0,"event_name":"Shining Light","floor":5,"gold_loss":0,"cards_upgraded":["Strike_B","Defend_B"]},{"damage_healed":25,"gold_gain":0,"player_choice":"Banana","damage_taken":0,"max_hp_gain":0,"max_hp_loss":0,"event_name":"Big Fish","floor":14,"gold_loss":0},{"damage_healed":0,"gold_gain":0,"player_choice":"Opened","damage_taken":0,"relics_obtained":["Bird Faced Urn"],"max_hp_gain":0,"max_hp_loss":0,"event_name":"The Mausoleum","floor":19,"gold_loss":0,"cards_obtained":["Writhe"]},{"damage_healed":0,"gold_gain":0,"player_choice":"Gave Idol","damage_taken":0,"relics_obtained":["Bloody Idol"],"max_hp_gain":0,"max_hp_loss":0,"event_name":"Forgotten Altar","floor":21,"relics_lost":["Golden Idol"],"gold_loss":0}],"is_beta":false,"boss_relics":[{"not_picked":["FrozenCore","Empty Cage"],"picked":"Inserter"}],"items_purged_floors":[20],"is_endless":false,"potions_floor_spawned":[1,6,12,13,16,18],"killed_by":"2 Thieves","ascension_level":6}}