{"host":"sav7uxregyirlf69","time":1613008170,"event":{"mods":["AchievementEnabler","BaseMod","Colored Map","DeckTracker","Keyboard Shortcuts","Minty Spire (QoL Compilation)","READ ME - Guardian Mod","StSLib","SuperFastMode"],"gold_per_floor":[112,37,56,67,117,117,136,136,136,136,156,156,176,57,57,134,134,153,166,166,177,16,43,55,55,104,127,139,43,43,58,58,58,58],"floor_reached":33,"language":"KOR","playtime":416,"items_purged":["Strike_G"],"score":618,"play_id":"0f3e5aa9-7950-491d-b153-b1b048a68aa0","local_time":"20210211104930","is_ascension_mode":true,"campfire_choices":[{"data":"Dagger Spray","floor":6,"key":"SMITH"},{"data":"Neutralize","floor":8,"key":"SMITH"},{"data":"Blade Dance","floor":10,"key":"SMITH"},{"data":"Terror","floor":12,"key":"SMITH"},{"data":"Accuracy","floor":15,"key":"SMITH"},{"floor":25,"key":"REST"},{"data":"Blade Dance","floor":32,"key":"SMITH"}],"circlet_count":0,"master_deck":["AscendersBane","Strike_G","Strike_G","Strike_G","Defend_G","Defend_G","Defend_G","Survivor","Neutralize+1","Dagger Spray+1","Escape Plan","Quick Slash","Blade Dance+1","Terror+1","Unload","Accuracy+1","CurseOfTheBell","Backflip","Blade Dance+1","Tactician","Flash of Steel","Blur"],"relics":["Ring of the Snake","Mercury Hourglass","Calling Bell","Blood Vial","Matryoshka","TungstenRod","ClockworkSouvenir","Vajra","MawBank","PreservedInsect","Bag of Marbles"],"acts_visited":["Exordium","TheCity"],"potions_floor_usage":[16,19,27],"damage_taken":[{"damage":3,"enemies":"2 Louse","floor":1,"turns":3},{"damage":5,"enemies":"Jaw Worm","floor":3,"turns":5},{"damage":0,"enemies":"Cultist","floor":4,"turns":3},{"damage":12,"enemies":"Red Slaver","floor":7,"turns":4},{"damage":8,"enemies":"3 Louse","floor":11,"turns":2},{"damage":0,"enemies":"Looter","floor":13,"turns":1},{"damage":0,"enemies":"Slime Boss","floor":16,"turns":3},{"damage":14,"enemies":"2 Thieves","floor":18,"turns":3},{"damage":0,"enemies":"3 Byrds","floor":19,"turns":3},{"damage":5,"enemies":"3 Cultists","floor":21,"turns":4},{"damage":23,"enemies":"Slavers","floor":23,"turns":4},{"damage":15,"enemies":"Shelled Parasite and Fungi","floor":24,"turns":3},{"damage":0,"enemies":"Cultist and Chosen","floor":27,"turns":2},{"damage":0,"enemies":"Snake Plant","floor":31,"turns":2},{"damage":59,"enemies":"Collector","floor":33,"turns":6}],"seed_played":"-2554685315587840717","potions_obtained":[{"floor":4,"key":"Strength Potion"},{"floor":7,"key":"CultistPotion"},{"floor":16,"key":"DistilledChaos"},{"floor":24,"key":"PowerPotion"}],"is_trial":false,"path_per_floor":["M","?","M","M","?","R","M","R","T","R","M","R","M","$","R","B",null,"M","M","?","M","$","E","M","R","T","M","?","$","?","M","R","B"],"character_chosen":"THE_SILENT","items_purchased":["Accuracy","ClockworkSouvenir","Flash of Steel"],"campfire_rested":1,"item_purchase_floors":[14,22,29],"current_hp_per_floor":[56,56,51,51,51,51,39,39,39,39,31,31,31,31,31,31,53,41,43,43,40,40,19,6,24,24,26,38,38,38,40,40,0,0],"gold":58,"neow_bonus":"REMOVE_TWO","is_daily":false,"chose_seed":false,"campfire_upgraded":6,"win_rate":0.0,"timestamp":1613008170,"path_taken":["M","?","M","M","?","R","?","R","T","R","M","R","M","$","R","BOSS","M","M","?","M","$","E","M","R","T","M","?","$","?","?","R","BOSS"],"items_purchased_type":["Card","Relic","Card"],"build_version":"2020-12-22","purchased_purges":1,"victory":false,"max_hp_per_floor":[60,60,60,60,60,60,60,60,60,60,60,60,60,60,60,60,60,60,60,60,60,60,60,60,60,60,60,60,60,60,60,60,60,60],"card_choices":[{"not_picked":["All Out Attack","Quick Slash"],"picked":"Dagger Spray","floor":1},{"not_picked":["Leg Sweep","Quick Slash"],"picked":"Escape Plan","floor":3},{"not_picked":["Prepared","Finisher"],"picked":"Quick Slash","floor":4},{"not_picked":["Dagger Spray","Slice"],"picked":"Blade Dance","floor":7},{"not_picked":["Blade Dance","Reflex"],"picked":"Terror","floor":11},{"not_picked":["Slice","Sucker Punch"],"picked":"Unload","floor":13},{"not_picked":["Flechettes","Terror"],"picked":"Backflip","floor":18},{"not_picked":["Distraction","Flechettes+1"],"picked":"Blade Dance","floor":19},{"not_picked":["Deadly Poison","Bane","Dagger Spray"],"picked":"SKIP","floor":21},{"not_picked":["A Thousand Cuts","Setup"],"picked":"Tactician","floor":23},{"not_picked":["Quick Slash","Dagger Spray","Bane"],"picked":"SKIP","floor":24},{"not_picked":["Flying Knee","Catalyst","Concentrate"],"picked":"SKIP","floor":27},{"not_picked":["Endless Agony","Underhanded Strike"],"picked":"Blur","floor":31}],"player_experience":1553078,"relics_obtained":[{"floor":9,"key":"Mercury Hourglass"},{"floor":17,"key":"Blood Vial"},{"floor":17,"key":"Matryoshka"},{"floor":17,"key":"TungstenRod"},{"floor":23,"key":"Vajra"},{"floor":26,"key":"MawBank"},{"floor":26,"key":"PreservedInsect"}],"event_choices":[{"cards_removed":["Defend_G"],"damage_healed":0,"gold_gain":0,"player_choice":"Card Removal","damage_taken":0,"max_hp_gain":0,"max_hp_loss":0,"event_name":"The Cleric","floor":2,"gold_loss":75},{"damage_healed":0,"gold_gain":50,"player_choice":"Pray","damage_taken":0,"max_hp_gain":0,"max_hp_loss":0,"event_name":"Golden Shrine","floor":5,"gold_loss":0},{"damage_healed":0,"gold_gain":0,"player_choice":"Ignored","damage_taken":0,"max_hp_gain":0,"max_hp_loss":0,"event_name":"Vampires","floor":20,"gold_loss":0},{"damage_healed":12,"gold_gain":0,"player_choice":"Heal","damage_taken":0,"max_hp_gain":0,"max_hp_loss":0,"event_name":"The Library","floor":28,"gold_loss":0},{"damage_healed":0,"gold_gain":0,"player_choice":"Gave Potion","damage_taken":0,"relics_obtained":["Bag of Marbles"],"max_hp_gain":0,"max_hp_loss":0,"event_name":"WeMeetAgain","floor":30,"gold_loss":0}],"is_beta":false,"boss_relics":[{"not_picked":["Black Star","Philosopher\u0027s Stone"],"picked":"Calling Bell"}],"items_purged_floors":[14],"is_endless":false,"potions_floor_spawned":[4,7,16,24],"killed_by":"Collector","ascension_level":20}}