{"host":"n95r2z13dwkl182w","time":1613042527,"event":{"mods":["2.2 Compatiblity","AchievementEnabler","BaseMod","Colored Map","Hermit","Marisa£¨Ùöéë¡¡Øª×âÞÞ£©","Minty Spire (QoL Compilation)","StSLib","SuperFastMode","The Poker Player","everything is the same but u backflip on backflip"],"gold_per_floor":[112,128,46,221,296,296,328,346,370,126,146,177,177,193,193,193,193],"floor_reached":16,"language":"KOR","playtime":425,"items_purged":[],"score":135,"play_id":"59eaa05e-04e9-4f39-9fcb-3c1560dd7fe0","local_time":"20210211202207","is_ascension_mode":false,"campfire_choices":[{"data":"hermit:NoHoldsBarred","floor":6.0,"key":"SMITH"},{"data":"hermit:Gestalt","floor":13,"key":"SMITH"},{"data":"hermit:TakeCover","floor":15,"key":"SMITH"}],"circlet_count":0,"master_deck":["hermit:Strike_Hermit","hermit:Strike_Hermit","hermit:Strike_Hermit","hermit:Strike_Hermit","hermit:Defend_Hermit","hermit:Defend_Hermit","hermit:Defend_Hermit","hermit:Defend_Hermit","hermit:Snapshot","hermit:Covet","hermit:TakeCover+1","hermit:NoHoldsBarred+1","Doubt","hermit:SprayPray","hermit:LuckOfTheDraw","hermit:Gestalt+1"],"relics":["hermit:Momento","NeowsBlessing","Orichalcum","Tiny Chest","Gremlin Horn","Omamori"],"acts_visited":["Exordium"],"potions_floor_usage":[11,12,12,12,16,16,16,16],"damage_taken":[{"damage":0.0,"enemies":"Cultist","floor":1.0,"turns":1.0},{"damage":0.0,"enemies":"Small Slimes","floor":2.0,"turns":1.0},{"damage":0.0,"enemies":"Gremlin Nob","floor":7.0,"turns":1.0},{"damage":0.0,"enemies":"2 Louse","floor":8.0,"turns":1.0},{"damage":0,"enemies":"Blue Slaver","floor":11,"turns":1},{"damage":11,"enemies":"3 Sentries","floor":12,"turns":7},{"damage":2,"enemies":"Red Slaver","floor":14,"turns":6},{"damage":26,"enemies":"The Guardian","floor":16,"turns":6}],"seed_played":"7815780118253326471","potions_obtained":[{"floor":1.0,"key":"EntropicBrew"},{"floor":2.0,"key":"AttackPotion"},{"floor":8.0,"key":"hermit:BlackBile"}],"is_trial":false,"path_per_floor":["M","M","$","?","?","R","E","M","T","$","M","E","R","M","R","B"],"character_chosen":"HERMIT","items_purchased":["hermit:NoHoldsBarred","Gremlin Horn"],"campfire_rested":0,"item_purchase_floors":[3,10],"current_hp_per_floor":[75,75,75,75,64,64,64,64,64,64,64,68,68,66,66,54,54],"gold":193,"neow_bonus":"THREE_ENEMY_KILL","is_daily":false,"chose_seed":false,"campfire_upgraded":3,"win_rate":0.0,"timestamp":1613042527,"path_taken":["M","?","$","?","?","R","E","M","T","?","M","E","R","M","R","BOSS"],"items_purchased_type":["Card","Relic"],"build_version":"2020-12-22","purchased_purges":0,"victory":false,"max_hp_per_floor":[75,75,75,75,75,75,75,75,75,75,75,75,75,75,75,75,75],"card_choices":[{"not_picked":["hermit:Cheat","hermit:Brawl","hermit:DeadMansHand"],"picked":"SKIP","floor":1.0},{"not_picked":["hermit:Feint","hermit:Dive"],"picked":"hermit:TakeCover","floor":2.0},{"not_picked":["hermit:HoleUp","hermit:DeadMansHand"],"picked":"hermit:SprayPray","floor":7.0},{"not_picked":["hermit:Feint","hermit:Ricochet","hermit:ItchyTrigger"],"picked":"SKIP","floor":8.0},{"not_picked":["hermit:ShadowCloak","hermit:GhostlyPresence"],"picked":"hermit:LuckOfTheDraw","floor":11},{"not_picked":["hermit:Virtue","hermit:Dive"],"picked":"hermit:Gestalt","floor":12},{"not_picked":["hermit:TakeCover","hermit:Grudge","hermit:Desperado"],"picked":"SKIP","floor":14}],"player_experience":75653,"relics_obtained":[{"floor":7.0,"key":"Orichalcum"},{"floor":9.0,"key":"Tiny Chest"},{"floor":12,"key":"Omamori"}],"event_choices":[{"damage_healed":0.0,"max_hp_gain":0.0,"max_hp_loss":0.0,"gold_gain":175.0,"event_name":"Liars Game","player_choice":"AGREE","floor":4.0,"gold_loss":0.0,"damage_taken":0.0,"cards_obtained":["Doubt"]},{"damage_healed":0.0,"max_hp_gain":0.0,"max_hp_loss":0.0,"gold_gain":75.0,"event_name":"World of Goop","player_choice":"Gather Gold","floor":5.0,"gold_loss":0.0,"damage_taken":11.0}],"is_beta":false,"boss_relics":[],"items_purged_floors":[],"is_endless":false,"potions_floor_spawned":[1,2,8],"killed_by":"The Guardian","ascension_level":0}}