{"host":"5rycm1ajjg5acc5q","time":1613012470,"event":{"mods":["BaseMod","Better Third Choice","Downfall","Highlight Path","Minty Spire (QoL Compilation)","Replay The Spire","StSLib"],"gold_per_floor":[99,109,109,126,136,136,136,163,163,177,452,9,38,49,65,162,162,162,172,189,189,189,189],"floor_reached":21,"language":"ENG","playtime":2243,"items_purged":[],"score":201,"play_id":"3b7ccd42-db6c-4542-a1a7-beb494abd345","local_time":"20210210210110","is_ascension_mode":true,"campfire_choices":[{"data":"bronze:Goto","floor":1,"key":"SMITH"},{"data":"bronze:AlphaBuild","floor":6,"key":"SMITH"},{"data":"bronze:ClassDefault","floor":9,"key":"SMITH"},{"data":"bronze:ItsAFeature","floor":18,"key":"SMITH"}],"circlet_count":0,"master_deck":["bronze:Strike","bronze:Strike","bronze:Strike","bronze:Defend","bronze:Defend","bronze:Defend","bronze:Defend","bronze:Replicate","bronze:Goto+1","Purity+1","bronze:WhirlingStrike","bronze:DelayedSlice","bronze:AlphaBuild+1","bronze:ClassDefault+1","bronze:Repulsor+1","Regret","bronze:Separator","bronze:Fortify","bronze:Fortify","bronze:ItsAFeature+1","bronze:Format","bronze:AlphaBuild","bronze:CutThrough","bronze:AlphaBuild","bronze:BurnOut","bronze:ClassDefault","bronze:Allocate"],"relics":["bronze:BronzeCore","Pondfish Scales","Torii","Guide Book","HornCleat","Ring of Chaos"],"acts_visited":["Exordium","TheCity"],"potions_floor_usage":[12,14,16,21,21],"damage_taken":[{"damage":1,"enemies":"2 Louse","floor":2,"turns":3},{"damage":1,"enemies":"Cultist","floor":4,"turns":3},{"damage":6,"enemies":"Jaw Worm","floor":5,"turns":2},{"damage":13,"enemies":"3 Sentries","floor":8,"turns":8},{"damage":18,"enemies":"Exordium Thugs","floor":10,"turns":3},{"damage":6,"enemies":"downfall:FleeingMerchant","floor":12,"turns":4},{"damage":14,"enemies":"Gremlin Nob","floor":13,"turns":3},{"damage":0,"enemies":"2 Fungi Beasts","floor":14,"turns":1},{"damage":0,"enemies":"3 Louse","floor":15,"turns":2},{"damage":4,"enemies":"SI_SHIV_ARCHETYPE","floor":16,"turns":8},{"damage":11,"enemies":"Shell Parasite","floor":19,"turns":4},{"damage":0,"enemies":"Spheric Guardian","floor":20,"turns":3},{"damage":61,"enemies":"downfall:Augmenter","floor":21,"turns":7}],"seed_played":"9150698929296353138","potions_obtained":[{"floor":4,"key":"Fire Potion"},{"floor":13,"key":"Energy Potion"},{"floor":15,"key":"Slimebound:ThreeZeroPotion"},{"floor":16,"key":"Weak Potion"},{"floor":19,"key":"Adrenaline Potion"}],"is_trial":false,"path_per_floor":["R","M","?","M","M","R","T","E","R","M","?","$","E","M","M","B",null,"R","M","M","?"],"character_chosen":"THE_AUTOMATON","items_purchased":["bronze:Fortify","bronze:ItsAFeature","Guide Book","bronze:Format"],"campfire_rested":0,"item_purchase_floors":[12,12,12,12],"current_hp_per_floor":[70,69,69,68,62,62,62,49,49,31,31,25,11,11,11,7,70,70,59,59,0,0,0],"gold":189,"neow_bonus":"RANDOM_COLORLESS","is_daily":false,"chose_seed":false,"campfire_upgraded":4,"win_rate":0.0,"timestamp":1613012470,"path_taken":["R","M","?","M","M","R","T","E","R","M","?","$","E","?","M","BOSS","R","M","M","?"],"items_purchased_type":["Card","Card","Relic","Card"],"build_version":"2020-12-22","purchased_purges":0,"victory":false,"max_hp_per_floor":[70,70,70,70,70,70,70,70,70,70,70,70,70,70,70,70,70,70,70,70,70,70,70],"card_choices":[{"not_picked":["Discovery","Jack Of All Trades"],"picked":"Purity","floor":0},{"not_picked":["bronze:FineTuning","bronze:Invalidate"],"picked":"bronze:WhirlingStrike","floor":2},{"not_picked":["bronze:BugBarrage","bronze:Safeguard"],"picked":"bronze:DelayedSlice","floor":4},{"not_picked":["bronze:DarkDash","bronze:Allocate"],"picked":"bronze:AlphaBuild","floor":5},{"not_picked":["bronze:Virus","bronze:Separator"],"picked":"bronze:ClassDefault","floor":8},{"not_picked":["bronze:Optimize","bronze:Branch"],"picked":"bronze:Repulsor","floor":10},{"not_picked":["bronze:BitShift","bronze:FineTuning"],"picked":"bronze:Separator","floor":12},{"not_picked":["bronze:ForceShield","bronze:Separator"],"picked":"bronze:AlphaBuild","floor":13},{"not_picked":["bronze:BitShift","bronze:OilSpill"],"picked":"bronze:CutThrough","floor":14},{"not_picked":["bronze:Overheat","bronze:Shield"],"picked":"bronze:AlphaBuild","floor":15},{"not_picked":["bronze:HyperBeam","bronze:Virus"],"picked":"bronze:BurnOut","floor":16},{"not_picked":["bronze:Safeguard","bronze:BuggyMess"],"picked":"bronze:ClassDefault","floor":19},{"not_picked":["bronze:Turbo","bronze:ForceShield"],"picked":"bronze:Allocate","floor":20}],"player_experience":470632,"relics_obtained":[{"floor":7,"key":"Pondfish Scales"},{"floor":8,"key":"Torii"},{"floor":13,"key":"HornCleat"}],"event_choices":[],"is_beta":false,"boss_relics":[{"not_picked":["Busted Crown","Runic Dome"],"picked":"Ring of Chaos"}],"items_purged_floors":[],"is_endless":false,"potions_floor_spawned":[4,13,15,16,19],"killed_by":"downfall:Augmenter","ascension_level":1}}