{"host":"BK","time":1613009319,"event":{"mods":["BaseMod","Highlight Path","Minty Spire (QoL Compilation)","StSLib"],"gold_per_floor":[117,129,149,149,217,234,234,253,253,287,307,317,329,349,349,423,423,440,457,457,98,298,298,298],"floor_reached":23,"language":"ENG","playtime":1177,"items_purged":["Decay"],"score":394,"play_id":"9efcfa23-d535-4579-baa5-0e9ccdb53504","local_time":"20210210190839","is_ascension_mode":true,"campfire_choices":[{"data":"Bash","floor":7.0,"key":"SMITH"},{"floor":15.0,"key":"REST"}],"circlet_count":0,"master_deck":["AscendersBane","Strike_R","Strike_R","Defend_R","Defend_R","Defend_R","Defend_R","Bash+1","Ghostly Armor+1","Limit Break+1","Twin Strike+1","Uppercut+1","Impervious","Heavy Blade","Spot Weakness","Double Tap","Whirlwind"],"relics":["Astrolabe","MealTicket","Velvet Choker","InkBottle"],"acts_visited":["Exordium","TheCity"],"potions_floor_usage":[],"damage_taken":[{"damage":12.0,"enemies":"Jaw Worm","floor":1.0,"turns":3.0},{"damage":2.0,"enemies":"2 Louse","floor":2.0,"turns":3.0},{"damage":0.0,"enemies":"Small Slimes","floor":3.0,"turns":4.0},{"damage":4.0,"enemies":"Exordium Thugs","floor":6.0,"turns":5.0},{"damage":3.0,"enemies":"Blue Slaver","floor":8.0,"turns":4.0},{"damage":26.0,"enemies":"Gremlin Nob","floor":10.0,"turns":5.0},{"damage":0.0,"enemies":"Exordium Wildlife","floor":11.0,"turns":3.0},{"damage":1.0,"enemies":"Looter","floor":12.0,"turns":3.0},{"damage":4.0,"enemies":"3 Louse","floor":13.0,"turns":5.0},{"damage":9.0,"enemies":"2 Fungi Beasts","floor":14.0,"turns":3.0},{"damage":21.0,"enemies":"Slime Boss","floor":16.0,"turns":10.0},{"damage":7.0,"enemies":"Chosen","floor":18.0,"turns":6.0},{"damage":25.0,"enemies":"3 Byrds","floor":19.0,"turns":6.0},{"damage":51,"enemies":"Slavers","floor":23,"turns":4}],"seed_played":"-4227871750593278089","potions_obtained":[{"floor":3.0,"key":"BloodPotion"},{"floor":6.0,"key":"Fire Potion"},{"floor":8.0,"key":"HeartOfIron"},{"floor":10.0,"key":"Ancient Potion"},{"floor":13.0,"key":"GamblersBrew"},{"floor":16.0,"key":"SpeedPotion"}],"is_trial":false,"path_per_floor":["M","M","M","?","?","M","R","M","T","E","M","M","M","M","R","B",null,"M","M","?","$","?","E"],"character_chosen":"IRONCLAD","items_purchased":["InkBottle"],"campfire_rested":1,"item_purchase_floors":[21],"current_hp_per_floor":[56,54,54,54,54,50,50,62,62,36,36,35,31,22,44,23,62,55,30,30,45,45,0,0],"gold":298,"neow_bonus":"BOSS_RELIC","is_daily":false,"chose_seed":false,"campfire_upgraded":1,"win_rate":0.0,"timestamp":1613009319,"path_taken":["M","M","M","?","?","M","R","M","T","E","M","M","M","M","R","BOSS","M","M","?","$","?","E"],"items_purchased_type":["Relic"],"build_version":"2020-12-18","purchased_purges":1,"victory":false,"max_hp_per_floor":[75,75,75,75,75,75,75,75,75,75,75,75,75,75,75,75,75,75,75,75,75,75,75,75],"card_choices":[{"not_picked":["Perfected Strike","Flex","Warcry"],"picked":"SKIP","floor":1.0},{"not_picked":["Perfected Strike","Searing Blow"],"picked":"Uppercut","floor":2.0},{"not_picked":["Flex","Iron Wave","Clothesline"],"picked":"SKIP","floor":3.0},{"not_picked":["Iron Wave","Wild Strike","Flex"],"picked":"SKIP","floor":6.0},{"not_picked":["Carnage","Flex","Searing Blow"],"picked":"SKIP","floor":8.0},{"not_picked":["Armaments","Clothesline"],"picked":"Impervious","floor":10.0},{"not_picked":["Flex","Wild Strike","Warcry"],"picked":"SKIP","floor":11.0},{"not_picked":["Anger","Power Through"],"picked":"Heavy Blade","floor":12.0},{"not_picked":["Clothesline","Headbutt","Thunderclap"],"picked":"SKIP","floor":13.0},{"not_picked":["Clothesline","Headbutt","Thunderclap"],"picked":"SKIP","floor":13.0},{"not_picked":["Iron Wave","Warcry"],"picked":"Spot Weakness","floor":14.0},{"not_picked":["Barricade","Corruption"],"picked":"Double Tap","floor":16.0},{"not_picked":["Wild Strike","Armaments+1","Heavy Blade+1"],"picked":"SKIP","floor":18.0},{"not_picked":["Rampage","Shrug It Off"],"picked":"Whirlwind","floor":19.0}],"player_experience":2556004,"relics_obtained":[{"floor":10.0,"key":"MealTicket"}],"event_choices":[{"damage_healed":0.0,"max_hp_gain":0.0,"max_hp_loss":0.0,"gold_gain":0.0,"event_name":"Living Wall","player_choice":"Grow","floor":4.0,"gold_loss":0.0,"damage_taken":0.0,"cards_upgraded":["Uppercut"]},{"damage_healed":0.0,"max_hp_gain":0.0,"max_hp_loss":0.0,"gold_gain":68.0,"event_name":"Golden Wing","player_choice":"Gained Gold","floor":5.0,"gold_loss":0.0,"damage_taken":0.0},{"damage_healed":0.0,"max_hp_gain":0.0,"max_hp_loss":0.0,"gold_gain":0.0,"event_name":"Forgotten Altar","player_choice":"Smashed Altar","floor":20.0,"gold_loss":0.0,"damage_taken":0.0,"cards_obtained":["Decay"]},{"damage_healed":0.0,"max_hp_gain":0.0,"max_hp_loss":0.0,"gold_gain":250.0,"event_name":"The Joust","player_choice":"Bet on Owner","floor":22.0,"gold_loss":50.0,"damage_taken":0.0}],"is_beta":true,"boss_relics":[{"not_picked":["Busted Crown","Tiny House"],"picked":"Velvet Choker"}],"items_purged_floors":[21],"is_endless":false,"potions_floor_spawned":[3,6,8,10,12,13,16],"killed_by":"Slavers","ascension_level":20}}