{"host":"rolltorest","time":1613018774,"event":{"mods":["BaseMod","Minty Spire (QoL Compilation)","Relic Stats","Slay the Relics Exporter","StSLib"],"gold_per_floor":[115,115,133,143,159,187,187,187,214,253,265,21,51,69,69,146,146,166,166,166],"floor_reached":19,"language":"ENG","playtime":651,"items_purged":["Strike_R"],"score":424,"play_id":"054d7e06-ba20-4ea6-8f55-989cb03ab27d","local_time":"20210210204614","is_ascension_mode":true,"campfire_choices":[{"data":"Fire Breathing","floor":7,"key":"SMITH"},{"data":"Clothesline","floor":11,"key":"SMITH"},{"data":"Uppercut","floor":15,"key":"SMITH"}],"circlet_count":0,"master_deck":["AscendersBane","Defend_R","Defend_R","Defend_R","Bash","Double Tap+1","Metallicize+1","Combust+1","Power Through","Clothesline+1","Pommel Strike","Battle Trance","Fire Breathing+1","Reaper","Uppercut+1","Metallicize","Dark Embrace","Shrug It Off","Demon Form","Dual Wield"],"relics":["Astrolabe","Potion Belt","MawBank","Pen Nib","Oddly Smooth Stone","Cursed Key"],"acts_visited":["Exordium","TheCity"],"potions_floor_usage":[10,10,14,19],"damage_taken":[{"damage":3,"enemies":"Jaw Worm","floor":1,"turns":6},{"damage":3,"enemies":"Cultist","floor":3,"turns":4},{"damage":0,"enemies":"Small Slimes","floor":4,"turns":4},{"damage":5,"enemies":"3 Louse","floor":5,"turns":3},{"damage":22,"enemies":"Lagavulin","floor":6,"turns":6},{"damage":0,"enemies":"Gremlin Nob","floor":10,"turns":3},{"damage":14,"enemies":"Lagavulin","floor":13,"turns":8},{"damage":1,"enemies":"Red Slaver","floor":14,"turns":3},{"damage":29,"enemies":"The Guardian","floor":16,"turns":12},{"damage":9,"enemies":"Shell Parasite","floor":18,"turns":8},{"damage":60,"enemies":"Masked Bandits","floor":19,"turns":4}],"seed_played":"-4579279170391076671","potions_obtained":[{"floor":4,"key":"SteroidPotion"},{"floor":5,"key":"SteroidPotion"},{"floor":6,"key":"Explosive Potion"},{"floor":10,"key":"ElixirPotion"}],"is_trial":false,"path_per_floor":["M","?","M","M","M","E","R","?","T","E","R","$","E","M","R","B",null,"M","?"],"character_chosen":"IRONCLAD","items_purchased":["Uppercut","Metallicize","Fire Potion"],"campfire_rested":0,"item_purchase_floors":[12,12,12],"current_hp_per_floor":[65,65,62,62,57,35,35,35,35,35,35,35,21,24,24,3,57,60,0,0],"gold":166,"neow_bonus":"BOSS_RELIC","is_daily":false,"chose_seed":false,"campfire_upgraded":3,"win_rate":0.0,"timestamp":1613018774,"path_taken":["M","?","M","M","?","E","R","?","T","E","R","$","E","M","R","BOSS","M","?"],"items_purchased_type":["Card","Card","Potion"],"build_version":"2020-12-18","purchased_purges":1,"victory":false,"max_hp_per_floor":[75,75,75,75,75,75,75,75,75,75,75,75,75,75,75,75,75,75,75,75],"relic_stats":{"counters":[11,61],"Astrolabe":["Double Tap","Metallicize","Combust"],"Pen Nib":[3],"MawBank":36,"Cursed Key":0,"obtain_stats":[{"Potion Belt":6,"Astrolabe":0,"Oddly Smooth Stone":13,"Pen Nib":10,"MawBank":9,"Cursed Key":17,"Burning Blood":0},{"Potion Belt":5,"Astrolabe":0,"Oddly Smooth Stone":7,"Pen Nib":6,"MawBank":5,"Cursed Key":9,"Burning Blood":0},{"Potion Belt":23,"Astrolabe":0,"Oddly Smooth Stone":34,"Pen Nib":26,"MawBank":23,"Cursed Key":49,"Burning Blood":0}]},"card_choices":[{"not_picked":["Iron Wave","Flex"],"picked":"Power Through","floor":1},{"not_picked":["Sword Boomerang","Perfected Strike"],"picked":"Clothesline","floor":3},{"not_picked":["Clash","Body Slam"],"picked":"Pommel Strike","floor":4},{"not_picked":["Cleave","Clash"],"picked":"Battle Trance","floor":5},{"not_picked":["Headbutt","Reckless Charge"],"picked":"Fire Breathing","floor":6},{"not_picked":["Headbutt","Flex"],"picked":"Reaper","floor":10},{"not_picked":["Body Slam","Wild Strike"],"picked":"Dark Embrace","floor":13},{"not_picked":["Wild Strike","Clash"],"picked":"Shrug It Off","floor":14},{"not_picked":["Brutality","Double Tap"],"picked":"Demon Form","floor":16},{"not_picked":["Clash","Flex"],"picked":"Dual Wield","floor":18}],"player_experience":1945213,"relics_obtained":[{"floor":6,"key":"Potion Belt"},{"floor":9,"key":"MawBank"},{"floor":10,"key":"Pen Nib"},{"floor":13,"key":"Oddly Smooth Stone"}],"event_choices":[{"cards_removed":["Defend_R"],"damage_healed":0,"gold_gain":0,"player_choice":"Offered Basic","damage_taken":0,"max_hp_gain":0,"max_hp_loss":0,"event_name":"Bonfire Elementals","floor":2,"gold_loss":0},{"cards_removed":["Strike_R"],"damage_healed":0,"gold_gain":0,"player_choice":"Purged","damage_taken":0,"max_hp_gain":0,"max_hp_loss":0,"event_name":"Purifier","floor":8,"gold_loss":0},{"damage_healed":0,"gold_gain":0,"player_choice":"Fought Bandits","damage_taken":0,"max_hp_gain":0,"max_hp_loss":0,"event_name":"Masked Bandits","floor":19,"gold_loss":0}],"is_beta":true,"boss_relics":[{"not_picked":["Philosopher\u0027s Stone","Mark of Pain"],"picked":"Cursed Key"}],"items_purged_floors":[12],"is_endless":false,"potions_floor_spawned":[4,5,6,10],"killed_by":"Masked Bandits","ascension_level":20}}