{"host":"92ge7uk92o4z80va","time":1613004003,"event":{"mods":["AchievementEnabler","Act Like it!","Aspiration","BaseMod","Beaked The Cultist","Better Third Choice","BetterRewards","Conspire","Curses Come First","Hermit","Hubris","Infinite Spire","Koishi","Lobotomy","LobotomyExtend","Marisa????????","Minty Spire (QoL Compilation)","Quick Restart","Reliquary","Replay The Spire","Spire Arcade","StSLib","The Blue Laboratory","The Bug Knight","The Runesmith","The Saiyan"],"gold_per_floor":[117,132,132,150,150,178,178,193,313,340,350,350,350,368,368,466,566,585,601,601],"floor_reached":19,"language":"ENG","playtime":1091,"items_purged":[],"score":181,"play_id":"36e1eec8-e951-49ae-baba-373d3bef4d77","local_time":"20210210194003","is_ascension_mode":false,"campfire_choices":[{"floor":7.0,"key":"REST"},{"floor":12.0,"key":"REST"},{"floor":15.0,"key":"REST"}],"circlet_count":0,"master_deck":["Runesmith:Strike_RS","Runesmith:Strike_RS","Runesmith:Strike_RS","Runesmith:Strike_RS","Runesmith:Defend_RS","Runesmith:Defend_RS","Runesmith:Defend_RS","Runesmith:Defend_RS","Runesmith:CraftFirestone","Runesmith:Fortify","Runesmith:WhiteBalance","Runesmith:PerfectChisel+1","Runesmith:CraftObretio+1","Runesmith:BackupBattery+2","Runesmith:Reinforce","Runesmith:FrozenChisel","Runesmith:Refine","Runesmith:Superposition","Runesmith:HammerThrow","Runesmith:ArcReactor","Runesmith:Permafrost","Runesmith:FieryHammer"],"relics":["Runesmith:BrokenRuby","hubris:BundleOfHerbs","infinitespire:BottledMercury","Sling","LetterFromLob","Moonlight_r","reliquary:PartyBalloon","hubris:MobiusCoin","Peace Pipe","Replay:Wanted Poster"],"acts_visited":["Exordium","TheCity"],"potions_floor_usage":[],"damage_taken":[{"damage":4.0,"enemies":"Cultist","floor":1.0,"turns":4.0},{"damage":3.0,"enemies":"Jaw Worm","floor":2.0,"turns":4.0},{"damage":12.0,"enemies":"2 Louse","floor":4.0,"turns":3.0},{"damage":25.0,"enemies":"Gremlin Nob","floor":6.0,"turns":4.0},{"damage":0.0,"enemies":"Red Slaver","floor":8.0,"turns":1.0},{"damage":22.0,"enemies":"Lagavulin","floor":10.0,"turns":6.0},{"damage":6.0,"enemies":"2 Fungi Beasts","floor":11.0,"turns":4.0},{"damage":0.0,"enemies":"Blue Slaver","floor":14.0,"turns":2.0},{"damage":8.0,"enemies":"Hexaghost","floor":16.0,"turns":10.0},{"damage":5.0,"enemies":"3 Byrds","floor":18.0,"turns":6.0},{"damage":4.0,"enemies":"conspire:FuzzyDice","floor":19.0,"turns":4.0}],"seed_played":"6560576708107749833","potions_obtained":[{"floor":2.0,"key":"Explosive Potion"},{"floor":6.0,"key":"blueLaboratory:FruitPunch"},{"floor":11.0,"key":"blueLaboratory:HorrorPotion"},{"floor":14.0,"key":"Languid Potion"},{"floor":18.0,"key":"blueLaboratory:ArtificerPotion"}],"is_trial":false,"path_per_floor":["M","M","M","M","?","E","R","M","T","E","M","R","?","M","R","B",null,"M","M"],"character_chosen":"RUNESMITH_CLASS","items_purchased":["Runesmith:WhiteBalance","Runesmith:PerfectChisel","infinitespire:BottledMercury","Sling"],"campfire_rested":3,"item_purchase_floors":[0,0,0,0],"current_hp_per_floor":[34,31,28,16,16,6,27,27,27,7,1,22,22,22,43,35,72,67,63,63],"gold":601,"neow_bonus":"","is_daily":false,"chose_seed":false,"campfire_upgraded":0,"win_rate":0.0,"timestamp":1613004003,"path_taken":["M","M","M","M","?","E","R","M","T","E","?","R","?","M","R","BOSS","M","M"],"items_purchased_type":["Card","Card","Relic","Relic"],"build_version":"2020-12-22","purchased_purges":0,"victory":false,"max_hp_per_floor":[70,70,70,70,70,70,70,70,70,72,72,72,72,72,72,72,72,72,72,72],"card_choices":[{"not_picked":["Runesmith:ShiftingStrike","Runesmith:EarthShield"],"picked":"Runesmith:HeatExchange","floor":1.0},{"not_picked":["Runesmith:EarthShield","Runesmith:MakeshiftArmor"],"picked":"Runesmith:CraftObretio","floor":2.0},{"not_picked":["Runesmith:HammerTime","Runesmith:Discharge"],"picked":"Runesmith:BackupBattery","floor":4.0},{"not_picked":["Runesmith:Prism","Runesmith:DoubleUp"],"picked":"Runesmith:Reinforce","floor":6.0},{"not_picked":["Runesmith:ShiftingStrike","Runesmith:Malloc"],"picked":"Runesmith:FrozenChisel","floor":8.0},{"not_picked":["Runesmith:RuneHurl","Runesmith:HammerTime"],"picked":"Runesmith:Refine","floor":10.0},{"not_picked":["Runesmith:Retool","Runesmith:HeatExchange"],"picked":"Runesmith:Superposition","floor":11.0},{"not_picked":["Runesmith:NanitesCloud","Runesmith:BackupBattery"],"picked":"Runesmith:HammerThrow","floor":14.0},{"not_picked":["Runesmith:UnlimitedPower","Runesmith:ReplicatingBarrier"],"picked":"Runesmith:ArcReactor","floor":16.0},{"not_picked":["Runesmith:ChiselStab","Runesmith:ShiftingStrike"],"picked":"Runesmith:Permafrost","floor":18.0},{"not_picked":["Runesmith:NanitesCloud+1","Runesmith:Repurpose+1"],"picked":"Runesmith:FieryHammer","floor":19}],"player_experience":57807,"relics_obtained":[{"floor":1.0,"key":"LetterFromLob"},{"floor":6.0,"key":"reliquary:PartyBalloon"},{"floor":9.0,"key":"hubris:MobiusCoin"},{"floor":10.0,"key":"Peace Pipe"}],"event_choices":[{"damage_healed":0.0,"max_hp_gain":0.0,"max_hp_loss":0.0,"gold_gain":0.0,"event_name":"Upgrade Shrine","player_choice":"Upgraded","floor":5.0,"gold_loss":0.0,"damage_taken":0.0,"cards_upgraded":["Runesmith:BackupBattery"]},{"damage_healed":0.0,"max_hp_gain":0.0,"max_hp_loss":0.0,"gold_gain":0.0,"event_name":"Accursed Blacksmith","player_choice":"Forge","floor":13.0,"gold_loss":0.0,"damage_taken":0.0,"cards_upgraded":["Runesmith:BackupBattery"]}],"is_beta":false,"boss_relics":[{"not_picked":["hubris:RunicObelisk","Coffee Dripper"],"picked":"Replay:Wanted Poster"}],"items_purged_floors":[],"is_endless":false,"potions_floor_spawned":[2,6,11,14,18],"killed_by":"conspire:FuzzyDice","ascension_level":0}}