{"host":"lehbxtjrpalkmwwj","time":1613057901,"event":{"mods":["ATMod(°¢èªMod)","Aspiration","BaseMod","Challenge The Spire","Colored Map","Colored Powertips","Conspire","Dota2Spire","Energized Spire","Hunter ÁÔÈË","Minty Spire (QoL Compilation)","Quick Restart","Relic Stats","Reliquary","Replay The Spire","Spicy Shops","StSLib","TestMod","The Cursed","The IronCluck","The Poker Player","Waifu the Spire","Wide Potions","[IsaacMod]ÒÔÈö¼âËþ","¡¾ÒÅÎï¿¨ÅÆ¡¿REMEMod","É³µñ²ÄÖÊ°ümod","óô»ðÖ¸ÄÏ"],"gold_per_floor":[117,135,153,170,93,128,8,58,85,160,188,207,235,252,252,348,298,308,323,5,19,69,95,114,126,151,151,176,186,220,234,234,335,335,354,52,62,62,78,104,104,135,209,242,252,270,305,324,72,72,72,72,163,91,91],"floor_reached":56,"language":"ZHS","playtime":2621,"items_purged":[],"score":1925,"play_id":"93af99a9-804e-4e74-95ef-016f0b3d00f5","local_time":"20210211233821","is_ascension_mode":true,"campfire_choices":[{"floor":15.0,"key":"RECALL"},{"floor":27.0,"key":"REST"},{"data":"REME_Whirling","floor":32.0,"key":"SMITH"},{"data":"Buffer","floor":52,"key":"SMITH"}],"circlet_count":0,"master_deck":["Strike_B","Strike_B","Strike_B","Strike_B","Defend_B","Defend_B","Defend_B","Defend_B","Zap","Dualcast","EpicFetus","AT_FamilyPortrait","Electrodynamics","Sunder","REME_Whirling+1","Buffer+1","Double Energy","AT_DarkMatter+1","Static Discharge+1","Steam+1","Conserve Battery+1","Tempest+1","ReplayTheSpireMod:Omega Cannon+1","Strike_B","Fusion+1","ReplayTheSpireMod:GoodbyeWorld+1","Turbo+1","Coolheaded+1","Coolheaded+1","AT_HeatAcrobatics+1","Time Bomb+1","AT_HeatAcrobatics+1","Stack+1","Conserve Battery+1","Multi-Cast+1","Steam+1","Rainbow+1","Stack+1","Stack+1","Madness+1","Madness+1","ReplayTheSpireMod:Dual Polarity+1","Barrage+1","REME_ProfessionalPlagiarism+1","Trip+1","Replay:Bootleg Shield Generator+1","Time Bomb+1","Conserve Battery+1","Aggregate+1","Hello World+1","Hello World+1","Seek+1","Rainbow+1","ReplayTheSpireMod:IOU","ReplayTheSpireMod:IOU","ReplayTheSpireMod:IOU","ReplayTheSpireMod:IOU","ReplayTheSpireMod:IOU","ReplayTheSpireMod:IOU","ReplayTheSpireMod:IOU","ReplayTheSpireMod:IOU","Defragment+1"],"relics":["Cracked Core","HushsDoor","AT_ATBox","testmod-TestBox","REME_ComplimentaryCards","SteamSale","testmod-CardMagician","NeowsBlessing","Geode","Onion Ring","Toxic Egg 2","PreservedInsect","aspiration:HummingbirdHeart","aspiration:ChemicalBlood","energizedSpire:HugeHouse","GuppysHead","ClockworkSouvenir","ReplayTheSpireMod:Lightbulb","FossilizedHelix","Dota2Spire:CrimsonGuard","reliquary:Buckler","reliquary:SilkGlove","Omamori","AT_SeraphEmbrace","REME_DuelDisc","reliquary:Knoch","reliquary:BrokenClock","AT_BellowingDragoncrestRing","Nunchaku","Ancient Tea Set","reliquary:PorcupineQuills","conspire:BottledYoYo","aspiration:AnachronicSnailShell","Dota2Spire:MaskOfMadness","Replay:Wax Seal","Chaos","reliquary:RoseTintedGlasses","testmod-LifeArmor","DollysMirror","conspire:IceCreamScoop","reliquary:SharkskinSheath","Garlic","testmod-ArcanaOfDestiny","Dota2Spire:Bloodstone","TheBible"],"acts_visited":["Exordium","TheCity","TheBeyond","TheEnding"],"potions_floor_usage":[46,50,55,55],"damage_taken":[{"damage":0.0,"enemies":"Cultist","floor":1.0,"turns":1.0},{"damage":0.0,"enemies":"Small Slimes","floor":2.0,"turns":1.0},{"damage":0.0,"enemies":"2 Louse","floor":3.0,"turns":1.0},{"damage":0.0,"enemies":"Lots of Slimes","floor":4.0,"turns":1.0},{"damage":20.0,"enemies":"3 Sentries","floor":6.0,"turns":3.0},{"damage":12.0,"enemies":"Gremlin Gang","floor":8.0,"turns":3.0},{"damage":0.0,"enemies":"Lagavulin","floor":11.0,"turns":4.0},{"damage":0.0,"enemies":"Blue Slaver","floor":12.0,"turns":3.0},{"damage":23.0,"enemies":"Gremlin Nob","floor":13.0,"turns":3.0},{"damage":0.0,"enemies":"2 Fungi Beasts","floor":14.0,"turns":3.0},{"damage":0.0,"enemies":"Slime Boss","floor":16.0,"turns":5.0},{"damage":6.0,"enemies":"Chosen","floor":18.0,"turns":2.0},{"damage":0.0,"enemies":"Shell Parasite","floor":19.0,"turns":5.0},{"damage":0.0,"enemies":"Snecko","floor":21.0,"turns":3.0},{"damage":0.0,"enemies":"Hiden Room Battle","floor":22.0,"turns":3.0},{"damage":0.0,"enemies":"Slavers","floor":23.0,"turns":1.0},{"damage":5.0,"enemies":"Centurion and Healer","floor":24.0,"turns":2.0},{"damage":0.0,"enemies":"3 Cultists","floor":25.0,"turns":2.0},{"damage":0.0,"enemies":"Gremlin Leader","floor":28.0,"turns":3.0},{"damage":0.0,"enemies":"Chosen and Byrds","floor":29.0,"turns":4.0},{"damage":0.0,"enemies":"Slavers","floor":30.0,"turns":3.0},{"damage":0.0,"enemies":"Sentry and Sphere","floor":31.0,"turns":2.0},{"damage":12.0,"enemies":"Automaton","floor":33.0,"turns":5.0},{"damage":0.0,"enemies":"3 Shapes","floor":35.0,"turns":5.0},{"damage":0.0,"enemies":"3 Darklings","floor":37.0,"turns":3.0},{"damage":0.0,"enemies":"Writhing Mass","floor":39.0,"turns":8.0},{"damage":0.0,"enemies":"Reptomancer","floor":40.0,"turns":4.0},{"damage":0.0,"enemies":"R_Hoarder","floor":42.0,"turns":7.0},{"damage":0,"enemies":"Reptomancer","floor":44,"turns":3},{"damage":0,"enemies":"Maw","floor":45,"turns":7},{"damage":0,"enemies":"4 Shapes","floor":46,"turns":1},{"damage":8,"enemies":"Nemesis","floor":47,"turns":3},{"damage":0,"enemies":"3 Darklings","floor":48,"turns":5},{"damage":2,"enemies":"Replay:Hell Engine","floor":50,"turns":9},{"damage":0,"enemies":"Shield and Spear","floor":54,"turns":2},{"damage":26,"enemies":"The Heart","floor":55,"turns":10}],"seed_played":"-8051387783164152739","potions_obtained":[{"floor":3.0,"key":"SteroidPotion"},{"floor":6.0,"key":"REME_GoldPotion"},{"floor":12.0,"key":"LiquidBronze"},{"floor":13.0,"key":"DistilledChaos"},{"floor":19.0,"key":"AttackPotion"},{"floor":21.0,"key":"Fire Potion"},{"floor":24.0,"key":"REME_GoldPotion"},{"floor":25.0,"key":"testmod-EscapePotion"},{"floor":31.0,"key":"Adrenaline Potion"},{"floor":33.0,"key":"Languid Potion"},{"floor":39.0,"key":"PowerPotion"},{"floor":42.0,"key":"BlessingOfTheForge"},{"floor":44,"key":"Explosive Potion"}],"is_trial":false,"path_per_floor":["M","M","M","M","$","E","$","M","T","?","E","M","E","M","R","B",null,"M","M","$","M","?","E","M","M","T","R","E","M","E","M","R","B",null,"M","$","M","?","M","E","?","E","T","E","M","M","E","M","R_BF","B",null,"R","$","E","B",null],"character_chosen":"DEFECT","items_purchased":["Geode","Toxic Egg 2","GuppysHead","ClockworkSouvenir","ReplayTheSpireMod:Lightbulb","FossilizedHelix","reliquary:Knoch","reliquary:BrokenClock","AT_BellowingDragoncrestRing","Nunchaku","Replay:Wax Seal","Chaos","reliquary:RoseTintedGlasses","testmod-LifeArmor","DollysMirror","conspire:IceCreamScoop","reliquary:SharkskinSheath","Garlic","testmod-ArcanaOfDestiny","Dota2Spire:Bloodstone"],"campfire_rested":1,"item_purchase_floors":[5,7,17,20,20,20,36,36,36,36,49,49,49,49,49,53,53,53,53,53],"current_hp_per_floor":[75,75,75,75,75,55,55,43,43,32,32,32,9,9,9,9,47,41,41,41,41,26,26,21,21,21,39,39,39,39,39,39,27,52,52,52,52,44,44,44,34,34,34,34,54,54,46,46,46,44,56,56,56,56,32],"gold":91,"neow_bonus":"THREE_ENEMY_KILL","is_daily":false,"chose_seed":false,"campfire_upgraded":2,"win_rate":0.0,"timestamp":1613057901,"path_taken":["M","M","M","M","$","E","?","?","T","?","E","M","E","M","R","BOSS","M","M","$","M","?","E","M","M","T","R","E","M","E","M","R","BOSS","M","$","M","?","M","E","?","E","T","E","M","M","E","M","R_BF","BOSS","R","$","E","BOSS"],"items_purchased_type":["Relic","Relic","Relic","Relic","Relic","Relic","Relic","Relic","Relic","Relic","Relic","Card","Relic","Relic","Relic","Relic","Relic","Relic","Relic","Relic"],"build_version":"2020-12-22","purchased_purges":0,"victory":true,"max_hp_per_floor":[75,75,75,75,75,75,75,75,75,75,75,75,75,75,75,75,60,60,60,60,60,60,60,60,60,60,60,60,60,60,60,60,60,60,60,60,60,60,60,60,60,60,60,60,60,60,60,60,60,60,60,60,60,60,60],"relic_stats":{"Nunchaku":[11],"counters":[36,130],"PreservedInsect":481,"obtain_stats":[{"AT_SeraphEmbrace":48,"Chaos":49,"Dota2Spire:MaskOfMadness":47,"AT_ATBox":0,"reliquary:SilkGlove":23,"REME_DuelDisc":34,"testmod-LifeArmor":49,"AT_ArchangelStaff":30,"Ancient Tea Set":40,"ClockworkSouvenir":20,"Nunchaku":36,"Dota2Spire:CrimsonGuard":22,"DollysMirror":49,"aspiration:AnachronicSnailShell":44,"reliquary:Buckler":22,"reliquary:RoseTintedGlasses":49,"energizedSpire:HugeHouse":17,"Toxic Egg 2":7,"Replay:Wax Seal":49,"Cracked Core":0,"testmod-ArcanaOfDestiny":53,"aspiration:ChemicalBlood":13,"reliquary:SharkskinSheath":53,"KeepersGift":0,"testmod-TestBox":0,"NeowsBlessing":0,"testmod-CardMagician":0,"PreservedInsect":9,"Dota2Spire:Bloodstone":53,"Geode":5,"aspiration:HummingbirdHeart":11,"Omamori":28,"SteamSale":0,"AT_BellowingDragoncrestRing":36,"reliquary:PorcupineQuills":42,"TheBible":54,"Onion Ring":6,"reliquary:BrokenClock":36,"conspire:BottledYoYo":43,"Garlic":53,"GuppysHead":17,"reliquary:Knoch":36,"HushsDoor":0,"ReplayTheSpireMod:Lightbulb":20,"FossilizedHelix":20,"conspire:IceCreamScoop":53,"REME_ComplimentaryCards":0},{"AT_SeraphEmbrace":33,"Chaos":33,"Dota2Spire:MaskOfMadness":32,"AT_ATBox":0,"reliquary:SilkGlove":16,"REME_DuelDisc":23,"testmod-LifeArmor":33,"AT_ArchangelStaff":21,"Ancient Tea Set":27,"ClockworkSouvenir":13,"Nunchaku":24,"Dota2Spire:CrimsonGuard":15,"DollysMirror":33,"aspiration:AnachronicSnailShell":29,"reliquary:Buckler":15,"reliquary:RoseTintedGlasses":33,"energizedSpire:HugeHouse":11,"Toxic Egg 2":5,"Replay:Wax Seal":33,"Cracked Core":0,"testmod-ArcanaOfDestiny":34,"aspiration:ChemicalBlood":9,"reliquary:SharkskinSheath":34,"KeepersGift":0,"testmod-TestBox":0,"NeowsBlessing":0,"testmod-CardMagician":0,"PreservedInsect":6,"Dota2Spire:Bloodstone":34,"Geode":4,"aspiration:HummingbirdHeart":7,"Omamori":19,"SteamSale":0,"AT_BellowingDragoncrestRing":24,"reliquary:PorcupineQuills":28,"TheBible":35,"Onion Ring":5,"reliquary:BrokenClock":24,"conspire:BottledYoYo":28,"Garlic":34,"GuppysHead":11,"reliquary:Knoch":24,"HushsDoor":0,"ReplayTheSpireMod:Lightbulb":13,"FossilizedHelix":13,"conspire:IceCreamScoop":34,"REME_ComplimentaryCards":0},{"AT_SeraphEmbrace":106,"Chaos":109,"Dota2Spire:MaskOfMadness":104,"AT_ATBox":0,"reliquary:SilkGlove":42,"REME_DuelDisc":63,"testmod-LifeArmor":109,"AT_ArchangelStaff":56,"Ancient Tea Set":83,"ClockworkSouvenir":35,"Nunchaku":68,"Dota2Spire:CrimsonGuard":41,"DollysMirror":109,"aspiration:AnachronicSnailShell":93,"reliquary:Buckler":41,"reliquary:RoseTintedGlasses":109,"energizedSpire:HugeHouse":28,"Toxic Egg 2":7,"Replay:Wax Seal":109,"Cracked Core":0,"testmod-ArcanaOfDestiny":118,"aspiration:ChemicalBlood":20,"reliquary:SharkskinSheath":118,"KeepersGift":0,"testmod-TestBox":0,"NeowsBlessing":0,"testmod-CardMagician":0,"PreservedInsect":10,"Dota2Spire:Bloodstone":118,"Geode":4,"aspiration:HummingbirdHeart":14,"Omamori":49,"SteamSale":0,"AT_BellowingDragoncrestRing":68,"reliquary:PorcupineQuills":90,"TheBible":120,"Onion Ring":7,"reliquary:BrokenClock":68,"conspire:BottledYoYo":90,"Garlic":118,"GuppysHead":28,"reliquary:Knoch":68,"HushsDoor":0,"ReplayTheSpireMod:Lightbulb":35,"FossilizedHelix":35,"conspire:IceCreamScoop":118,"REME_ComplimentaryCards":0}]},"card_choices":[{"not_picked":[],"picked":"EpicFetus","floor":0.0},{"not_picked":["REME_SelfUpgrade","Doom and Gloom"],"picked":"Capacitor","floor":1.0},{"not_picked":["ReplaySort","ReplayGash"],"picked":"Sunder","floor":2.0},{"not_picked":["Turbo","AT_HeatAcrobatics"],"picked":"REME_Whirling","floor":3.0},{"not_picked":["Turbo","Bomb"],"picked":"Buffer","floor":4.0},{"not_picked":["AT_HeatAcrobatics","Barrage"],"picked":"Double Energy","floor":6.0},{"not_picked":["Stack+1","ReplayTheSpireMod:GoodbyeWorld"],"picked":"AT_DarkMatter+1","floor":8.0},{"not_picked":["Panic Button+1","Gash"],"picked":"Static Discharge","floor":11.0},{"not_picked":["Go for the Eyes","Barrage"],"picked":"Steam+1","floor":12.0},{"not_picked":["BasicCrystalCard+1","ReplayGash"],"picked":"Conserve Battery+1","floor":13.0},{"not_picked":["AT_WarpDrive+1","BasicCrystalCard+1"],"picked":"Tempest+1","floor":14.0},{"not_picked":["Thunder Strike","All For One"],"picked":"ReplayTheSpireMod:Omega Cannon","floor":16.0},{"not_picked":["Go for the Eyes","Sweeping Beam"],"picked":"ReplayTheSpireMod:GoodbyeWorld+1","floor":18.0},{"not_picked":["Heatsinks","Streamline"],"picked":"Turbo+1","floor":19.0},{"not_picked":["Hologram+1","Panic Button+1"],"picked":"Coolheaded+1","floor":21.0},{"not_picked":["Compile Driver+1","Sweeping Beam+1"],"picked":"Coolheaded+1","floor":22.0},{"not_picked":["Turbo+1","Sweeping Beam"],"picked":"AT_HeatAcrobatics+1","floor":23.0},{"not_picked":["REME_DataAnalysis","Leap+1"],"picked":"Time Bomb+1","floor":24.0},{"not_picked":["Stack+1","Sweeping Beam+1"],"picked":"AT_HeatAcrobatics+1","floor":25.0},{"not_picked":["Auto Shields+1","REME_Compress+1"],"picked":"Stack+1","floor":28.0},{"not_picked":["Steam Power+1","Barrage"],"picked":"Conserve Battery+1","floor":29.0},{"not_picked":["AT_ThreeBodyProblem","Ball Lightning"],"picked":"Multi-Cast+1","floor":30.0},{"not_picked":["Panic Button+1","Rip and Tear"],"picked":"Steam+1","floor":31.0},{"not_picked":["Buffer","Echo Form"],"picked":"Rainbow+1","floor":33.0},{"not_picked":["Go for the Eyes+1","Cold Snap"],"picked":"Stack+1","floor":35.0},{"not_picked":["Reprogram+1","conspire:SharedLibrary"],"picked":"Stack+1","floor":37.0},{"not_picked":["Go for the Eyes","Hologram+1"],"picked":"ReplayTheSpireMod:Dual Polarity+1","floor":39.0},{"not_picked":["Heatsinks","ReplayTheSpireMod:System Scan+1"],"picked":"Barrage+1","floor":40.0},{"not_picked":["testmod-LimitFlipper+1","testmod-Reverberation"],"picked":"REME_ProfessionalPlagiarism+1","floor":41.0},{"not_picked":["testmod-BackupPower+1","Good Instincts+1"],"picked":"Trip+1","floor":41.0},{"not_picked":["PanicButton+1","BloodyBrimstone"],"picked":"Replay:Bootleg Shield Generator+1","floor":41.0},{"not_picked":["Hologram+1","REME_DataAnalysis"],"picked":"Time Bomb+1","floor":42.0},{"not_picked":["Stack+1","Panic Button+1"],"picked":"Conserve Battery+1","floor":44},{"not_picked":["Streamline+1","Cold Snap"],"picked":"Aggregate+1","floor":45},{"not_picked":["Heatsinks","Compile Driver"],"picked":"Hello World+1","floor":46},{"not_picked":["Double Energy+1","Hologram+1"],"picked":"Hello World+1","floor":47},{"not_picked":["Fan+1","Beam Cell"],"picked":"Seek+1","floor":48},{"not_picked":["Pulse+1","Conserve Battery+1"],"picked":"Defragment+1","floor":54}],"player_experience":167066,"relics_obtained":[{"floor":6.0,"key":"Onion Ring"},{"floor":9.0,"key":"PreservedInsect"},{"floor":11.0,"key":"aspiration:HummingbirdHeart"},{"floor":13.0,"key":"aspiration:ChemicalBlood"},{"floor":22.0,"key":"Dota2Spire:CrimsonGuard"},{"floor":22.0,"key":"reliquary:Buckler"},{"floor":23.0,"key":"reliquary:SilkGlove"},{"floor":28.0,"key":"Omamori"},{"floor":30.0,"key":"AT_ArchangelStaff"},{"floor":40.0,"key":"Ancient Tea Set"},{"floor":42.0,"key":"reliquary:PorcupineQuills"},{"floor":43.0,"key":"conspire:BottledYoYo"},{"floor":44,"key":"aspiration:AnachronicSnailShell"},{"floor":47,"key":"Dota2Spire:MaskOfMadness"},{"floor":54,"key":"TheBible"}],"event_choices":[{"damage_healed":0.0,"max_hp_gain":0.0,"max_hp_loss":0.0,"gold_gain":75.0,"event_name":"World of Goop","player_choice":"Gather Gold","floor":10.0,"gold_loss":0.0,"damage_taken":11.0},{"damage_healed":0.0,"max_hp_gain":0.0,"max_hp_loss":0.0,"gold_gain":0.0,"event_name":"HidenRoomEvent","player_choice":"Fight","floor":22.0,"gold_loss":0.0,"damage_taken":0.0},{"damage_healed":0.0,"max_hp_gain":0.0,"max_hp_loss":0.0,"gold_gain":0.0,"event_name":"Winding Halls","player_choice":"Embrace Madness","floor":38.0,"gold_loss":0.0,"damage_taken":8.0,"cards_obtained":["Madness","Madness"]},{"damage_healed":0.0,"max_hp_gain":0.0,"max_hp_loss":0.0,"gold_gain":0.0,"event_name":"SensoryStone","player_choice":"Memory 3","floor":41.0,"gold_loss":0.0,"damage_taken":10.0}],"is_beta":false,"boss_relics":[{"not_picked":["energizedSpire:CursedPentagram","aspiration:SilentSkillbook"],"picked":"energizedSpire:HugeHouse"},{"not_picked":[]},{"not_picked":["energizedSpire:UnstableMolecules","testmod-KeyOfTheVoid"],"picked":"REME_DuelDisc"},{"not_picked":[]}],"items_purged_floors":[],"is_endless":false,"potions_floor_spawned":[3,4,6,12,13,19,21,24,25,31,33,35,42,44,45,48],"ascension_level":5}}