{"host":"74dg6ta44i9qan6e","time":1613063736,"event":{"mods":["Act Like it!","BaseMod","Clawfect","Downfall","Hubris","Infinite Spire","Marisa????????","Minty Spire (QoL Compilation)","Reimu??????","Relic Stats","Replay The Spire","StSLib","The Bug Knight","The Cursed","The Forsaken","The Hayseed","The Hierophant","The Juggle","The Runesmith","The Servant 0.9.4","The Witch","TheBandit","Waifu the Spire"],"gold_per_floor":[116,133,133,133,148,148,168,168,168,168,194,194,224,235,235,332,332,349,349,349,349,362,362,1,35,35,47,152,152,171,186,186,289,289,299,299,309,309,327,327,358,358,381,416,416,416,434,454,454,454],"floor_reached":51,"language":"ENG","playtime":2344,"items_purged":["downfall:Icky","downfall:Aged"],"score":743,"play_id":"f0f0274e-836b-4ff6-91d2-db9b531b25ba","local_time":"20210211121536","is_ascension_mode":true,"campfire_choices":[{"data":"Exchange","floor":6,"key":"SMITH"},{"data":"GearUp","floor":12,"key":"SMITH"},{"floor":15,"key":"REST"},{"floor":23,"key":"RECALL"},{"data":"Amnesia","floor":32,"key":"PURGE"},{"data":"MurderousAura","floor":40,"key":"SMITH"},{"data":"Moondial","floor":42,"key":"SMITH"},{"data":"KillingDoll","floor":49,"key":"SMITH"}],"circlet_count":0,"master_deck":["Strike_S","Strike_S","Strike_S+1","Strike_S","Defend_S","Defend_S","Defend_S","Defend_S","KidneyShot+1","Exchange+1","GearUp+1","ShatteredReality","ShiftingGears","Rearm","KillingDoll+1","TimeWarp+1","Ricochet","TrueSight","Manipulate","Replace+1","Rewind+1","ShatteredReality+1","Moondial+1","SilverBlades","Revamp+1","Contraction+1","Gouge+1","MurderousAura+1","CurseOfTheBell","Moondial+1","BottledTime+1","GearUp+1","Rearm+1","hubris:Sloth","TimeTheft","GearUp+1","Parasite","Rewind"],"relics":["Uniform","theForsaken:PlagueMask","theForsaken:ScaryMask","Boot","hexamod:BolsterEngine","Cursed Key","hubris:Teleporter","infinitespire:Cupcake","ReplayTheSpireMod:CursedCoin","Runesmith:Nanobots","infinitespire:Satchel","infinitespire:Lucky Rock","Replay:Mystery Machine","Replay:Baseball","Calling Bell","Art of War","Mummified Hand","PocketWatch","Spirit Poop","Garlic","Smiling Mask","Whetstone"],"acts_visited":["Exordium","TheCity","TheBeyond"],"potions_floor_usage":[13,13,16,33,33,47,50],"damage_taken":[{"damage":5,"enemies":"Jaw Worm","floor":1,"turns":4},{"damage":0,"enemies":"Small Slimes","floor":2,"turns":3},{"damage":3,"enemies":"Cultist","floor":5,"turns":4},{"damage":18,"enemies":"Large Slime","floor":7,"turns":8},{"damage":11,"enemies":"HollowMod:MossKnight","floor":11,"turns":14},{"damage":9,"enemies":"Gremlin Nob","floor":13,"turns":5},{"damage":0,"enemies":"Looter","floor":14,"turns":3},{"damage":10,"enemies":"Slime Boss","floor":16,"turns":8},{"damage":5,"enemies":"Chosen","floor":18,"turns":5},{"damage":14,"enemies":"Shell Parasite","floor":22,"turns":7},{"damage":0,"enemies":"Book of Stabbing","floor":25,"turns":5},{"damage":21,"enemies":"Snake Plant","floor":27,"turns":3},{"damage":0,"enemies":"Chosen and Byrds","floor":30,"turns":3},{"damage":8,"enemies":"Centurion and Healer","floor":31,"turns":5},{"damage":18,"enemies":"Automaton","floor":33,"turns":6},{"damage":0,"enemies":"Orb Walker","floor":35,"turns":2},{"damage":0,"enemies":"3 Shapes","floor":37,"turns":6},{"damage":0,"enemies":"Spire Growth","floor":39,"turns":3},{"damage":19,"enemies":"R_Hoarder","floor":41,"turns":5},{"damage":0,"enemies":"Nemesis","floor":44,"turns":3},{"damage":9,"enemies":"Maw","floor":47,"turns":4},{"damage":0,"enemies":"Writhing Mass","floor":48,"turns":4},{"damage":11,"enemies":"Replay:Hell Engine","floor":50,"turns":3}],"seed_played":"6203700316400056237","potions_obtained":[{"floor":2,"key":"SkillPotion"},{"floor":4,"key":"LifebloodPotion"},{"floor":4,"key":"ColorlessPotion"},{"floor":5,"key":"Fire Potion"},{"floor":18,"key":"Venom Potion"},{"floor":27,"key":"Slimebound:ThreeZeroPotion"},{"floor":31,"key":"champ:CounterPotion"},{"floor":33,"key":"LifebloodPotion"},{"floor":39,"key":"Explosive Potion"},{"floor":47,"key":"SpeedPotion"},{"floor":48,"key":"SpeedPotion"}],"is_trial":false,"path_per_floor":["M","M","?","?","M","R","M","?","T","?","E","R","E","M","R","B",null,"M","?","AVR","?","M","R","$","E","T","M","?","?","M","M","R","B",null,"M","?","M","?","M","R","E","R","T","E","?","AVR","M","M","R","B",null],"character_chosen":"THE_SERVANT","items_purchased":["ReplayTheSpireMod:CursedCoin","Runesmith:Nanobots","infinitespire:Satchel","Rewind"],"campfire_rested":1,"item_purchase_floors":[24,24,24,24],"current_hp_per_floor":[66,66,66,66,63,63,45,45,45,38,27,27,18,18,39,29,71,66,53,53,76,62,62,62,62,62,41,41,41,41,33,33,25,76,76,76,76,72,72,72,53,53,53,53,53,53,44,44,44,33],"gold":454,"neow_bonus":"TEN_PERCENT_HP_BONUS","is_daily":false,"chose_seed":false,"campfire_upgraded":5,"win_rate":0.0,"timestamp":1613063736,"path_taken":["M","M","?","?","M","R","?","?","T","?","E","R","E","M","R","BOSS","M","?","AVR","?","M","R","$","E","T","?","?","?","M","M","R","BOSS","M","?","?","?","M","R","E","R","T","E","?","AVR","?","?","R","BOSS"],"items_purchased_type":["Relic","Relic","Relic","Card"],"build_version":"2020-12-22","purchased_purges":2,"victory":true,"max_hp_per_floor":[71,71,71,71,71,71,71,71,71,71,71,71,71,71,71,71,71,71,76,76,76,76,76,76,76,76,76,76,76,76,76,76,76,76,76,76,76,72,72,72,72,72,72,72,72,72,72,72,72,72],"relic_stats":{"counters":[23,113],"Mummified Hand":[24],"Art of War":[1],"Whetstone":["KidneyShot","TimeWarp"],"Boot":[265],"Cursed Key":2,"Smiling Mask":0,"obtain_stats":[{"theForsaken:ScaryMask":9,"Runesmith:Nanobots":24,"hubris:Teleporter":20,"ReplayTheSpireMod:CursedCoin":24,"Spirit Poop":36,"Uniform":0,"infinitespire:Lucky Rock":25,"Whetstone":44,"Replay:Mystery Machine":28,"theForsaken:PlagueMask":3,"Boot":11,"Cursed Key":17,"Smiling Mask":43,"Calling Bell":34,"Replay:Baseball":29,"Mummified Hand":34,"infinitespire:Satchel":24,"Art of War":34,"PocketWatch":34,"Garlic":41,"hexamod:BolsterEngine":13,"infinitespire:Cupcake":20},{"theForsaken:ScaryMask":4,"Runesmith:Nanobots":10,"hubris:Teleporter":9,"ReplayTheSpireMod:CursedCoin":10,"Spirit Poop":16,"Uniform":0,"infinitespire:Lucky Rock":11,"Whetstone":20,"Replay:Mystery Machine":12,"theForsaken:PlagueMask":2,"Boot":5,"Cursed Key":8,"Smiling Mask":19,"Calling Bell":15,"Replay:Baseball":12,"Mummified Hand":15,"infinitespire:Satchel":10,"Art of War":15,"PocketWatch":15,"Garlic":19,"hexamod:BolsterEngine":6,"infinitespire:Cupcake":9},{"theForsaken:ScaryMask":19,"Runesmith:Nanobots":61,"hubris:Teleporter":54,"ReplayTheSpireMod:CursedCoin":61,"Spirit Poop":85,"Uniform":0,"infinitespire:Lucky Rock":66,"Whetstone":102,"Replay:Mystery Machine":69,"theForsaken:PlagueMask":7,"Boot":33,"Cursed Key":49,"Smiling Mask":99,"Calling Bell":83,"Replay:Baseball":69,"Mummified Hand":83,"infinitespire:Satchel":61,"Art of War":83,"PocketWatch":83,"Garlic":99,"hexamod:BolsterEngine":38,"infinitespire:Cupcake":54}]},"card_choices":[{"not_picked":["DoubleEdge","TimeTheft"],"picked":"GearUp","floor":1},{"not_picked":["Replace","Rewind"],"picked":"ShatteredReality","floor":2},{"not_picked":["Moondial","Alleviate"],"picked":"ShiftingGears","floor":5},{"not_picked":["DoubleEdge","GearUp"],"picked":"Rearm","floor":7},{"not_picked":["Alleviate","ReturningBlade"],"picked":"KillingDoll","floor":11},{"not_picked":["Orbit","Spin"],"picked":"TimeWarp","floor":13},{"not_picked":["RealityMarble","FastForward"],"picked":"Ricochet","floor":14},{"not_picked":["LightFlow","Deny"],"picked":"TrueSight","floor":16},{"not_picked":["Rewind+1","FanOfKnives"],"picked":"Manipulate","floor":18},{"not_picked":["Unruled","Rewind"],"picked":"Replace+1","floor":22},{"not_picked":["Spin","Moonlight"],"picked":"ShatteredReality+1","floor":25},{"not_picked":["GearUp","Replace"],"picked":"Moondial+1","floor":27},{"not_picked":["Replace","Moondial"],"picked":"SilverBlades","floor":28},{"not_picked":["Starlight","Ricochet"],"picked":"Revamp+1","floor":28},{"not_picked":["Spin","Ricochet"],"picked":"Contraction+1","floor":30},{"not_picked":["BottledTime","Manipulate"],"picked":"Gouge+1","floor":31},{"not_picked":["TheWorld","Sunlight"],"picked":"MurderousAura","floor":33},{"not_picked":["Potential+1","Revamp+1"],"picked":"Moondial","floor":35},{"not_picked":["FastForward+1","Spin+1"],"picked":"BottledTime+1","floor":37},{"not_picked":["RealityMarble","Defy+1"],"picked":"GearUp+1","floor":39},{"not_picked":["Unruled+1","Orbit"],"picked":"Rearm+1","floor":41},{"not_picked":["Comet+1","Defy+1"],"picked":"TimeTheft","floor":44},{"not_picked":["Misdirection+1","DoubleEdge+1"],"picked":"GearUp+1","floor":47},{"not_picked":["Replace+1","ShatteredReality"],"picked":"Rewind","floor":48}],"player_experience":752665,"relics_obtained":[{"floor":9,"key":"theForsaken:ScaryMask"},{"floor":11,"key":"Boot"},{"floor":13,"key":"hexamod:BolsterEngine"},{"floor":25,"key":"infinitespire:Lucky Rock"},{"floor":28,"key":"Replay:Mystery Machine"},{"floor":34,"key":"Art of War"},{"floor":34,"key":"Mummified Hand"},{"floor":34,"key":"PocketWatch"},{"floor":41,"key":"Garlic"},{"floor":43,"key":"Smiling Mask"},{"floor":44,"key":"Whetstone"}],"event_choices":[{"damage_healed":0,"gold_gain":0,"player_choice":"Obtain Plague Curse","damage_taken":0,"max_hp_gain":0,"max_hp_loss":0,"event_name":"Plague Doctor","floor":3,"gold_loss":0,"cards_obtained":["theForsaken:PlagueCurse"]},{"damage_healed":0,"gold_gain":0,"player_choice":"Got Potions","damage_taken":0,"max_hp_gain":0,"max_hp_loss":0,"event_name":"Lab","floor":4,"gold_loss":0},{"cards_removed":["theForsaken:PlagueCurse"],"damage_healed":0,"gold_gain":0,"player_choice":"Card Removal","damage_taken":7,"max_hp_gain":0,"max_hp_loss":0,"event_name":"Golden Wing","floor":10,"gold_loss":0},{"damage_healed":0,"gold_gain":0,"player_choice":"Shed Blood","damage_taken":18,"max_hp_gain":5,"max_hp_loss":0,"event_name":"Forgotten Altar","floor":19,"gold_loss":0},{"damage_healed":23,"gold_gain":0,"player_choice":"Full Heal","damage_taken":0,"max_hp_gain":0,"max_hp_loss":0,"event_name":"Wheel of Change","floor":21,"gold_loss":0},{"cards_removed":["theForsaken:PlagueCurse"],"damage_healed":0,"gold_gain":0,"player_choice":"Offered Curse","damage_taken":0,"relics_obtained":["Spirit Poop"],"max_hp_gain":0,"max_hp_loss":0,"event_name":"Bonfire Elementals","floor":36,"gold_loss":0},{"damage_healed":0,"gold_gain":0,"player_choice":"Max HP","damage_taken":0,"max_hp_gain":0,"max_hp_loss":4,"event_name":"Winding Halls","floor":38,"gold_loss":0},{"damage_healed":0,"gold_gain":0,"player_choice":"Upgraded","damage_taken":0,"max_hp_gain":0,"max_hp_loss":0,"event_name":"Upgrade Shrine","floor":45,"gold_loss":0,"cards_upgraded":["Rewind"]}],"is_beta":false,"boss_relics":[{"not_picked":["Fusion Hammer","Kintsugi"],"picked":"Cursed Key"},{"not_picked":["hubris:HollowSoul","ReplayTheSpireMod:DimensionalGlitch"],"picked":"Calling Bell"}],"items_purged_floors":[24,46],"is_endless":false,"potions_floor_spawned":[2,5,11,18,27,31,33,39,44,47,48],"ascension_level":2}}