{"host":"vyjryxuuuxkt43k4","time":1613055898,"event":{"mods":["AchievementEnabler","BaseMod","Colored Map","DeckTracker","Keyboard Shortcuts","Minty Spire (QoL Compilation)","Permanent Neow","Quick Restart","StSLib","SuperFastMode","everything is the same but u backflip on backflip"],"gold_per_floor":[364,514,589,608,608,608,38,38,38,57,0,74,98,138,138,138,138],"floor_reached":16,"language":"KOR","playtime":436,"items_purged":["Doubt"],"score":196,"play_id":"aaee9e78-07b4-4d9e-96f4-7a7f60602ad3","local_time":"20210212000458","is_ascension_mode":true,"campfire_choices":[{"data":"Zap","floor":6.0,"key":"SMITH"},{"floor":8.0,"key":"REST"},{"floor":15.0,"key":"REST"}],"circlet_count":0,"master_deck":["AscendersBane","Strike_B","Strike_B","Strike_B","Strike_B","Defend_B","Defend_B","Defend_B","Defend_B","Zap+1","Dualcast","Turbo","Capacitor","Hologram","Sweeping Beam","Machine Learning"],"relics":["Cracked Core","Golden Idol","Gambling Chip","Runic Capacitor","MealTicket","Mummified Hand","Dead Branch"],"acts_visited":["Exordium"],"potions_floor_usage":[16],"damage_taken":[{"damage":4.0,"enemies":"2 Louse","floor":1.0,"turns":4.0},{"damage":14.0,"enemies":"Jaw Worm","floor":4.0,"turns":5.0},{"damage":11.0,"enemies":"Small Slimes","floor":10.0,"turns":3.0},{"damage":19.0,"enemies":"Exordium Thugs","floor":13.0,"turns":5.0},{"damage":30.0,"enemies":"3 Sentries","floor":14.0,"turns":5.0},{"damage":28,"enemies":"The Guardian","floor":16,"turns":6}],"seed_played":"-5556332163811538049","potions_obtained":[{"floor":1.0,"key":"Energy Potion"},{"floor":10.0,"key":"Block Potion"},{"floor":14.0,"key":"ColorlessPotion"}],"is_trial":false,"path_per_floor":["M","?","?","M","?","R","$","R","T","M","$","T","M","E","R","B"],"character_chosen":"DEFECT","items_purchased":["Gambling Chip","Runic Capacitor","Explosive Potion"],"campfire_rested":2,"item_purchase_floors":[7,7,11],"current_hp_per_floor":[60,60,49,35,35,35,35,52,52,41,56,56,37,7,24,0,0],"gold":138,"neow_bonus":"TWO_FIFTY_GOLD","is_daily":false,"chose_seed":true,"campfire_upgraded":1,"win_rate":0.0,"timestamp":1613055898,"path_taken":["M","?","?","?","?","R","?","R","T","M","$","?","M","E","R","BOSS"],"items_purchased_type":["Relic","Relic","Potion"],"build_version":"2020-12-22","purchased_purges":1,"victory":false,"max_hp_per_floor":[64,64,64,64,58,58,58,58,58,58,58,58,58,58,58,58,58],"card_choices":[{"not_picked":["Recycle","Darkness"],"picked":"Turbo","floor":1.0},{"not_picked":["Beam Cell","Hologram"],"picked":"Capacitor","floor":4.0},{"not_picked":["Hello World","Rebound"],"picked":"Hologram","floor":10.0},{"not_picked":["Steam","Double Energy"],"picked":"Sweeping Beam","floor":13.0},{"not_picked":["Ball Lightning","Streamline"],"picked":"Machine Learning","floor":14.0}],"player_experience":951036,"relics_obtained":[{"floor":9.0,"key":"MealTicket"},{"floor":12.0,"key":"Mummified Hand"},{"floor":14.0,"key":"Dead Branch"}],"event_choices":[{"damage_healed":0.0,"max_hp_gain":0.0,"max_hp_loss":0.0,"gold_gain":150.0,"event_name":"Liars Game","player_choice":"AGREE","floor":2.0,"gold_loss":0.0,"damage_taken":0.0,"cards_obtained":["Doubt"]},{"damage_healed":0.0,"max_hp_gain":0.0,"max_hp_loss":0.0,"gold_gain":75.0,"event_name":"World of Goop","player_choice":"Gather Gold","floor":3.0,"gold_loss":0.0,"damage_taken":11.0},{"damage_healed":0.0,"max_hp_gain":0.0,"max_hp_loss":6.0,"gold_gain":0.0,"event_name":"Golden Idol","player_choice":"Lose Max HP","floor":5.0,"gold_loss":0.0,"damage_taken":0.0,"relics_obtained":["Golden Idol"]}],"is_beta":false,"boss_relics":[],"items_purged_floors":[7],"is_endless":false,"potions_floor_spawned":[1,10,14],"killed_by":"The Guardian","ascension_level":20}}