{"host":"1mv6gj0zv8k9e9tz","time":1613059870,"event":{"mods":["AchievementEnabler","BaseMod","Better Third Choice","Colored Map","DeckTracker","Highlight Path","KOR Keyword Fix","Keyboard Shortcuts","Minty Spire (QoL Compilation)","Permanent Neow","Quick Restart","Rare Cards Sparkle","StSLib","SuperFastMode","everything is the same but u backflip on backflip"],"gold_per_floor":[116,81,81,106,53,53,90,13,39,65,65,99,99,110,110,193,193,208,258,284,314,342,342,342,342,366,385,385,397,241,252,252,332,332,344,361,386,405,239,239,261,261,287,287,328,328,328,342,342,342,342],"floor_reached":50,"language":"KOR","playtime":1142,"items_purged":["Strike_B","Strike_B"],"score":981,"play_id":"60ee52b3-c6b6-4cc3-b33d-5100a45bcc28","local_time":"20210212011110","is_ascension_mode":true,"campfire_choices":[{"data":"Dualcast","floor":6.0,"key":"SMITH"},{"data":"Zap","floor":11.0,"key":"SMITH"},{"data":"Hologram","floor":13.0,"key":"SMITH"},{"data":"Electrodynamics","floor":15.0,"key":"SMITH"},{"data":"Buffer","floor":23.0,"key":"SMITH"},{"data":"Lockon","floor":25.0,"key":"SMITH"},{"data":"Conserve Battery","floor":28.0,"key":"SMITH"},{"data":"Seek","floor":32.0,"key":"SMITH"},{"data":"Capacitor","floor":40.0,"key":"SMITH"},{"data":"Biased Cognition","floor":42.0,"key":"SMITH"},{"data":"Amplify","floor":44.0,"key":"SMITH"},{"floor":46.0,"key":"RECALL"},{"data":"Echo Form","floor":49.0,"key":"SMITH"}],"circlet_count":0,"master_deck":["AscendersBane","Strike_B","Defend_B","Defend_B","Defend_B","Zap+1","Dualcast+1","Electrodynamics+1","Amplify+1","Hologram+1","Ball Lightning","Conserve Battery+1","Self Repair+1","Lockon+1","Cold Snap","Buffer+1","Stack+1","Reinforced Body+1","Chill+1","Seek+1","Biased Cognition+1","Capacitor+1","Skim+1","Echo Form+1"],"relics":["Cracked Core","DataDisk","CeramicFish","Potion Belt","Boot","Coffee Dripper","Red Mask","Nuclear Battery","WingedGreaves","Juzu Bracelet","Omamori","Lantern"],"acts_visited":["Exordium","TheCity","TheBeyond"],"potions_floor_usage":[],"damage_taken":[{"damage":12.0,"enemies":"Small Slimes","floor":1.0,"turns":3.0},{"damage":9.0,"enemies":"Gremlin Nob","floor":7.0,"turns":3.0},{"damage":4.0,"enemies":"Jaw Worm","floor":10.0,"turns":3.0},{"damage":13.0,"enemies":"3 Sentries","floor":12.0,"turns":4.0},{"damage":0.0,"enemies":"Cultist","floor":14.0,"turns":3.0},{"damage":22.0,"enemies":"Slime Boss","floor":16.0,"turns":5.0},{"damage":11.0,"enemies":"Spheric Guardian","floor":18.0,"turns":4.0},{"damage":3.0,"enemies":"2 Thieves","floor":20.0,"turns":2.0},{"damage":0.0,"enemies":"Masked Bandits","floor":21.0,"turns":2.0},{"damage":25.0,"enemies":"Snake Plant","floor":22.0,"turns":4.0},{"damage":13.0,"enemies":"Snecko","floor":27.0,"turns":6.0},{"damage":0.0,"enemies":"Cultist and Chosen","floor":29.0,"turns":7.0},{"damage":0.0,"enemies":"Centurion and Healer","floor":31.0,"turns":6.0},{"damage":21.0,"enemies":"Collector","floor":33.0,"turns":12.0},{"damage":2.0,"enemies":"Orb Walker","floor":35.0,"turns":5.0},{"damage":0.0,"enemies":"3 Shapes","floor":36.0,"turns":3.0},{"damage":0.0,"enemies":"Mind Bloom Boss Battle","floor":37.0,"turns":4.0},{"damage":0.0,"enemies":"Transient","floor":38.0,"turns":6.0},{"damage":0.0,"enemies":"3 Darklings","floor":41.0,"turns":1.0},{"damage":0.0,"enemies":"Reptomancer","floor":45.0,"turns":3.0},{"damage":0.0,"enemies":"Maw","floor":48.0,"turns":6.0},{"damage":106,"enemies":"Awakened One","floor":50,"turns":6}],"seed_played":"1270554126726638943","potions_obtained":[{"floor":7.0,"key":"FearPotion"},{"floor":10.0,"key":"PowerPotion"},{"floor":12.0,"key":"PowerPotion"},{"floor":18.0,"key":"Fire Potion"},{"floor":22.0,"key":"EssenceOfSteel"},{"floor":29.0,"key":"FairyPotion"},{"floor":31.0,"key":"SpeedPotion"},{"floor":33.0,"key":"DuplicationPotion"},{"floor":35.0,"key":"Block Potion"},{"floor":36.0,"key":"GamblersBrew"},{"floor":37.0,"key":"DistilledChaos"}],"is_trial":false,"path_per_floor":["M","?","?","T","$","R","E","$","T","M","R","E","R","M","R","B",null,"M","?","M","?","M","R","?","R","T","M","R","M","$","M","R","B",null,"M","M","?","M","$","R","M","R","T","R","E","R","T","M","R","B"],"character_chosen":"DEFECT","items_purchased":["Ball Lightning","Self Repair","Seek","Capacitor"],"campfire_rested":0,"item_purchase_floors":[5,8,30,39],"current_hp_per_floor":[34,51,51,51,51,51,42,42,42,45,45,39,39,53,53,31,61,50,50,47,47,29,29,29,29,29,26,26,36,36,46,46,35,62,70,71,71,71,71,71,71,71,71,71,71,71,71,71,71,0,0],"gold":342,"neow_bonus":"TRANSFORM_TWO_CARDS","is_daily":false,"chose_seed":false,"campfire_upgraded":12,"win_rate":0.0,"timestamp":1613059870,"path_taken":["M","?","?","?","$","R","E","?","T","?","R","E","R","M","R","BOSS","M","?","M","?","M","R","?","R","T","?","R","M","$","M","R","BOSS","M","M","?","M","$","R","M","R","T","R","E","R","?","M","R","BOSS"],"items_purchased_type":["Card","Card","Card","Card"],"build_version":"2020-12-22","purchased_purges":2,"victory":false,"max_hp_per_floor":[71,71,71,71,71,71,71,71,71,71,71,71,71,71,71,71,71,71,71,71,71,71,71,71,71,71,71,71,71,71,71,71,71,71,71,71,71,71,71,71,71,71,71,71,71,71,71,71,71,71,71],"card_choices":[{"not_picked":["Sweeping Beam","Aggregate"],"picked":"Hologram","floor":1.0},{"not_picked":["Redo","Chaos"],"picked":"Conserve Battery","floor":7.0},{"not_picked":["Cold Snap","Streamline"],"picked":"Lockon","floor":10.0},{"not_picked":["Force Field","Hyperbeam"],"picked":"Cold Snap","floor":12.0},{"not_picked":["Cold Snap","Beam Cell","Auto Shields"],"picked":"SKIP","floor":14.0},{"not_picked":["Core Surge","Machine Learning"],"picked":"Buffer","floor":16.0},{"not_picked":["Redo","Stack","Turbo+1"],"picked":"SKIP","floor":18.0},{"not_picked":["Compile Driver+1","Doom and Gloom"],"picked":"Stack+1","floor":20.0},{"not_picked":["Conserve Battery","Hologram"],"picked":"Reinforced Body+1","floor":22.0},{"not_picked":["Turbo","Streamline"],"picked":"Chill+1","floor":27.0},{"not_picked":["Stack","Redo","Barrage"],"picked":"SKIP","floor":29.0},{"not_picked":["Storm","Loop+1","Rebound"],"picked":"SKIP","floor":31.0},{"not_picked":["Electrodynamics","Hyperbeam"],"picked":"Biased Cognition","floor":33.0},{"not_picked":["Ball Lightning","FTL","Barrage"],"picked":"SKIP","floor":35.0},{"not_picked":["Rip and Tear","Cold Snap","Stack"],"picked":"SKIP","floor":36.0},{"not_picked":["Steam","Streamline","Redo+1"],"picked":"SKIP","floor":38.0},{"not_picked":["Doom and Gloom","Coolheaded"],"picked":"Skim+1","floor":41.0},{"not_picked":["BootSequence","Cold Snap"],"picked":"Echo Form","floor":45.0},{"not_picked":["Stack+1","Redo","Cold Snap"],"picked":"SKIP","floor":48.0}],"player_experience":645840,"relics_obtained":[{"floor":4.0,"key":"DataDisk"},{"floor":7.0,"key":"CeramicFish"},{"floor":9.0,"key":"Potion Belt"},{"floor":12.0,"key":"Boot"},{"floor":21.0,"key":"Red Mask"},{"floor":37.0,"key":"WingedGreaves"},{"floor":43.0,"key":"Juzu Bracelet"},{"floor":45.0,"key":"Omamori"},{"floor":47.0,"key":"Lantern"}],"event_choices":[{"damage_healed":17.0,"max_hp_gain":0.0,"max_hp_loss":0.0,"gold_gain":0.0,"event_name":"The Cleric","player_choice":"Healed","floor":2.0,"gold_loss":35.0,"damage_taken":0.0},{"damage_healed":0.0,"max_hp_gain":0.0,"max_hp_loss":0.0,"gold_gain":0.0,"event_name":"betterThird:BetterSerpent","player_choice":"Ignored","floor":3.0,"gold_loss":0.0,"damage_taken":81.0},{"damage_healed":0.0,"max_hp_gain":0.0,"max_hp_loss":0.0,"gold_gain":50.0,"event_name":"betterThird:BetterNest","player_choice":"Steal","floor":19.0,"gold_loss":0.0,"damage_taken":0.0},{"damage_healed":0.0,"max_hp_gain":0.0,"max_hp_loss":0.0,"gold_gain":0.0,"event_name":"Masked Bandits","player_choice":"Fought Bandits","floor":21.0,"gold_loss":0.0,"damage_taken":0.0},{"damage_healed":0.0,"max_hp_gain":0.0,"max_hp_loss":0.0,"gold_gain":0.0,"event_name":"Accursed Blacksmith","player_choice":"Forge","floor":24.0,"gold_loss":0.0,"damage_taken":0.0,"cards_upgraded":["Self Repair"]},{"damage_healed":0.0,"max_hp_gain":0.0,"max_hp_loss":0.0,"gold_gain":0.0,"event_name":"MindBloom","player_choice":"Fight","floor":37.0,"gold_loss":0.0,"damage_taken":0.0}],"is_beta":false,"boss_relics":[{"not_picked":["Calling Bell","FrozenCore"],"picked":"Coffee Dripper"},{"not_picked":["Cursed Key","Empty Cage"],"picked":"Nuclear Battery"}],"items_purged_floors":[30,39],"is_endless":false,"potions_floor_spawned":[7,10,12,18,22,29,31,33,35,36,37],"killed_by":"Awakened One","ascension_level":19}}