{"host":"hk6dyp3pgs92n0l4","time":1613015930,"event":{"mods":["AchievementEnabler","BaseMod","Colored Powertips","GifTheSpireLib","Infinite Spire","Minty Spire (QoL Compilation)","Random Character Mod","StSLib","The Bug Knight","The Construct","The Cursed","The Disciple","The Hierophant","The Runesmith"],"gold_per_floor":[18,35,49,68,80,111,111,138,162,194,156,168,214,256,268,280,280],"floor_reached":16,"language":"ENG","playtime":1123,"items_purged":[],"score":143,"play_id":"cb78db01-b632-4f2c-9833-7c27b48333cc","local_time":"20210210195850","is_ascension_mode":true,"campfire_choices":[{"data":"Body Slam","floor":7,"key":"SMITH"},{"data":"Metallicize","floor":12,"key":"SMITH"},{"floor":15,"key":"REST"}],"circlet_count":0,"master_deck":["Strike_R","Strike_R","Strike_R","Strike_R","Defend_R","Defend_R","Defend_R","Defend_R","Bash","Body Slam+1","Metallicize+1","Flame Barrier","Inflame"],"relics":["Burning Blood","infinitespire:Joker Card","Vajra","Lantern","Art of War","MawBank","Juzu Bracelet"],"acts_visited":["Exordium"],"potions_floor_usage":[6,6,6,6,10,10],"damage_taken":[{"damage":8,"enemies":"Small Slimes","floor":1,"turns":5},{"damage":7,"enemies":"Jaw Worm","floor":2,"turns":5},{"damage":1,"enemies":"2 Louse","floor":3,"turns":3},{"damage":9,"enemies":"Looter","floor":4,"turns":4},{"damage":11,"enemies":"Blue Slaver","floor":5,"turns":6},{"damage":24,"enemies":"Lagavulin","floor":6,"turns":7},{"damage":28,"enemies":"3 Sentries","floor":8,"turns":10},{"damage":12,"enemies":"HollowMod:MossKnight","floor":10,"turns":17},{"damage":2,"enemies":"Lagavulin","floor":13,"turns":7},{"damage":62,"enemies":"Hexaghost","floor":16,"turns":14}],"seed_played":"-2578905179832470382","potions_obtained":[{"floor":3,"key":"SkillPotion"},{"floor":4,"key":"BlessingOfTheForge"},{"floor":5,"key":"EntropicBrew"},{"floor":6,"key":"AttackPotion"},{"floor":10,"key":"LiquidBronze"}],"is_trial":false,"path_per_floor":["M","M","M","M","M","E","R","E","T","E","?","R","E","?","R","B"],"character_chosen":"IRONCLAD","items_purchased":[],"campfire_rested":1,"item_purchase_floors":[],"current_hp_per_floor":[78,77,80,77,72,54,54,32,32,26,26,26,30,30,54,0,0],"gold":280,"neow_bonus":"ONE_RARE_RELIC","is_daily":false,"chose_seed":false,"campfire_upgraded":2,"win_rate":0.0,"timestamp":1613015930,"path_taken":["M","M","M","M","M","E","R","E","T","E","?","R","E","?","R","BOSS"],"items_purchased_type":[],"build_version":"2020-12-22","purchased_purges":0,"victory":false,"max_hp_per_floor":[80,80,80,80,80,80,80,80,80,80,80,80,80,80,80,80,80],"card_choices":[{"not_picked":["Iron Wave","Headbutt"],"picked":"Body Slam","floor":1},{"not_picked":["Headbutt","Anger"],"picked":"Metallicize","floor":2},{"not_picked":["Hemokinesis","Dual Wield","Power Through"],"picked":"SKIP","floor":3},{"not_picked":["Clash","Dual Wield"],"picked":"Flame Barrier","floor":4},{"not_picked":["Uppercut","Disarm","Fire Breathing"],"picked":"SKIP","floor":5},{"not_picked":["Searing Blow","Disarm","Dual Wield"],"picked":"SKIP","floor":6},{"not_picked":["Wild Strike","Rupture","Sever Soul"],"picked":"SKIP","floor":8},{"not_picked":["Warcry","Thunderclap"],"picked":"Inflame","floor":10},{"not_picked":["Perfected Strike","Wild Strike","Combust"],"picked":"SKIP","floor":13}],"player_experience":133004,"relics_obtained":[{"floor":6,"key":"Vajra"},{"floor":8,"key":"Lantern"},{"floor":9,"key":"Art of War"},{"floor":10,"key":"MawBank"},{"floor":13,"key":"Juzu Bracelet"}],"event_choices":[{"cards_removed":["Strike_R"],"damage_healed":0,"gold_gain":0,"player_choice":"Card Removal","damage_taken":0,"max_hp_gain":0,"max_hp_loss":0,"event_name":"The Cleric","floor":11,"gold_loss":50},{"damage_healed":0,"gold_gain":30,"player_choice":"Searched \u00272\u0027 times","damage_taken":0,"max_hp_gain":0,"max_hp_loss":0,"event_name":"Dead Adventurer","floor":14,"gold_loss":0}],"is_beta":false,"boss_relics":[],"items_purged_floors":[],"is_endless":false,"potions_floor_spawned":[3,4,5,6,10],"killed_by":"Hexaghost","ascension_level":2}}