{"host":"lxu17chzujqn8whl","time":1613004260,"event":{"mods":["BaseMod","Minty Spire (QoL Compilation)","Relic Stats","StSLib"],"gold_per_floor":[112,126,146,146,208,233,233,253,279,279,295,326,326,501,501,501,501],"floor_reached":16,"language":"ENG","playtime":450,"items_purged":[],"score":110,"play_id":"bfdd0b4d-a8c5-436c-8991-53d839f4c3a5","local_time":"20210210164420","is_ascension_mode":false,"campfire_choices":[{"data":"Well Laid Plans","floor":7.0,"key":"SMITH"},{"data":"Dagger Spray","floor":10.0,"key":"SMITH"},{"data":"All Out Attack","floor":13,"key":"SMITH"},{"data":"Leg Sweep","floor":15,"key":"SMITH"}],"circlet_count":0,"master_deck":["Strike_G","Strike_G","Strike_G","Strike_G","Strike_G","Defend_G","Defend_G","Defend_G","Defend_G","Defend_G","Survivor","Neutralize","Well Laid Plans+1","All Out Attack+1","Leg Sweep+1","Dagger Spray+1","All Out Attack+1","Flying Knee","Doubt"],"relics":["Ring of the Snake","Snake Skull","Ancient Tea Set","Juzu Bracelet"],"acts_visited":["Exordium"],"potions_floor_usage":[12,12],"damage_taken":[{"damage":1.0,"enemies":"2 Louse","floor":1.0,"turns":3.0},{"damage":5.0,"enemies":"Small Slimes","floor":2.0,"turns":5.0},{"damage":0.0,"enemies":"Cultist","floor":3.0,"turns":4.0},{"damage":10.0,"enemies":"3 Sentries","floor":6.0,"turns":10.0},{"damage":1.0,"enemies":"Looter","floor":8.0,"turns":5.0},{"damage":0.0,"enemies":"Exordium Wildlife","floor":11.0,"turns":5.0},{"damage":8,"enemies":"Gremlin Nob","floor":12,"turns":4},{"damage":49,"enemies":"Slime Boss","floor":16,"turns":11}],"seed_played":"7217385831005209891","potions_obtained":[{"floor":1.0,"key":"Weak Potion"},{"floor":2.0,"key":"SpeedPotion"},{"floor":6.0,"key":"Swift Potion"},{"floor":8.0,"key":"AttackPotion"}],"is_trial":false,"path_per_floor":["M","M","M","?","?","E","R","M","T","R","M","E","R","?","R","B"],"character_chosen":"THE_SILENT","items_purchased":[],"campfire_rested":0,"item_purchase_floors":[],"current_hp_per_floor":[76,71,71,71,71,61,61,60,60,60,60,52,52,52,52,3,3],"gold":501,"neow_bonus":"TEN_PERCENT_HP_BONUS","is_daily":false,"chose_seed":false,"campfire_upgraded":4,"win_rate":0.0,"timestamp":1613004260,"path_taken":["M","M","M","?","?","E","R","M","T","R","M","E","R","?","R","BOSS"],"items_purchased_type":[],"build_version":"2020-12-22","purchased_purges":0,"victory":false,"max_hp_per_floor":[77,77,77,77,77,77,77,77,77,77,77,77,77,77,77,77,77],"relic_stats":{"counters":[8,47],"Snake Skull":[0],"Juzu Bracelet":0,"obtain_stats":[{"Snake Skull":6,"Juzu Bracelet":12,"Ancient Tea Set":9,"Ring of the Snake":0},{"Snake Skull":4,"Juzu Bracelet":7,"Ancient Tea Set":5,"Ring of the Snake":0},{"Snake Skull":22,"Juzu Bracelet":36,"Ancient Tea Set":27,"Ring of the Snake":0}],"Ring of the Snake":[16]},"card_choices":[{"not_picked":["PiercingWail","Riddle With Holes"],"picked":"Well Laid Plans","floor":1.0},{"not_picked":["Leg Sweep","Dodge and Roll"],"picked":"All Out Attack","floor":2.0},{"not_picked":["Slice","Finisher"],"picked":"Leg Sweep","floor":3.0},{"not_picked":["Heel Hook","Choke","Infinite Blades"],"picked":"SKIP","floor":6.0},{"not_picked":["Accuracy","Slice"],"picked":"Dagger Spray","floor":8.0},{"not_picked":["Caltrops","Prepared"],"picked":"All Out Attack","floor":11.0},{"not_picked":["Poisoned Stab","Calculated Gamble"],"picked":"Flying Knee","floor":12}],"player_experience":659634,"relics_obtained":[{"floor":6.0,"key":"Snake Skull"},{"floor":9.0,"key":"Ancient Tea Set"},{"floor":12,"key":"Juzu Bracelet"}],"event_choices":[{"damage_healed":0.0,"max_hp_gain":0.0,"max_hp_loss":0.0,"gold_gain":0.0,"event_name":"Living Wall","player_choice":"Grow","floor":4.0,"gold_loss":0.0,"damage_taken":0.0,"cards_upgraded":["All Out Attack"]},{"damage_healed":0.0,"max_hp_gain":0.0,"max_hp_loss":0.0,"gold_gain":62.0,"event_name":"Golden Wing","player_choice":"Gained Gold","floor":5.0,"gold_loss":0.0,"damage_taken":0.0},{"damage_healed":0,"gold_gain":175,"player_choice":"AGREE","damage_taken":0,"max_hp_gain":0,"max_hp_loss":0,"event_name":"Liars Game","floor":14,"gold_loss":0,"cards_obtained":["Doubt"]}],"is_beta":false,"boss_relics":[],"items_purged_floors":[],"is_endless":false,"potions_floor_spawned":[1,2,6,8],"killed_by":"Slime Boss","ascension_level":0}}