{"host":"23qk1co0p3p8qz56","time":1613022902,"event":{"mods":["100% Spire Juice","AchievementEnabler","Act Like it!","Arknights","BaseMod","Better Note","Better Third Choice","BetterRewards","CapriCore","Chen","Colored Map","DNKmod","Downfall","Duelist Mod","Friendly Minions","Gensokyo","Gold Saver","KinomotoSakuraMod(ñÿîVñ{?)","Koishi","LagranYue(ùfäiòNÅEåé)","Lobotomy","LobotomyExtend","Mari Mod (Legacy)","Mari\u0027s V1 Patch","MarisaÅiñ∂âJÅ@ñÇóùçπÅj","Minty Spire (QoL Compilation)","Prisma Mod","ReimuÅiîé??öÎÅj","RemiliaÅiÂQïƒ‰ª?Åj","RumiaBox-òIïƒ?ìIê_îÈ·¥éq","StSLib","The Administrix","The Alterego","The Animator","The Gatherer","The Immortal","The Senshi","Waifu the Spire","WarShipGirlsR/??è≠èóR mod","Yakumo Yukari mod","Yohane!","Yuyuko"],"gold_per_floor":[1011,1021,1041,1052,1069,1069,1095,1107,1183,1211,1171,1171,1181,1192,1192,1293,1293,1308,1308],"floor_reached":18,"language":"ENG","playtime":817,"items_purged":[],"score":303,"play_id":"1c4c8905-4377-4cd2-8530-15c26fdf1530","local_time":"20210210225502","is_ascension_mode":false,"campfire_choices":[{"data":"LagranYue:SkillLegendPaladinCard","floor":6,"key":"SMITH"},{"floor":12,"key":"RECALL"},{"data":"LagranYue:PowerKingTreasureCard","floor":15,"key":"SMITH"}],"circlet_count":0,"master_deck":["LagranYue:BaseAttackCard+1","LagranYue:BaseAttackCard+1","LagranYue:BaseAttackCard+1","LagranYue:BaseDefendCard+1","LagranYue:BaseDefendCard+1","LagranYue:BaseDefendCard+1","LagranYue:AttackTopazCard","LagranYue:SkillBrokenSwordCard","LagranYue:BaseAttackCard+1","LagranYue:BaseDefendCard+1","LagranYue:FantasyCard","LagranYue:AttackMagicStarsCard","LagranYue:SkillLegendPaladinCard+1","LagranYue:SkillKadeboSwordCard","LagranYue:SapphirePrayerCard","LagranYue:AttackCrowCrossbowCard","LagranYue:SkillChiharaHoundCard","LagranYue:SkillLiberationCard","LagranYue:PowerKingTreasureCard+1","LagranYue:AttackGodArchCard"],"relics":["LagranYue:ArmsProficiencyRelics","Happy Flower","Dream Catcher","Peace Pipe","LagranYue:RandomDrawCardRelic","LetterFromLob","Bronze Scales","LagranYue:DarkRelics","Vajra","ZombieArmy","MagicDraw1","Anchor","Mastiff:ReiMu","PaintedHorse:ReiMu","Ancient Tea Set","Orichalcum","MariMod:MariFestivalBadge","Boot"],"acts_visited":["Exordium","TheCity"],"potions_floor_usage":[5,7,10,10,16],"damage_taken":[{"damage":0,"enemies":"Cultist","floor":1,"turns":3},{"damage":0,"enemies":"Jaw Worm","floor":2,"turns":3},{"damage":0,"enemies":"2 Louse","floor":3,"turns":2},{"damage":0,"enemies":"Looter","floor":4,"turns":2},{"damage":0,"enemies":"Large Slime","floor":5,"turns":5},{"damage":13,"enemies":"Lagavulin","floor":7,"turns":4},{"damage":1,"enemies":"2 Fungi Beasts","floor":8,"turns":3},{"damage":2,"enemies":"3 Sentries","floor":10,"turns":4},{"damage":2,"enemies":"Looter","floor":13,"turns":1},{"damage":2,"enemies":"Large Slime","floor":14,"turns":4},{"damage":2,"enemies":"Slime Boss","floor":16,"turns":3},{"damage":3,"enemies":"Shell Parasite","floor":18,"turns":4}],"seed_played":"4703732186515912507","potions_obtained":[{"floor":0,"key":"Block Potion"},{"floor":0,"key":"GrandPatriotsElixir:ReiMu"},{"floor":0,"key":"FairyPotion"},{"floor":2,"key":"SkillPotion"},{"floor":4,"key":"hexamod:SoulburnPotion"},{"floor":5,"key":"DuplicationPotion"},{"floor":7,"key":"LiquidMemories"},{"floor":13,"key":"ColorlessPotion"}],"is_trial":false,"path_per_floor":["M","M","M","M","M","R","E","M","T","E","?","R","M","M","R","B",null,"M"],"character_chosen":"LagranYueCharacter","items_purchased":[],"campfire_rested":0,"item_purchase_floors":[],"current_hp_per_floor":[500,500,500,500,500,500,489,488,488,486,486,486,484,487,487,491,500,500,500],"gold":1308,"neow_bonus":"THREE_SMALL_POTIONS","is_daily":false,"chose_seed":false,"campfire_upgraded":2,"win_rate":0.0,"timestamp":1613022902,"path_taken":["M","M","?","M","M","R","E","M","T","E","?","R","M","M","R","BOSS","M"],"items_purchased_type":[],"build_version":"2020-12-22","purchased_purges":0,"victory":false,"max_hp_per_floor":[500,500,500,500,500,500,500,500,500,500,500,500,500,500,500,500,500,500,500],"card_choices":[{"not_picked":["LagranYue:RoseCard","LagranYue:EatTigerCard"],"picked":"LagranYue:FantasyCard","floor":1},{"not_picked":["LagranYue:SkillBrokenShieldCard","LagranYue:RubyDefendCard"],"picked":"LagranYue:AttackMagicStarsCard","floor":2},{"not_picked":["LagranYue:PhysicalFitnessCard","LagranYue:AttackRavagedCard","LagranYue:SkillBrokenSwordCard"],"picked":"SKIP","floor":3},{"not_picked":["LagranYue:AttackRubyCard","LagranYue:SkillIncompleteArchCard"],"picked":"LagranYue:SkillLegendPaladinCard","floor":4},{"not_picked":["LagranYue:PrematureBurialCard","LagranYue:SkillTestamentCard"],"picked":"LagranYue:SkillKadeboSwordCard","floor":5},{"not_picked":["LagranYue:AttackRavagedCard","LagranYue:SkillFalseAerialAceCard"],"picked":"LagranYue:SapphirePrayerCard","floor":7},{"not_picked":["LagranYue:EatTigerCard","LagranYue:AttackRavagedCard"],"picked":"LagranYue:AttackCrowCrossbowCard","floor":8},{"not_picked":["LagranYue:SkillWoodSpearCard","LagranYue:AttackSapphireCard"],"picked":"LagranYue:SkillChiharaHoundCard","floor":10},{"not_picked":["LagranYue:PrematureBurialCard","LagranYue:AttackTopazCard"],"picked":"LagranYue:SkillLiberationCard","floor":13},{"not_picked":["LagranYue:AttackDevilCard","LagranYue:EatTigerCard"],"picked":"LagranYue:PowerKingTreasureCard","floor":14},{"not_picked":["LagranYue:PowerDoubleArmsCard","LagranYue:SkillDisasterEquipmentCard"],"picked":"LagranYue:AttackGodArchCard","floor":16}],"player_experience":156376,"relics_obtained":[{"floor":1,"key":"LetterFromLob"},{"floor":5,"key":"Bronze Scales"},{"floor":7,"key":"LagranYue:DarkRelics"},{"floor":7,"key":"Vajra"},{"floor":8,"key":"ZombieArmy"},{"floor":9,"key":"MagicDraw1"},{"floor":10,"key":"Anchor"},{"floor":10,"key":"Mastiff:ReiMu"},{"floor":14,"key":"Ancient Tea Set"},{"floor":16,"key":"Orichalcum"},{"floor":18,"key":"Boot"}],"event_choices":[{"damage_healed":0,"gold_gain":0,"player_choice":"Donate","damage_taken":0,"relics_obtained":["PaintedHorse:ReiMu"],"max_hp_gain":0,"max_hp_loss":0,"event_name":"yidonshenshe","floor":11,"gold_loss":40}],"is_beta":false,"boss_relics":[{"not_picked":["LagranYue:ContractPerformanceRelic","Runic Dome"],"picked":"MariMod:MariFestivalBadge"}],"items_purged_floors":[],"is_endless":false,"potions_floor_spawned":[2,4,5,7,13],"killed_by":"Shell Parasite","ascension_level":0}}