{"host":"1c17lcvl7acx821p","time":1613040297,"event":{"mods":["AchievementEnabler","BaseMod","Bestiary","Colored Map","Minty Spire (QoL Compilation)","Quick Restart","Relic Sorter","StSLib","ojb\u0027s Better Paths Mod","ojb\u0027s Info Mod"],"gold_per_floor":[119,135,135,16,33,33,63,74,74,19,64,80,105,119,119,197,197,213,232,245,280,260,260,260,260],"floor_reached":24,"language":"ENG","playtime":998,"items_purged":[],"score":396,"play_id":"d4f0c33d-ac35-44ea-b633-0a4988934bfe","local_time":"20210211124457","is_ascension_mode":true,"campfire_choices":[{"data":"Darkness","floor":6.0,"key":"SMITH"},{"floor":15.0,"key":"REST"},{"floor":23,"key":"REST"}],"circlet_count":0,"master_deck":["AscendersBane","Strike_B","Strike_B","Strike_B","Strike_B","Defend_B","Defend_B","Defend_B","Defend_B","Zap","Dualcast","Capacitor","Sunder+1","Darkness+1","Coolheaded","Leap","Conserve Battery","Undo","Buffer","Ball Lightning","Rainbow","Defragment+1","Compile Driver","Turbo+1","Cold Snap"],"relics":["Snecko Eye","Sundial","Odd Mushroom","White Beast Statue","Art of War","Pear","Sozu","Red Mask"],"acts_visited":["Exordium","TheCity"],"potions_floor_usage":[21],"damage_taken":[{"damage":7.0,"enemies":"2 Louse","floor":1.0,"turns":4.0},{"damage":1.0,"enemies":"Cultist","floor":2.0,"turns":3.0},{"damage":7.0,"enemies":"Jaw Worm","floor":5.0,"turns":2.0},{"damage":12.0,"enemies":"The Mushroom Lair","floor":7.0,"turns":4.0},{"damage":2.0,"enemies":"Exordium Wildlife","floor":8.0,"turns":3.0},{"damage":14.0,"enemies":"Blue Slaver","floor":12.0,"turns":4.0},{"damage":5.0,"enemies":"3 Sentries","floor":13.0,"turns":5.0},{"damage":0.0,"enemies":"3 Louse","floor":14.0,"turns":2.0},{"damage":2.0,"enemies":"The Guardian","floor":16.0,"turns":8.0},{"damage":1.0,"enemies":"Shell Parasite","floor":18.0,"turns":7.0},{"damage":17.0,"enemies":"Chosen","floor":19.0,"turns":5.0},{"damage":0.0,"enemies":"Snecko","floor":20.0,"turns":5.0},{"damage":49,"enemies":"Masked Bandits","floor":21,"turns":6},{"damage":32,"enemies":"Slavers","floor":24,"turns":3}],"seed_played":"3708844059702889397","potions_obtained":[{"floor":8.0,"key":"DuplicationPotion"},{"floor":12.0,"key":"DuplicationPotion"},{"floor":13.0,"key":"Explosive Potion"},{"floor":14.0,"key":"ColorlessPotion"},{"floor":16.0,"key":"Block Potion"}],"is_trial":false,"path_per_floor":["M","M","?","?","M","R","?","M","T","$","T","M","E","M","R","B",null,"M","M","M","?","?","R","E"],"character_chosen":"DEFECT","items_purchased":["Conserve Battery"],"campfire_rested":2,"item_purchase_floors":[10],"current_hp_per_floor":[57,56,56,56,49,49,37,35,35,35,35,21,26,26,50,48,73,72,55,55,6,6,30,0,0],"gold":260,"neow_bonus":"BOSS_RELIC","is_daily":false,"chose_seed":false,"campfire_upgraded":1,"win_rate":0.0,"timestamp":1613040297,"path_taken":["M","M","?","?","?","R","?","M","T","?","?","M","E","M","R","BOSS","M","M","M","?","?","R","E"],"items_purchased_type":["Card"],"build_version":"2020-12-22","purchased_purges":0,"victory":false,"max_hp_per_floor":[71,71,71,71,71,71,71,71,71,71,71,71,81,81,81,81,81,81,81,81,81,81,81,81,81],"card_choices":[{"not_picked":["Gash","Cold Snap"],"picked":"Capacitor","floor":1.0},{"not_picked":["Aggregate","Steam"],"picked":"Sunder","floor":2.0},{"not_picked":["Gash","Redo"],"picked":"Darkness","floor":5.0},{"not_picked":["BootSequence","Force Field"],"picked":"Coolheaded","floor":7.0},{"not_picked":["Turbo","Barrage"],"picked":"Leap","floor":8.0},{"not_picked":["Rebound","Go for the Eyes"],"picked":"Undo","floor":12.0},{"not_picked":["Sweeping Beam","Barrage"],"picked":"Buffer","floor":13.0},{"not_picked":["Conserve Battery","Gash"],"picked":"Ball Lightning","floor":14.0},{"not_picked":["Seek","Fission"],"picked":"Rainbow","floor":16.0},{"not_picked":["Hologram","Compile Driver"],"picked":"Defragment+1","floor":18.0},{"not_picked":["Barrage","Steam+1"],"picked":"Compile Driver","floor":19.0},{"not_picked":["Capacitor","Multi-Cast"],"picked":"Turbo+1","floor":20.0},{"not_picked":["Go for the Eyes","Stack"],"picked":"Cold Snap","floor":21}],"player_experience":316253,"relics_obtained":[{"floor":7.0,"key":"Odd Mushroom"},{"floor":9.0,"key":"White Beast Statue"},{"floor":11.0,"key":"Art of War"},{"floor":13.0,"key":"Pear"},{"floor":21,"key":"Red Mask"}],"event_choices":[{"damage_healed":0.0,"max_hp_gain":0.0,"max_hp_loss":0.0,"gold_gain":0.0,"event_name":"Living Wall","player_choice":"Grow","floor":3.0,"gold_loss":0.0,"damage_taken":0.0,"cards_upgraded":["Sunder"]},{"damage_healed":0.0,"max_hp_gain":0.0,"max_hp_loss":0.0,"gold_gain":0.0,"event_name":"WeMeetAgain","player_choice":"Paid Gold","floor":4.0,"gold_loss":119.0,"damage_taken":0.0,"relics_obtained":["Sundial"]},{"damage_healed":0.0,"max_hp_gain":0.0,"max_hp_loss":0.0,"gold_gain":0.0,"event_name":"Mushrooms","player_choice":"Fought Mushrooms","floor":7.0,"gold_loss":0.0,"damage_taken":0.0},{"damage_healed":0,"gold_gain":0,"player_choice":"Fought Bandits","damage_taken":0,"max_hp_gain":0,"max_hp_loss":0,"event_name":"Masked Bandits","floor":21,"gold_loss":0},{"damage_healed":0,"gold_gain":0,"player_choice":"Bought 1 Potion","damage_taken":0,"max_hp_gain":0,"max_hp_loss":0,"event_name":"The Woman in Blue","floor":22,"gold_loss":0}],"is_beta":false,"boss_relics":[{"not_picked":["Tiny House","Runic Pyramid"],"picked":"Sozu"}],"items_purged_floors":[],"is_endless":false,"potions_floor_spawned":[8,12,13,14,16,18,19,20,21],"killed_by":"Slavers","ascension_level":20}}