{"host":"ky7z67tg8zpdk0g7","time":1613014558,"event":{"mods":["BaseMod","CapriCore","Energized Spire","Halation","Hubris","Minty Spire (QoL Compilation)","Replay The Spire","StSLib","The Construct"],"gold_per_floor":[117,117,117,127,202,202,229,229,254,219,247,3,36,36,36,134,134,152,162,186,186,186],"floor_reached":21,"language":"RUS","playtime":1062,"items_purged":[],"score":253,"play_id":"acc078f9-2be7-4f39-bf79-100bd88a2452","local_time":"20210211103558","is_ascension_mode":true,"campfire_choices":[{"data":"construct:LaserCore","floor":6.0,"key":"SMITH"},{"floor":8.0,"key":"REST"},{"data":"construct:FlameCore","floor":15,"key":"SMITH"}],"circlet_count":0,"master_deck":["construct:Strike_Gold","construct:Strike_Gold+1","construct:Strike_Gold","construct:Strike_Gold","construct:Defend_Gold","construct:Defend_Gold+1","construct:Defend_Gold","construct:Defend_Gold","construct:Defend_Gold","construct:AttackMode","construct:DefenseMode","construct:LaserCore+2","construct:ClusterMines","construct:FlameCore+1","construct:Autoturret","construct:ElectricArmor","construct:Afterburners","construct:Hazardproof+1","construct:Anticipate+1"],"relics":["construct:ClockworkPhoenix","construct:Challenge1","halation:EternalFortune","Gremlin Food","Tiny Chest","War Paint","Strawberry","hubris:OldNail","FaceOfCleric","energizedSpire:MagnifyingGlass"],"acts_visited":["Exordium","TheCity"],"potions_floor_usage":[13,18],"damage_taken":[{"damage":5.0,"enemies":"Jaw Worm","floor":1.0,"turns":5.0},{"damage":1.0,"enemies":"2 Louse","floor":4.0,"turns":3.0},{"damage":46.0,"enemies":"3 Sentries","floor":7.0,"turns":12.0},{"damage":46.0,"enemies":"Lagavulin","floor":11.0,"turns":10.0},{"damage":18,"enemies":"Gremlin Nob","floor":13,"turns":3},{"damage":9,"enemies":"Hexaghost","floor":16,"turns":12},{"damage":20,"enemies":"Shell Parasite","floor":18,"turns":7},{"damage":31,"enemies":"Spheric Guardian","floor":19,"turns":10},{"damage":73,"enemies":"Snake Plant","floor":21,"turns":7}],"seed_played":"-8744410500467863251","potions_obtained":[{"floor":7.0,"key":"Explosive Potion"},{"floor":13,"key":"SteroidPotion"},{"floor":16,"key":"ColorlessPotion"}],"is_trial":false,"path_per_floor":["M","?","?","M","?","R","E","R","T","?","E","$","E","?","R","B",null,"M","M","T","M"],"character_chosen":"THE_CONSTRUCT_MOD","items_purchased":["construct:Autoturret","Strawberry","PowerPotion"],"campfire_rested":1,"item_purchase_floors":[12,12,12],"current_hp_per_floor":[72,65,68,67,56,56,10,41,41,67,24,31,13,13,13,5,115,99,69,69,0,0],"gold":186,"neow_bonus":"TWENTY_PERCENT_HP_BONUS","is_daily":false,"chose_seed":false,"campfire_upgraded":2,"win_rate":0.0,"timestamp":1613014558,"path_taken":["M","?","?","M","?","R","E","R","T","?","E","?","E","?","R","BOSS","M","M","?","?"],"items_purchased_type":["Card","Relic","Potion"],"build_version":"2020-12-22","purchased_purges":0,"victory":false,"max_hp_per_floor":[101,101,104,104,104,104,104,104,104,104,107,114,114,114,114,115,115,119,120,120,120,120],"card_choices":[{"not_picked":["construct:SyphonStrike","construct:Construct_Overclock"],"picked":"construct:LaserCore","floor":1.0},{"not_picked":["construct:Rollout","construct:HardReboot","construct:Zapper"],"picked":"SKIP","floor":4.0},{"not_picked":["construct:Zapper","construct:ScrapCannon"],"picked":"construct:ClusterMines","floor":7.0},{"not_picked":["construct:Anticipate","construct:ShiftGuard"],"picked":"construct:FlameCore","floor":11.0},{"not_picked":["construct:HardReboot","construct:Backfire"],"picked":"construct:ElectricArmor","floor":13},{"not_picked":["construct:ClockworkEgg","construct:LongRangeLance"],"picked":"construct:Afterburners","floor":16},{"not_picked":["construct:ClusterMines","construct:ModeShift+1"],"picked":"construct:Hazardproof+1","floor":18},{"not_picked":["construct:SweepLaser","construct:CreateCores"],"picked":"construct:Anticipate+1","floor":19}],"player_experience":73718,"relics_obtained":[{"floor":7.0,"key":"Gremlin Food"},{"floor":9.0,"key":"Tiny Chest"},{"floor":11.0,"key":"halation:EternalFortune"},{"floor":11.0,"key":"War Paint"},{"floor":13,"key":"hubris:OldNail"},{"floor":18,"key":"halation:EternalFortune"}],"event_choices":[{"cards_removed":["construct:Strike_Gold"],"damage_healed":0.0,"max_hp_gain":0.0,"max_hp_loss":0.0,"gold_gain":0.0,"event_name":"Golden Wing","player_choice":"Card Removal","floor":2.0,"gold_loss":0.0,"damage_taken":7.0},{"damage_healed":0.0,"max_hp_gain":0.0,"max_hp_loss":0.0,"gold_gain":75.0,"event_name":"World of Goop","player_choice":"Gather Gold","floor":5.0,"gold_loss":0.0,"damage_taken":11.0},{"damage_healed":26.0,"max_hp_gain":0.0,"max_hp_loss":0.0,"gold_gain":0.0,"event_name":"The Cleric","player_choice":"Healed","floor":10.0,"gold_loss":35.0,"damage_taken":0.0},{"damage_healed":0,"gold_gain":0,"player_choice":"Trade","damage_taken":0,"relics_obtained":["FaceOfCleric"],"max_hp_gain":0,"max_hp_loss":0,"event_name":"FaceTrader","floor":14,"gold_loss":0}],"is_beta":false,"boss_relics":[{"not_picked":["halation:CatFaceCupcake","halation:PlatinumPhoenix"],"picked":"energizedSpire:MagnifyingGlass"}],"items_purged_floors":[],"is_endless":false,"potions_floor_spawned":[7,13,16],"killed_by":"Snake Plant","ascension_level":1}}