{"host":"d3t45luwap6hz3co","time":1613041654,"event":{"mods":["Ascension Reborn","BaseMod","BetterRewards","Card Forge","Colored Map","Highlight Path","Lobotomy","Minty Spire (QoL Compilation)","Replay The Spire","Shop Mod","StSLib","The Cursed","The Gatherer","The Hierophant","The Runesmith"],"gold_per_floor":[116,116,128,146,156,182,182,209,284,294,304,304,479,479,479,582,582,582,562,582,593,274,274,274,303,303,317,335,335,435,10,10,110,110,124,144,54,104,124,139,189,0,25,654212,654232,654232,654232,654246,654246,654246],"floor_reached":51,"language":"KOR","playtime":4550,"items_purged":[],"score":1104,"play_id":"2d7bcc58-15f2-4898-8e23-697b57274038","local_time":"20210211200734","is_ascension_mode":true,"metric_token":989,"campfire_choices":[{"floor":7,"key":"RECALL"},{"floor":12,"key":"REST"},{"floor":15,"key":"REST"},{"floor":23,"key":"REST"},{"floor":32,"key":"REST"},{"floor":46,"key":"REST"},{"floor":49,"key":"REST"}],"circlet_count":0,"master_deck":["Gatherer:Defend_Gatherer+1","Gatherer:Defend_Gatherer+1","Gatherer:Defend_Gatherer+1","Gatherer:Defend_Gatherer+1","Sadistic Nature+1","Gatherer:FlamingBottle+1","Gatherer:RecoveryHerb+1","Gatherer:FlowerWhip+3","Gatherer:LuckyClover+1","Gatherer:FlowerPower+3","Gatherer:BomberForm+1","Gatherer:Liquidism+1","Gatherer:ScherryThrow+1","Gatherer:MiningStrike+1","Gatherer:OddSpoils+1","Gatherer:BigPouch+1","Gatherer:FlowerFalling+3","Gatherer:FlowerBeam+3","Gatherer:FlowerShield+3","Gatherer:SmartManeuver+1","Gatherer:TacticalStrike+1","Gatherer:SpareBottle+1","Gatherer:BambuSword+1","Gatherer:EnergyBasket+1","Gatherer:GlowingPlant+1","Gatherer:Shadow+1","Gatherer:Light+1","Gatherer:Convert+1","Gatherer:PotentialSlash+1","Gatherer:FragileHammer+1","Gatherer:FlowerPower+3","Gatherer:QuickSynthesis+1","Gatherer:SaveValuables+1","Neutralize+1","Venomology+1","Gatherer:ScrollOfPurity+1","Gatherer:UpgradeBag+1","Gatherer:EnergyBasket+1","Crow Ritual+1","Gatherer:Polymorphism+1","Gatherer:Examine+1","Gatherer:AcidicSpray+1","Gatherer:Pollute+1","Bite+1","Bite+1","Bite+1","Bite+1","Bite+1","Gatherer:HeartToFruit+1","Gatherer:Uplift+1","Gatherer:FlowerShield+3","Gatherer:FlowerShield+3","Impatience+1","Gatherer:Bulldoze+1","Gatherer:SealedBomb+1","Gatherer:EnergyBasket+1","Gatherer:FlowerFalling+3","Gatherer:GatherMaterial+1","Gatherer:Solidify+1","Gatherer:AlchemyTrial+1","Gatherer:Uplift+1","Gatherer:AcidicSpray+1","Gatherer:MindSearch+1","Survey Options+1","Gatherer:ScrollOfWall+1","Gatherer:Liquidism+1","Gatherer:Liquidism+1","ReplayTheSpireMod:Brewmster+1","Dark Shackles+1","Madness+1","Gatherer:Transmute+1","Madness+1","Madness+1","Parasite","Gatherer:DrugPower+1"],"relics":["Gatherer:AlchemyBag","Hammer of Thor","Seething Fire","Anvil of the Gods","Torii","Ginger","Black Star","MerchantsRug","Gatherer:MistGenerator","Bottled Tornado","Gambling Chip","Onion Ring","Boot","Lee\u0027s Waffle","Cursed Key","ReplayTheSpireMod:Ring of Collecting","Ring of Greed","Blue Doll","Membership Card","Red Mask","Ring of Peace","Replay:Rubber Ducky","Toy Ornithopter","Anchor","ReplayTheSpireMod:ShopPack","BranchBurnRelic"],"acts_visited":["Exordium","TheCity","TheBeyond"],"potions_floor_usage":[6,16,18,20,20,25,27,27,33,33,38,39,39,40,45,45,45,50,50,51,51,51],"damage_taken":[{"damage":0,"enemies":"Cultist","floor":1,"turns":3},{"damage":0,"enemies":"Small Slimes","floor":3,"turns":1},{"damage":0,"enemies":"2 Louse","floor":4,"turns":1},{"damage":0,"enemies":"Red Slaver","floor":5,"turns":1},{"damage":0,"enemies":"Lagavulin","floor":6,"turns":3},{"damage":7,"enemies":"Gremlin Nob","floor":8,"turns":4},{"damage":0,"enemies":"Blue Slaver","floor":10,"turns":1},{"damage":0,"enemies":"3 Louse","floor":11,"turns":3},{"damage":7,"enemies":"Hexaghost","floor":16,"turns":5},{"damage":0,"enemies":"3 Byrds","floor":18,"turns":1},{"damage":0,"enemies":"Chosen","floor":20,"turns":3},{"damage":0,"enemies":"Snecko","floor":21,"turns":4},{"damage":15,"enemies":"Book of Stabbing","floor":25,"turns":5},{"damage":6,"enemies":"Centurion and Healer","floor":27,"turns":5},{"damage":0,"enemies":"Snake Plant","floor":28,"turns":2},{"damage":22,"enemies":"Colosseum Slavers","floor":30,"turns":3},{"damage":8,"enemies":"Colosseum Nobs","floor":30,"turns":3},{"damage":26,"enemies":"Pondfish","floor":33,"turns":10},{"damage":27,"enemies":"3 Shapes","floor":35,"turns":3},{"damage":1,"enemies":"Orb Walker","floor":36,"turns":3},{"damage":6,"enemies":"Mind Bloom Boss Battle","floor":38,"turns":4},{"damage":6,"enemies":"3 Darklings","floor":39,"turns":4},{"damage":0,"enemies":"Transient","floor":40,"turns":5},{"damage":3,"enemies":"4 Shapes","floor":45,"turns":2},{"damage":0,"enemies":"Writhing Mass","floor":48,"turns":5},{"damage":6,"enemies":"Time Eater","floor":50,"turns":7},{"damage":39,"enemies":"Malkuth","floor":51,"turns":10},{"damage":0,"enemies":"Netzach","floor":51,"turns":5}],"seed_played":"4905136104105011788","potions_obtained":[{"floor":3,"key":"DistilledChaos"},{"floor":5,"key":"SmokeBomb"},{"floor":10,"key":"Languid Potion"},{"floor":16,"key":"Milkshake"},{"floor":19,"key":"GamblersBrew"},{"floor":25,"key":"LifebloodPotion"},{"floor":30,"key":"FearPotion"},{"floor":36,"key":"Milkshake"},{"floor":38,"key":"BottledMiracle"},{"floor":45,"key":"GhostInAJar"}],"is_trial":false,"path_per_floor":["M","?","M","M","M","E","R","E","T","M","M","R","?","?","R","B",null,"M","?","M","M","$","R","?","E","T","M","M","?","?","$","R","B",null,"M","M","$","?","M","M","?","?","T","$","M","R","?","M","R","B",null],"character_chosen":"THE_GATHERER","items_purchased":["MerchantsRug","Crow Ritual","Boot","Lee\u0027s Waffle","Gatherer:Uplift","Gatherer:FlowerShield","Impatience","Gatherer:FlowerFalling","Gatherer:GatherMaterial","Gatherer:AcidicSpray","Gatherer:MindSearch+1","Toy Ornithopter","Anchor","ReplayTheSpireMod:ShopPack","ColorlessPotion","EssenceOfSteel","Survey Options","Gatherer:ScrollOfWall","Gatherer:Liquidism"],"campfire_rested":6,"item_purchase_floors":[22,22,31,31,31,31,31,37,37,44,44,44,44,44,44,44,44,44,44],"current_hp_per_floor":[72,72,72,72,72,72,72,69,69,70,70,72,72,72,72,69,72,72,72,72,72,72,72,72,58,58,54,58,50,34,57,57,49,57,41,43,43,44,55,61,61,61,61,61,58,61,53,61,61,61],"gold":654246,"neow_bonus":"","is_daily":false,"chose_seed":false,"campfire_upgraded":0,"win_rate":0.0,"timestamp":1613041654,"path_taken":["M","?","M","M","M","E","R","E","T","M","M","R","?","?","R","BOSS","M","?","?","M","$","R","?","E","T","M","M","?","?","?","R","BOSS","M","M","$","?","M","M","?","?","T","?","?","R","?","M","R","BOSS"],"items_purchased_type":["Relic","Card","Relic","Relic","Card","Card","Card","Card","Card","Card","Card","Relic","Relic","Relic","Potion","Potion","Card","Card","Card"],"build_version":"2020-12-22","purchased_purges":0,"victory":true,"max_hp_per_floor":[72,72,72,72,72,72,72,72,72,72,72,72,72,72,72,72,72,72,72,72,72,72,72,72,72,72,72,72,50,50,57,57,57,57,61,61,61,61,61,61,61,61,61,61,61,61,61,61,61,61],"card_choices":[{"not_picked":["Gatherer:AromaProtection","Gatherer:Frenzy"],"picked":"Gatherer:BambuSword","floor":1},{"not_picked":["Gatherer:Duplicator","Gatherer:SaveValuables"],"picked":"Gatherer:GlowingPlant","floor":3},{"not_picked":["Gatherer:Frenzy","Gatherer:FinishingStrike"],"picked":"Gatherer:Convert","floor":4},{"not_picked":["Gatherer:VenomBarrier","Gatherer:ScrollOfWall"],"picked":"Gatherer:PotentialSlash","floor":5},{"not_picked":["Gatherer:CursedBlade","Gatherer:TreeGrowth"],"picked":"Gatherer:FragileHammer","floor":6},{"not_picked":["Gatherer:PotentialSlash","Gatherer:Liquidism"],"picked":"Gatherer:FlowerPower","floor":8},{"not_picked":["Gatherer:BambuSword","Gatherer:TreeGrowth"],"picked":"Gatherer:QuickSynthesis","floor":10},{"not_picked":["Gatherer:Misfortune","Gatherer:MiningStrike"],"picked":"Gatherer:SaveValuables","floor":11},{"not_picked":["Gatherer:LuckyClover","Gatherer:FinishingStrike"],"picked":"Gatherer:ScrollOfPurity","floor":16},{"not_picked":["Gatherer:FeelingFine","Gatherer:TacticalStrike+1"],"picked":"Gatherer:UpgradeBag","floor":20},{"not_picked":["Gatherer:FeelingFine","Gatherer:ScrollOfWall"],"picked":"Gatherer:EnergyBasket+1","floor":21},{"not_picked":["Gatherer:GlowingPlant","Gatherer:Misfortune"],"picked":"Gatherer:Examine","floor":25},{"not_picked":["Gatherer:AromaProtection+1","Gatherer:Convert"],"picked":"Gatherer:AcidicSpray+1","floor":27},{"not_picked":["Gatherer:Frenzy","Gatherer:FlowerPower+1"],"picked":"Gatherer:Pollute","floor":28},{"not_picked":["Gatherer:FlowerShield","Gatherer:Convert"],"picked":"Gatherer:HeartToFruit","floor":30},{"not_picked":["Gatherer:StoneFence","Gatherer:LuckyClover"],"picked":"Gatherer:Bulldoze","floor":33},{"not_picked":["Gatherer:Pollute+1","Gatherer:QuickSynthesis"],"picked":"Gatherer:SealedBomb+1","floor":35},{"not_picked":["Gatherer:FeelingFine","Gatherer:TacticalStrike+1"],"picked":"Gatherer:EnergyBasket+1","floor":36},{"not_picked":["Gatherer:Frenzy","Gatherer:AcidicSpray+1"],"picked":"Gatherer:Solidify","floor":38},{"not_picked":["Gatherer:ScherryThrow+1","Gatherer:FlowerFalling"],"picked":"Gatherer:AlchemyTrial+1","floor":39},{"not_picked":["Gatherer:TreeGrowth","Gatherer:Solidify"],"picked":"Gatherer:Uplift+1","floor":40},{"not_picked":["Chrysalis","The Bomb"],"picked":"ReplayTheSpireMod:Brewmster","floor":44},{"not_picked":["Panacea","Finesse"],"picked":"Dark Shackles","floor":44},{"not_picked":["Forethought","Replay:Sssssssssstrike"],"picked":"Madness","floor":44},{"not_picked":["Gatherer:BambuSword+1","Gatherer:Solidify"],"picked":"Gatherer:Transmute","floor":45},{"not_picked":["Gatherer:GatherMaterial+1","Gatherer:EchoOfNature+1"],"picked":"Gatherer:DrugPower","floor":48}],"player_experience":107101,"relics_obtained":[{"floor":6,"key":"Torii"},{"floor":8,"key":"Ginger"},{"floor":25,"key":"Gatherer:MistGenerator"},{"floor":25,"key":"Pocketwatch"},{"floor":26,"key":"Bottled Tornado"},{"floor":30,"key":"Gambling Chip"},{"floor":30,"key":"Onion Ring"},{"floor":38,"key":"Dead Branch"},{"floor":41,"key":"ReplayTheSpireMod:Ring of Collecting"},{"floor":41,"key":"Ring of Greed"},{"floor":41,"key":"Blue Doll"},{"floor":41,"key":"Membership Card"},{"floor":43,"key":"Ring of Peace"},{"floor":43,"key":"Replay:Rubber Ducky"}],"event_choices":[{"damage_healed":0,"gold_gain":0,"cards_transformed":["Gatherer:Defend_Gatherer"],"player_choice":"Change","damage_taken":0,"max_hp_gain":0,"max_hp_loss":0,"event_name":"Living Wall","floor":2,"gold_loss":0,"cards_obtained":["Gatherer:EnergyBasket"]},{"damage_healed":0,"gold_gain":175,"player_choice":"AGREE","damage_taken":0,"max_hp_gain":0,"max_hp_loss":0,"event_name":"Liars Game","floor":13,"gold_loss":0,"cards_obtained":["Doubt"]},{"damage_healed":0,"gold_gain":0,"player_choice":"Bought 1 Potion","damage_taken":0,"max_hp_gain":0,"max_hp_loss":0,"event_name":"The Woman in Blue","floor":19,"gold_loss":0},{"damage_healed":0,"gold_gain":0,"player_choice":"Read","damage_taken":0,"max_hp_gain":0,"max_hp_loss":0,"event_name":"The Library","floor":24,"gold_loss":0,"cards_obtained":["Gatherer:Polymorphism"]},{"damage_healed":0,"gold_gain":0,"player_choice":"Became a vampire","damage_taken":0,"max_hp_gain":0,"max_hp_loss":22,"event_name":"Vampires","floor":29,"gold_loss":0,"cards_obtained":["Bite","Bite","Bite","Bite","Bite"]},{"damage_healed":0,"gold_gain":0,"player_choice":"Fight","damage_taken":0,"max_hp_gain":0,"max_hp_loss":0,"event_name":"Colosseum","floor":30,"gold_loss":0},{"damage_healed":0,"gold_gain":0,"player_choice":"Fought Nobs","damage_taken":0,"max_hp_gain":0,"max_hp_loss":0,"event_name":"Colosseum","floor":30,"gold_loss":0},{"damage_healed":0,"gold_gain":0,"player_choice":"Fight","damage_taken":0,"max_hp_gain":0,"max_hp_loss":0,"event_name":"MindBloom","floor":38,"gold_loss":0},{"damage_healed":0,"gold_gain":0,"player_choice":"Paid","damage_taken":0,"relics_obtained":["Red Mask"],"max_hp_gain":0,"max_hp_loss":0,"event_name":"Tomb of Lord Red Mask","floor":42,"gold_loss":189},{"damage_healed":0,"gold_gain":0,"player_choice":"Embrace Madness","damage_taken":8,"max_hp_gain":0,"max_hp_loss":0,"event_name":"Winding Halls","floor":47,"gold_loss":0,"cards_obtained":["Madness","Madness"]}],"is_beta":false,"boss_relics":[{"not_picked":["Pandora\u0027s Box","ChewingGum"],"picked":"Black Star"},{"not_picked":["Gatherer:ExplorersPath","Replay:Bronze Core"],"picked":"Cursed Key"}],"items_purged_floors":[],"is_endless":false,"potions_floor_spawned":[3,5,10,16,18,25,30,36,38,45],"ascension_level":0}}