{"host":"lly094a91h6n5nv5","time":1613035237,"event":{"mods":["AchievementEnabler","BaseMod","Block Reminder","Colored Map","Minty Spire (QoL Compilation)"],"gold_per_floor":[13,28,46,46,64,93,93,120,156,168,207,219,40,69,69,172,172,191,210,225,225,237,237,265,265,265,265,265,24,44,76,76,175,175,191,210,210,210,33,33,63,163,163,188,25,25,74,90,90,90],"floor_reached":51,"language":"ENG","playtime":3329,"items_purged":["Bash"],"score":1088,"play_id":"92d1cbbd-0328-4967-9e8e-88943180d3b9","local_time":"20210211032037","is_ascension_mode":true,"campfire_choices":[{"data":"Body Slam","floor":7.0,"key":"SMITH"},{"data":"Barricade","floor":10.0,"key":"SMITH"},{"data":"Body Slam","floor":12.0,"key":"SMITH"},{"data":"Shockwave","floor":15.0,"key":"SMITH"},{"data":"Offering","floor":23.0,"key":"SMITH"},{"data":"Warcry","floor":25.0,"key":"SMITH"},{"data":"Feel No Pain","floor":28.0,"key":"SMITH"},{"data":"Uppercut","floor":32,"key":"SMITH"},{"data":"Madness","floor":40,"key":"SMITH"},{"data":"True Grit","floor":46,"key":"SMITH"},{"data":"True Grit","floor":49,"key":"SMITH"}],"circlet_count":0,"master_deck":["Strike_R","Strike_R","Strike_R","Defend_R","Defend_R","Defend_R","Defend_R","Barricade+1","Carnage+1","Feel No Pain+1","Body Slam+1","Shrug It Off","Body Slam+1","Shockwave+1","Offering+1","Warcry+1","Shockwave","Sword Boomerang","Barricade","Reaper","Shrug It Off","True Grit+1","Feel No Pain","Warcry","Uppercut+1","Offering","Metallicize+1","Madness+1","Madness","Feel No Pain","True Grit+1","Battle Trance"],"relics":["Burning Blood","Incense Burner","MawBank","Vajra","MealTicket","Ancient Tea Set","Regal Pillow","Sozu","The Courier","Meat on the Bone","Juzu Bracelet","Runic Dome","Anchor","Art of War","Eternal Feather","Singing Bowl","Gambling Chip"],"acts_visited":["Exordium","TheCity","TheBeyond"],"potions_floor_usage":[50,50],"damage_taken":[{"damage":1.0,"enemies":"Small Slimes","floor":1.0,"turns":4.0},{"damage":0.0,"enemies":"Jaw Worm","floor":2.0,"turns":3.0},{"damage":6.0,"enemies":"Cultist","floor":3.0,"turns":4.0},{"damage":13.0,"enemies":"3 Louse","floor":5.0,"turns":5.0},{"damage":40.0,"enemies":"3 Sentries","floor":6.0,"turns":10.0},{"damage":25.0,"enemies":"Lagavulin","floor":8.0,"turns":10.0},{"damage":4.0,"enemies":"Gremlin Nob","floor":14.0,"turns":4.0},{"damage":1.0,"enemies":"Hexaghost","floor":16.0,"turns":7.0},{"damage":10.0,"enemies":"Shell Parasite","floor":18.0,"turns":4.0},{"damage":7.0,"enemies":"Spheric Guardian","floor":19.0,"turns":3.0},{"damage":6.0,"enemies":"Cultist and Chosen","floor":20.0,"turns":5.0},{"damage":1.0,"enemies":"Snecko","floor":22.0,"turns":4.0},{"damage":16.0,"enemies":"Book of Stabbing","floor":24.0,"turns":4.0},{"damage":2,"enemies":"Sentry and Sphere","floor":30,"turns":5},{"damage":19,"enemies":"Slavers","floor":31,"turns":7},{"damage":21,"enemies":"Collector","floor":33,"turns":10},{"damage":18,"enemies":"Orb Walker","floor":35,"turns":3},{"damage":1,"enemies":"3 Shapes","floor":36,"turns":7},{"damage":20,"enemies":"Giant Head","floor":41,"turns":10},{"damage":12,"enemies":"Reptomancer","floor":44,"turns":7},{"damage":12,"enemies":"2 Orb Walkers","floor":47,"turns":5},{"damage":9,"enemies":"Sphere and 2 Shapes","floor":48,"turns":5},{"damage":48,"enemies":"Awakened One","floor":50,"turns":13}],"seed_played":"3414213793072341205","potions_obtained":[{"floor":1.0,"key":"SkillPotion"},{"floor":3.0,"key":"Ancient Potion"},{"floor":6.0,"key":"PowerPotion"}],"is_trial":false,"path_per_floor":["M","M","M","?","M","E","R","E","T","R","T","R","$","E","R","B",null,"M","M","M","?","M","R","E","R","T","?","R","$","M","E","R","B",null,"M","M","?","?","$","R","E","?","T","E","$","R","?","M","R","B",null],"character_chosen":"IRONCLAD","items_purchased":["Shockwave","Ancient Tea Set","Reaper","Shrug It Off","True Grit","Feel No Pain","Warcry","Anchor","Feel No Pain","True Grit","Battle Trance"],"campfire_rested":0,"item_purchase_floors":[13,13,29,29,29,29,29,39,39,45,45],"current_hp_per_floor":[77,80,80,80,73,39,39,20,20,20,20,20,35,37,37,42,71,67,66,66,51,56,56,46,46,46,46,46,61,72,74,74,76,83,78,85,85,74,85,85,71,71,71,87,87,87,89,90,91,56],"gold":90,"neow_bonus":"THREE_RARE_CARDS","is_daily":false,"chose_seed":false,"campfire_upgraded":11,"win_rate":0.0,"timestamp":1613035237,"path_taken":["M","M","M","?","M","E","R","E","T","R","?","R","?","E","R","BOSS","M","M","?","?","M","R","E","R","T","?","R","$","M","E","R","BOSS","M","M","?","?","?","R","E","?","T","E","$","R","?","M","R","BOSS"],"items_purchased_type":["Card","Relic","Card","Card","Card","Card","Card","Relic","Card","Card","Card"],"build_version":"2020-12-22","purchased_purges":1,"victory":true,"max_hp_per_floor":[80,80,80,80,80,80,80,80,80,80,80,80,80,80,80,80,80,80,80,80,85,85,85,85,85,85,85,85,85,85,85,85,85,85,85,85,85,85,85,85,85,85,85,87,87,87,89,91,91,91],"card_choices":[{"not_picked":["Immolate","Offering"],"picked":"Barricade","floor":0.0},{"not_picked":["Flex","Pommel Strike"],"picked":"Carnage","floor":1.0},{"not_picked":["Thunderclap","Searing Blow"],"picked":"Feel No Pain","floor":2.0},{"not_picked":["Flex","Sentinel"],"picked":"Body Slam","floor":3.0},{"not_picked":["Armaments","Pommel Strike","Rampage"],"picked":"SKIP","floor":5.0},{"not_picked":["Demon Form","Heavy Blade"],"picked":"Shrug It Off","floor":6.0},{"not_picked":["Combust","Clothesline"],"picked":"Body Slam","floor":8.0},{"not_picked":["Havoc","Clash","Fire Breathing"],"picked":"SKIP","floor":14.0},{"not_picked":["Reaper","Juggernaut"],"picked":"Offering","floor":16.0},{"not_picked":["Evolve+1","Perfected Strike","Anger"],"picked":"SKIP","floor":18.0},{"not_picked":["Second Wind","Clash+1","Rupture"],"picked":"SKIP","floor":19.0},{"not_picked":["Fire Breathing","Havoc","Bloodletting+1"],"picked":"SKIP","floor":20.0},{"not_picked":["Second Wind","Body Slam+1"],"picked":"Warcry","floor":22.0},{"not_picked":["Dropkick","Anger+1"],"picked":"Shockwave","floor":24.0},{"not_picked":["Blood for Blood","Heavy Blade","Intimidate"],"picked":"SKIP","floor":30},{"not_picked":["Perfected Strike+1","Blood for Blood"],"picked":"Uppercut","floor":31},{"not_picked":["Impervious","Fiend Fire"],"picked":"Offering","floor":33},{"not_picked":["Shockwave+1","Rampage+1"],"picked":"Metallicize+1","floor":35},{"not_picked":["Iron Wave+1","Flex+1"],"picked":"Whirlwind","floor":36},{"not_picked":["Brutality","Dropkick+1","Power Through+1"],"picked":"SKIP","floor":41},{"not_picked":["Shrug It Off+1","Reaper","Rampage"],"picked":"Singing Bowl","floor":44},{"not_picked":["Whirlwind+1","Power Through+1","Havoc"],"picked":"Singing Bowl","floor":47},{"not_picked":["Sword Boomerang+1","Bloodletting","Clothesline"],"picked":"Singing Bowl","floor":48}],"player_experience":204129,"relics_obtained":[{"floor":6.0,"key":"Incense Burner"},{"floor":8.0,"key":"MawBank"},{"floor":9.0,"key":"Vajra"},{"floor":11.0,"key":"MealTicket"},{"floor":14.0,"key":"Regal Pillow"},{"floor":24.0,"key":"The Courier"},{"floor":26.0,"key":"Meat on the Bone"},{"floor":31,"key":"Juzu Bracelet"},{"floor":41,"key":"Art of War"},{"floor":43,"key":"Eternal Feather"},{"floor":44,"key":"Singing Bowl"},{"floor":47,"key":"Gambling Chip"}],"event_choices":[{"damage_healed":0.0,"max_hp_gain":0.0,"max_hp_loss":0.0,"gold_gain":0.0,"event_name":"Living Wall","player_choice":"Grow","floor":4.0,"gold_loss":0.0,"damage_taken":0.0,"cards_upgraded":["Carnage"]},{"damage_healed":0.0,"max_hp_gain":5.0,"max_hp_loss":0.0,"gold_gain":0.0,"event_name":"Forgotten Altar","player_choice":"Shed Blood","floor":21.0,"gold_loss":0.0,"damage_taken":20.0},{"damage_healed":0.0,"max_hp_gain":0.0,"max_hp_loss":0.0,"gold_gain":0.0,"cards_transformed":["Strike_R","Strike_R"],"event_name":"Drug Dealer","player_choice":"Became Test Subject","floor":27.0,"gold_loss":0.0,"damage_taken":0.0,"cards_obtained":["Sword Boomerang","Barricade"]},{"cards_removed":["Whirlwind"],"damage_healed":0,"gold_gain":0,"player_choice":"Removed Attack","damage_taken":0,"max_hp_gain":0,"max_hp_loss":0,"event_name":"Falling","floor":37,"gold_loss":0},{"damage_healed":0,"gold_gain":0,"player_choice":"Embrace Madness","damage_taken":11,"max_hp_gain":0,"max_hp_loss":0,"event_name":"Winding Halls","floor":38,"gold_loss":0,"cards_obtained":["Madness","Madness"]},{"damage_healed":0,"gold_gain":100,"player_choice":"Pray","damage_taken":0,"max_hp_gain":0,"max_hp_loss":0,"event_name":"Golden Shrine","floor":42,"gold_loss":0},{"damage_healed":0,"gold_gain":0,"player_choice":"Fight","damage_taken":0,"max_hp_gain":0,"max_hp_loss":0,"event_name":"Mysterious Sphere","floor":47,"gold_loss":0}],"is_beta":false,"boss_relics":[{"not_picked":["Tiny House","Busted Crown"],"picked":"Sozu"},{"not_picked":["Mark of Pain","Runic Cube"],"picked":"Runic Dome"}],"items_purged_floors":[45],"is_endless":false,"potions_floor_spawned":[1,3,6,20,22,30,31,44,47,48],"ascension_level":8}}