{"host":"37ccm3d17clopct7","time":1613031895,"event":{"mods":["BaseMod","GungeonMod","Hermit","Lobotomy","Minty Spire (QoL Compilation)","StSLib","The Bug Knight","The Cursed","The Hierophant","The Jungle","The Runesmith"],"gold_per_floor":[119,294,66,85,85,119,119,119,119,119,119,143,143,184,184,314,314,335,335,64,84,84,127,127,127],"floor_reached":24,"language":"KOR","playtime":1421,"items_purged":[],"score":231,"play_id":"6fcdedb0-c10c-4bf9-925c-9883919b1a4f","local_time":"20210211172455","is_ascension_mode":true,"campfire_choices":[{"floor":7,"key":"REST"},{"floor":10,"key":"REST"},{"floor":13,"key":"RECALL"},{"floor":15,"key":"REST"}],"circlet_count":0,"master_deck":["TheCursedMod:Strike_TheCursed","TheCursedMod:Strike_TheCursed","TheCursedMod:Defend_TheCursed","TheCursedMod:Defend_TheCursed","TheCursedMod:Defend_TheCursed","TheCursedMod:CursedWand","TheCursedMod:CleanUpWorkshop","TheCursedMod:Dregs","TheCursedMod:CursedAmulet","Doubt","TheCursedMod:SurpriseAttack","TheCursedMod:WearCloak","TheCursedMod:Obscuration","TheCursedMod:CircleOfFlame","Injury","TheCursedMod:VoidForm","TheCursedMod:CursedShiv","TheCursedMod:CircleOfAbyss","TheCursedMod:NeowsMight+1","TheCursedMod:DarkBarrier+1","TheCursedMod:Stretching+1","TheCursedMod:Torture+1","Doubt","TheCursedMod:LuckyCharm","TheCursedMod:SurpriseAttack","TheCursedMod:CircleOfCorruption+1","TheCursedMod:SpitefulPray+1"],"relics":["TheCursedMod:BlackMagic101","Lantern","DemoMod:OrangeGuonStone","Golden Idol","Nunchaku","Astrolabe","Regal Pillow","DemoMod:GlassGuonStoneRelic","Toxic Egg 2"],"acts_visited":["Exordium","theJungle:Jungle"],"potions_floor_usage":[23,24],"damage_taken":[{"damage":13,"enemies":"Jaw Worm","floor":1,"turns":5},{"damage":3,"enemies":"2 Louse","floor":4,"turns":5},{"damage":45,"enemies":"3 Sentries","floor":6,"turns":22},{"damage":0,"enemies":"Small Slimes","floor":12,"turns":4},{"damage":45,"enemies":"Gremlin Nob","floor":14,"turns":7},{"damage":30,"enemies":"The Guardian","floor":16,"turns":12},{"damage":29,"enemies":"theJungle:MUSHROOMGANG","floor":18,"turns":9},{"damage":3,"enemies":"theJungle:5_Spyders","floor":21,"turns":10},{"damage":47,"enemies":"theJungle:MamaSnecko","floor":23,"turns":8},{"damage":9,"enemies":"theJungle:Lyon","floor":24,"turns":2}],"seed_played":"2764768647554778536","potions_obtained":[{"floor":16,"key":"SteroidPotion"},{"floor":21,"key":"ColorlessPotion"}],"is_trial":false,"path_per_floor":["M","?","$","M","?","E","R","?","T","R","?","M","R","E","R","B",null,"M","?","$","M","?","E","M"],"character_chosen":"THE_CURSED","items_purchased":["Lantern","TheCursedMod:SurpriseAttack","TheCursedMod:WearCloak","Regal Pillow","TheCursedMod:LuckyCharm","TheCursedMod:SurpriseAttack"],"campfire_rested":3,"item_purchase_floors":[3,3,3,20,20,20],"current_hp_per_floor":[62,62,62,59,64,19,43,43,43,67,67,67,67,22,46,16,80,51,51,51,48,48,1,0,0],"gold":127,"neow_bonus":"TRANSFORM_TWO_CARDS","is_daily":false,"chose_seed":false,"campfire_upgraded":0,"win_rate":0.0,"timestamp":1613031895,"path_taken":["M","?","$","M","?","E","R","?","T","R","?","M","R","E","R","BOSS","M","?","$","?","?","E","M"],"items_purchased_type":["Card","Card","Card","Relic","Card","Card"],"build_version":"2020-12-22","purchased_purges":0,"victory":false,"max_hp_per_floor":[75,75,75,75,80,80,80,80,80,80,80,80,80,80,80,80,80,80,80,80,80,80,80,80,80],"card_choices":[{"not_picked":["TheCursedMod:Wield","TheCursedMod:SpitefulStrike"],"picked":"TheCursedMod:CursedAmulet","floor":1},{"not_picked":["TheCursedMod:EmpowerCircles","TheCursedMod:CircleOfFlame"],"picked":"TheCursedMod:Obscuration","floor":4},{"not_picked":["TheCursedMod:SaltUponWound","TheCursedMod:RapidMovement"],"picked":"TheCursedMod:CircleOfFlame","floor":6},{"not_picked":["TheCursedMod:CursedArmor","TheCursedMod:ReleasedKnowledge"],"picked":"TheCursedMod:VoidForm","floor":12},{"not_picked":["TheCursedMod:CircleOfWindfury","TheCursedMod:CursedBoomerang"],"picked":"TheCursedMod:CursedShiv","floor":14},{"not_picked":["TheCursedMod:AntiAging","TheCursedMod:Neurasthenia"],"picked":"TheCursedMod:CircleOfAbyss","floor":16},{"not_picked":["TheCursedMod:EmpowerCircles","TheCursedMod:RapidMovement+1"],"picked":"TheCursedMod:Torture+1","floor":18},{"not_picked":["TheCursedMod:RavingStaff","TheCursedMod:CircleOfFlame"],"picked":"TheCursedMod:CircleOfCorruption+1","floor":21},{"not_picked":["TheCursedMod:CircleOfFlame+1","TheCursedMod:CursedAmulet+1"],"picked":"TheCursedMod:SpitefulPray+1","floor":23}],"player_experience":174945,"relics_obtained":[{"floor":6,"key":"DemoMod:OrangeGuonStone"},{"floor":14,"key":"Nunchaku"},{"floor":23,"key":"Toxic Egg 2"}],"event_choices":[{"damage_healed":0,"gold_gain":175,"player_choice":"AGREE","damage_taken":0,"max_hp_gain":0,"max_hp_loss":0,"event_name":"Liars Game","floor":2,"gold_loss":0,"cards_obtained":["Doubt"]},{"damage_healed":0,"gold_gain":0,"player_choice":"Donut","damage_taken":0,"max_hp_gain":5,"max_hp_loss":0,"event_name":"Big Fish","floor":5,"gold_loss":0},{"damage_healed":0,"gold_gain":0,"player_choice":"Ignored","damage_taken":0,"max_hp_gain":0,"max_hp_loss":0,"event_name":"Shining Light","floor":8,"gold_loss":0},{"damage_healed":0,"gold_gain":0,"player_choice":"Take Wound","damage_taken":0,"relics_obtained":["Golden Idol"],"max_hp_gain":0,"max_hp_loss":0,"event_name":"Golden Idol","floor":11,"gold_loss":0,"cards_obtained":["Injury"]},{"damage_healed":0,"gold_gain":0,"cards_transformed":["Regret"],"player_choice":"Transformed","damage_taken":0,"max_hp_gain":0,"max_hp_loss":0,"event_name":"Transmorgrifier","floor":19,"gold_loss":0,"cards_obtained":["Doubt"]}],"is_beta":false,"boss_relics":[{"not_picked":["TheCursedMod:OminousMark","Coffee Dripper"],"picked":"Astrolabe"}],"items_purged_floors":[],"is_endless":false,"potions_floor_spawned":[16,21],"killed_by":"theJungle:Lyon","ascension_level":1}}