{"host":"627up2rvtmm0cf0r","time":1613027854,"event":{"mods":["ATMod(阿瑾Mod)","Act Like it!","BaseMod","Better Vampires","Bossed Relics","CapriCore","Card Filter","Card Forge","Colored Powertips","DeckTracker","Dota2Spire","Downfall","Energized Spire","Friendly Minions","Highlight Path","Infinite Spire","Jedi Mod","Minty Spire (QoL Compilation)","MostiFishMod","Permanent Neow","Practice Mode","Quick Restart","Relic Stats","Reliquary","Shop Mod","Spicy Shops","StSLib","SuperFastMode","TestMod","【遗物卡牌】REMEMod","篝火指南"],"gold_per_floor":[99,109,209,209,26,46,46,64,64,93,93,543,572,375,390,493,493,493,508,523,542,553,553,553,578,578,588,601,203,243,312,341,480,480,280,314,350,350,381,446,446,471,497,525,544,557,860,860,860,860],"floor_reached":51,"language":"ZHS","playtime":1883,"items_purged":["sneckomod:Strike","sneckomod:Defend","downfall:Icky","downfall:Icky"],"score":1351,"play_id":"a0e6846f-5b50-4785-a1ba-ce29b178593b","local_time":"20210211151734","is_ascension_mode":true,"campfire_choices":[{"data":"sneckomod:Unknown","floor":1.0,"key":"SMITH"},{"data":"sneckomod:TrashToTreasure","floor":11.0,"key":"SMITH"},{"data":"sneckomod:DiceBoulder","floor":18.0,"key":"SMITH"},{"data":"sneckomod:DiceBoulder+1","floor":23.0,"key":"SMITH"},{"floor":35,"key":"RECALL"}],"circlet_count":0,"master_deck":["sneckomod:Strike","sneckomod:Defend","sneckomod:Defend","sneckomod:TailWhip","sneckomod:SnekBite","sneckomod:Unknown+1","sneckomod:Unknown","sneckomod:SnakeSap","sneckomod:DiceBoulder+2","sneckomod:TrashToTreasure+1","downfall:Icky","sneckomod:Transmogrify","sneckomod:UnknownColorless+1","sneckomod:UnknownColorless","champ:TripleStrike","sneckomod:Transmogrify","sneckomod:UnknownRareAttack"],"relics":["infinitespire:DarkRift","Hammer of Thor","Seething Fire","Anvil of the Gods","DaveBox","testmod-TestBox","REME_ComplimentaryCards","AT_ATBox","infinitespire:Cubic Diamond","AT_SunfireAegis","reliquary:WritOfMandamus","hexamod:BolsterEngine","Dodecahedron","Calipers","TakeMeEscape","Unceasing Top","Oddly Smooth Stone","jedi:Pinwheel","Dota2Spire:BlackKingBar","testmod-ArcanaOfDestiny","NightmareShop","downfall:HeartBlessingBlue","downfall:HeartBlessingGreen","BirthdayGift-Tetrahedron","AT_EbonyIvory","Question Card","reliquary:Firecrackers","DianPoetry","PreservedInsect","reliquary:Stiletto","reliquary:TridentHead","TungstenRod","reliquary:RoseTintedGlasses","jedi:ominousloannote","AT_TimeSand","SynthV"],"acts_visited":["Exordium","TheCity","TheBeyond"],"potions_floor_usage":[],"damage_taken":[{"damage":2.0,"enemies":"Small Slimes","floor":2.0,"turns":2.0},{"damage":8.0,"enemies":"downfall:FleeingMerchant","floor":5.0,"turns":5.0},{"damage":0.0,"enemies":"Jaw Worm","floor":6.0,"turns":1.0},{"damage":2.0,"enemies":"2 Louse","floor":8.0,"turns":2.0},{"damage":4.0,"enemies":"Lagavulin","floor":10.0,"turns":3.0},{"damage":2.0,"enemies":"3 Sentries","floor":13.0,"turns":2.0},{"damage":1.0,"enemies":"Gremlin Gang","floor":15.0,"turns":1.0},{"damage":4.0,"enemies":"DF_ARCHETYPE_STREAMLINE","floor":16.0,"turns":3.0},{"damage":7.0,"enemies":"Chosen","floor":19.0,"turns":2.0},{"damage":2.0,"enemies":"Snake Plant","floor":20.0,"turns":2.0},{"damage":4.0,"enemies":"Cultist and Chosen","floor":21.0,"turns":3.0},{"damage":2.0,"enemies":"3 Cultists","floor":22.0,"turns":2.0},{"damage":22.0,"enemies":"Book of Stabbing","floor":25.0,"turns":3.0},{"damage":2.0,"enemies":"Chosen and Byrds","floor":27.0,"turns":2.0},{"damage":2.0,"enemies":"Centurion and Healer","floor":28.0,"turns":2.0},{"damage":0,"enemies":"Snake Plant","floor":30,"turns":1},{"damage":12,"enemies":"Slavers","floor":31,"turns":1},{"damage":0,"enemies":"Snecko","floor":32,"turns":1},{"damage":10,"enemies":"IC_MUSHROOM_ARCHETYPE","floor":33,"turns":1},{"damage":3,"enemies":"3 Shapes","floor":36,"turns":2},{"damage":0,"enemies":"3 Darklings","floor":37,"turns":1},{"damage":0,"enemies":"Sphere and 2 Shapes","floor":39,"turns":1},{"damage":2,"enemies":"Giant Head","floor":40,"turns":2},{"damage":7,"enemies":"Writhing Mass","floor":42,"turns":1},{"damage":2,"enemies":"Jaw Worm Horde","floor":43,"turns":2},{"damage":0,"enemies":"Nemesis","floor":44,"turns":1},{"damage":2,"enemies":"Maw","floor":45,"turns":2},{"damage":0,"enemies":"Spire Growth","floor":46,"turns":1},{"damage":2,"enemies":"Writhing Mass","floor":48,"turns":2},{"damage":0,"enemies":"Maw","floor":49,"turns":1},{"damage":0,"enemies":"WA_ARCHETYPE_DIVINITY","floor":50,"turns":3}],"seed_played":"4232863709950734321","potions_obtained":[{"floor":8.0,"key":"Fire Potion"},{"floor":10.0,"key":"Ancient Potion"},{"floor":15.0,"key":"testmod-TestPotion"},{"floor":28,"key":"jedi:StrikingPotion"}],"is_trial":false,"path_per_floor":["R","M","?","?","$","M","T","M","?","E","R","?","E","$","M","B",null,"R","M","M","M","M","R","T","E","AVR","M","M","$","M","E","M","B",null,"R","M","M","?","M","E","T","M","M","E","M","M","$","M","M","B",null],"character_chosen":"THE_SNECKO","items_purchased":["testmod-ArcanaOfDestiny","AT_SunfireAegis","Membership Card","REME_ArchaeologicalTools","jedi:Pinwheel","reliquary:Stiletto","SynthV","reliquary:RoseTintedGlasses","jedi:ominousloannote","sneckomod:UnknownRareAttack"],"campfire_rested":0,"item_purchase_floors":[5,5,14,29,29,29,29,47,47,47],"current_hp_per_floor":[90,88,88,88,80,80,80,78,78,74,74,74,72,72,71,67,90,90,83,81,77,75,75,75,53,53,51,49,49,49,37,37,37,90,100,97,97,97,97,95,95,88,86,90,88,88,88,86,86,86],"gold":860,"neow_bonus":"REMOVE_CARD","is_daily":false,"chose_seed":false,"campfire_upgraded":4,"win_rate":0.0,"timestamp":1613027854,"path_taken":["R","M","?","?","?","M","T","?","?","E","R","?","E","?","M","BOSS","R","M","M","?","M","R","T","E","AVR","M","M","$","M","E","M","BOSS","R","M","M","?","M","E","T","M","M","E","M","M","$","M","M","BOSS"],"items_purchased_type":["Relic","Relic","Relic","Relic","Relic","Relic","Relic","Relic","Relic","Card"],"build_version":"2020-12-22","purchased_purges":4,"victory":true,"max_hp_per_floor":[90,90,90,90,90,90,90,90,90,90,90,90,90,90,90,90,90,90,90,90,90,90,90,90,90,90,90,90,90,90,90,90,90,90,100,100,100,100,100,100,100,100,100,100,100,100,100,100,100,100],"relic_stats":{"counters":[31,58],"PreservedInsect":47,"Question Card":21,"obtain_stats":[{"AT_ATBox":0,"Calipers":10,"DaveBox":0,"SynthV":29,"DianPoetry":42,"reliquary:Firecrackers":41,"downfall:HeartBlessingGreen":35,"Hammer of Thor":0,"infinitespire:Cubic Diamond":4,"AT_TimeSand":48,"jedi:Pinwheel":29,"sneckomod:SneckoSoul":0,"reliquary:TridentHead":44,"NightmareShop":34,"downfall:HeartBlessingBlue":35,"jedi:cryingmask":25,"reliquary:RoseTintedGlasses":47,"REME_ArchaeologicalTools":29,"BirthdayGift-Tetrahedron":1,"testmod-ArcanaOfDestiny":5,"InkBottle":24,"testmod-TestBox":0,"Dodecahedron":21,"Dota2Spire:BlackKingBar":31,"jedi:purplefairy":25,"Oddly Smooth Stone":28,"Thread and Needle":22,"AT_EbonyIvory":28,"PreservedInsect":43,"Seething Fire":0,"Question Card":40,"infinitespire:DarkRift":4,"Anvil of the Gods":0,"TakeMeEscape":26,"Shuriken":43,"jedi:ominousloannote":47,"reliquary:Stiletto":29,"Membership Card":14,"AT_SunfireAegis":5,"hexamod:BolsterEngine":13,"reliquary:WritOfMandamus":17,"Unceasing Top":27,"TungstenRod":45,"REME_ComplimentaryCards":0},{"AT_ATBox":0,"Calipers":5,"DaveBox":0,"SynthV":15,"DianPoetry":24,"reliquary:Firecrackers":23,"downfall:HeartBlessingGreen":19,"Hammer of Thor":0,"infinitespire:Cubic Diamond":1,"AT_TimeSand":29,"jedi:Pinwheel":15,"sneckomod:SneckoSoul":0,"reliquary:TridentHead":26,"NightmareShop":19,"downfall:HeartBlessingBlue":19,"jedi:cryingmask":13,"reliquary:RoseTintedGlasses":28,"REME_ArchaeologicalTools":15,"BirthdayGift-Tetrahedron":0,"testmod-ArcanaOfDestiny":2,"InkBottle":12,"testmod-TestBox":0,"Dodecahedron":11,"Dota2Spire:BlackKingBar":17,"jedi:purplefairy":13,"Oddly Smooth Stone":15,"Thread and Needle":12,"AT_EbonyIvory":15,"PreservedInsect":25,"Seething Fire":0,"Question Card":23,"infinitespire:DarkRift":1,"Anvil of the Gods":0,"TakeMeEscape":13,"Shuriken":25,"jedi:ominousloannote":28,"reliquary:Stiletto":15,"Membership Card":6,"AT_SunfireAegis":2,"hexamod:BolsterEngine":6,"reliquary:WritOfMandamus":8,"Unceasing Top":14,"TungstenRod":27,"REME_ComplimentaryCards":0},{"AT_ATBox":0,"Calipers":13,"DaveBox":0,"SynthV":35,"DianPoetry":46,"reliquary:Firecrackers":45,"downfall:HeartBlessingGreen":39,"Hammer of Thor":0,"infinitespire:Cubic Diamond":2,"AT_TimeSand":54,"jedi:Pinwheel":35,"sneckomod:SneckoSoul":0,"reliquary:TridentHead":49,"NightmareShop":39,"downfall:HeartBlessingBlue":39,"jedi:cryingmask":31,"reliquary:RoseTintedGlasses":52,"REME_ArchaeologicalTools":35,"BirthdayGift-Tetrahedron":0,"testmod-ArcanaOfDestiny":7,"InkBottle":28,"testmod-TestBox":0,"Dodecahedron":26,"Dota2Spire:BlackKingBar":37,"jedi:purplefairy":31,"Oddly Smooth Stone":35,"Thread and Needle":28,"AT_EbonyIvory":34,"PreservedInsect":48,"Seething Fire":0,"Question Card":45,"infinitespire:DarkRift":2,"Anvil of the Gods":0,"TakeMeEscape":31,"Shuriken":48,"jedi:ominousloannote":52,"reliquary:Stiletto":35,"Membership Card":15,"AT_SunfireAegis":7,"hexamod:BolsterEngine":15,"reliquary:WritOfMandamus":19,"Unceasing Top":33,"TungstenRod":51,"REME_ComplimentaryCards":0}],"Unceasing Top":[5],"TungstenRod":19},"card_choices":[{"not_picked":["sneckomod:SoulCleanse","sneckomod:RainOfDice"],"picked":"sneckomod:SnakeSap","floor":2.0},{"not_picked":["sneckomod:SlitherStrike","sneckomod:UnendingSupply"],"picked":"sneckomod:DiceBoulder","floor":5.0},{"not_picked":["sneckomod:DiceCrush","sneckomod:Unknown1Cost","sneckomod:QuickMove"],"picked":"SKIP","floor":6.0},{"not_picked":["sneckomod:UnknownVulnerable","sneckomod:Unknown2Cost","sneckomod:Rotation"],"picked":"SKIP","floor":8.0},{"not_picked":["sneckomod:SoulRoll","sneckomod:DefensiveFlair"],"picked":"sneckomod:TrashToTreasure","floor":10.0},{"not_picked":["sneckomod:UnknownStrength","sneckomod:WideSting","sneckomod:UnknownStrike"],"picked":"SKIP","floor":13.0},{"not_picked":["sneckomod:Nope","sneckomod:SlitherStrike","sneckomod:UnknownWeak"],"picked":"SKIP","floor":15.0},{"not_picked":["sneckomod:UnknownBoss","sneckomod:DangerNoodle"],"picked":"sneckomod:Transmogrify","floor":16.0},{"not_picked":["sneckomod:SoulRoll","sneckomod:UnknownCommonSkill","sneckomod:UnknownVulnerable+1"],"picked":"SKIP","floor":19.0},{"not_picked":["sneckomod:DiceBlock","sneckomod:QuickBite"],"picked":"sneckomod:UnknownColorless+1","floor":20.0},{"not_picked":["sneckomod:RainOfDice","sneckomod:ImprovisedAttack","sneckomod:UnknownClassHEXA_GHOST_PURPLE"],"picked":"SKIP","floor":21.0},{"not_picked":["sneckomod:SoulDraw","sneckomod:UnknownClassINFINITE_BLACK","sneckomod:IronFang+1"],"picked":"SKIP","floor":22.0},{"not_picked":["sneckomod:QuickMove","sneckomod:UnknownBlock+1","sneckomod:Unknown1Cost"],"picked":"SKIP","floor":25.0},{"not_picked":["sneckomod:UnknownExhaust","sneckomod:IronFang"],"picked":"sneckomod:UnknownColorless","floor":27.0},{"not_picked":["sneckomod:UnknownUncommonSkill","sneckomod:UnknownDraw+1","sneckomod:QuickBite+1"],"picked":"SKIP","floor":28},{"not_picked":["sneckomod:DiceBlock","sneckomod:DiceCrush","sneckomod:UnknownClassHEXA_GHOST_PURPLE+1"],"picked":"SKIP","floor":30},{"not_picked":["sneckomod:WideSting","sneckomod:UnknownUncommonSkill","sneckomod:UnknownDraw"],"picked":"SKIP","floor":31},{"not_picked":["sneckomod:UnknownStrength","sneckomod:QuickMove+1","sneckomod:Unknown1Cost"],"picked":"SKIP","floor":31},{"not_picked":["sneckomod:UnknownUncommonSkill","sneckomod:UnknownStrike","sneckomod:UnknownUncommonAttack"],"picked":"SKIP","floor":32},{"not_picked":["sneckomod:UnknownDexterity","sneckomod:SoulCleanse","sneckomod:UnknownDraw+1"],"picked":"SKIP","floor":36},{"not_picked":["sneckomod:RainOfDice","sneckomod:SoulRoll+1","sneckomod:WideSting"],"picked":"SKIP","floor":37},{"not_picked":["sneckomod:UnknownDraw+1","sneckomod:SoulRoll+1","sneckomod:Nope"],"picked":"SKIP","floor":39},{"not_picked":["sneckomod:UnknownDexterity","sneckomod:RainOfDice+1","sneckomod:GlitteringGambit"],"picked":"SKIP","floor":40},{"not_picked":["sneckomod:WideSting","sneckomod:DefensiveFlair+1","sneckomod:IronFang+1","sneckomod:DiceBoulder"],"picked":"SKIP","floor":42},{"not_picked":["sneckomod:SoulCleanse","sneckomod:QuickBite+1","sneckomod:UnknownBoss","sneckomod:Unknown2Cost+1"],"picked":"SKIP","floor":43},{"not_picked":["sneckomod:QuickMove+1","sneckomod:PureSnecko+1","sneckomod:Unknown1Cost","sneckomod:RainOfDice"],"picked":"SKIP","floor":44},{"not_picked":["sneckomod:UnknownUncommonPower+1","sneckomod:ImprovisedAttack","sneckomod:PureSnecko+1","sneckomod:UnknownWeak+1"],"picked":"SKIP","floor":45},{"not_picked":["sneckomod:UnknownClassTHE_CHAMP_GRAY+1","sneckomod:QuickMove+1","sneckomod:QuickBite","sneckomod:SoulRoll"],"picked":"SKIP","floor":46},{"not_picked":["sneckomod:QuickBite","sneckomod:Unknown1Cost","sneckomod:UnknownClassHEXA_GHOST_PURPLE+1","sneckomod:Nope+1"],"picked":"SKIP","floor":48},{"not_picked":["sneckomod:RainOfDice","sneckomod:UnknownClassHEXA_GHOST_PURPLE","sneckomod:DiceCrush","sneckomod:QuickBite"],"picked":"SKIP","floor":49}],"player_experience":157195,"relics_obtained":[{"floor":10.0,"key":"Calipers"},{"floor":13.0,"key":"hexamod:BolsterEngine"},{"floor":19.0,"key":"testmod-ArcanaOfDestiny"},{"floor":20.0,"key":"hexamod:BolsterEngine"},{"floor":21.0,"key":"BirthdayGift-Tetrahedron"},{"floor":21.0,"key":"Dodecahedron"},{"floor":22.0,"key":"Thread and Needle"},{"floor":22.0,"key":"Calipers"},{"floor":24.0,"key":"InkBottle"},{"floor":25.0,"key":"jedi:purplefairy"},{"floor":25.0,"key":"Thread and Needle"},{"floor":25.0,"key":"jedi:cryingmask"},{"floor":27.0,"key":"Unceasing Top"},{"floor":27.0,"key":"jedi:purplefairy"},{"floor":28,"key":"Oddly Smooth Stone"},{"floor":28,"key":"AT_EbonyIvory"},{"floor":30,"key":"SynthV"},{"floor":31,"key":"reliquary:Stiletto"},{"floor":31,"key":"Dota2Spire:BlackKingBar"},{"floor":33,"key":"testmod-ArcanaOfDestiny"},{"floor":37,"key":"Membership Card"},{"floor":39,"key":"BirthdayGift-Tetrahedron"},{"floor":39,"key":"REME_ArchaeologicalTools"},{"floor":40,"key":"AT_EbonyIvory"},{"floor":40,"key":"Thread and Needle"},{"floor":40,"key":"Question Card"},{"floor":41,"key":"reliquary:Firecrackers"},{"floor":42,"key":"DianPoetry"},{"floor":43,"key":"Shuriken"},{"floor":43,"key":"PreservedInsect"},{"floor":44,"key":"reliquary:Stiletto"},{"floor":44,"key":"reliquary:TridentHead"},{"floor":45,"key":"SynthV"},{"floor":45,"key":"TungstenRod"},{"floor":46,"key":"Membership Card"},{"floor":48,"key":"AT_TimeSand"},{"floor":49,"key":"SynthV"}],"event_choices":[{"damage_healed":0.0,"max_hp_gain":0.0,"max_hp_loss":0.0,"gold_gain":0.0,"event_name":"给自己的盒子","player_choice":"Ignored","floor":9.0,"gold_loss":0.0,"damage_taken":0.0}],"is_beta":false,"boss_relics":[{"not_picked":["reliquary:Ember","energizedSpire:StickyHand"],"picked":"reliquary:WritOfMandamus"},{"not_picked":["RhineFirstAidKit","testmod-StringDisintegrator"],"picked":"NightmareShop"}],"items_purged_floors":[5,14,26,29],"is_endless":false,"potions_floor_spawned":[8,10,15,16,22,27,28,31,32,40,42,43,44,45],"ascension_level":2}}