{"host":"0cnf9zf1gia27zti","time":1613012974,"event":{"mods":["BaseMod","Better Third Choice","BetterRewards","Card Forge","ChefMod","Colored Map","Colored Powertips","Conspire","Downfall","Googly Eyes","Infinite Spire","Minty Spire (QoL Compilation)","Practice Mode","Quick Restart","Replay The Spire","Shade Mod","Spicy Shops","StSLib","The Marked"],"gold_per_floor":[114,114,114,19,37,37,63,76,76,76,24,40,59,134,134,209,209,223,223,233,250,230,230,257,124,124,158,195,223,182,182,182,259,259,281,298,348,402,64,95,95,135,135,58,71,71,104,122,122,122,122,122,122,131,157,157],"floor_reached":57,"language":"ENG","playtime":2584,"items_purged":[],"score":4088,"play_id":"fb622679-3c39-40ac-a745-fc146c204ce6","local_time":"20210211030934","is_ascension_mode":true,"campfire_choices":[{"floor":6,"key":"REST"},{"floor":15,"key":"REST"},{"floor":23,"key":"RECALL"},{"data":"Scrape","floor":32,"key":"SMITH"},{"data":"All For One","floor":41,"key":"SMITH"},{"floor":49,"key":"DIG"},{"floor":53,"key":"DIG"}],"circlet_count":0,"master_deck":["AscendersBane","Defend_B+1","Defend_B+1","FTL+1","Beam Cell+1","Scrape+1","Gash+1","Flash of Steel+1","Gash+1","Steam+1","Steam+1","Reprogram+1","Sweeping Beam+1","Gash+1","FTL+1","Reprogram+1","Gash+1","Reprogram+1","Reprogram+1","Gash+1","Gash+1","Gash+1","All For One+1","Steam+1","Seek+1","All For One+1","Flash of Steel+1","Bandage Up+1","Conserve Battery"],"relics":["Cracked Core","Hammer of Thor","Seething Fire","Anvil of the Gods","Prayer Wheel","ReplayTheSpireMod:Ninjato","Anchor","Replay:Baseball","ReplayTheSpireMod:TigerMarble","FossilizedHelix","Replay:Towering Pillar of Hats","Thread and Needle","Juzu Bracelet","infinitespire:SolderingIron","Replay:Rubber Ducky","CeramicFish","Centennial Puzzle","Black Star","StoneCalendar","Boot","infinitespire:PuzzleCube","Lantern","Happy Flower","StrikeDummy","Pondfish Scales","Shovel","Blue Candle","Carrot","ReplayFunnel","Replay:Bottled Eggs","Cables","Turnip","conspire:Flyswatter"],"acts_visited":["Exordium","TheCity","TheBeyond","TheEnding"],"potions_floor_usage":[16,27,28,33,38,50],"damage_taken":[{"damage":0,"enemies":"Small Slimes","floor":1,"turns":1},{"damage":0,"enemies":"Jaw Worm","floor":5,"turns":1},{"damage":0,"enemies":"3 Sentries","floor":7,"turns":2},{"damage":0,"enemies":"Cultist","floor":8,"turns":1},{"damage":0,"enemies":"Looter","floor":12,"turns":1},{"damage":0,"enemies":"Gremlin Gang","floor":13,"turns":2},{"damage":0,"enemies":"The Guardian","floor":16,"turns":4},{"damage":0,"enemies":"Shell Parasite","floor":18,"turns":1},{"damage":0,"enemies":"Chosen","floor":20,"turns":1},{"damage":0,"enemies":"3 Cultists","floor":21,"turns":2},{"damage":0,"enemies":"conspire:SneckoGhost","floor":24,"turns":2},{"damage":0,"enemies":"Slavers","floor":27,"turns":2},{"damage":19,"enemies":"conspire:MimicChest","floor":28,"turns":4},{"damage":0,"enemies":"Replay:Snechameleon","floor":29,"turns":3},{"damage":0,"enemies":"Automaton","floor":33,"turns":4},{"damage":0,"enemies":"Orb Walker","floor":35,"turns":2},{"damage":0,"enemies":"3 Shapes","floor":36,"turns":4},{"damage":0,"enemies":"2 Orb Walkers","floor":37,"turns":2},{"damage":0,"enemies":"Maw","floor":38,"turns":3},{"damage":0,"enemies":"Nemesis","floor":40,"turns":3},{"damage":0,"enemies":"R_Hoarder","floor":42,"turns":3},{"damage":0,"enemies":"4 Shapes","floor":45,"turns":2},{"damage":0,"enemies":"Giant Head","floor":47,"turns":1},{"damage":13,"enemies":"conspire:OrnateMirror","floor":50,"turns":7},{"damage":9,"enemies":"Time Eater","floor":51,"turns":6},{"damage":10,"enemies":"Shield and Spear","floor":55,"turns":3},{"damage":64,"enemies":"The Heart","floor":56,"turns":8}],"seed_played":"-1736682227520244299","potions_obtained":[{"floor":8,"key":"Weak Potion"},{"floor":12,"key":"Block Potion"},{"floor":18,"key":"Energy Potion"},{"floor":24,"key":"ColorlessPotion"},{"floor":29,"key":"FocusPotion"},{"floor":33,"key":"Adrenaline Potion"},{"floor":36,"key":"SneckoOil"},{"floor":37,"key":"Regen Potion"},{"floor":42,"key":"Energy Potion"}],"is_trial":false,"path_per_floor":["M","?","?","$","M","R","E","M","T","?","$","M","M","?","R_BF","B",null,"M","?","M","M","?","R","E","$","T","E","?","E","$","T","R","B",null,"M","M","?","M","$","E","R","E","T","$","M","?","E","?","R","B","B",null,"R","$","E","B",null],"character_chosen":"DEFECT","items_purchased":["Prayer Wheel","FTL","ReplayTheSpireMod:Ninjato","Anchor","Beam Cell","Scrape","Replay:Baseball","Gash+1","ReplayTheSpireMod:TigerMarble","Flash of Steel","Steam","Reprogram","Gash","Reprogram","Boot","infinitespire:PuzzleCube","All For One"],"campfire_rested":2,"item_purchase_floors":[0,0,0,0,0,0,0,0,0,4,11,25,25,30,39,39,44],"current_hp_per_floor":[64,43,48,48,48,69,69,69,69,69,69,69,69,58,71,71,71,72,72,72,72,72,72,72,72,72,72,53,57,57,57,57,57,68,68,68,68,68,68,68,68,69,69,69,69,64,64,54,54,60,55,69,69,69,63,5],"gold":157,"neow_bonus":"","is_daily":false,"chose_seed":false,"campfire_upgraded":2,"win_rate":0.0,"timestamp":1613012974,"path_taken":["M","?","?","$","?","R","E","M","T","?","$","M","?","?","R_BF","BOSS","M","?","M","M","?","R","E","$","T","E","?","E","$","?","R","BOSS","M","M","?","M","$","E","R","E","T","$","M","?","E","?","R","BOSS","BOSS","R","$","E","BOSS"],"items_purchased_type":["Relic","Card","Relic","Relic","Card","Card","Relic","Card","Relic","Card","Card","Card","Card","Card","Relic","Relic","Card"],"build_version":"2020-12-22","purchased_purges":0,"victory":true,"max_hp_per_floor":[71,71,71,71,71,71,71,71,71,71,71,71,71,71,71,71,71,72,72,72,72,72,72,72,72,72,72,72,72,72,72,72,72,72,72,72,72,72,72,72,72,73,73,73,73,73,73,73,73,73,73,73,73,73,73,73],"card_choices":[{"not_picked":["Rebound","White Noise"],"picked":"Conserve Battery","floor":1},{"not_picked":["Rip and Tear","ReplayTheSpireMod:GoodbyeWorld","Barrage"],"picked":"SKIP","floor":1},{"not_picked":["Chaos","ReplayTheSpireMod:Dual Polarity"],"picked":"Gash","floor":5},{"not_picked":["Conserve Battery","Reinforced Body"],"picked":"Steam","floor":5},{"not_picked":["Aggregate","Sunder","Hologram"],"picked":"SKIP","floor":7},{"not_picked":["Steam Power","BasicCrystalCard","Chaos"],"picked":"SKIP","floor":8},{"not_picked":["Streamline","Recycle","conspire:Rain"],"picked":"SKIP","floor":8},{"not_picked":["Creative AI","Cold Snap"],"picked":"Reprogram","floor":12},{"not_picked":["BasicCrystalCard","ReplayTheSpireMod:Repulse","Redo"],"picked":"SKIP","floor":12},{"not_picked":["Cold Snap","Conserve Battery"],"picked":"Sweeping Beam","floor":13},{"not_picked":["Hologram","ReplayTheSpireMod:GoodbyeWorld"],"picked":"Gash","floor":13},{"not_picked":["Reinforced Body","Redo","Ball Lightning"],"picked":"SKIP","floor":18},{"not_picked":["Coolheaded","Capacitor","Static Discharge"],"picked":"SKIP","floor":18},{"not_picked":["Go for the Eyes","Turbo"],"picked":"FTL","floor":20},{"not_picked":["Double Energy","Panic Button","Sweeping Beam"],"picked":"SKIP","floor":20},{"not_picked":["Ball Lightning","Force Field+1","Undo+1"],"picked":"SKIP","floor":21},{"not_picked":["Beam Cell","Hologram","Sweeping Beam"],"picked":"SKIP","floor":21},{"not_picked":["Rip and Tear","ReplayTheSpireMod:Calculation Training","Steam Power"],"picked":"SKIP","floor":24},{"not_picked":["Panic Button","Recycle","Mirror Shield"],"picked":"SKIP","floor":27},{"not_picked":["Stack","Time Bomb","Redo"],"picked":"SKIP","floor":29},{"not_picked":["Cold Snap","Stack"],"picked":"Gash","floor":35},{"not_picked":["Darkness+1","Heatsinks+1","Melter+1"],"picked":"SKIP","floor":35},{"not_picked":["conspire:Rain","Coolheaded","Streamline"],"picked":"SKIP","floor":36},{"not_picked":["Turbo+1","Redo","Panic Button"],"picked":"SKIP","floor":36},{"not_picked":["Turbo","Skim"],"picked":"Gash","floor":38},{"not_picked":["Heatsinks","FIFO Queue"],"picked":"Gash","floor":38},{"not_picked":["ReplayTheSpireMod:System Scan","BasicCrystalCard","Leap"],"picked":"SKIP","floor":40},{"not_picked":["Storm","Genetic Algorithm"],"picked":"Seek","floor":42},{"not_picked":["ReplaySolidLightProjector","Chaos+1","Tempest+1"],"picked":"SKIP","floor":45},{"not_picked":["Turbo+1","Sunder","Panic Button+1"],"picked":"SKIP","floor":45},{"not_picked":["Sunder","White Noise","ReplayTheSpireMod:Reroute Power"],"picked":"SKIP","floor":47},{"not_picked":["Midas Touch","Madness"],"picked":"Flash of Steel","floor":48},{"not_picked":["Specialist","ReplayUltimateDefense"],"picked":"Bandage Up","floor":48},{"not_picked":["Crystallizer","Coolheaded+1","Stack+1"],"picked":"SKIP","floor":55}],"player_experience":3803127,"relics_obtained":[{"floor":7,"key":"FossilizedHelix"},{"floor":9,"key":"Replay:Towering Pillar of Hats"},{"floor":10,"key":"Thread and Needle"},{"floor":24,"key":"Juzu Bracelet"},{"floor":27,"key":"infinitespire:SolderingIron"},{"floor":28,"key":"Replay:Rubber Ducky"},{"floor":29,"key":"CeramicFish"},{"floor":31,"key":"Centennial Puzzle"},{"floor":37,"key":"StoneCalendar"},{"floor":40,"key":"Lantern"},{"floor":40,"key":"Happy Flower"},{"floor":42,"key":"StrikeDummy"},{"floor":42,"key":"Pondfish Scales"},{"floor":43,"key":"Shovel"},{"floor":47,"key":"Carrot"},{"floor":47,"key":"ReplayFunnel"},{"floor":49,"key":"Replay:Bottled Eggs"},{"floor":53,"key":"Cables"},{"floor":55,"key":"Turnip"},{"floor":55,"key":"conspire:Flyswatter"}],"event_choices":[{"damage_healed":64,"gold_gain":0,"player_choice":"Upgrade","damage_taken":21,"max_hp_gain":0,"max_hp_loss":71,"event_name":"betterThird:BetterShining","floor":2,"gold_loss":0,"cards_upgraded":["Defend_B","Defend_B"]},{"cards_removed":["Conserve Battery"],"damage_healed":5,"gold_gain":0,"player_choice":"Offered Common","damage_taken":0,"max_hp_gain":0,"max_hp_loss":0,"event_name":"Bonfire Elementals","floor":3,"gold_loss":0},{"cards_removed":["Conserve Battery"],"damage_healed":5,"gold_gain":0,"player_choice":"Offered Special","damage_taken":0,"max_hp_gain":0,"max_hp_loss":0,"event_name":"Bonfire Elementals","floor":3,"gold_loss":0},{"damage_healed":0,"gold_gain":0,"player_choice":"Relic","damage_taken":0,"max_hp_gain":0,"max_hp_loss":0,"event_name":"Wheel of Change","floor":10,"gold_loss":0},{"damage_healed":0,"gold_gain":75,"player_choice":"Gold","damage_taken":11,"max_hp_gain":0,"max_hp_loss":0,"event_name":"betterThird:BetterGoop","floor":14,"gold_loss":0},{"damage_healed":0,"gold_gain":0,"player_choice":"Ignored","damage_taken":0,"max_hp_gain":0,"max_hp_loss":0,"event_name":"Ghosts","floor":19,"gold_loss":0},{"damage_healed":0,"gold_gain":0,"player_choice":"Bought 1 Potion","damage_taken":0,"max_hp_gain":0,"max_hp_loss":0,"event_name":"The Woman in Blue","floor":22,"gold_loss":0},{"damage_healed":0,"gold_gain":0,"player_choice":"Fight","damage_taken":0,"max_hp_gain":0,"max_hp_loss":0,"event_name":"Mysterious Sphere","floor":37,"gold_loss":0},{"damage_healed":0,"gold_gain":0,"player_choice":"Memory 3","damage_taken":10,"max_hp_gain":0,"max_hp_loss":0,"event_name":"SensoryStone","floor":48,"gold_loss":0}],"is_beta":false,"boss_relics":[{"not_picked":["Cursed Key","Calling Bell","bronze:MakeshiftBattery"]},{"not_picked":["conspire:SpecialSausage","Replay:Bronze Core"],"picked":"Black Star"}],"items_purged_floors":[],"is_endless":false,"potions_floor_spawned":[8,12,18,24,29,33,36,37,42,47],"ascension_level":20}}