{"host":"jh7kh5nqtgzr3auj","time":1613066854,"event":{"mods":["AchievementEnabler","Act Like it!","BaseMod","CapriCore","Colored Powertips","Good Game Mod","Highlight Path","HololiveMod","Minty Spire (QoL Compilation)","Quick Restart","Relic Stats","StSLib","TestMod"],"gold_per_floor":[79,0,17,34,54,86,10,10,10,26,44,44,62,73,73,182,182,201,215,239,260,271,297,4,16,67,95,170,23,23,43,43,162,162,187,219,219,248,102,102,139,171,171,171,171,247,286,335,335,417],"floor_reached":51,"language":"ZHS","playtime":3503,"items_purged":["Hololive_LuckPotion"],"score":901,"play_id":"9627517d-9df5-46d6-a655-a80ddafed985","local_time":"20210212020734","is_ascension_mode":false,"campfire_choices":[{"data":"Hololive_OvertimeWork","floor":8.0,"key":"SMITH"},{"data":"Hololive_Teleport","floor":12.0,"key":"SMITH"},{"data":"Hololive_OvertimeWork","floor":15.0,"key":"SMITH"},{"data":"Hololive_Watashimo","floor":30.0,"key":"SMITH"},{"data":"Hololive_CallSpadeEcho","floor":32.0,"key":"SMITH"},{"data":"Hololive_Nanodesu","floor":40.0,"key":"SMITH"},{"data":"Hololive_DDD","floor":45,"key":"SMITH"},{"data":"Hololive_DDD","floor":49,"key":"SMITH"}],"circlet_count":0,"master_deck":["Hololive_ILoveYou","Hololive_CallTokinoSora","Hololive_CallUsadaPekora","Hololive_CallSpadeEcho+1","Hololive_CallShirakamiFubuki","Hololive_CallOzoraSubaru","Hololive_CallOkamiMio","Hololive_CallKiryuuCoco","Hololive_CallYuzukiChoco","Hololive_CallNatsuiroMatsuri","Hololive_OvertimeWork+1","Hololive_Teleport+1","Hololive_CallShiroganeNoel","Hololive_CallFriendA","Hololive_OvertimeWork+1","Hololive_CallShiranuiFlare","Hololive_CallNekomataOkayu","Hololive_Watashimo+1","Hololive_FlareMind","Hololive_Nanodesu+1","Hololive_CallMoonaHoshinova","Hololive_CallAZKi","Hololive_CallNekomataOkayu","Hololive_FlyingPonyTail","Hololive_FlyingPonyTail","Hololive_CallYukihanaLamy","Hololive_CallAkiRosenthal","Hololive_Yoholoon+1","Hololive_DDD+1","Hololive_FlyingPonyTail","Hololive_DDD+1","Hololive_CallOmaruPolka+1","Hololive_CallHoushouMarine+1"],"relics":["Hololive_TheStar","testmod-TestBox","REME:ComplimentaryCards","NeowsBlessing","testmod-Nyarlathotep","Hololive_FriedShrimpLion","Orichalcum","Pandora\u0027s Box","HornCleat","Dead Branch","Bronze Scales","testmod-DeterminationOfClimber","Medical Kit","Bottled Tornado"],"acts_visited":["Exordium","TheCity","TheBeyond"],"potions_floor_usage":[],"damage_taken":[{"damage":0.0,"enemies":"Jaw Worm","floor":1.0,"turns":1.0},{"damage":0.0,"enemies":"Cultist","floor":3.0,"turns":1.0},{"damage":0.0,"enemies":"2 Louse","floor":4.0,"turns":1.0},{"damage":0.0,"enemies":"Exordium Wildlife","floor":5.0,"turns":3.0},{"damage":0.0,"enemies":"Lagavulin","floor":6.0,"turns":3.0},{"damage":0.0,"enemies":"3 Louse","floor":10.0,"turns":1.0},{"damage":0.0,"enemies":"Blue Slaver","floor":11.0,"turns":2.0},{"damage":0.0,"enemies":"Large Slime","floor":13.0,"turns":4.0},{"damage":0.0,"enemies":"Gremlin Gang","floor":14.0,"turns":3.0},{"damage":4.0,"enemies":"The Guardian","floor":16.0,"turns":6.0},{"damage":0.0,"enemies":"3 Byrds","floor":18.0,"turns":3.0},{"damage":0.0,"enemies":"2 Thieves","floor":19.0,"turns":2.0},{"damage":0.0,"enemies":"Snake Plant","floor":20.0,"turns":2.0},{"damage":0.0,"enemies":"Centurion and Healer","floor":21.0,"turns":4.0},{"damage":0.0,"enemies":"Cultist and Chosen","floor":22.0,"turns":3.0},{"damage":0.0,"enemies":"Book of Stabbing","floor":23.0,"turns":3.0},{"damage":0.0,"enemies":"3 Cultists","floor":25.0,"turns":4.0},{"damage":0.0,"enemies":"Slavers","floor":27.0,"turns":5.0},{"damage":0.0,"enemies":"Snake Plant","floor":31.0,"turns":3.0},{"damage":0.0,"enemies":"Automaton","floor":33.0,"turns":8.0},{"damage":0.0,"enemies":"Orb Walker","floor":35.0,"turns":1.0},{"damage":0.0,"enemies":"3 Shapes","floor":36.0,"turns":1.0},{"damage":0.0,"enemies":"Sphere and 2 Shapes","floor":38.0,"turns":1.0},{"damage":0,"enemies":"Spire Growth","floor":41,"turns":2},{"damage":0,"enemies":"Transient","floor":42,"turns":5},{"damage":0,"enemies":"4 Shapes","floor":46,"turns":1},{"damage":0,"enemies":"Maw","floor":47,"turns":2},{"damage":0,"enemies":"3 Darklings","floor":48,"turns":1},{"damage":0,"enemies":"Time Eater","floor":50,"turns":8}],"seed_played":"6999466279823138914","potions_obtained":[{"floor":4.0,"key":"Block Potion"},{"floor":6.0,"key":"PowerPotion"},{"floor":10.0,"key":"Dexterity Potion"},{"floor":13.0,"key":"EssenceOfSteel"},{"floor":20.0,"key":"Energy Potion"},{"floor":23.0,"key":"ColorlessPotion"},{"floor":27.0,"key":"PowerPotion"}],"is_trial":false,"path_per_floor":["M","$","M","M","M","E","$","R","T","M","M","R","M","M","R","B",null,"M","M","M","M","M","E","$","M","T","E","?","$","R","M","R","B",null,"M","M","$","M","$","R","M","M","T","?","R","M","M","M","R","B",null],"character_chosen":"Hololive_HololiveCharacter","items_purchased":["Hololive_CallYuzukiChoco","Hololive_CallFriendA","Dead Branch","Hololive_CallAkiRosenthal","Medical Kit"],"campfire_rested":0,"item_purchase_floors":[2,7,24,29,39],"current_hp_per_floor":[35,35,35,35,35,35,35,35,35,35,35,35,35,35,35,31,35,35,35,35,35,35,35,35,35,35,35,32,32,32,32,32,32,35,35,35,35,35,35,35,35,35,35,33,33,33,33,33,33,33],"gold":417,"neow_bonus":"THREE_ENEMY_KILL","is_daily":false,"chose_seed":false,"campfire_upgraded":8,"win_rate":0.0,"timestamp":1613066854,"path_taken":["M","$","M","M","M","E","$","R","T","M","M","R","M","M","R","BOSS","M","M","M","M","M","E","$","M","T","E","?","$","R","?","R","BOSS","M","M","$","M","$","R","M","M","T","?","R","M","M","M","R","BOSS"],"items_purchased_type":["Card","Card","Relic","Card","Relic"],"build_version":"2020-12-22","purchased_purges":1,"victory":true,"max_hp_per_floor":[35,35,35,35,35,35,35,35,35,35,35,35,35,35,35,35,35,35,35,35,35,35,35,35,35,35,35,35,35,35,35,35,35,35,35,35,35,35,35,35,35,35,35,33,33,33,33,33,33,33],"relic_stats":{"counters":[29,83],"Dead Branch":[521],"Bronze Scales":[90],"Pandora\u0027s Box":["Hololive_Nanodesu","Hololive_LuckPotion","Hololive_CallMoonaHoshinova","Hololive_CallAZKi"],"Orichalcum":[192],"Medical Kit":[0],"obtain_stats":[{"testmod-TestBox":0,"NeowsBlessing":0,"Dead Branch":24,"testmod-Nyarlathotep":0,"Orichalcum":9,"Bottled Tornado":43,"Medical Kit":39,"REME:ComplimentaryCards":0,"HornCleat":23,"Bronze Scales":26,"Hololive_TheStar":0,"Pandora\u0027s Box":17,"Hololive_FriedShrimpLion":6,"testmod-DeterminationOfClimber":34},{"testmod-TestBox":0,"NeowsBlessing":0,"Dead Branch":16,"testmod-Nyarlathotep":0,"Orichalcum":5,"Bottled Tornado":25,"Medical Kit":23,"REME:ComplimentaryCards":0,"HornCleat":16,"Bronze Scales":17,"Hololive_TheStar":0,"Pandora\u0027s Box":10,"Hololive_FriedShrimpLion":5,"testmod-DeterminationOfClimber":20},{"testmod-TestBox":0,"NeowsBlessing":0,"Dead Branch":41,"testmod-Nyarlathotep":0,"Orichalcum":9,"Bottled Tornado":71,"Medical Kit":64,"REME:ComplimentaryCards":0,"HornCleat":41,"Bronze Scales":45,"Hololive_TheStar":0,"Pandora\u0027s Box":24,"Hololive_FriedShrimpLion":9,"testmod-DeterminationOfClimber":61}]},"card_choices":[{"not_picked":["Hololive_Drill","Hololive_CallArtia","Hololive_OvertimeWork"],"picked":"Hololive_CallKiryuuCoco","floor":1.0},{"not_picked":["Hololive_Trident","Hololive_CocoNews","Hololive_HuntDinosaur"],"picked":"Hololive_CallNatsuiroMatsuri","floor":3.0},{"not_picked":["Hololive_Rebound","Hololive_BringToTrial","Hololive_SoulCatcher"],"picked":"Hololive_OvertimeWork","floor":4.0},{"not_picked":["Hololive_OvertimeWork","Hololive_Psychosis","Hololive_Spy"],"picked":"Hololive_Teleport","floor":5.0},{"not_picked":["Hololive_Sequa","Hololive_CallOzoraSubaru","Hololive_Rebound"],"picked":"Hololive_CallShiroganeNoel","floor":6.0},{"not_picked":["Hololive_CocoNews","Hololive_Sequa","Hololive_Drill","Hololive_OvertimeWork"],"picked":"SKIP","floor":10.0},{"not_picked":["Hololive_CocoNews","Hololive_Sequa","Hololive_Drill"],"picked":"Hololive_OvertimeWork","floor":10.0},{"not_picked":["Hololive_IdolExercise","Hololive_RevenueBasedLive","Hololive_ManjiGathering"],"picked":"Hololive_CallShiranuiFlare","floor":11.0},{"not_picked":["Hololive_HuntDinosaur","Hololive_Sequa","Hololive_CandyCastle"],"picked":"Hololive_CallNekomataOkayu","floor":13.0},{"not_picked":["Hololive_StrengthChampion","Hololive_Breathe","Hololive_RevenueBasedLive"],"picked":"Hololive_Watashimo","floor":14.0},{"not_picked":["Hololive_DiamondStrike","Hololive_HighAtkLowDef","Hololive_WolfAndLamb"],"picked":"Hololive_FlareMind","floor":16.0},{"not_picked":["Hololive_LuckPotion","Hololive_CallShiroganeNoel","Hololive_HuntDinosaur","Hololive_StrengthChampion"],"picked":"SKIP","floor":18.0},{"not_picked":["Hololive_Spy+1","Hololive_CallManoAloe","Hololive_StrengthChampion"],"picked":"Hololive_CallNekomataOkayu","floor":19.0},{"not_picked":["Hololive_StrengthChampion","Hololive_RevenueBasedLive","Hololive_CocoNews","Hololive_Breathe"],"picked":"SKIP","floor":20.0},{"not_picked":["Hololive_SummonFox+1","Hololive_SoulCatcher","Hololive_OvertimeWork+1"],"picked":"Hololive_FlyingPonyTail","floor":21.0},{"not_picked":["Hololive_Breathe","Hololive_AWSL","Hololive_Psychosis"],"picked":"Hololive_FlyingPonyTail","floor":22.0},{"not_picked":["Hololive_SummonFox+1","Hololive_StrengthChampion","Hololive_FlyingPonyTail"],"picked":"Hololive_CallYukihanaLamy","floor":23.0},{"not_picked":["Hololive_Sequa","Hololive_Trident","Hololive_StrengthChampion+1","Hololive_OvertimeWork"],"picked":"SKIP","floor":25.0},{"not_picked":["Hololive_RevenueBasedLive","Hololive_Nanodesu","Hololive_Trident","Hololive_Rebound"],"picked":"SKIP","floor":27.0},{"not_picked":["Hololive_Breathe","Hololive_RevenueBasedLive","Hololive_Drill+1"],"picked":"Hololive_Yoholoon+1","floor":31.0},{"not_picked":["Hololive_DiamondStrike","Hololive_FlareMind","Hololive_StarCraft"],"picked":"Hololive_DDD","floor":33.0},{"not_picked":["Hololive_CocoNews","Hololive_StrengthChampion+1","Hololive_CallNekomataOkayu","Hololive_Sequa+1"],"picked":"SKIP","floor":35.0},{"not_picked":["Hololive_Psychosis+1","Hololive_StrengthChampion","Hololive_HuntDinosaur"],"picked":"Hololive_FlyingPonyTail","floor":36.0},{"not_picked":["Hololive_CallMoonaHoshinova","Hololive_Rebound+1","Hololive_Sequa+1","Hololive_Drill"],"picked":"SKIP","floor":38.0},{"not_picked":["Hololive_Psychosis","Hololive_FlyingPonyTail","Hololive_Drill"],"picked":"Hololive_DDD","floor":41},{"not_picked":["Hololive_HuntDinosaur+1","Hololive_CocoNews+1","Hololive_Trident","Hololive_Breathe+1"],"picked":"SKIP","floor":42},{"not_picked":["Hololive_Rebound+1","Hololive_Psychosis","Hololive_StrengthChampion","Hololive_LuckPotion+1"],"picked":"SKIP","floor":46},{"not_picked":["Hololive_CallSpadeEcho","Hololive_OvertimeWork+1","Hololive_CallYukihanaLamy+1"],"picked":"Hololive_CallOmaruPolka+1","floor":47},{"not_picked":["Hololive_HuntDinosaur","Hololive_Breathe","Hololive_Psychosis"],"picked":"Hololive_CallHoushouMarine+1","floor":48}],"player_experience":327610,"relics_obtained":[{"floor":6.0,"key":"Hololive_FriedShrimpLion"},{"floor":9.0,"key":"Orichalcum"},{"floor":23.0,"key":"HornCleat"},{"floor":26.0,"key":"Bronze Scales"},{"floor":43,"key":"Bottled Tornado"}],"event_choices":[{"damage_healed":0.0,"max_hp_gain":0.0,"max_hp_loss":0.0,"gold_gain":75.0,"event_name":"FaceTrader","player_choice":"Touch","floor":28.0,"gold_loss":0.0,"damage_taken":3.0},{"damage_healed":0,"gold_gain":0,"player_choice":"Max HP","damage_taken":0,"max_hp_gain":0,"max_hp_loss":2,"event_name":"Winding Halls","floor":44,"gold_loss":0}],"is_beta":false,"boss_relics":[{"not_picked":["Fusion Hammer","testmod-DreamHouse"],"picked":"Pandora\u0027s Box"},{"not_picked":["Tiny House","testmod-KeyOfTheVoid"],"picked":"testmod-DeterminationOfClimber"}],"items_purged_floors":[29],"is_endless":false,"potions_floor_spawned":[4,6,10,13,14,16,20,23,25,27,35,46,47],"ascension_level":0}}