{"host":"je4rgfex33y123xe","time":1613022992,"event":{"mods":["BaseMod","Minty Spire (QoL Compilation)","StSLib"],"gold_per_floor":[112,112,129,82,82,109,109,136,190,217,236,236,271,281,281,377,377,388,6,6,17,17,44,56,68,80,92,104,128,153,176,188,200,200],"floor_reached":33,"language":"ENG","playtime":1580,"items_purged":[],"score":429,"play_id":"0442d228-65f0-45b8-8299-0633b211a895","local_time":"20210210235631","is_ascension_mode":true,"campfire_choices":[{"data":"Eruption","floor":7.0,"key":"SMITH"},{"data":"Wallop","floor":12.0,"key":"SMITH"},{"data":"Vigilance","floor":15.0,"key":"SMITH"},{"floor":24,"key":"REST"},{"data":"1","floor":27,"key":"LIFT"},{"data":"2","floor":32,"key":"LIFT"}],"circlet_count":0,"master_deck":["Strike_P","Strike_P","Strike_P","Defend_P+1","Defend_P","Defend_P","Defend_P+1","Eruption+1","Vigilance+1","CarveReality","ClearTheMind","Consecrate","EmptyBody","Wallop+1","BowlingBash","FlurryOfBlows","Alpha","Tantrum","Adaptation","FearNoEvil","Clumsy","CutThroughFate+1"],"relics":["PureWater","NeowsBlessing","Regal Pillow","Du-Vu Doll","Smiling Mask","Girya","War Paint","Cursed Key","Orichalcum","Bag of Preparation","Enchiridion","MawBank"],"acts_visited":["Exordium","TheCity"],"potions_floor_usage":[23,31],"damage_taken":[{"damage":0.0,"enemies":"Jaw Worm","floor":1.0,"turns":1.0},{"damage":0.0,"enemies":"Cultist","floor":3.0,"turns":1.0},{"damage":0.0,"enemies":"3 Sentries","floor":6.0,"turns":1.0},{"damage":10.0,"enemies":"Lagavulin","floor":8.0,"turns":6.0},{"damage":0.0,"enemies":"Gremlin Nob","floor":10.0,"turns":2.0},{"damage":0.0,"enemies":"2 Louse","floor":11.0,"turns":3.0},{"damage":10.0,"enemies":"3 Sentries","floor":13.0,"turns":6.0},{"damage":1.0,"enemies":"Red Slaver","floor":14.0,"turns":3.0},{"damage":24.0,"enemies":"The Guardian","floor":16.0,"turns":11.0},{"damage":10,"enemies":"2 Thieves","floor":18,"turns":4},{"damage":0,"enemies":"3 Byrds","floor":21,"turns":3},{"damage":18,"enemies":"Book of Stabbing","floor":23,"turns":4},{"damage":0,"enemies":"Cultist and Chosen","floor":29,"turns":3},{"damage":19,"enemies":"Shelled Parasite and Fungi","floor":30,"turns":4},{"damage":0,"enemies":"Sentry and Sphere","floor":31,"turns":2},{"damage":42,"enemies":"Collector","floor":33,"turns":3}],"seed_played":"7735493966604063472","potions_obtained":[{"floor":1.0,"key":"BlessingOfTheForge"},{"floor":2.0,"key":"Ambrosia"},{"floor":2.0,"key":"Fruit Juice"},{"floor":2.0,"key":"Ambrosia"},{"floor":10.0,"key":"Dexterity Potion"},{"floor":14.0,"key":"PowerPotion"},{"floor":18,"key":"Fire Potion"},{"floor":30,"key":"SkillPotion"}],"is_trial":false,"path_per_floor":["M","?","M","$","?","E","R","E","T","E","M","R","E","M","R","B",null,"M","$","?","M","?","E","R","?","T","R","$","M","M","M","R","B"],"character_chosen":"WATCHER","items_purchased":["Consecrate","Tantrum","Orichalcum","Bag of Preparation"],"campfire_rested":1,"item_purchase_floors":[4,19,19,19],"current_hp_per_floor":[72,77,77,77,70,70,70,60,60,60,60,60,50,49,49,25,64,54,54,54,54,38,20,58,58,58,58,58,58,39,39,39,0,0],"gold":200,"neow_bonus":"THREE_ENEMY_KILL","is_daily":false,"chose_seed":false,"campfire_upgraded":3,"win_rate":0.0,"timestamp":1613022991,"path_taken":["M","?","?","$","?","E","R","E","T","E","M","R","E","M","R","BOSS","M","$","?","?","?","E","R","?","T","R","$","M","M","M","R","BOSS"],"items_purchased_type":["Card","Card","Relic","Relic"],"build_version":"2020-12-22","purchased_purges":0,"victory":false,"max_hp_per_floor":[72,77,77,77,77,77,77,77,77,77,77,77,77,77,77,77,77,77,77,77,77,77,77,77,77,77,77,77,77,77,77,77,77,77],"card_choices":[{"not_picked":["EmptyFist","CrushJoints"],"picked":"CarveReality","floor":1.0},{"not_picked":["WaveOfTheHand","BowlingBash"],"picked":"ClearTheMind","floor":3.0},{"not_picked":["FlyingSleeves","Nirvana"],"picked":"EmptyBody","floor":6.0},{"not_picked":["ConjureBlade","SashWhip","Fasting2"],"picked":"SKIP","floor":8.0},{"not_picked":["ClearTheMind","Protect"],"picked":"Wallop","floor":10.0},{"not_picked":["EmptyFist","ThirdEye","DeceiveReality"],"picked":"SKIP","floor":11.0},{"not_picked":["Wish","WreathOfFlame"],"picked":"BowlingBash","floor":13.0},{"not_picked":["ClearTheMind","Consecrate"],"picked":"FlurryOfBlows","floor":14.0},{"not_picked":["Brilliance","Vault"],"picked":"Alpha","floor":16.0},{"not_picked":["Sanctity+1","Study","ClearTheMind"],"picked":"SKIP","floor":18},{"not_picked":["PathToVictory+1","Prostrate"],"picked":"Adaptation","floor":21},{"not_picked":["SashWhip","Vengeance+1","Adaptation+1"],"picked":"SKIP","floor":23},{"not_picked":["Prostrate","MasterReality","Indignation"],"picked":"SKIP","floor":29},{"not_picked":["Swivel","BowlingBash","CarveReality"],"picked":"SKIP","floor":30},{"not_picked":["WreathOfFlame+1","MentalFortress+1"],"picked":"CutThroughFate+1","floor":31}],"player_experience":435812,"relics_obtained":[{"floor":6.0,"key":"Regal Pillow"},{"floor":8.0,"key":"Du-Vu Doll"},{"floor":9.0,"key":"Smiling Mask"},{"floor":10.0,"key":"Girya"},{"floor":13.0,"key":"War Paint"},{"floor":22,"key":"Enchiridion"},{"floor":23,"key":"MawBank"}],"event_choices":[{"damage_healed":0.0,"max_hp_gain":0.0,"max_hp_loss":0.0,"gold_gain":0.0,"event_name":"Lab","player_choice":"Got Potions","floor":2.0,"gold_loss":0.0,"damage_taken":0.0},{"cards_removed":["Strike_P"],"damage_healed":0.0,"max_hp_gain":0.0,"max_hp_loss":0.0,"gold_gain":0.0,"event_name":"Golden Wing","player_choice":"Card Removal","floor":5.0,"gold_loss":0.0,"damage_taken":7.0},{"damage_healed":0,"gold_gain":0,"player_choice":"Ignored","damage_taken":0,"max_hp_gain":0,"max_hp_loss":0,"event_name":"N\u0027loth","floor":20,"gold_loss":0},{"damage_healed":0,"gold_gain":0,"player_choice":"Obtained Book","damage_taken":16,"max_hp_gain":0,"max_hp_loss":0,"event_name":"Cursed Tome","floor":22,"gold_loss":0},{"damage_healed":0,"gold_gain":0,"player_choice":"Read","damage_taken":0,"max_hp_gain":0,"max_hp_loss":0,"event_name":"The Library","floor":25,"gold_loss":0,"cards_obtained":["FearNoEvil"]}],"is_beta":false,"boss_relics":[{"not_picked":["Calling Bell","VioletLotus"],"picked":"Cursed Key"}],"items_purged_floors":[],"is_endless":false,"potions_floor_spawned":[1,3,6,10,13,14,18,30],"killed_by":"Collector","ascension_level":5}}