{"host":"jfbo3eu2ui08ej1u","time":1613074694,"event":{"mods":["2.2 Compatiblity","AchievementEnabler","Act Like it!","Aspiration","BaseMod","Better Altar","Better Match","Better Note","Better Sensory Stone","Better Skull","Better Third Choice","Block Reminder","Colored Map","Colored Powertips","Conspire","DeckTracker","Displayed Cursed Tome","Energized Spire","Fox Events","GifTheSpireLib","Hermit","Hubris","Infinite Spire","Marked Mod","Minty Spire (QoL Compilation)","Monster B Gone","Pale of the Ancients","Poor People Problems","Quick Restart","Relic Filter","Reliquary","Reorder Act Four","Replay The Spire","Shop Mod","Spicy Shops","Spire Arcade","StSLib","Stuff the Spire","The Blue Laboratory","The Disciple","The Forsaken","The Hierophant","The Marked","Uncapped","Unceasing Turn Reminder","Wandering Minibosses"],"gold_per_floor":[113,123,138,138,148,148,177,102,148,180,80,80,115,115,115,213,213,230,380,392,115,115,143,143,176,176,187,102,114,114,56,56,161,161,172,172,186,186,111,437,437,472,497,497,497,552,579,58,58,162,162,153,153,3,3,3,3,31,31,84,73,68,68,68,68,68,101,151,151,151],"floor_reached":69,"language":"ENG","playtime":3399,"items_purged":["conspire:Blindness","hermit:Snapshot","Parasite","hermit:Defend_Hermit"],"score":1739,"play_id":"f863815c-4ca1-4e7d-8943-75532d5913b8","local_time":"20210211151814","is_ascension_mode":true,"campfire_choices":[{"data":"hermit:HighNoon","floor":6.0,"key":"SMITH"},{"floor":12.0,"key":"REST"},{"data":"hermit:HighCaliber","floor":15.0,"key":"SMITH"},{"data":"hermit:HighCaliber","floor":24.0,"key":"SMITH"},{"floor":30.0,"key":"REST"},{"floor":32.0,"key":"REST"},{"data":"Survey Options","floor":41.0,"key":"SMITH"},{"data":"hermit:TakeCover","floor":44.0,"key":"SMITH"},{"floor":49.0,"key":"DIG"},{"data":"hermit:FlashPowder","floor":57.0,"key":"SMITH"},{"data":"hermit:LuckOfTheDraw","floor":59.0,"key":"SMITH"},{"floor":64.0,"key":"REST"},{"data":"hermit:HighNoon","floor":66.0,"key":"SMITH"}],"circlet_count":0,"master_deck":["hermit:Strike_Hermit","hermit:Strike_Hermit","hermit:Strike_Hermit","hermit:Strike_Hermit","hermit:Defend_Hermit","hermit:Defend_Hermit","hermit:Defend_Hermit","hermit:Covet+1","hermit:HighNoon+1","hermit:BodyArmor","hermit:HighCaliber+1","hermit:HighCaliber+1","Replay:Bootleg Shield Generator+1","hermit:Gambit+1","hermit:Showdown+1","Ghostly","hermit:HighNoon+1","hermit:TakeCover+1","hermit:Gambit","hermit:FlashPowder+1","hermit:Shortfuse+1","hermit:BodyArmor+1","hermit:FlashPowder+1","hermit:Glare+1","Survey Options+1","hermit:FlashPowder+1","hermit:TakeCover+1","ReplayTheSpireMod:Splinters","Finesse","hermit:LuckOfTheDraw+1"],"relics":["StuffTheSpire:OccultApparatus","HornCleat","reliquary:ExpiredCoupon","Juzu Bracelet","aspiration:AnachronicSnailShell","hubris:TerracottaHorce","ReplayTheSpireMod:CursedCoin","infinitespire:Joker Card","Orrery","hubris:Icosahedron","Bag of Marbles","Happy Flower","hubris:BottledRain","Replay:Baseball","Strange Spoon","energizedSpire:MagnifyingGlass","Old Coin","hermit:RedScarf","Boot","Pocketwatch","ReplayTheSpireMod:Shallot","BargainBundle","Unceasing Top","StuffTheSpire:Experiment12","Replay:Ancient Bell","reliquary:Stiletto","conspire:DeflatedDodgeball","hubris:FunFungus","infinitespire:Lucky Rock","aspiration:HummingbirdHeart","StuffTheSpire:OldFever","Pen Nib","StuffTheSpire:Tea","Tiny House"],"acts_visited":["Exordium","TheCity","TheBeyond","Exordium","TheCity"],"potions_floor_usage":[69],"damage_taken":[{"damage":0.0,"enemies":"Small Slimes","floor":1.0,"turns":3.0},{"damage":0.0,"enemies":"2 Louse","floor":2.0,"turns":4.0},{"damage":0.0,"enemies":"Cultist","floor":3.0,"turns":3.0},{"damage":0.0,"enemies":"Gremlin Gang","floor":5.0,"turns":6.0},{"damage":20.0,"enemies":"3 Sentries","floor":7.0,"turns":8.0},{"damage":38.0,"enemies":"Lagavulin","floor":10.0,"turns":9.0},{"damage":0.0,"enemies":"Replay:BlueRogue","floor":13.0,"turns":5.0},{"damage":0.0,"enemies":"Hexaghost","floor":16.0,"turns":8.0},{"damage":1.0,"enemies":"3 Byrds","floor":18.0,"turns":4.0},{"damage":0.0,"enemies":"Spheric Guardian","floor":20.0,"turns":3.0},{"damage":4.0,"enemies":"Gremlin Leader","floor":23.0,"turns":9.0},{"damage":2.0,"enemies":"Slavers","floor":25.0,"turns":4.0},{"damage":4.0,"enemies":"conspire:HollyBat","floor":27.0,"turns":6.0},{"damage":0.0,"enemies":"Snecko","floor":29.0,"turns":4.0},{"damage":18.0,"enemies":"Automaton","floor":33.0,"turns":11.0},{"damage":26.0,"enemies":"3 Shapes","floor":35.0,"turns":6.0},{"damage":0.0,"enemies":"Orb Walker","floor":37.0,"turns":3.0},{"damage":4.0,"enemies":"Giant Head","floor":40.0,"turns":8.0},{"damage":0.0,"enemies":"Nightmare","floor":42.0,"turns":9.0},{"damage":3.0,"enemies":"2 Orb Walkers","floor":46.0,"turns":6.0},{"damage":0.0,"enemies":"R_Hoarder","floor":47.0,"turns":8.0},{"damage":0.0,"enemies":"Awakened One","floor":50.0,"turns":12.0},{"damage":5.0,"enemies":"infinitespire:Voidling","floor":52.0,"turns":3.0},{"damage":16.0,"enemies":"Gremlin Nob","floor":58.0,"turns":3.0},{"damage":0.0,"enemies":"conspire:RoseBush","floor":61.0,"turns":3.0},{"damage":0.0,"enemies":"2 Louse","floor":62.0,"turns":2.0},{"damage":23.0,"enemies":"Hexaghost","floor":67.0,"turns":6.0},{"damage":0,"enemies":"3 Byrds","floor":69,"turns":1}],"seed_played":"-2878026274071580791","potions_obtained":[{"floor":2.0,"key":"blueLaboratory:TrueEctoplasm"},{"floor":3.0,"key":"blueLaboratory:PyrophylliteBrew"},{"floor":7.0,"key":"blueLaboratory:FruitPunch"},{"floor":10.0,"key":"blueLaboratory:Moonshine"},{"floor":18.0,"key":"blueLaboratory:Moonshine"},{"floor":23.0,"key":"Energy Potion"},{"floor":29.0,"key":"FairyPotion"},{"floor":35.0,"key":"blueLaboratory:StoneskinPotion"},{"floor":37.0,"key":"hermit:Tonic"},{"floor":68.0,"key":"EntropicBrew"}],"is_trial":false,"path_per_floor":["M","M","M","?","M","R","E","?","T","E","?","R","E","?","R","B",null,"M","$","M","$","?","E","R","E","T","M","?","M","R","$","R","B",null,"M","?","M","?","?","E","R","NM","T","R","?","?","E","$","R_BF","B",null,"M","?","$","?","?","R","E","R","T","M","M","$","R","?","R","B",null,"M"],"character_chosen":"HERMIT","items_purchased":["ReplayTheSpireMod:CursedCoin","infinitespire:Joker Card","Orrery","SteroidPotion","Strange Spoon","BargainBundle","Unceasing Top","LiquidMemories","infinitespire:Lucky Rock","Pen Nib","StuffTheSpire:Tea"],"campfire_rested":4,"item_purchase_floors":[19,19,21,21,31,48,48,48,54,63,63],"current_hp_per_floor":[75,75,75,75,75,75,55,55,55,19,19,42,42,42,42,42,68,67,43,43,43,43,39,39,37,37,33,33,33,56,56,77,59,73,47,47,47,47,47,43,43,43,43,43,43,40,41,41,41,41,67,69,62,62,62,62,62,50,50,50,50,50,24,46,51,51,34,74,74,74],"gold":151,"neow_bonus":"ONE_RANDOM_RARE_CARD","is_daily":false,"chose_seed":false,"campfire_upgraded":8,"win_rate":0.0,"timestamp":1613074694,"path_taken":["M","M","M","?","M","R","E","?","T","E","?","R","E","?","R","BOSS","M","?","M","$","?","E","R","E","T","M","?","M","R","$","R","BOSS","M","?","M","?","?","E","R","NM","T","R","?","?","E","$","R_BF","BOSS","M","?","$","?","?","R","E","R","T","M","M","?","R","?","R","BOSS","M"],"items_purchased_type":["Relic","Relic","Relic","Potion","Relic","Relic","Relic","Potion","Relic","Relic","Relic"],"build_version":"2020-12-22","purchased_purges":4,"victory":false,"max_hp_per_floor":[75,75,75,75,75,75,75,75,75,77,77,77,77,77,77,77,77,77,77,77,77,77,77,77,77,77,77,77,77,77,77,77,77,77,77,77,77,77,77,77,77,77,77,77,77,77,78,75,75,75,75,75,75,75,75,75,75,75,75,75,75,75,75,75,80,80,80,85,85,85],"card_choices":[{"not_picked":["hermit:GoldenBullet","hermit:Desperado"],"picked":"hermit:BodyArmor","floor":1.0},{"not_picked":["hermit:Midnight","hermit:Dive"],"picked":"hermit:HighCaliber","floor":2.0},{"not_picked":["hermit:Coalescence","hermit:BigShot"],"picked":"hermit:HighCaliber","floor":3.0},{"not_picked":["hermit:BlackWind","hermit:SprayPray","hermit:Quickdraw"],"picked":"SKIP","floor":5.0},{"not_picked":["hermit:LowProfile","hermit:PistolWhip","hermit:CursedWeapon"],"picked":"SKIP","floor":7.0},{"not_picked":["ReplayTheSpireMod:Trickstab+1","Jack Of All Trades+1"],"picked":"Replay:Bootleg Shield Generator+1","floor":8.0},{"not_picked":["hermit:Dissolve+1","hermit:EternalForm+1"],"picked":"hermit:Gambit+1","floor":8.0},{"not_picked":["hermit:PistolWhip","hermit:Shortfuse"],"picked":"hermit:Showdown","floor":10.0},{"not_picked":["hermit:TakeAim","hermit:Dissolve","hermit:CursedWeapon"],"picked":"SKIP","floor":13.0},{"not_picked":["hermit:Dissolve","hermit:BlackWind"],"picked":"hermit:HighNoon","floor":16.0},{"not_picked":["hermit:Spite","hermit:CalledShot","hermit:Misfire"],"picked":"SKIP","floor":18.0},{"not_picked":["hermit:Spite","hermit:Misfire"],"picked":"hermit:TakeCover","floor":20.0},{"not_picked":["hermit:Manifest","hermit:ItchyTrigger"],"picked":"hermit:Gambit","floor":21.0},{"not_picked":["hermit:Midnight","hermit:LowProfile"],"picked":"hermit:FlashPowder","floor":21.0},{"not_picked":["hermit:Coalescence+1","hermit:Manifest"],"picked":"hermit:Shortfuse+1","floor":21.0},{"not_picked":["hermit:BigShot","hermit:FinalCanter"],"picked":"hermit:BodyArmor+1","floor":23.0},{"not_picked":["hermit:Headshot","hermit:LowProfile"],"picked":"hermit:FlashPowder","floor":25.0},{"not_picked":["hermit:LoneWolf","hermit:BigShot","hermit:Manifest+1"],"picked":"SKIP","floor":27.0},{"not_picked":["hermit:Desperado","hermit:Dive+1","hermit:Misfire"],"picked":"SKIP","floor":29.0},{"not_picked":["hermit:Shortfuse+1","hermit:Feint"],"picked":"hermit:Glare+1","floor":35.0},{"not_picked":["hermit:Manifest+1","hermit:OverwhelmingPower","hermit:Enervate+1"],"picked":"SKIP","floor":37.0},{"not_picked":["Impatience","Panacea"],"picked":"Survey Options","floor":39.0},{"not_picked":["hermit:Purgatory","hermit:Quickdraw+1","hermit:LowProfile"],"picked":"SKIP","floor":40.0},{"not_picked":["hermit:Combo","hermit:Quickdraw"],"picked":"hermit:FlashPowder+1","floor":42.0},{"not_picked":["hermit:BodyArmor","hermit:Virtue+1"],"picked":"hermit:TakeCover+1","floor":46.0},{"not_picked":["hermit:TakeAim+1","hermit:Grudge+1","hermit:Desperado+1"],"picked":"SKIP","floor":47.0},{"not_picked":["hubris:Envy","ReplayTheSpireMod:Doomed"],"picked":"ReplayTheSpireMod:Splinters","floor":51.0},{"not_picked":["ReplayTheSpireMod:Restless Dread","hubris:Disease"],"picked":"SwitchThreat","floor":51.0},{"not_picked":["hubris:Despair","hubris:Greed"],"picked":"Languid","floor":51.0},{"not_picked":["hermit:Misfire","hermit:Snipe","hermit:Dive"],"picked":"SKIP","floor":52.0},{"not_picked":["Good Instincts","Deep Breath"],"picked":"Finesse","floor":56.0},{"not_picked":["hermit:CursedWeapon","hermit:Combo"],"picked":"hermit:LuckOfTheDraw","floor":58.0},{"not_picked":["hermit:Ricochet","hermit:TakeAim","hermit:HighCaliber"],"picked":"SKIP","floor":61.0},{"not_picked":["hermit:TrackingShot","hermit:Quickdraw","hermit:ShadowCloak"],"picked":"SKIP","floor":62.0}],"player_experience":1313205,"relics_obtained":[{"floor":7.0,"key":"HornCleat"},{"floor":9.0,"key":"reliquary:ExpiredCoupon"},{"floor":10.0,"key":"Juzu Bracelet"},{"floor":13.0,"key":"aspiration:AnachronicSnailShell"},{"floor":23.0,"key":"Bag of Marbles"},{"floor":25.0,"key":"Happy Flower"},{"floor":26.0,"key":"hubris:BottledRain"},{"floor":40.0,"key":"Old Coin"},{"floor":42.0,"key":"hermit:RedScarf"},{"floor":43.0,"key":"Boot"},{"floor":46.0,"key":"Pocketwatch"},{"floor":47.0,"key":"ReplayTheSpireMod:Shallot"},{"floor":49.0,"key":"StuffTheSpire:Experiment12"},{"floor":58.0,"key":"aspiration:HummingbirdHeart"},{"floor":60.0,"key":"StuffTheSpire:OldFever"}],"event_choices":[{"damage_healed":0.0,"max_hp_gain":0.0,"max_hp_loss":0.0,"gold_gain":0.0,"event_name":"betterMatch:BetterMatch","player_choice":"2","floor":8.0,"gold_loss":0.0,"damage_taken":0.0,"cards_obtained":["betterMatch:ColorlessUncommonCard","betterMatch:RareCard"]},{"damage_healed":0.0,"max_hp_gain":0.0,"max_hp_loss":0.0,"gold_gain":0.0,"event_name":"conspire:LoneGhost","player_choice":"Argue","floor":11.0,"gold_loss":0.0,"damage_taken":0.0},{"damage_healed":0.0,"max_hp_gain":0.0,"max_hp_loss":0.0,"gold_gain":0.0,"event_name":"Upgrade Shrine","player_choice":"Upgraded","floor":14.0,"gold_loss":0.0,"damage_taken":0.0,"cards_upgraded":["hermit:Showdown"]},{"damage_healed":0.0,"max_hp_gain":0.0,"max_hp_loss":0.0,"gold_gain":0.0,"event_name":"Addict","player_choice":"Obtained Relic","floor":28.0,"gold_loss":85.0,"damage_taken":0.0,"relics_obtained":["Replay:Baseball"]},{"damage_healed":0.0,"max_hp_gain":0.0,"max_hp_loss":0.0,"gold_gain":0.0,"event_name":"conspire:Investor","player_choice":"Leave","floor":38.0,"gold_loss":0.0,"damage_taken":0.0},{"damage_healed":0.0,"max_hp_gain":0.0,"max_hp_loss":0.0,"gold_gain":0.0,"event_name":"betterMatch:BetterMatch","player_choice":"1","floor":39.0,"gold_loss":0.0,"damage_taken":0.0,"cards_obtained":["betterMatch:CommonCard","betterMatch:RareCard","betterMatch:ColorlessUncommonCard"]},{"damage_healed":0.0,"max_hp_gain":0.0,"max_hp_loss":0.0,"gold_gain":0.0,"event_name":"Accursed Blacksmith","player_choice":"Forge","floor":45.0,"gold_loss":0.0,"damage_taken":0.0,"cards_upgraded":["hermit:FlashPowder"]},{"damage_healed":0.0,"max_hp_gain":0.0,"max_hp_loss":0.0,"gold_gain":0.0,"event_name":"Mysterious Sphere","player_choice":"Fight","floor":46.0,"gold_loss":0.0,"damage_taken":0.0},{"cards_removed":["Languid"],"damage_healed":0.0,"max_hp_gain":0.0,"max_hp_loss":0.0,"gold_gain":0.0,"event_name":"Golden Wing","player_choice":"Card Removal","floor":53.0,"gold_loss":0.0,"damage_taken":7.0},{"cards_removed":["SwitchThreat"],"damage_healed":0.0,"max_hp_gain":0.0,"max_hp_loss":0.0,"gold_gain":0.0,"event_name":"Living Wall","player_choice":"Forget","floor":55.0,"gold_loss":0.0,"damage_taken":0.0},{"damage_healed":0.0,"max_hp_gain":0.0,"max_hp_loss":0.0,"gold_gain":4.0,"event_name":"betterStone:BetterStone","player_choice":"1","floor":56.0,"gold_loss":0.0,"damage_taken":0.0},{"damage_healed":0.0,"max_hp_gain":5.0,"max_hp_loss":0.0,"gold_gain":0.0,"event_name":"Big Fish","player_choice":"Donut","floor":65.0,"gold_loss":0.0,"damage_taken":0.0}],"is_beta":false,"boss_relics":[{"not_picked":["hubris:GrandSneckoEye","hermit:BartenderGlass"],"picked":"hubris:TerracottaHorce"},{"not_picked":["reliquary:Craggleroot","StuffTheSpire:RunicConfusion"],"picked":"energizedSpire:MagnifyingGlass"},{"not_picked":["StuffTheSpire:RunicHypercube","energizedSpire:EnergizedDie"],"picked":"Replay:Ancient Bell"},{"not_picked":["MawBank","hubris:TenFootPole"],"picked":"reliquary:Stiletto"},{"not_picked":["theForsaken:HumbleEgg","infinitespire:Midas Blood"],"picked":"conspire:DeflatedDodgeball"},{"not_picked":["infinitespire:CursedDice","theForsaken:Kindling"],"picked":"hubris:FunFungus"},{"not_picked":["StuffTheSpire:RunicHypercube","energizedSpire:NeverEndingSparkler"],"picked":"Tiny House"}],"items_purged_floors":[19,21,48,48],"is_endless":true,"potions_floor_spawned":[2,3,7,10,18,23,29,35,37,40,47,52,58,62],"killed_by":"3 Byrds","ascension_level":4}}