{"host":"j9610sde00vfp93k","time":1613058204,"event":{"mods":["AchievementEnabler","BaseMod","Gold Saver","Minty Spire (QoL Compilation)","Permanent Neow","Rare Cards Sparkle","Spire Arcade","StSLib","SuperFastMode"],"gold_per_floor":[465,465,485,417,417,452,464,493,587,664,701,741,753,765,777,927,939,974,986,1028,974,1003,1003,1003,1003],"floor_reached":24,"language":"ENG","playtime":965,"items_purged":[],"score":221,"play_id":"15ca3917-bb64-422c-97ad-4a451efc3938","local_time":"20210211234324","is_ascension_mode":false,"campfire_choices":[{"data":"BattleHymn","floor":7,"key":"SMITH"},{"data":"DevaForm","floor":13,"key":"SMITH"},{"floor":15,"key":"REST"},{"data":"Wish","floor":23,"key":"SMITH"}],"circlet_count":0,"master_deck":["Strike_P+1","Strike_P+1","Strike_P+1","Strike_P+1","Defend_P+1","Defend_P+1","Defend_P+1","Defend_P+1","Eruption","Vigilance","FlurryOfBlows","Regret","DeceiveReality+1","BattleHymn+1","WindmillStrike","FearNoEvil","PathToVictory","MentalFortress","DevaForm+1","ConjureBlade","BowlingBash+1","TalkToTheHand","Wish+1"],"relics":["PureWater","NeowsBlessing","MealTicket","MawBank","CeramicFish","Golden Idol","Coffee Dripper"],"acts_visited":["Exordium","TheCity"],"potions_floor_usage":[10],"damage_taken":[{"damage":0,"enemies":"Cultist","floor":1,"turns":1},{"damage":0,"enemies":"Jaw Worm","floor":3,"turns":1},{"damage":0,"enemies":"Lagavulin","floor":6,"turns":1},{"damage":0,"enemies":"Small Slimes","floor":8,"turns":3},{"damage":12,"enemies":"3 Sentries","floor":10,"turns":4},{"damage":12,"enemies":"Exordium Wildlife","floor":11,"turns":2},{"damage":17,"enemies":"Gremlin Gang","floor":12,"turns":5},{"damage":34,"enemies":"Hexaghost","floor":16,"turns":9},{"damage":29,"enemies":"Shell Parasite","floor":18,"turns":4},{"damage":12,"enemies":"3 Byrds","floor":20,"turns":5},{"damage":0,"enemies":"3 Cultists","floor":22,"turns":4},{"damage":54,"enemies":"Slavers","floor":24,"turns":4}],"seed_played":"5013859803385215480","potions_obtained":[{"floor":3,"key":"Fire Potion"},{"floor":6,"key":"GamblersBrew"},{"floor":8,"key":"DuplicationPotion"},{"floor":18,"key":"GamblersBrew"}],"is_trial":false,"path_per_floor":["M","?","M","$","?","E","R","M","T","?","M","M","R","?","R","B",null,"M","?","M","$","M","R","E"],"character_chosen":"WATCHER","items_purchased":["BattleHymn","TalkToTheHand"],"campfire_rested":1,"item_purchase_floors":[4,21],"current_hp_per_floor":[72,72,72,72,58,58,58,58,58,46,34,17,17,17,37,3,67,38,38,26,41,41,41,0,0],"gold":1003,"neow_bonus":"THREE_ENEMY_KILL","is_daily":false,"chose_seed":false,"campfire_upgraded":3,"win_rate":0.0,"timestamp":1613058204,"path_taken":["M","?","M","$","?","E","R","M","T","?","?","?","R","?","R","BOSS","M","?","M","$","M","R","E"],"items_purchased_type":["Card","Card"],"build_version":"2020-12-22","purchased_purges":0,"victory":false,"max_hp_per_floor":[72,72,72,72,72,72,72,72,72,72,72,72,72,67,67,67,67,67,67,67,67,67,67,67,67],"card_choices":[{"not_picked":["ThirdEye","CutThroughFate"],"picked":"FlurryOfBlows","floor":1},{"not_picked":["CutThroughFate","EmptyFist"],"picked":"DeceiveReality","floor":3},{"not_picked":["Tantrum","Worship"],"picked":"WindmillStrike","floor":6},{"not_picked":["Fasting2","JustLucky"],"picked":"FearNoEvil","floor":8},{"not_picked":["CrushJoints","FearNoEvil"],"picked":"PathToVictory","floor":10},{"not_picked":["FlyingSleeves","EmptyBody"],"picked":"MentalFortress","floor":11},{"not_picked":["Protect","ThirdEye"],"picked":"DevaForm","floor":12},{"not_picked":["Blasphemy","Ragnarok"],"picked":"ConjureBlade","floor":16},{"not_picked":["JustLucky","EmptyFist","SashWhip"],"picked":"SKIP","floor":18},{"not_picked":["FlurryOfBlows+1","Crescendo"],"picked":"BowlingBash+1","floor":20},{"not_picked":["ClearTheMind+1","WaveOfTheHand+1"],"picked":"Wish","floor":22}],"player_experience":214509,"relics_obtained":[{"floor":6,"key":"MawBank"},{"floor":10,"key":"CeramicFish"}],"event_choices":[{"damage_healed":0,"gold_gain":0,"player_choice":"Box","damage_taken":0,"relics_obtained":["MealTicket"],"max_hp_gain":0,"max_hp_loss":0,"event_name":"Big Fish","floor":2,"gold_loss":0,"cards_obtained":["Regret"]},{"damage_healed":0,"gold_gain":0,"player_choice":"Entered Light","damage_taken":14,"max_hp_gain":0,"max_hp_loss":0,"event_name":"Shining Light","floor":5,"gold_loss":0,"cards_upgraded":["Strike_P","DeceiveReality"]},{"damage_healed":0,"gold_gain":0,"player_choice":"Searched \u00272\u0027 times","damage_taken":0,"max_hp_gain":0,"max_hp_loss":0,"event_name":"Dead Adventurer","floor":10,"gold_loss":0},{"damage_healed":0,"gold_gain":0,"player_choice":"Lose Max HP","damage_taken":0,"relics_obtained":["Golden Idol"],"max_hp_gain":0,"max_hp_loss":5,"event_name":"Golden Idol","floor":14,"gold_loss":0},{"damage_healed":0,"gold_gain":0,"player_choice":"Simplicity","damage_taken":0,"max_hp_gain":0,"max_hp_loss":0,"event_name":"Back to Basics","floor":19,"gold_loss":0,"cards_upgraded":["Strike_P","Strike_P","Strike_P","Defend_P","Defend_P","Defend_P","Defend_P"]}],"is_beta":false,"boss_relics":[{"not_picked":["Cursed Key","Astrolabe"],"picked":"Coffee Dripper"}],"items_purged_floors":[],"is_endless":false,"potions_floor_spawned":[3,6,8,18],"killed_by":"Slavers","ascension_level":0}}