{"host":"Luke","time":1613084110,"event":{"mods":["BaseMod","Downfall","Hermit","Minty Spire (QoL Compilation)","StSLib"],"gold_per_floor":[99,110,110,120,130,130,130,145,167,197,197,208,237,253,264,264,264],"floor_reached":16,"language":"ENG","playtime":1415,"items_purged":[],"score":114,"play_id":"6334e05e-6554-4f52-91dd-0ffc93726cab","local_time":"20210211225510","is_ascension_mode":false,"campfire_choices":[{"data":"hexamod:Float","floor":1,"key":"SMITH"},{"data":"hexamod:RadiantFlame","floor":6,"key":"SMITH"}],"circlet_count":0,"master_deck":["hexamod:Strike","hexamod:Strike","hexamod:Defend+1","hexamod:Defend","hexamod:Defend","hexamod:Float+1","hexamod:SpectersWail","hexamod:NightmareStrike","hexamod:RadiantFlame+1","hexamod:ParanormalForm","hexamod:SpectersWail","hexamod:NightmareGuise","hexamod:ChargedBarrage","hexamod:HeatShield","downfall:Aged","hexamod:ChargedBarrage","hexamod:SwordOfDarkness","hexamod:CatchUp","hexamod:SixthSeal","hexamod:SpectralAdrenaline"],"relics":["hexamod:SpiritBrand","Odd Mushroom","The Courier","Bag of Preparation"],"acts_visited":["Exordium"],"potions_floor_usage":[8,9,9,9,10,13,14],"damage_taken":[{"damage":0,"enemies":"Small Slimes","floor":2,"turns":4},{"damage":0,"enemies":"Cultist","floor":4,"turns":3},{"damage":1,"enemies":"Jaw Worm","floor":5,"turns":3},{"damage":5,"enemies":"3 Louse","floor":8,"turns":3},{"damage":5,"enemies":"The Mushroom Lair","floor":9,"turns":3},{"damage":17,"enemies":"3 Sentries","floor":10,"turns":6},{"damage":8,"enemies":"Red Slaver","floor":12,"turns":4},{"damage":7,"enemies":"Gremlin Nob","floor":13,"turns":3},{"damage":0,"enemies":"Exordium Wildlife","floor":14,"turns":3},{"damage":13,"enemies":"Red Slaver","floor":15,"turns":3},{"damage":31,"enemies":"DF_ARCHETYPE_STREAMLINE","floor":16,"turns":4}],"seed_played":"-1868651533142357052","potions_obtained":[{"floor":4,"key":"Guardian:BlockOnCardUsePotion"},{"floor":8,"key":"EntropicBrew"},{"floor":9,"key":"hexamod:SoulburnPotion"},{"floor":13,"key":"SneckoOil"}],"is_trial":false,"path_per_floor":["R","M","?","M","M","R","T","M","?","E","?","M","E","M","M","B"],"character_chosen":"THE_SPIRIT","items_purchased":[],"campfire_rested":0,"item_purchase_floors":[],"current_hp_per_floor":[77,77,77,77,76,76,76,71,66,49,49,41,34,34,21,0,0,0],"gold":264,"neow_bonus":"TEN_PERCENT_HP_BONUS","is_daily":false,"chose_seed":false,"campfire_upgraded":2,"win_rate":0.0,"timestamp":1613084110,"path_taken":["R","M","?","M","?","R","T","M","?","E","?","M","E","?","M","BOSS"],"items_purchased_type":[],"build_version":"2020-12-18","purchased_purges":0,"victory":false,"max_hp_per_floor":[77,77,77,77,77,77,77,77,77,77,77,77,77,77,77,77,77,77],"card_choices":[{"not_picked":["hexamod:HauntingEcho","hexamod:InspiringFlames"],"picked":"hexamod:SpectersWail","floor":2},{"not_picked":["hexamod:ThermalTransfer","hexamod:GhostShield"],"picked":"hexamod:NightmareStrike","floor":4},{"not_picked":["hexamod:NightmareGuise","hexamod:FastForward"],"picked":"hexamod:RadiantFlame","floor":5},{"not_picked":["hexamod:SpectersWail","hexamod:AdvancingGuard"],"picked":"hexamod:ParanormalForm","floor":8},{"not_picked":["hexamod:HeatMetal","hexamod:GhostLash"],"picked":"hexamod:SpectersWail","floor":9},{"not_picked":["hexamod:ThermalTransfer","hexamod:BurningTouch"],"picked":"hexamod:NightmareGuise","floor":10},{"not_picked":["hexamod:HeatCrush","hexamod:HeatMetal"],"picked":"hexamod:SwordOfDarkness","floor":12},{"not_picked":["hexamod:SwordOfDarkness","hexamod:GhostOfSpireFuture"],"picked":"hexamod:CatchUp","floor":13},{"not_picked":["hexamod:InspiringFlames","hexamod:SpectersWail"],"picked":"hexamod:SixthSeal","floor":14},{"not_picked":["hexamod:NightmareStrike","hexamod:GhostLash"],"picked":"hexamod:SpectralAdrenaline","floor":15}],"player_experience":713374,"relics_obtained":[{"floor":9,"key":"Odd Mushroom"},{"floor":10,"key":"The Courier"},{"floor":13,"key":"Bag of Preparation"}],"event_choices":[{"cards_removed":["hexamod:Strike"],"damage_healed":0,"gold_gain":0,"player_choice":"Offered Basic","damage_taken":0,"max_hp_gain":0,"max_hp_loss":0,"event_name":"Bonfire Elementals","floor":3,"gold_loss":0},{"damage_healed":0,"gold_gain":0,"player_choice":"Fought Mushrooms","damage_taken":0,"max_hp_gain":0,"max_hp_loss":0,"event_name":"Mushrooms","floor":9,"gold_loss":0}],"is_beta":true,"boss_relics":[],"items_purged_floors":[],"is_endless":false,"potions_floor_spawned":[4,8,9,13],"killed_by":"DF_ARCHETYPE_STREAMLINE","ascension_level":0}}