{"host":"d02vqrhhew441p6s","time":1613063534,"event":{"mods":["BaseMod","Downfall","Halation","Hubris","Infinite Spire","Minty Spire (QoL Compilation)","StSLib","The Animator","The Death Knight","The Necromancer"],"gold_per_floor":[99,109,109,125,143,143,193,21,74,74,36,73,73,92,106,222,222,222,259,276,303,306,306,306],"floor_reached":22,"language":"ENG","playtime":1251,"items_purged":[],"score":186,"play_id":"0438c6b0-c3b6-455e-bd27-d3a25867ff98","local_time":"20210211181214","is_ascension_mode":false,"campfire_choices":[{"data":"bronze:Replicate","floor":1,"key":"SMITH"},{"data":"bronze:Goto","floor":10,"key":"SMITH"},{"data":"bronze:ItsAFeature","floor":13,"key":"SMITH"},{"floor":18,"key":"RECALL"}],"circlet_count":0,"master_deck":["bronze:Strike","bronze:Strike","bronze:Strike","bronze:Strike","bronze:Defend","bronze:Defend","bronze:Defend","bronze:Defend","bronze:Replicate+1","bronze:Goto+1","bronze:ForceShield","bronze:AlphaBuild+1","bronze:Backtrace","bronze:WhirlingStrike","bronze:SpaghettiCode","bronze:BronzeOrb","bronze:ItsAFeature+1","bronze:Shell","bronze:Fortify","bronze:Verify","bronze:DelayedSlice+1","bronze:FollowUp+1","bronze:BugBarrage+1"],"relics":["bronze:BronzeCore","hubris:Towel","Potion Belt","PreservedInsect","halation:IllGainedPizza","bronze:SilverBullet","hubris:Backtick","Molten Egg 2"],"acts_visited":["Exordium","TheCity"],"potions_floor_usage":[4,11,22,22,22],"damage_taken":[{"damage":10,"enemies":"Small Slimes","floor":2,"turns":3},{"damage":1,"enemies":"Jaw Worm","floor":4,"turns":3},{"damage":0,"enemies":"2 Louse","floor":5,"turns":2},{"damage":7,"enemies":"downfall:FleeingMerchant","floor":8,"turns":4},{"damage":12,"enemies":"downfall:FleeingMerchant","floor":11,"turns":4},{"damage":13,"enemies":"Lagavulin","floor":12,"turns":5},{"damage":0,"enemies":"Blue Slaver","floor":14,"turns":1},{"damage":0,"enemies":"Red Slaver","floor":15,"turns":1},{"damage":4,"enemies":"SI_SHIV_ARCHETYPE","floor":16,"turns":10},{"damage":46,"enemies":"3 Byrds","floor":19,"turns":8},{"damage":4,"enemies":"Chosen","floor":20,"turns":4},{"damage":17,"enemies":"Snake Plant","floor":21,"turns":5},{"damage":12,"enemies":"Shelled Parasite and Fungi","floor":22,"turns":1}],"seed_played":"1597212888926310207","potions_obtained":[{"floor":2,"key":"DistilledChaos"},{"floor":5,"key":"LiquidBronze"},{"floor":12,"key":"PowerPotion"},{"floor":14,"key":"BlessingOfTheForge"},{"floor":16,"key":"BlessingOfTheForge"},{"floor":21,"key":"SneckoOil"}],"is_trial":false,"path_per_floor":["R","M","?","M","M","?","T","$","T","R","$","E","R","M","M","B",null,"R","M","M","M","M"],"character_chosen":"THE_AUTOMATON","items_purchased":["PreservedInsect","bronze:BronzeOrb"],"campfire_rested":0,"item_purchase_floors":[8,11],"current_hp_per_floor":[77,67,67,66,66,66,66,59,59,59,47,34,34,34,34,30,77,77,31,27,10,0,0,0],"gold":306,"neow_bonus":"TEN_PERCENT_HP_BONUS","is_daily":false,"chose_seed":false,"campfire_upgraded":3,"win_rate":0.0,"timestamp":1613063534,"path_taken":["R","M","?","M","M","?","T","?","?","R","$","E","R","M","M","BOSS","R","M","M","M","M"],"items_purchased_type":["Relic","Card"],"build_version":"2020-12-22","purchased_purges":0,"victory":false,"max_hp_per_floor":[77,77,77,77,77,77,77,77,77,77,77,77,77,77,77,77,77,77,77,77,77,77,77,77],"card_choices":[{"not_picked":["bronze:Repulsor","bronze:Fortify"],"picked":"bronze:ForceShield","floor":2},{"not_picked":["bronze:Turbo","bronze:DigitalCarnage"],"picked":"bronze:AlphaBuild","floor":4},{"not_picked":["bronze:CloningBeam","bronze:Deprecate"],"picked":"bronze:Backtrace","floor":5},{"not_picked":["bronze:BuggyMess","bronze:Frontload"],"picked":"bronze:WhirlingStrike","floor":8},{"not_picked":["bronze:Fortify","bronze:Shield"],"picked":"bronze:SpaghettiCode","floor":11},{"not_picked":["bronze:Overheat","bronze:BronzeOrb"],"picked":"bronze:ItsAFeature","floor":12},{"not_picked":["bronze:Overheat","bronze:WildBeam"],"picked":"bronze:Shell","floor":14},{"not_picked":["bronze:Overload","bronze:Overheat"],"picked":"bronze:Fortify","floor":15},{"not_picked":["bronze:HardenedForm","bronze:Mutator"],"picked":"bronze:Verify","floor":16},{"not_picked":["bronze:Overheat+1","bronze:Shell"],"picked":"bronze:DelayedSlice+1","floor":19},{"not_picked":["bronze:MaxOutput","bronze:ChildClass"],"picked":"bronze:FollowUp+1","floor":20},{"not_picked":["bronze:DarkDash+1","bronze:Turbo"],"picked":"bronze:BugBarrage+1","floor":21}],"player_experience":545755,"relics_obtained":[{"floor":7,"key":"Potion Belt"},{"floor":9,"key":"halation:IllGainedPizza"},{"floor":12,"key":"bronze:SilverBullet"}],"event_choices":[],"is_beta":false,"boss_relics":[{"not_picked":["halation:Yufonium","hubris:TerracottaHorce"],"picked":"hubris:Backtick"}],"items_purged_floors":[],"is_endless":false,"potions_floor_spawned":[2,5,12,14,16,21],"killed_by":"Shelled Parasite and Fungi","ascension_level":0}}