{"host":"mulvwr6fzlda1d2f","time":1613016625,"event":{"mods":["BaseMod","BetterRewards","Hermit","Marisa????????","Minty Spire (QoL Compilation)","Quick Restart","Remove Card Discount Mod","Replay The Spire","StSLib","The Bladedancer","The Runesmith","egg"],"gold_per_floor":[109,121,138,138,151,151,228,228,255,53,88,101,121,141,141,141,141],"floor_reached":16,"language":"ENG","playtime":694,"items_purged":["hermit:Strike_Hermit","hermit:Defend_Hermit","hermit:Strike_Hermit"],"score":104,"play_id":"4b743b58-fa69-4360-99c9-2e15c4ff40ab","local_time":"20210210201025","is_ascension_mode":false,"campfire_choices":[{"data":"hermit:Quickdraw","floor":6,"key":"SMITH"},{"floor":15,"key":"RECALL"}],"circlet_count":0,"master_deck":["hermit:Strike_Hermit","hermit:Strike_Hermit","hermit:Defend_Hermit","hermit:Defend_Hermit","hermit:Defend_Hermit","hermit:Snapshot","hermit:Covet","hermit:Virtue","hermit:LuckOfTheDraw","hermit:Quickdraw+1","hermit:Snipe","hermit:Glare","hermit:ShadowCloak","hermit:Deadeye"],"relics":["hermit:Momento","Lee\u0027s Waffle","CeramicFish"],"acts_visited":["Exordium"],"potions_floor_usage":[11,16,16],"damage_taken":[{"damage":2,"enemies":"2 Louse","floor":1,"turns":3},{"damage":0,"enemies":"Small Slimes","floor":2,"turns":5},{"damage":1,"enemies":"Jaw Worm","floor":3,"turns":3},{"damage":5,"enemies":"Large Slime","floor":5,"turns":7},{"damage":37,"enemies":"Gremlin Nob","floor":11,"turns":5},{"damage":21,"enemies":"Exordium Thugs","floor":12,"turns":3},{"damage":8,"enemies":"2 Fungi Beasts","floor":13,"turns":2},{"damage":4,"enemies":"Red Slaver","floor":14,"turns":3},{"damage":13,"enemies":"Slime Boss","floor":16,"turns":7}],"seed_played":"-2029610527335963171","potions_obtained":[{"floor":3,"key":"hermit:BlackBile"},{"floor":5,"key":"Dexterity Potion"},{"floor":12,"key":"FairyPotion"},{"floor":13,"key":"Explosive Potion"}],"is_trial":false,"path_per_floor":["M","M","M","?","M","R","?","?","T","$","E","M","M","M","R","B"],"character_chosen":"HERMIT","items_purchased":["hermit:Glare","Lee\u0027s Waffle"],"campfire_rested":0,"item_purchase_floors":[10,10],"current_hp_per_floor":[80,80,79,79,74,74,74,74,74,89,52,31,23,19,19,6,6],"gold":141,"neow_bonus":"TEN_PERCENT_HP_BONUS","is_daily":false,"chose_seed":false,"campfire_upgraded":1,"win_rate":0.0,"timestamp":1613016625,"path_taken":["M","M","M","?","M","R","?","?","T","?","E","M","M","M","R","BOSS"],"items_purchased_type":["Card","Relic"],"build_version":"2020-12-22","purchased_purges":3,"victory":false,"max_hp_per_floor":[82,82,82,82,82,82,82,82,82,89,89,89,89,89,89,89,89],"card_choices":[{"not_picked":["hermit:BodyArmor","hermit:GoldenBullet"],"picked":"hermit:Virtue","floor":1},{"not_picked":["hermit:WideOpen","hermit:Coalescence"],"picked":"hermit:LuckOfTheDraw","floor":2},{"not_picked":["hermit:Coalescence","hermit:BodyArmor"],"picked":"hermit:Quickdraw","floor":3},{"not_picked":["hermit:Spite","hermit:HighCaliber"],"picked":"hermit:Snipe","floor":5},{"not_picked":["hermit:Manifest","hermit:Midnight"],"picked":"hermit:ShadowCloak","floor":11},{"not_picked":["hermit:CalledShot","hermit:LoneWolf","hermit:SprayPray"],"picked":"SKIP","floor":12},{"not_picked":["hermit:Midnight","hermit:Brawl"],"picked":"hermit:Deadeye","floor":13},{"not_picked":["hermit:HighCaliber","hermit:Roughhouse","hermit:Misfire"],"picked":"SKIP","floor":14}],"player_experience":253566,"relics_obtained":[{"floor":11,"key":"CeramicFish"}],"event_choices":[{"damage_healed":0,"gold_gain":0,"player_choice":"Leave","damage_taken":0,"max_hp_gain":0,"max_hp_loss":0,"event_name":"The Cleric","floor":4,"gold_loss":0},{"damage_healed":0,"gold_gain":77,"player_choice":"Gained Gold","damage_taken":0,"max_hp_gain":0,"max_hp_loss":0,"event_name":"Golden Wing","floor":7,"gold_loss":0},{"damage_healed":0,"gold_gain":0,"player_choice":"Ignored","damage_taken":0,"max_hp_gain":0,"max_hp_loss":0,"event_name":"Liars Game","floor":8,"gold_loss":0}],"is_beta":false,"boss_relics":[],"items_purged_floors":[10,10,10],"is_endless":false,"potions_floor_spawned":[3,5,12,13,14],"killed_by":"Slime Boss","ascension_level":0}}