{"host":"tner83jrcdd0m6a5","time":1613023652,"event":{"mods":["AchievementEnabler","BaseMod","Bestiary","Colored Map","Colored Powertips","DeckTracker","Highlight Path","Keyboard Shortcuts","Minty Spire (QoL Compilation)","Quick Restart","Rare Cards Sparkle","Relic Stats","Slay-I","SuperFastMode"],"gold_per_floor":[117,117,42,53,53,53,53],"floor_reached":6,"language":"ENG","playtime":214,"items_purged":["Strike_G"],"score":41,"play_id":"1bfc0eb9-9773-4f17-aaf4-5073cb91bf76","local_time":"20210211060732","is_ascension_mode":true,"campfire_choices":[],"circlet_count":0,"master_deck":["Strike_G","Strike_G+1","Strike_G","Strike_G","Defend_G+1","Defend_G","Defend_G","Defend_G","Defend_G","Survivor","Neutralize","Backstab","Finisher"],"relics":["Ring of the Snake","CaptainsWheel"],"acts_visited":["Exordium"],"potions_floor_usage":[2],"damage_taken":[{"damage":0,"enemies":"2 Louse","floor":1,"turns":3},{"damage":0,"enemies":"Jaw Worm","floor":4,"turns":3},{"damage":40,"enemies":"Gremlin Nob","floor":6,"turns":4}],"seed_played":"-5980600239090456316","potions_obtained":[{"floor":1,"key":"Fruit Juice"}],"is_trial":false,"path_per_floor":["M","?","$","M","?","E"],"character_chosen":"THE_SILENT","items_purchased":[],"campfire_rested":0,"item_purchase_floors":[],"current_hp_per_floor":[49,40,40,40,40,0,0],"gold":53,"neow_bonus":"ONE_RARE_RELIC","is_daily":false,"chose_seed":false,"campfire_upgraded":0,"win_rate":0.0,"timestamp":1613023652,"path_taken":["M","?","$","M","?","E"],"items_purchased_type":[],"build_version":"2020-12-22","purchased_purges":1,"victory":false,"max_hp_per_floor":[70,75,75,75,75,75,75],"relic_stats":{"counters":[3,10],"obtain_stats":[{"CaptainsWheel":0,"Ring of the Snake":0},{"CaptainsWheel":0,"Ring of the Snake":0},{"CaptainsWheel":0,"Ring of the Snake":0}],"Ring of the Snake":[6]},"card_choices":[{"not_picked":["Prepared","Outmaneuver"],"picked":"Backstab","floor":1},{"not_picked":["Deadly Poison","Outmaneuver"],"picked":"Finisher","floor":4}],"player_experience":374823,"relics_obtained":[],"event_choices":[{"damage_healed":0,"gold_gain":0,"player_choice":"Entered Light","damage_taken":14,"max_hp_gain":0,"max_hp_loss":0,"event_name":"Shining Light","floor":2,"gold_loss":0,"cards_upgraded":["Defend_G","Strike_G"]},{"damage_healed":0,"gold_gain":0,"player_choice":"Ignored","damage_taken":0,"max_hp_gain":0,"max_hp_loss":0,"event_name":"Golden Idol","floor":5,"gold_loss":0}],"is_beta":false,"boss_relics":[],"items_purged_floors":[3],"is_endless":false,"potions_floor_spawned":[1],"killed_by":"Gremlin Nob","ascension_level":4}}