{"host":"x1d9cj1vze2ie4yu","time":1613016757,"event":{"mods":["Act Like it!","BaseMod","Better Vampires","Conspire","Minty Spire (QoL Compilation)","Pale of the Ancients","Permanent Neow","Relic Stats","Reliquary","Replay The Spire","Spicy Shops","StSLib","[IsaacMod]以撒尖塔","【功能Mod】聪明的最终Boss"],"gold_per_floor":[109,59,134,5,21,54,54,74,101,131,131,131,131,45,45,45,45],"floor_reached":16,"language":"ZHS","playtime":388,"items_purged":["Pride","Defend_R"],"score":179,"play_id":"34013191-20a8-42d6-85c8-cf8b03c52760","local_time":"20210211121237","is_ascension_mode":true,"campfire_choices":[{"data":"EpicFetus","floor":7.0,"key":"SMITH"},{"data":"Bash","floor":11.0,"key":"SMITH"},{"data":"Bash+1","floor":13.0,"key":"SMITH"},{"data":"Bash+2","floor":15.0,"key":"SMITH"}],"circlet_count":0,"master_deck":["Strike_R","Strike_R","Strike_R","Strike_R","Strike_R","Defend_R","Defend_R","Defend_R","Bash+3","EpicFetus+1","Pommel Strike"],"relics":["Burning Blood","HushsDoor","BloodDonationMachine","SteamSale","ForgetMeNow","Strawberry","MealTicket","conspire:InfiniteJournal","Golden Idol","Bag of Marbles"],"acts_visited":["Exordium"],"potions_floor_usage":[16],"damage_taken":[{"damage":19.0,"enemies":"Jaw Worm","floor":1.0,"turns":4.0},{"damage":0.0,"enemies":"Small Slimes","floor":5.0,"turns":3.0},{"damage":18.0,"enemies":"Gremlin Nob","floor":6.0,"turns":4.0},{"damage":4.0,"enemies":"conspire:RoseBush","floor":8.0,"turns":2.0},{"damage":43.0,"enemies":"Replay:BlueRogue","floor":10.0,"turns":4.0},{"damage":27,"enemies":"Hexaghost","floor":16,"turns":5}],"seed_played":"-6263872120504812314","potions_obtained":[{"floor":1.0,"key":"Block Potion"},{"floor":8.0,"key":"LiquidMemories"}],"is_trial":false,"path_per_floor":["M","?","?","$","M","E","R","M","T","E","R","?","R","$","R","B"],"character_chosen":"IRONCLAD","items_purchased":["SteamSale","ForgetMeNow","Bag of Marbles"],"campfire_rested":0,"item_purchase_floors":[4,4,14],"current_hp_per_floor":[75,75,64,46,52,47,47,49,49,12,12,12,12,27,27,0,0],"gold":45,"neow_bonus":"TWENTY_PERCENT_HP_BONUS","is_daily":false,"chose_seed":false,"campfire_upgraded":4,"win_rate":0.0,"timestamp":1613016757,"path_taken":["M","?","?","?","M","E","R","M","T","E","R","?","R","$","R","BOSS"],"items_purchased_type":["Relic","Relic","Relic"],"build_version":"2020-12-22","purchased_purges":2,"victory":false,"max_hp_per_floor":[96,96,96,96,96,103,103,103,103,103,103,95,95,95,95,95,95],"relic_stats":{"counters":[6,22],"Golden Idol":0,"MealTicket":15,"obtain_stats":[{"KeepersGift":0,"Golden Idol":12,"ForgetMeNow":4,"Strawberry":6,"MealTicket":9,"Bag of Marbles":14,"HushsDoor":0,"SteamSale":4,"Burning Blood":0,"BloodDonationMachine":0,"conspire:InfiniteJournal":10},{"KeepersGift":0,"Golden Idol":5,"ForgetMeNow":1,"Strawberry":3,"MealTicket":4,"Bag of Marbles":5,"HushsDoor":0,"SteamSale":1,"Burning Blood":0,"BloodDonationMachine":0,"conspire:InfiniteJournal":5},{"KeepersGift":0,"Golden Idol":17,"ForgetMeNow":4,"Strawberry":11,"MealTicket":13,"Bag of Marbles":17,"HushsDoor":0,"SteamSale":4,"Burning Blood":0,"BloodDonationMachine":0,"conspire:InfiniteJournal":17}],"Burning Blood":30},"card_choices":[{"not_picked":[],"picked":"EpicFetus","floor":0.0},{"not_picked":["Shrug It Off","Anger","Power Through"],"picked":"SKIP","floor":1.0},{"not_picked":["Warcry","Power Through"],"picked":"Pommel Strike","floor":5.0},{"not_picked":["ReplayTheSpireMod:Stacked","ReplayTheSpireMod:Strike From Hell","Anger"],"picked":"SKIP","floor":6.0},{"not_picked":["Havoc","Dropkick","Sword Boomerang"],"picked":"SKIP","floor":8.0},{"not_picked":["Flex","Demon Form","Hemokinesis"],"picked":"SKIP","floor":10.0}],"player_experience":76814,"relics_obtained":[{"floor":6.0,"key":"Strawberry"},{"floor":9.0,"key":"MealTicket"},{"floor":10.0,"key":"conspire:InfiniteJournal"}],"event_choices":[{"cards_removed":["Writhe"],"damage_healed":0.0,"max_hp_gain":0.0,"max_hp_loss":0.0,"gold_gain":0.0,"event_name":"The Cleric","player_choice":"Card Removal","floor":2.0,"gold_loss":50.0,"damage_taken":0.0},{"damage_healed":0.0,"max_hp_gain":0.0,"max_hp_loss":0.0,"gold_gain":75.0,"event_name":"World of Goop","player_choice":"Gather Gold","floor":3.0,"gold_loss":0.0,"damage_taken":11.0},{"damage_healed":0.0,"max_hp_gain":0.0,"max_hp_loss":8.0,"gold_gain":0.0,"event_name":"Golden Idol","player_choice":"Lose Max HP","floor":12.0,"gold_loss":0.0,"damage_taken":0.0,"relics_obtained":["Golden Idol"]}],"is_beta":false,"boss_relics":[],"items_purged_floors":[4,14],"is_endless":false,"potions_floor_spawned":[1,8],"killed_by":"Hexaghost","ascension_level":9}}