{"host":"1izdfj84a6wseks8","time":1613054916,"event":{"mods":["2.2 Compatiblity","ATMod(阿瑾Mod)","Act Like it!","Arknights","BaseMod","Better Vampires","Challenge The Spire","Colored Map","Colored Powertips","Curses Come First","Energized Spire","Gensokyo","Good Game Mod","Highlight Path","KinomotoSakuraMod(木之本樱)","Koishi","KomeijiMod","LagranYue(拉格朗・月)","Lobotomy","LobotomyExtend","Luminous","Marisa（F雨　魔理沙）","Minty Spire (QoL Compilation)","Potion Indicator Mod","Reimu（博丽灵梦）","Relic Filter Mod","Relic Stats","Reliquary","Remilia（蕾米莉亚）","Shop Mod","Slay the Relics Exporter","StSLib","TestMod","The Alterego","The Animator","The Bug Knight","The Servant 0.9.4","Waifu the Spire","WarShipGirlsR/战舰少女R mod","Warlord Emblem","Yakumo Yukari mod","Youmu（魂魄妖梦）","Yuyuko","【功能Mod】混沌之环修复补丁","篝火指南"],"gold_per_floor":[109,119,137,37,50,18,33,33,33,33,46,60,76,87,87,387,387,387,387],"floor_reached":18,"language":"ZHS","playtime":5454,"items_purged":[],"score":158,"play_id":"f7328553-d6d1-4349-9976-5d07cb207ed0","local_time":"20210211224836","is_ascension_mode":false,"campfire_choices":[{"floor":15,"key":"RECALL"}],"circlet_count":0,"master_deck":["rmod:strick","rmod:strick","rmod:strick","rmod:strick","rmod:defend","rmod:defend","rmod:defend","rmod:defend","rmod:basicallowance","AT_FocusSwordFire+1","Violence","rmod:victimresponsibility","rmod:wife","rmod:circuitoustactics","rmod:supportaircraftcarrier","rmod:supportescort","rmod:salvage+1","rmod:fletcherpendant","rmod:diamondstrike","rmod:circuitoustactics","rmod:fletcherpendant","rmod:firesupport","rmod:acesubmarine"],"relics":["rmod:firstchargereward","AT_ATBox","REME:ComplimentaryCards","testmod-TestBox","testmod-AscensionHeart","LagranYue:RandomDrawCardRelic","AT_LudenTempest","LetterFromLob","rmod:equipmentrecovery","Happy Flower","testmod-IncinerationGenerator"],"acts_visited":["Gensokyo:Gensokyo","Gensokyo:Gensokyoer"],"potions_floor_usage":[],"damage_taken":[{"damage":0,"enemies":"Gensokyo:Python","floor":1,"turns":2},{"damage":0,"enemies":"Gensokyo:2_Kodama","floor":2,"turns":2},{"damage":0,"enemies":"Gensokyo:3_Fairies","floor":3,"turns":3},{"damage":0,"enemies":"Gensokyo:Kitsune","floor":5,"turns":1},{"damage":0,"enemies":"Gensokyo:VengefulSpirit","floor":7,"turns":3},{"damage":0,"enemies":"Gensokyo:LivingMonolith","floor":11,"turns":2},{"damage":0,"enemies":"Gensokyo:2_Rabbits","floor":12,"turns":2},{"damage":5,"enemies":"Gensokyo:Kitsune","floor":13,"turns":3},{"damage":0,"enemies":"Gensokyo:LivingMonolith","floor":14,"turns":1},{"damage":28,"enemies":"Gensokyo:Reimu","floor":16,"turns":7}],"seed_played":"-6466387848878865668","potions_obtained":[{"floor":2,"key":"testmod-TimePotion"},{"floor":3,"key":"Block Potion"},{"floor":5,"key":"SpeedPotion"}],"is_trial":false,"path_per_floor":["M","M","M","?","M","COS","M","$","T","?","M","M","M","M","R","B",null,"M"],"character_chosen":"PRAEFECT","items_purchased":[],"campfire_rested":0,"item_purchase_floors":[],"current_hp_per_floor":[54,54,54,54,54,54,54,54,54,54,54,54,49,49,49,21,75,0,0],"gold":387,"neow_bonus":"ONE_RARE_RELIC","is_daily":false,"chose_seed":false,"campfire_upgraded":0,"win_rate":0.0,"timestamp":1613054916,"path_taken":["M","M","M","?","M","COS","M","?","T","?","M","M","?","M","R","BOSS","M"],"items_purchased_type":[],"build_version":"2020-12-22","purchased_purges":0,"victory":false,"max_hp_per_floor":[75,75,75,75,75,75,75,75,75,75,75,75,75,75,75,75,75,75,75],"relic_stats":{"Happy Flower":[5],"counters":[10,26],"obtain_stats":[{"REME:ComplimentaryCards":0,"AT_LudenTempest":0,"rmod:equipmentrecovery":4,"AT_ATBox":0,"testmod-TestBox":0,"LagranYue:RandomDrawCardRelic":0,"Happy Flower":10,"testmod-IncinerationGenerator":17,"rmod:firstchargereward":0,"LetterFromLob":1,"testmod-AscensionHeart":0},{"REME:ComplimentaryCards":0,"AT_LudenTempest":0,"rmod:equipmentrecovery":3,"AT_ATBox":0,"testmod-TestBox":0,"LagranYue:RandomDrawCardRelic":0,"Happy Flower":5,"testmod-IncinerationGenerator":10,"rmod:firstchargereward":0,"LetterFromLob":1,"testmod-AscensionHeart":0},{"REME:ComplimentaryCards":0,"AT_LudenTempest":0,"rmod:equipmentrecovery":7,"AT_ATBox":0,"testmod-TestBox":0,"LagranYue:RandomDrawCardRelic":0,"Happy Flower":11,"testmod-IncinerationGenerator":26,"rmod:firstchargereward":0,"LetterFromLob":2,"testmod-AscensionHeart":0}]},"card_choices":[{"not_picked":["rmod:steelsupply","rmod:ring"],"picked":"rmod:victimresponsibility","floor":1},{"not_picked":["rmod:victimresponsibility","rmod:diamondstrike"],"picked":"rmod:wife","floor":2},{"not_picked":["rmod:luckystar","rmod:selfconfidence"],"picked":"rmod:circuitoustactics","floor":3},{"not_picked":["rmod:ammunitionsupply","rmod:intelligenceanalysis"],"picked":"rmod:supportaircraftcarrier","floor":5},{"not_picked":["rmod:fuelsupply","rmod:u235"],"picked":"rmod:supportescort","floor":7},{"not_picked":["rmod:aviationdawn","rmod:goodfighter"],"picked":"rmod:salvage","floor":11},{"not_picked":["rmod:luckystar","rmod:diaomin"],"picked":"rmod:diamondstrike","floor":12},{"not_picked":["rmod:ammunitionsupply","rmod:unsinkable"],"picked":"rmod:circuitoustactics","floor":13},{"not_picked":["rmod:aviationdawn","rmod:diaomin"],"picked":"rmod:firesupport","floor":14},{"not_picked":["rmod:expeditionaryescort","rmod:u235"],"picked":"rmod:acesubmarine","floor":16}],"player_experience":39179,"relics_obtained":[{"floor":1,"key":"LetterFromLob"}],"event_choices":[],"is_beta":false,"boss_relics":[{"not_picked":["Philosopher\u0027s Stone","Astrolabe"],"picked":"testmod-IncinerationGenerator"}],"items_purged_floors":[],"is_endless":false,"potions_floor_spawned":[2,3,5,11,13],"ascension_level":0}}