{"host":"qbjtml023iza03hb","time":1613050551,"event":{"mods":["AchievementEnabler","BaseMod","Better Sensory Stone","Hermit","Minty Spire (QoL Compilation)","StSLib","The Animator","The Cursed"],"gold_per_floor":[114,189,204,219,234,234,264,67,67,82,82,97,112,12,12,112,112,127,142,157,219,246,258,285,312,324,436,463,475,502,529,541,653,665,692,719,746,758,820,862,273,288,313,313,328,328,343,358,358,358],"floor_reached":51,"language":"FRA","playtime":4348,"items_purged":["Strike_B","Sadistic Nature"],"score":841,"play_id":"e56e81bb-257f-44a8-8479-6cae58b46af8","local_time":"20210211143551","daily_mods":["Allstar","Vintage","Binary"],"is_ascension_mode":false,"campfire_choices":[{"data":"Panacea","floor":6.0,"key":"SMITH"},{"data":"Master of Strategy","floor":15.0,"key":"SMITH"},{"data":"Zap","floor":23.0,"key":"SMITH"},{"data":"Dualcast","floor":29.0,"key":"SMITH"},{"data":"White Noise","floor":32.0,"key":"SMITH"},{"data":"Secret Technique","floor":46,"key":"SMITH"},{"data":"Hologram","floor":49,"key":"SMITH"}],"circlet_count":0,"master_deck":["Zap+1","Dualcast+1","Swift Strike+1","Dark Shackles","Master of Strategy+1","Panacea+1","Ball Lightning+1","Self Repair+1","Rebound+1","All For One+1","Steam","Force Field","Steam Power","Capacitor+1","White Noise+1","Loop+1","Force Field","Coolheaded","Echo Form+1","Loop+1","Redo+1","Hologram+1","Secret Technique+1","Capacitor+1","Conserve Battery","Madness","Madness"],"relics":["Cracked Core","Frozen Egg 2","Anchor","Art of War","Toy Ornithopter","Boot","Matryoshka","Akabeko","Kunai","Oddly Smooth Stone","Pandora\u0027s Box","Bird Faced Urn","Meat on the Bone","MawBank","Cables","PreservedInsect","Question Card","Regal Pillow","Bronze Scales","Happy Flower","InkBottle","Shovel","Ornamental Fan","FossilizedHelix","Pear","Symbiotic Virus","SlaversCollar","DataDisk","Nunchaku","Whetstone","Peace Pipe","Bottled Flame","ClockworkSouvenir","Blood Vial","Dream Catcher","Lizard Tail","Potion Belt","Mummified Hand"],"acts_visited":["Exordium","TheCity","TheBeyond"],"potions_floor_usage":[50,50,50,50],"damage_taken":[{"damage":5.0,"enemies":"2 Louse","floor":1.0,"turns":2.0},{"damage":1.0,"enemies":"Jaw Worm","floor":3.0,"turns":3.0},{"damage":1.0,"enemies":"Cultist","floor":4.0,"turns":3.0},{"damage":3.0,"enemies":"Exordium Wildlife","floor":5.0,"turns":3.0},{"damage":21.0,"enemies":"3 Sentries","floor":7.0,"turns":8.0},{"damage":0.0,"enemies":"Looter","floor":10.0,"turns":2.0},{"damage":1.0,"enemies":"Large Slime","floor":12.0,"turns":3.0},{"damage":0.0,"enemies":"Exordium Thugs","floor":13.0,"turns":3.0},{"damage":37.0,"enemies":"Hexaghost","floor":16.0,"turns":10.0},{"damage":4.0,"enemies":"2 Thieves","floor":18.0,"turns":4.0},{"damage":15.0,"enemies":"Spheric Guardian","floor":19.0,"turns":4.0},{"damage":24.0,"enemies":"Centurion and Healer","floor":20.0,"turns":6.0},{"damage":6.0,"enemies":"Cultist and Chosen","floor":22.0,"turns":4.0},{"damage":5.0,"enemies":"Shelled Parasite and Fungi","floor":24.0,"turns":4.0},{"damage":25.0,"enemies":"Snake Plant","floor":25.0,"turns":3.0},{"damage":15.0,"enemies":"Colosseum Slavers","floor":27.0,"turns":3.0},{"damage":0.0,"enemies":"Colosseum Nobs","floor":27.0,"turns":3.0},{"damage":0.0,"enemies":"Cultist and Chosen","floor":28.0,"turns":3.0},{"damage":0.0,"enemies":"3 Cultists","floor":30.0,"turns":4.0},{"damage":0.0,"enemies":"Snecko","floor":31.0,"turns":3.0},{"damage":3.0,"enemies":"Collector","floor":33.0,"turns":9.0},{"damage":0.0,"enemies":"3 Shapes","floor":35.0,"turns":3.0},{"damage":0.0,"enemies":"3 Darklings","floor":36.0,"turns":4.0},{"damage":0.0,"enemies":"Sphere and 2 Shapes","floor":37.0,"turns":4.0},{"damage":0.0,"enemies":"Mind Bloom Boss Battle","floor":39.0,"turns":3.0},{"damage":0.0,"enemies":"Reptomancer","floor":40.0,"turns":3.0},{"damage":0,"enemies":"Spire Growth","floor":42,"turns":3},{"damage":0,"enemies":"3 Darklings","floor":45,"turns":3},{"damage":0,"enemies":"Writhing Mass","floor":47,"turns":3},{"damage":0,"enemies":"Jaw Worm Horde","floor":48,"turns":4},{"damage":0,"enemies":"Awakened One","floor":50,"turns":7}],"seed_played":"-587577638262706789","potions_obtained":[{"floor":1.0,"key":"Fruit Juice"},{"floor":3.0,"key":"Weak Potion"},{"floor":4.0,"key":"Block Potion"},{"floor":12.0,"key":"Energy Potion"},{"floor":16.0,"key":"FearPotion"},{"floor":20.0,"key":"PowerPotion"},{"floor":22.0,"key":"Explosive Potion"},{"floor":25.0,"key":"EssenceOfDarkness"},{"floor":27.0,"key":"DuplicationPotion"},{"floor":30.0,"key":"Dexterity Potion"},{"floor":39.0,"key":"LiquidMemories"},{"floor":40,"key":"ColorlessPotion"},{"floor":47,"key":"PotionOfCapacity"}],"is_trial":false,"path_per_floor":["M","?","M","M","M","R","E","$","T","M","?","M","M","$","R","B",null,"M","M","M","T","M","R","M","M","T","?","M","R","M","M","R","B",null,"M","M","M","?","?","E","$","M","T","?","M","R","M","M","R","B",null],"character_chosen":"DEFECT","items_purchased":["Self Repair+1","Rebound","ClockworkSouvenir","Hologram","Secret Technique","Capacitor+1","Conserve Battery","LiquidMemories"],"campfire_rested":0,"item_purchase_floors":[8,8,41,41,41,41,41,41],"current_hp_per_floor":[70,59,58,57,54,54,38,38,38,38,23,32,42,42,42,20,75,71,70,67,67,80,80,80,65,65,80,80,80,90,90,90,90,90,90,90,90,90,90,90,90,90,90,79,90,90,90,90,90,90],"gold":358,"neow_bonus":"","is_daily":true,"chose_seed":false,"campfire_upgraded":7,"win_rate":0.0,"timestamp":1613050551,"path_taken":["M","?","M","M","M","R","E","$","T","M","?","M","M","?","R","BOSS","M","M","M","?","M","R","M","M","T","?","M","R","M","M","R","BOSS","M","M","M","?","?","E","$","M","T","?","M","R","M","M","R","BOSS"],"items_purchased_type":["Card","Card","Relic","Card","Card","Card","Card","Potion"],"build_version":"2020-12-22","purchased_purges":2,"victory":true,"max_hp_per_floor":[75,75,75,75,75,75,75,75,75,75,75,75,75,75,75,75,75,75,75,75,75,80,80,80,80,80,80,80,80,90,90,90,90,90,90,90,90,90,90,90,90,90,90,90,90,90,90,90,90,90],"card_choices":[{"not_picked":["Heatsinks+1"],"picked":"Ball Lightning","floor":7.0},{"not_picked":["Seek"],"picked":"All For One","floor":16.0},{"not_picked":["Aggregate","Heatsinks+1"],"picked":"Coolheaded","floor":27.0},{"not_picked":["Thunder Strike","Reboot"],"picked":"Echo Form+1","floor":33.0},{"not_picked":["Cold Snap","Chill"],"picked":"Loop+1","floor":39.0},{"not_picked":["Go for the Eyes","Chaos"],"picked":"Redo+1","floor":40}],"player_experience":562209,"relics_obtained":[{"floor":1.0,"key":"Frozen Egg 2"},{"floor":3.0,"key":"Anchor"},{"floor":4.0,"key":"Art of War"},{"floor":5.0,"key":"Toy Ornithopter"},{"floor":7.0,"key":"Boot"},{"floor":9.0,"key":"Matryoshka"},{"floor":10.0,"key":"Akabeko"},{"floor":12.0,"key":"Kunai"},{"floor":13.0,"key":"Oddly Smooth Stone"},{"floor":18.0,"key":"Bird Faced Urn"},{"floor":19.0,"key":"Meat on the Bone"},{"floor":20.0,"key":"MawBank"},{"floor":21.0,"key":"Cables"},{"floor":21.0,"key":"PreservedInsect"},{"floor":22.0,"key":"Question Card"},{"floor":24.0,"key":"Regal Pillow"},{"floor":25.0,"key":"Bronze Scales"},{"floor":26.0,"key":"Happy Flower"},{"floor":26.0,"key":"InkBottle"},{"floor":27.0,"key":"Shovel"},{"floor":27.0,"key":"Ornamental Fan"},{"floor":28.0,"key":"FossilizedHelix"},{"floor":30.0,"key":"Pear"},{"floor":31.0,"key":"Symbiotic Virus"},{"floor":35.0,"key":"DataDisk"},{"floor":36.0,"key":"Nunchaku"},{"floor":37.0,"key":"Whetstone"},{"floor":39.0,"key":"Peace Pipe"},{"floor":40,"key":"Bottled Flame"},{"floor":42,"key":"Blood Vial"},{"floor":43,"key":"Dream Catcher"},{"floor":45,"key":"Lizard Tail"},{"floor":47,"key":"Potion Belt"},{"floor":48,"key":"Mummified Hand"}],"event_choices":[{"damage_healed":0.0,"max_hp_gain":0.0,"max_hp_loss":0.0,"gold_gain":75.0,"event_name":"World of Goop","player_choice":"Gather Gold","floor":2.0,"gold_loss":0.0,"damage_taken":11.0},{"damage_healed":0.0,"max_hp_gain":0.0,"max_hp_loss":0.0,"gold_gain":0.0,"event_name":"Shining Light","player_choice":"Entered Light","floor":11.0,"gold_loss":0.0,"damage_taken":15.0,"cards_upgraded":["Ball Lightning","Rebound"]},{"damage_healed":0.0,"max_hp_gain":0.0,"max_hp_loss":0.0,"gold_gain":0.0,"event_name":"Colosseum","player_choice":"Fight","floor":27.0,"gold_loss":0.0,"damage_taken":0.0},{"damage_healed":0.0,"max_hp_gain":0.0,"max_hp_loss":0.0,"gold_gain":0.0,"event_name":"Colosseum","player_choice":"Fought Nobs","floor":27.0,"gold_loss":0.0,"damage_taken":0.0},{"damage_healed":0.0,"max_hp_gain":0.0,"max_hp_loss":0.0,"gold_gain":0.0,"event_name":"Mysterious Sphere","player_choice":"Ignored","floor":38.0,"gold_loss":0.0,"damage_taken":0.0},{"damage_healed":0.0,"max_hp_gain":0.0,"max_hp_loss":0.0,"gold_gain":0.0,"event_name":"MindBloom","player_choice":"Fight","floor":39.0,"gold_loss":0.0,"damage_taken":0.0},{"damage_healed":0,"gold_gain":0,"player_choice":"Embrace Madness","damage_taken":11,"max_hp_gain":0,"max_hp_loss":0,"event_name":"Winding Halls","floor":44,"gold_loss":0,"cards_obtained":["Madness","Madness"]}],"is_beta":false,"boss_relics":[{"not_picked":["SacredBark","Runic Pyramid"],"picked":"Pandora\u0027s Box"},{"not_picked":["Runic Dome","Astrolabe"],"picked":"SlaversCollar"}],"items_purged_floors":[8,14],"is_endless":false,"potions_floor_spawned":[1,3,4,12,16,20,22,25,27,27,30,39,40,47],"ascension_level":0}}