{"host":"bpnwh7vpv9k3tssc","time":1613055502,"event":{"mods":["BaseMod","Colored Map","Colored Powertips","Curses Come First","Highlight Path","Minty Spire (QoL Compilation)","Quick Restart","Random Character Button","Relic Sorter","StSLib"],"gold_per_floor":[113,113,188,188,188,188,207,226,226,244,244,272,292,325,325,325,325],"floor_reached":16,"language":"ENG","playtime":378,"items_purged":[],"score":198,"play_id":"c2b2e172-095d-46f1-9bdd-3e37c0b3ef3c","local_time":"20210211155822","is_ascension_mode":true,"campfire_choices":[{"data":"Bash","floor":6,"key":"SMITH"},{"floor":11,"key":"REST"},{"floor":15,"key":"REST"}],"circlet_count":0,"master_deck":["AscendersBane","Strike_R","Strike_R","Strike_R","Strike_R","Strike_R","Defend_R","Defend_R","Defend_R","Bash+1","Fiend Fire","Perfected Strike+1","Flex","Flame Barrier","Pommel Strike","Warcry","Shrug It Off","Wild Strike"],"relics":["Burning Blood","Matryoshka","Ancient Tea Set","Bottled Lightning"],"acts_visited":["Exordium"],"potions_floor_usage":[12,14],"damage_taken":[{"damage":5,"enemies":"Small Slimes","floor":1,"turns":3},{"damage":14,"enemies":"2 Louse","floor":7,"turns":2},{"damage":12,"enemies":"Jaw Worm","floor":8,"turns":2},{"damage":13,"enemies":"Red Slaver","floor":10,"turns":3},{"damage":18,"enemies":"Gremlin Nob","floor":12,"turns":3},{"damage":6,"enemies":"Looter","floor":13,"turns":2},{"damage":20,"enemies":"3 Sentries","floor":14,"turns":7},{"damage":51,"enemies":"Hexaghost","floor":16,"turns":7}],"seed_played":"-4998726137134459400","potions_obtained":[{"floor":8,"key":"Explosive Potion"},{"floor":13,"key":"Fire Potion"}],"is_trial":false,"path_per_floor":["M","?","?","?","$","R","M","M","T","M","R","E","M","E","R","B"],"character_chosen":"IRONCLAD","items_purchased":[],"campfire_rested":2,"item_purchase_floors":[],"current_hp_per_floor":[69,69,58,51,51,51,43,37,37,30,52,40,40,26,48,0,0],"gold":325,"neow_bonus":"ONE_RANDOM_RARE_CARD","is_daily":false,"chose_seed":false,"campfire_upgraded":1,"win_rate":0.0,"timestamp":1613055502,"path_taken":["M","?","?","?","$","R","M","M","T","M","R","E","?","E","R","BOSS"],"items_purchased_type":[],"build_version":"2020-12-22","purchased_purges":0,"victory":false,"max_hp_per_floor":[75,75,75,75,75,75,75,75,75,75,75,75,75,75,75,75,75],"card_choices":[{"not_picked":["Wild Strike","Clash"],"picked":"Perfected Strike","floor":1},{"not_picked":["Twin Strike","Intimidate"],"picked":"Flex","floor":7},{"not_picked":["Heavy Blade","True Grit"],"picked":"Flame Barrier","floor":8},{"not_picked":["Flex","Havoc"],"picked":"Pommel Strike","floor":10},{"not_picked":["Clothesline","Sever Soul"],"picked":"Warcry","floor":12},{"not_picked":["True Grit","Hemokinesis"],"picked":"Shrug It Off","floor":13},{"not_picked":["Impervious","Inflame"],"picked":"Wild Strike","floor":14}],"player_experience":371382,"relics_obtained":[{"floor":9,"key":"Matryoshka"},{"floor":12,"key":"Ancient Tea Set"},{"floor":14,"key":"Bottled Lightning"}],"event_choices":[{"damage_healed":0,"gold_gain":0,"player_choice":"Grow","damage_taken":0,"max_hp_gain":0,"max_hp_loss":0,"event_name":"Living Wall","floor":2,"gold_loss":0,"cards_upgraded":["Perfected Strike"]},{"damage_healed":0,"gold_gain":75,"player_choice":"Gather Gold","damage_taken":11,"max_hp_gain":0,"max_hp_loss":0,"event_name":"World of Goop","floor":3,"gold_loss":0},{"cards_removed":["Defend_R"],"damage_healed":0,"gold_gain":0,"player_choice":"Card Removal","damage_taken":7,"max_hp_gain":0,"max_hp_loss":0,"event_name":"Golden Wing","floor":4,"gold_loss":0}],"is_beta":false,"boss_relics":[],"items_purged_floors":[],"is_endless":false,"potions_floor_spawned":[8,13],"killed_by":"Hexaghost","ascension_level":16}}