{"host":"mqhvlr3kpxebko0t","time":1613043932,"event":{"mods":["AchievementEnabler","BaseMod","Colored Map","Colored Powertips","KOR Keyword Fix","Keyboard Shortcuts","Minty Spire (QoL Compilation)","StSLib","SuperFastMode"],"gold_per_floor":[111,60,60,60,72,72,88,88,88],"floor_reached":8,"language":"KOR","playtime":139,"items_purged":[],"score":92,"play_id":"0fc74235-e182-4785-a59d-de41777f2947","local_time":"20210211204532","is_ascension_mode":true,"campfire_choices":[{"data":"Eruption","floor":6,"key":"SMITH"}],"circlet_count":0,"master_deck":["AscendersBane","Eruption+1","Vigilance","Halt","FollowUp","Weave","Prostrate","EmptyBody","InnerPeace","ThirdEye","WaveOfTheHand","EmptyFist"],"relics":["Pandora\u0027s Box","CultistMask"],"acts_visited":["Exordium"],"potions_floor_usage":[],"damage_taken":[{"damage":1,"enemies":"Cultist","floor":1,"turns":4},{"damage":3,"enemies":"Small Slimes","floor":5,"turns":4},{"damage":1,"enemies":"Jaw Worm","floor":7,"turns":4},{"damage":0,"enemies":"Lagavulin","floor":8,"turns":1}],"seed_played":"-1631320070411545002","potions_obtained":[{"floor":5,"key":"BlessingOfTheForge"}],"is_trial":false,"path_per_floor":["M","$","?","?","M","R","M","E"],"character_chosen":"WATCHER","items_purchased":["EmptyFist"],"campfire_rested":0,"item_purchase_floors":[2],"current_hp_per_floor":[60,60,65,65,62,62,61,61,61],"gold":88,"neow_bonus":"BOSS_RELIC","is_daily":false,"chose_seed":false,"campfire_upgraded":1,"win_rate":0.0,"timestamp":1613043932,"path_taken":["M","$","?","?","?","R","M","E"],"items_purchased_type":["Card"],"build_version":"2020-12-22","purchased_purges":0,"victory":false,"max_hp_per_floor":[68,68,73,73,73,73,73,73,73],"card_choices":[{"not_picked":["BowlingBash","DeceiveReality","ThirdEye"],"picked":"SKIP","floor":1},{"not_picked":["LikeWater","InnerPeace","PathToVictory"],"picked":"SKIP","floor":5},{"not_picked":["FlurryOfBlows","JustLucky","Crescendo"],"picked":"SKIP","floor":7}],"player_experience":712806,"relics_obtained":[],"event_choices":[{"damage_healed":0,"gold_gain":0,"player_choice":"Donut","damage_taken":0,"max_hp_gain":5,"max_hp_loss":0,"event_name":"Big Fish","floor":3,"gold_loss":0},{"damage_healed":0,"gold_gain":0,"player_choice":"Trade","damage_taken":0,"relics_obtained":["CultistMask"],"max_hp_gain":0,"max_hp_loss":0,"event_name":"FaceTrader","floor":4,"gold_loss":0}],"is_beta":false,"boss_relics":[],"items_purged_floors":[],"is_endless":false,"potions_floor_spawned":[5],"killed_by":"Lagavulin","ascension_level":20}}