{"host":"mo324zvkdr1xwprd","time":1613081660,"event":{"mods":["BaseMod","Better Note","BetterRewards","Hermit","Highlight Path","Hubris","Minty Spire (QoL Compilation)","Quick Restart","Rare Cards Sparkle","Shop Mod","StSLib","The Cursed","The Hierophant"],"gold_per_floor":[112,125,138,152,152,184,106,131,154,154,171,189,224,240,240,339,339,351,46,60,71,88,115,130,158,158,172,172,272,283,336,336,438,438,450,450,461,474,499,529,539,539,539,557,184,201,232,277,277,277,277,277,27,59,59],"floor_reached":56,"language":"ENG","playtime":3155,"items_purged":[],"score":2746,"play_id":"9e736345-5f9d-49ae-92dd-c8a1bf5c17be","local_time":"20210211221420","is_ascension_mode":true,"campfire_choices":[{"floor":10.0,"key":"REST"},{"floor":15,"key":"RECALL"},{"data":"Accuracy","floor":28,"key":"SMITH"},{"data":"Blade Dance","floor":32,"key":"SMITH"},{"data":"Caltrops","floor":42,"key":"SMITH"},{"data":"A Thousand Cuts","floor":49,"key":"SMITH"},{"data":"Accuracy","floor":52,"key":"SMITH"}],"circlet_count":0,"master_deck":["Strike_G","Strike_G","Strike_G","Strike_G","Strike_G","Defend_G","Defend_G","Defend_G","Defend_G","Defend_G","Survivor","Neutralize","Caltrops+1","Burst","Outmaneuver","Flechettes","Accuracy","Expertise","hubris:Sniper","Slice","Backstab","Blade Dance","Bouncing Flask","Dash","Flying Knee","Outmaneuver","Cloak And Dagger","Deflect","Outmaneuver","Adrenaline","Accuracy+1","Caltrops","Leg Sweep","Cloak And Dagger","Dash","Phantasmal Killer","Calculated Gamble","Flying Knee","Dodge and Roll","A Thousand Cuts","All Out Attack","Caltrops","Mind Blast","Backstab","Prepared+1","Sucker Punch+1","Blade Dance","Adrenaline","Terror+1","Flechettes","Masterful Stab+1","Accuracy+1","Terror","Dagger Spray","Blade Dance","Blade Dance+1","Terror+1","Flying Knee+1","A Thousand Cuts","Accuracy+1","Choke+1","A Thousand Cuts+1","Dash+1","Blur+1","Envenom","Quick Slash","Accuracy+1","Night Terror","Flying Knee+1","Apotheosis","Expertise","Caltrops","Caltrops","Sucker Punch","Dagger Spray","Cloak And Dagger"],"relics":["Ring of the Snake","Question Card","Lee\u0027s Waffle","hubris:FunFungus","Potion Belt","Prayer Wheel","Lantern","Strawberry","Meat on the Bone","Dead Branch","Tiny Chest","Bag of Marbles","Ninja Scroll","hubris:BlackHole","Toolbox","hubris:PeanutButter","Toy Ornithopter","Bottled Flame","SacredBark","hubris:Towel","Snake Skull","Ginger","Pear","Bottled Tornado","Calipers","Letter Opener","Shuriken"],"acts_visited":["Exordium","TheCity","TheBeyond","TheEnding"],"potions_floor_usage":[13,27,45,55,55,55,55,55,55,55,55,55,55],"damage_taken":[{"damage":0.0,"enemies":"2 Louse","floor":1.0,"turns":2.0},{"damage":0.0,"enemies":"Cultist","floor":2.0,"turns":2.0},{"damage":6.0,"enemies":"Small Slimes","floor":3.0,"turns":2.0},{"damage":0.0,"enemies":"Looter","floor":4.0,"turns":2.0},{"damage":1.0,"enemies":"3 Sentries","floor":6.0,"turns":5.0},{"damage":25.0,"enemies":"Lagavulin","floor":8.0,"turns":4.0},{"damage":8.0,"enemies":"Blue Slaver","floor":11.0,"turns":2.0},{"damage":0.0,"enemies":"Exordium Thugs","floor":12.0,"turns":3.0},{"damage":0,"enemies":"3 Sentries","floor":13,"turns":4},{"damage":0,"enemies":"Gremlin Gang","floor":14,"turns":1},{"damage":0,"enemies":"Hexaghost","floor":16,"turns":8},{"damage":0,"enemies":"3 Byrds","floor":18,"turns":1},{"damage":0,"enemies":"Shell Parasite","floor":20,"turns":1},{"damage":0,"enemies":"Snake Plant","floor":21,"turns":1},{"damage":0,"enemies":"Centurion and Healer","floor":22,"turns":1},{"damage":0,"enemies":"Slavers","floor":23,"turns":1},{"damage":0,"enemies":"Snecko","floor":24,"turns":1},{"damage":0,"enemies":"Gremlin Leader","floor":25,"turns":1},{"damage":0,"enemies":"Snake Plant","floor":27,"turns":1},{"damage":0,"enemies":"Centurion and Healer","floor":30,"turns":1},{"damage":0,"enemies":"Book of Stabbing","floor":31,"turns":1},{"damage":0,"enemies":"Automaton","floor":33,"turns":1},{"damage":0,"enemies":"Orb Walker","floor":35,"turns":1},{"damage":0,"enemies":"3 Shapes","floor":37,"turns":1},{"damage":0,"enemies":"Spire Growth","floor":38,"turns":1},{"damage":0,"enemies":"Giant Head","floor":40,"turns":1},{"damage":0,"enemies":"4 Shapes","floor":41,"turns":1},{"damage":0,"enemies":"Transient","floor":44,"turns":1},{"damage":0,"enemies":"Spire Growth","floor":46,"turns":1},{"damage":0,"enemies":"Reptomancer","floor":47,"turns":1},{"damage":0,"enemies":"2 Orb Walkers","floor":48,"turns":1},{"damage":0,"enemies":"Awakened One","floor":50,"turns":2},{"damage":0,"enemies":"Shield and Spear","floor":54,"turns":1},{"damage":30,"enemies":"The Heart","floor":55,"turns":3}],"seed_played":"-8560641764959131827","potions_obtained":[{"floor":3.0,"key":"SpeedPotion"},{"floor":4.0,"key":"SpeedPotion"},{"floor":8.0,"key":"SteroidPotion"},{"floor":11.0,"key":"Ancient Potion"},{"floor":12.0,"key":"PowerPotion"},{"floor":14,"key":"Ancient Potion"},{"floor":21,"key":"FearPotion"},{"floor":23,"key":"FearPotion"},{"floor":27,"key":"DistilledChaos"},{"floor":30,"key":"ColorlessPotion"},{"floor":37,"key":"LiquidBronze"},{"floor":46,"key":"SkillPotion"},{"floor":48,"key":"EntropicBrew"},{"floor":54,"key":"Strength Potion"}],"is_trial":false,"path_per_floor":["M","M","M","M","?","E","$","E","T","R","M","M","E","M","R","B",null,"M","$","M","M","M","E","M","E","T","M","R","?","M","E","R","B",null,"M","?","M","M","T","E","M","R","T","M","$","M","E","?","R","B",null,"R","$","E","B",null],"character_chosen":"THE_SILENT","items_purchased":["Question Card","Lee\u0027s Waffle","Caltrops","Burst","Outmaneuver","Accuracy","Potion Belt","Expertise","Slice","Lantern","Strawberry","Backstab","Accuracy","Mind Blast","Toolbox","Backstab","Fruit Juice","Apotheosis","Expertise","Letter Opener"],"campfire_rested":1,"item_purchase_floors":[0,0,0,0,0,0,0,0,0,0,0,0,7,19,19,19,45,45,45,53],"current_hp_per_floor":[84,84,78,78,78,77,77,52,52,77,69,69,69,69,69,69,80,80,80,80,80,80,80,80,80,80,84,84,84,84,84,84,84,84,84,84,84,84,84,84,84,84,94,94,104,104,104,104,104,104,104,104,104,104,74],"gold":59,"neow_bonus":"","is_daily":false,"chose_seed":false,"campfire_upgraded":5,"win_rate":0.0,"timestamp":1613081660,"path_taken":["M","M","M","M","?","E","$","E","T","R","M","M","E","M","R","BOSS","M","$","M","?","M","E","M","E","T","M","R","?","M","E","R","BOSS","M","?","M","M","?","E","M","R","T","M","$","M","E","?","R","BOSS","R","$","E","BOSS"],"items_purchased_type":["Relic","Relic","Card","Card","Card","Card","Relic","Card","Card","Relic","Relic","Card","Card","Card","Relic","Card","Potion","Card","Card","Relic"],"build_version":"2020-12-22","purchased_purges":0,"victory":true,"max_hp_per_floor":[84,84,84,84,84,84,84,84,84,84,84,84,84,84,84,84,84,84,84,84,84,84,84,84,84,84,84,84,84,84,84,84,84,84,84,84,84,84,84,84,84,84,94,94,104,104,104,104,104,104,104,104,104,104,104],"card_choices":[{"not_picked":["Bouncing Flask","Noxious Fumes","Underhanded Strike"],"picked":"Blade Dance","floor":1.0},{"not_picked":["Bane","Tactician","Acrobatics"],"picked":"Bouncing Flask","floor":1.0},{"not_picked":["Finisher","Prepared","Dagger Throw"],"picked":"Dash","floor":2.0},{"not_picked":["Quick Slash","Bane","Underhanded Strike"],"picked":"Flying Knee","floor":2.0},{"not_picked":["Bane","Deadly Poison","Dodge and Roll"],"picked":"Outmaneuver","floor":3.0},{"not_picked":["Slice","hubris:SlightOfHand","Sucker Punch"],"picked":"Cloak And Dagger","floor":3.0},{"not_picked":["Dagger Throw","Heel Hook","Dodge and Roll"],"picked":"Deflect","floor":4.0},{"not_picked":["Poisoned Stab","Slice","Distraction"],"picked":"Outmaneuver","floor":4.0},{"not_picked":["Malaise","Outmaneuver","Deflect"],"picked":"Adrenaline","floor":6.0},{"not_picked":["Prepared","Eviscerate","Backflip"],"picked":"Caltrops","floor":8.0},{"not_picked":["Crippling Poison","Cloak And Dagger","Quick Slash"],"picked":"Leg Sweep","floor":11.0},{"not_picked":["Underhanded Strike","Acrobatics","Sucker Punch"],"picked":"Cloak And Dagger","floor":11.0},{"not_picked":["Outmaneuver","Poisoned Stab","Quick Slash"],"picked":"Dash","floor":12.0},{"not_picked":["Acrobatics","Backflip","Prepared"],"picked":"Phantasmal Killer","floor":12.0},{"not_picked":["Reflex","Slice","Choke"],"picked":"Calculated Gamble","floor":13},{"not_picked":["Predator","Deadly Poison","Bane"],"picked":"Flying Knee","floor":14},{"not_picked":["Acrobatics","Underhanded Strike","Doppelganger"],"picked":"Dodge and Roll","floor":14},{"not_picked":["Corpse Explosion","Adrenaline","Wraith Form v2"],"picked":"A Thousand Cuts","floor":16},{"not_picked":["Footwork+1","Crippling Poison","Bane"],"picked":"All Out Attack","floor":18},{"not_picked":["Infinite Blades","Outmaneuver+1","Catalyst"],"picked":"Caltrops","floor":18},{"not_picked":["Expertise","Outmaneuver","Underhanded Strike"],"picked":"Prepared+1","floor":20},{"not_picked":["Distraction","Backflip","Eviscerate"],"picked":"Sucker Punch+1","floor":20},{"not_picked":["Underhanded Strike+1","Deadly Poison","Heel Hook"],"picked":"Blade Dance","floor":21},{"not_picked":["Blur+1","All Out Attack","Outmaneuver"],"picked":"Adrenaline","floor":21},{"not_picked":["Endless Agony","Cloak And Dagger+1","Sucker Punch"],"picked":"Terror+1","floor":22},{"not_picked":["Backflip","Quick Slash","Eviscerate"],"picked":"Flechettes","floor":22},{"not_picked":["Slice","Bullet Time","Blade Dance"],"picked":"Masterful Stab+1","floor":23},{"not_picked":["hubris:SlightOfHand","Acrobatics","Outmaneuver"],"picked":"Accuracy","floor":24},{"not_picked":["Underhanded Strike","Dagger Spray+1","Endless Agony"],"picked":"Terror","floor":24},{"not_picked":["Deadly Poison+1","Dagger Throw","Catalyst+1"],"picked":"Dagger Spray","floor":25},{"not_picked":["Backflip+1","Dodge and Roll+1","Wraith Form v2"],"picked":"Blade Dance","floor":27},{"not_picked":["Flying Knee","Bullet Time","Predator"],"picked":"Blade Dance","floor":27},{"not_picked":["Dagger Throw+1","Caltrops","Concentrate+1"],"picked":"Terror+1","floor":30},{"not_picked":["hubris:SlightOfHand+1","hubris:Counter+1","Caltrops"],"picked":"Flying Knee+1","floor":30},{"not_picked":["Poisoned Stab","Slice","Dagger Spray","PiercingWail+1"],"picked":"SKIP","floor":31},{"not_picked":["Glass Knife","Adrenaline","Unload"],"picked":"A Thousand Cuts","floor":33},{"not_picked":["Reflex+1","Bane+1","Quick Slash"],"picked":"Accuracy+1","floor":35},{"not_picked":["Reflex+1","Slice+1","Setup"],"picked":"Choke+1","floor":35},{"not_picked":["Blade Dance+1","Cloak And Dagger+1","Flying Knee"],"picked":"A Thousand Cuts","floor":37},{"not_picked":["Heel Hook","Terror","Deadly Poison"],"picked":"Dash+1","floor":37},{"not_picked":["Sucker Punch","Cloak And Dagger","Terror+1"],"picked":"Blur+1","floor":38},{"not_picked":["Slice","Deadly Poison+1","Blade Dance+1"],"picked":"Envenom","floor":38},{"not_picked":["Bane+1","Underhanded Strike","Acrobatics"],"picked":"Quick Slash","floor":40},{"not_picked":["Tactician","Slice+1","Quick Slash+1"],"picked":"Accuracy+1","floor":41},{"not_picked":["Heel Hook+1","Underhanded Strike+1","hubris:SlightOfHand+1"],"picked":"Night Terror","floor":41},{"not_picked":["Backflip","Deadly Poison","Poisoned Stab"],"picked":"Flying Knee+1","floor":44},{"not_picked":["Infinite Blades+1","Concentrate","Wraith Form v2","Acrobatics"],"picked":"SKIP","floor":44},{"not_picked":["Deadly Poison","Slice+1","Cloak And Dagger"],"picked":"Caltrops","floor":46},{"not_picked":["Flechettes","Acrobatics","Deflect+1"],"picked":"Caltrops","floor":46},{"not_picked":["Deflect","Cloak And Dagger","Tools of the Trade"],"picked":"Sucker Punch","floor":47},{"not_picked":["Poisoned Stab","Bouncing Flask","Prepared+1"],"picked":"Dagger Spray","floor":48},{"not_picked":["PiercingWail","Dodge and Roll","Poisoned Stab"],"picked":"Cloak And Dagger","floor":54}],"player_experience":571391,"relics_obtained":[{"floor":6.0,"key":"Dead Branch"},{"floor":8.0,"key":"Tiny Chest"},{"floor":9.0,"key":"Bag of Marbles"},{"floor":13,"key":"Ninja Scroll"},{"floor":23,"key":"hubris:PeanutButter"},{"floor":25,"key":"Toy Ornithopter"},{"floor":31,"key":"Bottled Flame"},{"floor":39,"key":"Snake Skull"},{"floor":40,"key":"Ginger"},{"floor":43,"key":"Pear"},{"floor":47,"key":"Bottled Tornado"},{"floor":48,"key":"Calipers"},{"floor":54,"key":"Shuriken"}],"event_choices":[{"damage_healed":0.0,"max_hp_gain":0.0,"max_hp_loss":0.0,"gold_gain":0.0,"event_name":"WeMeetAgain","player_choice":"Gave Potion","floor":5.0,"gold_loss":0.0,"damage_taken":0.0,"relics_obtained":["Meat on the Bone"]},{"damage_healed":0,"gold_gain":100,"player_choice":"Pray","damage_taken":0,"max_hp_gain":0,"max_hp_loss":0,"event_name":"Golden Shrine","floor":29,"gold_loss":0},{"damage_healed":0,"gold_gain":0,"player_choice":"Fight","damage_taken":0,"max_hp_gain":0,"max_hp_loss":0,"event_name":"Mysterious Sphere","floor":48,"gold_loss":0}],"is_beta":false,"boss_relics":[{"not_picked":["Snecko Eye","hubris:CrackedHourglass"],"picked":"hubris:BlackHole"},{"not_picked":["Pandora\u0027s Box","Runic Dome"],"picked":"SacredBark"}],"items_purged_floors":[],"is_endless":false,"potions_floor_spawned":[3,4,8,11,12,14,21,23,24,27,30,37,44,46,48,54],"ascension_level":7}}