{"host":"wrdw6zkxuilnr6rg","time":1612688015,"event":{"mods":["BaseMod","Bestiary","Colored Powertips","Hermit","Highlight Path","Minty Spire (QoL Compilation)","Quick Restart","Relic Stats","StSLib"],"gold_per_floor":[503],"floor_reached":0,"language":"ENG","playtime":0,"items_purged":[],"score":100,"play_id":"feb236a7-dcab-4a32-b616-4e9f65f1a563","local_time":"20210207115335","is_ascension_mode":false,"campfire_choices":[],"circlet_count":0,"master_deck":["Escape Plan","Backstab","Dagger Spray","Blade Dance+1","Finisher","Accuracy+1","Blade Dance+1","Masterful Stab+1","Escape Plan","Backflip","Flying Knee+1","Blade Dance+1","Dagger Spray","Choke+1","Bullet Time","Adrenaline+1","Adrenaline","A Thousand Cuts+1","Finisher","Adrenaline","A Thousand Cuts+1","Adrenaline","Blade Dance+1","Adrenaline","A Thousand Cuts+1","Adrenaline","Blade Dance+1","Accuracy+1","Adrenaline","A Thousand Cuts+1","Flash of Steel+1","A Thousand Cuts+1","Adrenaline"],"relics":[],"acts_visited":["Exordium","TheCity","TheBeyond","Exordium","TheCity","TheBeyond"],"potions_floor_usage":[],"damage_taken":[],"seed_played":"5876636845040458908","potions_obtained":[],"is_trial":true,"path_per_floor":[],"character_chosen":"THE_SILENT","items_purchased":[],"campfire_rested":0,"item_purchase_floors":[],"current_hp_per_floor":[87],"gold":503,"neow_bonus":"","is_daily":false,"chose_seed":false,"campfire_upgraded":0,"win_rate":0.0,"timestamp":1612688015,"path_taken":[],"items_purchased_type":[],"build_version":"2020-12-22","purchased_purges":0,"victory":false,"max_hp_per_floor":[87],"relic_stats":{"counters":[62,79],"obtain_stats":[{"CeramicFish":45,"Vajra":31,"Whetstone":41,"Ginger":51,"Bottled Tornado":24,"Sling":61,"Boot":61,"Sozu":34,"Sundial":38,"Strawberry":28,"Philosopher\u0027s Stone":68,"HandDrill":28,"Kunai":40,"Happy Flower":29,"Oddly Smooth Stone":71,"Tingsha":0,"Pen Nib":6,"Letter Opener":47,"War Paint":46,"Akabeko":51,"MutagenicStrength":19,"Bronze Scales":73,"Molten Egg 2":51,"Black Star":85,"Darkstone Periapt":48,"Regal Pillow":9,"Lantern":60,"Ancient Tea Set":25,"Smiling Mask":27,"Dream Catcher":30,"Nunchaku":43,"Ninja Scroll":21,"Mummified Hand":87,"Pantograph":10,"Tiny Chest":23,"InkBottle":42,"Ring of the Snake":0,"Potion Belt":13,"Circlet":70,"PreservedInsect":73,"Omamori":87,"MawBank":7,"White Beast Statue":11,"Calling Bell":51,"Anchor":26,"CaptainsWheel":44,"Ornamental Fan":8,"Coffee Dripper":17,"Art of War":39,"Bottled Lightning":62,"FossilizedHelix":14,"TungstenRod":88},{"CeramicFish":31,"Vajra":21,"Whetstone":28,"Ginger":35,"Bottled Tornado":16,"Sling":41,"Boot":41,"Sozu":22,"Sundial":25,"Strawberry":18,"Philosopher\u0027s Stone":45,"HandDrill":18,"Kunai":27,"Happy Flower":19,"Oddly Smooth Stone":46,"Tingsha":0,"Pen Nib":4,"Letter Opener":33,"War Paint":32,"Akabeko":35,"MutagenicStrength":12,"Bronze Scales":47,"Molten Egg 2":35,"Black Star":54,"Darkstone Periapt":34,"Regal Pillow":6,"Lantern":41,"Ancient Tea Set":17,"Smiling Mask":18,"Dream Catcher":20,"Nunchaku":29,"Ninja Scroll":13,"Mummified Hand":55,"Pantograph":7,"Tiny Chest":15,"InkBottle":29,"Ring of the Snake":0,"Potion Belt":9,"Circlet":46,"PreservedInsect":47,"Omamori":55,"MawBank":5,"White Beast Statue":8,"Calling Bell":35,"Anchor":17,"CaptainsWheel":30,"Ornamental Fan":6,"Coffee Dripper":11,"Art of War":26,"Bottled Lightning":41,"FossilizedHelix":10,"TungstenRod":56},{"CeramicFish":45,"Vajra":30,"Whetstone":41,"Ginger":51,"Bottled Tornado":24,"Sling":57,"Boot":57,"Sozu":34,"Sundial":37,"Strawberry":26,"Philosopher\u0027s Stone":61,"HandDrill":26,"Kunai":39,"Happy Flower":27,"Oddly Smooth Stone":62,"Tingsha":0,"Pen Nib":5,"Letter Opener":47,"War Paint":46,"Akabeko":51,"MutagenicStrength":19,"Bronze Scales":63,"Molten Egg 2":51,"Black Star":70,"Darkstone Periapt":48,"Regal Pillow":8,"Lantern":57,"Ancient Tea Set":25,"Smiling Mask":26,"Dream Catcher":28,"Nunchaku":42,"Ninja Scroll":21,"Mummified Hand":71,"Pantograph":9,"Tiny Chest":23,"InkBottle":42,"Ring of the Snake":0,"Potion Belt":14,"Circlet":62,"PreservedInsect":63,"Omamori":71,"MawBank":7,"White Beast Statue":12,"Calling Bell":51,"Anchor":25,"CaptainsWheel":43,"Ornamental Fan":8,"Coffee Dripper":18,"Art of War":38,"Bottled Lightning":57,"FossilizedHelix":15,"TungstenRod":72}]},"card_choices":[],"player_experience":1525651,"relics_obtained":[],"event_choices":[],"is_beta":false,"boss_relics":[],"items_purged_floors":[],"is_endless":true,"potions_floor_spawned":[],"ascension_level":0}}