{"host":"vyjryxuuuxkt43k4","time":1613060848,"event":{"mods":["AchievementEnabler","BaseMod","Colored Map","DeckTracker","Keyboard Shortcuts","Minty Spire (QoL Compilation)","Permanent Neow","Quick Restart","StSLib","SuperFastMode","everything is the same but u backflip on backflip"],"gold_per_floor":[116,116,116,126,146,146,162,176,176,204,204,220,16,43,43,117,117,131,29,29,47,47,47],"floor_reached":22,"language":"KOR","playtime":869,"items_purged":["Strike_G"],"score":492,"play_id":"78134852-7706-42f2-8476-676d59be0810","local_time":"20210212012728","is_ascension_mode":true,"campfire_choices":[{"data":"Crippling Poison","floor":6.0,"key":"SMITH"},{"data":"Catalyst","floor":11,"key":"SMITH"},{"data":"Burst","floor":15,"key":"SMITH"}],"circlet_count":0,"master_deck":["AscendersBane","Strike_G","Strike_G","Strike_G+1","Defend_G","Defend_G","Defend_G","Defend_G","Defend_G","Survivor","Neutralize+1","Dagger Spray","Crippling Poison+1","Burst+1","Infinite Blades+1","Catalyst+1","Well Laid Plans+1","Quick Slash","Deadly Poison","Catalyst","Reflex","Envenom+1","Catalyst","Apotheosis","Crippling Poison+1","Bane"],"relics":["Ring of the Snake","Frozen Egg 2","Kunai","HornCleat","Membership Card","Whetstone","Velvet Choker"],"acts_visited":["Exordium","TheCity"],"potions_floor_usage":[10,14,14],"damage_taken":[{"damage":6.0,"enemies":"Small Slimes","floor":1.0,"turns":4.0},{"damage":0.0,"enemies":"2 Louse","floor":4.0,"turns":2.0},{"damage":0.0,"enemies":"Cultist","floor":5.0,"turns":4.0},{"damage":0.0,"enemies":"2 Fungi Beasts","floor":7.0,"turns":3.0},{"damage":4.0,"enemies":"Exordium Thugs","floor":8.0,"turns":4.0},{"damage":4,"enemies":"Lagavulin","floor":10,"turns":4},{"damage":1,"enemies":"Blue Slaver","floor":12,"turns":4},{"damage":0,"enemies":"Gremlin Nob","floor":14,"turns":3},{"damage":10,"enemies":"Hexaghost","floor":16,"turns":5},{"damage":0,"enemies":"3 Byrds","floor":18,"turns":3},{"damage":32,"enemies":"2 Thieves","floor":21,"turns":4},{"damage":27,"enemies":"Snake Plant","floor":22,"turns":4}],"seed_played":"-3839428243586771675","potions_obtained":[{"floor":1.0,"key":"SneckoOil"},{"floor":7.0,"key":"Fire Potion"},{"floor":10,"key":"PowerPotion"},{"floor":12,"key":"SteroidPotion"}],"is_trial":false,"path_per_floor":["M","?","?","M","M","R","M","M","T","E","R","M","$","E","R","B",null,"M","$","?","M","M"],"character_chosen":"THE_SILENT","items_purchased":["Membership Card","Apotheosis"],"campfire_rested":0,"item_purchase_floors":[13,19],"current_hp_per_floor":[53,48,48,48,48,48,48,44,44,40,40,39,39,39,39,29,57,57,57,57,25,0,0],"gold":47,"neow_bonus":"THREE_CARDS","is_daily":false,"chose_seed":false,"campfire_upgraded":3,"win_rate":0.0,"timestamp":1613060848,"path_taken":["M","?","?","M","M","R","M","M","T","E","R","M","$","E","R","BOSS","M","$","?","?","M"],"items_purchased_type":["Relic","Card"],"build_version":"2020-12-22","purchased_purges":1,"victory":false,"max_hp_per_floor":[66,66,66,66,66,66,66,66,66,66,66,66,66,66,66,66,66,66,66,66,66,66,66],"card_choices":[{"not_picked":["Reflex","Well Laid Plans"],"picked":"Dagger Spray","floor":0.0},{"not_picked":["Heel Hook","Reflex"],"picked":"Crippling Poison","floor":1.0},{"not_picked":["Quick Slash","Outmaneuver"],"picked":"Infinite Blades+1","floor":4.0},{"not_picked":["Heel Hook","Outmaneuver"],"picked":"Catalyst","floor":5.0},{"not_picked":["Backflip","Sucker Punch"],"picked":"Well Laid Plans+1","floor":7.0},{"not_picked":["Sucker Punch","Skewer"],"picked":"Quick Slash","floor":8.0},{"not_picked":["Dagger Spray","Eviscerate"],"picked":"Deadly Poison","floor":10},{"not_picked":["Dagger Spray","Dash"],"picked":"Catalyst","floor":12},{"not_picked":["Sucker Punch","Dash"],"picked":"Reflex","floor":14},{"not_picked":["Burst","Phantasmal Killer"],"picked":"Envenom+1","floor":16},{"not_picked":["Dodge and Roll","Poisoned Stab"],"picked":"Catalyst","floor":18},{"not_picked":["Dagger Throw","Choke"],"picked":"Bane","floor":21}],"player_experience":954977,"relics_obtained":[{"floor":9.0,"key":"Kunai"},{"floor":10,"key":"HornCleat"},{"floor":14,"key":"Whetstone"}],"event_choices":[{"damage_healed":0.0,"max_hp_gain":0.0,"max_hp_loss":0.0,"gold_gain":0.0,"event_name":"Scrap Ooze","player_choice":"Success","floor":2.0,"gold_loss":0.0,"damage_taken":5.0,"relics_obtained":["Frozen Egg 2"]},{"damage_healed":0.0,"max_hp_gain":0.0,"max_hp_loss":0.0,"gold_gain":0.0,"cards_transformed":["Strike_G"],"event_name":"Living Wall","player_choice":"Change","floor":3.0,"gold_loss":0.0,"damage_taken":0.0,"cards_obtained":["Burst"]},{"damage_healed":0,"gold_gain":0,"player_choice":"Copied","damage_taken":0,"max_hp_gain":0,"max_hp_loss":0,"event_name":"Duplicator","floor":20,"gold_loss":0,"cards_obtained":["Crippling Poison"]}],"is_beta":false,"boss_relics":[{"not_picked":["Snecko Eye","Runic Dome"],"picked":"Velvet Choker"}],"items_purged_floors":[13],"is_endless":false,"potions_floor_spawned":[1,7,10,12],"killed_by":"Snake Plant","ascension_level":20}}