{"host":"pdq28s6637cpsst2","time":1613012521,"event":{"mods":["BaseMod","Colored Map","Highlight Path","Minty Spire (QoL Compilation)","Quick Restart"],"gold_per_floor":[362,8,25,100,100,100,100,100,147,165,180,208,208,236,236,338,338,350,350,365,138,237,237,61,61,61],"floor_reached":25,"language":"ENG","playtime":2272,"items_purged":["Strike_R","Strike_R","Strike_R"],"score":296,"play_id":"9ee97df9-357c-4b11-81b2-99d29d4a092e","local_time":"20210210220201","is_ascension_mode":true,"campfire_choices":[{"data":"Warcry","floor":7,"key":"SMITH"},{"floor":15,"key":"REST"},{"data":"Warcry","floor":23,"key":"SMITH"}],"circlet_count":0,"master_deck":["Strike_R","Strike_R+1","Defend_R","Defend_R","Defend_R","Defend_R","Bash","Shrug It Off","Demon Form+1","Warcry+1","Cleave","Finesse","Thunderclap+1","Heavy Blade","Sword Boomerang","Shrug It Off","Seeing Red","Seeing Red","Feed","Warcry+1","Dark Embrace","Shrug It Off"],"relics":["Burning Blood","Blood Vial","Dream Catcher","Paper Frog","Sozu"],"acts_visited":["Exordium","TheCity"],"potions_floor_usage":[14,16,18],"damage_taken":[{"damage":3,"enemies":"Small Slimes","floor":1,"turns":3},{"damage":9,"enemies":"Jaw Worm","floor":3,"turns":4},{"damage":6,"enemies":"Cultist","floor":10,"turns":3},{"damage":1,"enemies":"3 Louse","floor":11,"turns":2},{"damage":23,"enemies":"Gremlin Nob","floor":12,"turns":5},{"damage":0,"enemies":"Lagavulin","floor":14,"turns":4},{"damage":0,"enemies":"Slime Boss","floor":16,"turns":7},{"damage":29,"enemies":"Spheric Guardian","floor":18,"turns":5},{"damage":15,"enemies":"3 Byrds","floor":20,"turns":5},{"damage":53,"enemies":"Slavers","floor":25,"turns":6}],"seed_played":"5214270081288432339","potions_obtained":[{"floor":3,"key":"FearPotion"},{"floor":10,"key":"LiquidBronze"},{"floor":12,"key":"SkillPotion"}],"is_trial":false,"path_per_floor":["M","$","M","?","?","T","R","?","T","M","M","E","?","E","R","B",null,"M","?","M","$","?","R","$","E"],"character_chosen":"IRONCLAD","items_purchased":["Demon Form","Warcry","Cleave","Finesse","Warcry","Dark Embrace","Shrug It Off"],"campfire_rested":1,"item_purchase_floors":[2,2,2,2,21,21,24],"current_hp_per_floor":[59,59,56,45,45,45,45,29,29,31,38,23,23,31,55,63,80,57,57,53,53,53,53,53,2,2],"gold":61,"neow_bonus":"TWO_FIFTY_GOLD","is_daily":false,"chose_seed":false,"campfire_upgraded":2,"win_rate":0.0,"timestamp":1613012521,"path_taken":["M","$","M","?","?","?","R","?","T","M","M","E","?","E","R","BOSS","M","?","?","$","?","R","$","E"],"items_purchased_type":["Card","Card","Card","Card","Card","Card","Card"],"build_version":"2020-12-22","purchased_purges":3,"victory":false,"max_hp_per_floor":[80,80,80,80,80,80,80,80,80,80,80,80,80,80,80,80,80,80,80,83,83,83,83,83,83,83],"card_choices":[{"not_picked":["Searing Blow","Heavy Blade"],"picked":"Shrug It Off","floor":1},{"not_picked":["Flex","Twin Strike"],"picked":"Thunderclap","floor":3},{"not_picked":["Armaments","Warcry"],"picked":"Heavy Blade","floor":10},{"not_picked":["Infernal Blade","Burning Pact"],"picked":"Sword Boomerang","floor":11},{"not_picked":["Pommel Strike","Seeing Red"],"picked":"Shrug It Off","floor":12},{"not_picked":["Fiend Fire","Cleave"],"picked":"Seeing Red","floor":14},{"not_picked":["Clash","Wild Strike"],"picked":"Seeing Red","floor":15},{"not_picked":["Impervious","Double Tap"],"picked":"Feed","floor":16},{"not_picked":["Wild Strike","Reckless Charge","Iron Wave"],"picked":"SKIP","floor":18},{"not_picked":["True Grit","Clash+1","Reckless Charge"],"picked":"SKIP","floor":20}],"player_experience":113441,"relics_obtained":[{"floor":9,"key":"Blood Vial"},{"floor":12,"key":"Dream Catcher"},{"floor":14,"key":"Paper Frog"}],"event_choices":[{"damage_healed":0,"gold_gain":75,"player_choice":"Gather Gold","damage_taken":11,"max_hp_gain":0,"max_hp_loss":0,"event_name":"World of Goop","floor":4,"gold_loss":0},{"damage_healed":0,"gold_gain":0,"player_choice":"Ignored","damage_taken":0,"max_hp_gain":0,"max_hp_loss":0,"event_name":"Liars Game","floor":5,"gold_loss":0},{"damage_healed":0,"gold_gain":0,"player_choice":"Entered Light","damage_taken":16,"max_hp_gain":0,"max_hp_loss":0,"event_name":"Shining Light","floor":8,"gold_loss":0,"cards_upgraded":["Strike_R","Thunderclap"]},{"damage_healed":0,"gold_gain":0,"player_choice":"Grow","damage_taken":0,"max_hp_gain":0,"max_hp_loss":0,"event_name":"Living Wall","floor":13,"gold_loss":0,"cards_upgraded":["Demon Form"]},{"damage_healed":0,"gold_gain":0,"player_choice":"Got Potions","damage_taken":0,"max_hp_gain":0,"max_hp_loss":0,"event_name":"Lab","floor":19,"gold_loss":0},{"damage_healed":0,"gold_gain":99,"player_choice":"Stole From Cult","damage_taken":0,"max_hp_gain":0,"max_hp_loss":0,"event_name":"Nest","floor":22,"gold_loss":0}],"is_beta":false,"boss_relics":[{"not_picked":["Runic Cube","Runic Pyramid"],"picked":"Sozu"}],"items_purged_floors":[2,21,24],"is_endless":false,"potions_floor_spawned":[3,10,12],"killed_by":"Slavers","ascension_level":1}}