{"host":"g907ck67u7c3hrs6","time":1613030690,"event":{"mods":["BaseMod","Colored Map","DeckTracker","Highlight Path","Keyboard Shortcuts","Minty Spire (QoL Compilation)","Permanent Neow","Say the Spire","SuperFastMode"],"gold_per_floor":[111,127,140,140,153,153,153,153,153,188,221,235,53,83,83,186,186,205,304,323,342,342,374,402,402,427,455,61,75,104,104,104,209,209,223,273,122,170,23,51,51,82,82,182,213,230,230,82,82,82],"floor_reached":51,"language":"KOR","playtime":1731,"items_purged":["Strike_B"],"score":1227,"play_id":"d1fd31e3-7c8a-4c03-8e23-a4a00d1d7f3f","local_time":"20210211170450","daily_mods":["Heirloom","Flight"],"is_ascension_mode":false,"campfire_choices":[{"data":"Buffer","floor":6,"key":"SMITH"},{"data":"Zap","floor":7,"key":"SMITH"},{"data":"Dualcast","floor":8,"key":"SMITH"},{"data":"Loop","floor":15,"key":"SMITH"},{"data":"Defragment","floor":25,"key":"SMITH"},{"data":"Seek","floor":32,"key":"SMITH"},{"data":"Amplify","floor":41,"key":"SMITH"},{"floor":47,"key":"DIG"},{"floor":49,"key":"DIG"}],"circlet_count":0,"master_deck":["Defend_B+1","Defend_B+1","Defend_B+1","Defend_B+1","Zap+1","Dualcast+1","FTL","Skim","Buffer+1","White Noise+1","BootSequence","Ball Lightning","Loop+1","Amplify+1","Seek+1","Undo+1","Defragment+1","Self Repair","Rip and Tear+1","Heatsinks","Capacitor","Amplify+1","Thunder Strike","Creative AI","Creative AI+1","Streamline+1","Leap+1","Storm+1","Capacitor+1","Double Energy+1","Turbo+1","Skim+1"],"relics":["Cracked Core","TungstenRod","Letter Opener","Cables","Mercury Hourglass","Lantern","Emotion Chip","Runic Dome","Lizard Tail","War Paint","Ancient Tea Set","Anchor","Bottled Lightning","Shovel","Astrolabe","Torii","Bag of Preparation","Ice Cream","DataDisk","Molten Egg 2","Strawberry","Symbiotic Virus","Regal Pillow","Potion Belt","Frozen Eye","Bird Faced Urn"],"acts_visited":["Exordium","TheCity","TheBeyond"],"potions_floor_usage":[50,50,50],"damage_taken":[{"damage":0,"enemies":"Cultist","floor":1,"turns":3},{"damage":0,"enemies":"Small Slimes","floor":2,"turns":2},{"damage":5,"enemies":"Jaw Worm","floor":3,"turns":2},{"damage":9,"enemies":"Exordium Wildlife","floor":5,"turns":3},{"damage":0,"enemies":"Lagavulin","floor":10,"turns":5},{"damage":3,"enemies":"3 Sentries","floor":11,"turns":4},{"damage":0,"enemies":"2 Fungi Beasts","floor":12,"turns":2},{"damage":0,"enemies":"Lagavulin","floor":14,"turns":4},{"damage":19,"enemies":"The Guardian","floor":16,"turns":8},{"damage":8,"enemies":"2 Thieves","floor":18,"turns":3},{"damage":0,"enemies":"3 Byrds","floor":20,"turns":2},{"damage":0,"enemies":"Snecko","floor":21,"turns":4},{"damage":0,"enemies":"Book of Stabbing","floor":23,"turns":5},{"damage":0,"enemies":"Slavers","floor":24,"turns":4},{"damage":0,"enemies":"Gremlin Leader","floor":27,"turns":5},{"damage":0,"enemies":"3 Cultists","floor":29,"turns":3},{"damage":0,"enemies":"Book of Stabbing","floor":30,"turns":4},{"damage":0,"enemies":"Champ","floor":33,"turns":8},{"damage":0,"enemies":"3 Darklings","floor":35,"turns":3},{"damage":0,"enemies":"Mind Bloom Boss Battle","floor":36,"turns":4},{"damage":0,"enemies":"2 Orb Walkers","floor":38,"turns":3},{"damage":0,"enemies":"Giant Head","floor":40,"turns":5},{"damage":0,"enemies":"Nemesis","floor":42,"turns":3},{"damage":0,"enemies":"Giant Head","floor":45,"turns":4},{"damage":0,"enemies":"Orb Walker","floor":46,"turns":1},{"damage":0,"enemies":"Donu and Deca","floor":50,"turns":3}],"seed_played":"-846885800760741034","potions_obtained":[{"floor":3,"key":"AttackPotion"},{"floor":10,"key":"EntropicBrew"},{"floor":11,"key":"Swift Potion"},{"floor":38,"key":"Energy Potion"}],"is_trial":true,"path_per_floor":["M","M","M","T","M","R","R","R","T","E","E","M","$","E","R","B",null,"M","?","M","M","?","E","E","R","T","E","$","M","E","$","R","B",null,"M","?","$","?","$","E","R","E","T","?","E","M","R","$","R","B",null],"character_chosen":"DEFECT","items_purchased":["Ball Lightning","Loop","Capacitor","Amplify","Bottled Lightning","Bag of Preparation","DataDisk","Frozen Eye"],"campfire_rested":0,"item_purchase_floors":[13,13,28,28,28,37,39,48],"current_hp_per_floor":[75,75,70,70,61,61,61,61,61,61,58,58,58,58,58,39,75,67,67,67,67,67,67,74,74,74,75,75,75,75,75,75,75,75,75,75,75,75,75,75,75,82,82,82,82,82,82,82,82,82],"gold":82,"neow_bonus":"","is_daily":false,"chose_seed":false,"campfire_upgraded":7,"win_rate":0.0,"timestamp":1613030690,"path_taken":["M","M","M","?","M","R","R","R","T","E","E","M","$","E","R","BOSS","M","?","M","M","?","E","E","R","T","E","$","M","E","?","R","BOSS","M","?","$","?","$","E","R","E","T","?","E","?","R","$","R","BOSS"],"items_purchased_type":["Card","Card","Card","Card","Relic","Relic","Relic","Relic"],"build_version":"2020-12-22","purchased_purges":1,"victory":true,"max_hp_per_floor":[75,75,75,75,75,75,75,75,75,75,75,75,75,75,75,75,75,75,75,75,75,75,75,75,75,75,75,75,75,75,75,75,75,75,75,75,75,75,75,75,75,82,82,82,82,82,82,82,82,82],"card_choices":[{"not_picked":["Redo","Beam Cell","Barrage"],"picked":"SKIP","floor":1},{"not_picked":["Barrage","Turbo"],"picked":"FTL","floor":2},{"not_picked":["Redo","Coolheaded"],"picked":"Skim","floor":3},{"not_picked":["Hologram","Go for the Eyes"],"picked":"Buffer","floor":5},{"not_picked":["Undo","Heatsinks"],"picked":"White Noise","floor":10},{"not_picked":["Sweeping Beam","Redo"],"picked":"BootSequence","floor":11},{"not_picked":["Streamline","Go for the Eyes","Barrage"],"picked":"SKIP","floor":12},{"not_picked":["Steam","Stack"],"picked":"Amplify","floor":14},{"not_picked":["Multi-Cast","Meteor Strike"],"picked":"Seek","floor":16},{"not_picked":["Sweeping Beam","Blizzard","Cold Snap"],"picked":"SKIP","floor":18},{"not_picked":["Compile Driver","Tempest"],"picked":"Undo+1","floor":20},{"not_picked":["Go for the Eyes+1","Leap+1"],"picked":"Defragment","floor":21},{"not_picked":["Sweeping Beam+1","Melter"],"picked":"Self Repair","floor":23},{"not_picked":["Redo","Gash"],"picked":"Rip and Tear+1","floor":24},{"not_picked":["Go for the Eyes+1","Sweeping Beam"],"picked":"Heatsinks","floor":27},{"not_picked":["Leap","Reprogram"],"picked":"Thunder Strike","floor":29},{"not_picked":["Barrage","Lockon","Go for the Eyes"],"picked":"SKIP","floor":30},{"not_picked":["Reboot","Buffer"],"picked":"Creative AI","floor":33},{"not_picked":["White Noise","Sunder+1"],"picked":"Storm+1","floor":35},{"not_picked":["Darkness","Chaos"],"picked":"Capacitor+1","floor":36},{"not_picked":["Hologram","Static Discharge+1"],"picked":"Double Energy+1","floor":38},{"not_picked":["Scrape+1","BootSequence"],"picked":"Turbo+1","floor":40},{"not_picked":["Sunder+1","Leap","Core Surge+1"],"picked":"SKIP","floor":42},{"not_picked":["Barrage+1","Conserve Battery+1","Streamline+1"],"picked":"SKIP","floor":45},{"not_picked":["Barrage+1","Conserve Battery+1","Streamline+1"],"picked":"SKIP","floor":45},{"not_picked":["Leap+1","Coolheaded+1"],"picked":"Skim+1","floor":46}],"player_experience":280291,"relics_obtained":[{"floor":4,"key":"Letter Opener"},{"floor":9,"key":"Cables"},{"floor":10,"key":"Mercury Hourglass"},{"floor":11,"key":"Lantern"},{"floor":14,"key":"Emotion Chip"},{"floor":23,"key":"Lizard Tail"},{"floor":24,"key":"War Paint"},{"floor":26,"key":"Ancient Tea Set"},{"floor":27,"key":"Anchor"},{"floor":30,"key":"Shovel"},{"floor":36,"key":"Torii"},{"floor":38,"key":"Ice Cream"},{"floor":40,"key":"Molten Egg 2"},{"floor":42,"key":"Strawberry"},{"floor":43,"key":"Symbiotic Virus"},{"floor":45,"key":"Regal Pillow"},{"floor":47,"key":"Potion Belt"},{"floor":49,"key":"Bird Faced Urn"}],"event_choices":[{"damage_healed":0,"gold_gain":99,"player_choice":"Stole From Cult","damage_taken":0,"max_hp_gain":0,"max_hp_loss":0,"event_name":"Nest","floor":19,"gold_loss":0},{"damage_healed":0,"gold_gain":0,"player_choice":"Simplicity","damage_taken":0,"max_hp_gain":0,"max_hp_loss":0,"event_name":"Back to Basics","floor":22,"gold_loss":0,"cards_upgraded":["Strike_B","Strike_B","Strike_B","Defend_B","Defend_B","Defend_B","Defend_B"]},{"damage_healed":0,"gold_gain":0,"player_choice":"Fight","damage_taken":0,"max_hp_gain":0,"max_hp_loss":0,"event_name":"MindBloom","floor":36,"gold_loss":0},{"damage_healed":0,"gold_gain":0,"player_choice":"Fight","damage_taken":0,"max_hp_gain":0,"max_hp_loss":0,"event_name":"Mysterious Sphere","floor":38,"gold_loss":0},{"damage_healed":0,"gold_gain":100,"player_choice":"Pray","damage_taken":0,"max_hp_gain":0,"max_hp_loss":0,"event_name":"Golden Shrine","floor":44,"gold_loss":0}],"is_beta":false,"boss_relics":[{"not_picked":["Nuclear Battery","Busted Crown"],"picked":"Runic Dome"},{"not_picked":["Empty Cage","Velvet Choker"],"picked":"Astrolabe"}],"items_purged_floors":[13],"is_endless":false,"potions_floor_spawned":[3,10,11,16,20,23,30,38,40,42],"ascension_level":0}}