{"host":"rm0ctv8qd8mnbkg1","time":1613040192,"event":{"mods":["BaseMod","Beaked The Cultist","BetterRewards","Colored Map","DNKmod","Dark Map","Defuse TimeMaze Blight","Downfall","Friendly Minions","Halation","Hubris","Marisa????????","Minty Spire (QoL Compilation)","MostiFishMod","Permanent Neow","Quarter Circle Forward PUNCH!","RRrroohrrRGHHhhh!!","Rare Cards Sparkle","Relic Sorter","Reliquary","Replay The Spire","RumiaBox-????????","Shade Mod","Shop Mod","Spicy Shops","Spire Arcade","StS++","StSLib","The Construct","The Servant 0.9.4","TheVacant","Wandering Minibosses","??????REMEMod"],"gold_per_floor":[10000,10018,9579,9640,9640,9650,9650,9706,9706,9716,9726,9726,9759,9759,9774,9874,9874,9874,9887,9907,9907,9907,9925,9948,9948,9435,9435,9435,9445,9455,9455,9470,9577,9577,9577,9587,9103,9118,9132,9132,9132,9257,9271,8991,8991,9009,9009,8881,8898,8903],"floor_reached":51,"language":"ENG","playtime":2142,"items_purged":["ReplayTheSpireMod:Splinters"],"score":1104,"play_id":"ca7fa5d8-93ca-4610-bfd9-480b80b3781f","local_time":"20210211104312","is_ascension_mode":false,"campfire_choices":[{"data":"bronze:Library","floor":1,"key":"SMITH"},{"data":"bronze:CleanCode","floor":9,"key":"SMITH"},{"data":"bronze:MaxOutput","floor":12,"key":"SMITH"},{"data":"bronze:Verify","floor":18,"key":"SMITH"},{"data":"bronze:OilSpill","floor":35,"key":"SMITH"},{"data":"expansioncontent:Hexaburn","floor":47,"key":"SMITH"}],"circlet_count":0,"master_deck":["bronze:Strike","bronze:Strike","bronze:Strike","bronze:Defend","bronze:Defend","bronze:Defend","bronze:Defend","bronze:Replicate","bronze:Goto","MostiFishMod:WinterMarkForm+1","bronze:Library+1","bronze:Separator","bronze:Boost","bronze:FineTuning+1","bronze:Overheat","construct:Strike_Gold+1","bronze:Iterate+1","bronze:BronzeOrb","bronze:CleanCode+1","bronze:MaxOutput+1","bronze:Terminator","bronze:OilSpill+1","Parasite","bronze:FineTuning","bronze:Verify+1","bronze:FineTuning","bronze:WildBeam","MostiFishMod:PerfectForm","bronze:Boost+1","Bandage Up+1","bronze:WhirlingStrike+1","Panacea+1","bronze:FineTuning+1","bronze:Iterate","bronze:Library","bronze:DigitalCarnage+1","bronze:Optimize+1","expansioncontent:Hexaburn+1","bronze:FineTuning+1"],"relics":["bronze:BronzeCore","REME_ComplimentaryCards","DaveBox","RhineSuit","REME_LimitBreaker","sneckomod:BlankCard","halation:IllGainedPizza","HornCleat","reliquary:QuartzCube","Lantern","Shuriken","BargainBundle","Du-Vu Doll","Ginger","Iron Hammer","Toxic Egg 2","Bag of Marbles","halation:PinkSoulGem","Membership Card","hubris:GlazedTorus","rorgmod:Ceramic Fish","qcfpunch:Duffel_Bag","hubris:Towel","GodSword4","PlanX","GodSword6","hubris:EvacipatedBox","ThornShield","reliquary:TatteredRug","wanderingMiniBosses:AbyssPearl","Oddly Smooth Stone","reliquary:WritOfMandamus","GodSword1","Sling","bronze:ProtectiveGoggles","Turnip","Frozen Eye","downfall:TeleportStone","Snack Pack","Torii","StSpp:XCola","Gremlin Horn","Eternal Feather"],"acts_visited":["Exordium","TheCity","TheBeyond"],"potions_floor_usage":[],"damage_taken":[{"damage":0,"enemies":"Small Slimes","floor":2,"turns":2},{"damage":1,"enemies":"downfall:FleeingMerchant","floor":3,"turns":4},{"damage":0,"enemies":"Lagavulin Event","floor":4,"turns":3},{"damage":0,"enemies":"2 Louse","floor":6,"turns":1},{"damage":0,"enemies":"Cultist","floor":10,"turns":1},{"damage":0,"enemies":"Blue Slaver","floor":11,"turns":1},{"damage":2,"enemies":"3 Sentries","floor":13,"turns":4},{"damage":0,"enemies":"3 Louse","floor":15,"turns":3},{"damage":0,"enemies":"SI_SHIV_ARCHETYPE","floor":16,"turns":3},{"damage":0,"enemies":"Chosen","floor":19,"turns":3},{"damage":0,"enemies":"3 Cultists","floor":20,"turns":3},{"damage":0,"enemies":"downfall:FleeingMerchant","floor":22,"turns":2},{"damage":0,"enemies":"Centurion and Healer","floor":23,"turns":2},{"damage":0,"enemies":"Snake Plant","floor":29,"turns":1},{"damage":0,"enemies":"Snecko","floor":30,"turns":3},{"damage":0,"enemies":"Centurion and Healer","floor":32,"turns":6},{"damage":0,"enemies":"WA_ARCHETYPE_CALM","floor":33,"turns":4},{"damage":0,"enemies":"Orb Walker","floor":36,"turns":1},{"damage":0,"enemies":"3 Darklings","floor":38,"turns":3},{"damage":0,"enemies":"Transient","floor":39,"turns":4},{"damage":0,"enemies":"Nemesis","floor":42,"turns":2},{"damage":0,"enemies":"Sphere and 2 Shapes","floor":43,"turns":3},{"damage":0,"enemies":"Writhing Mass","floor":46,"turns":3},{"damage":0,"enemies":"Maw","floor":49,"turns":3},{"damage":0,"enemies":"DF_ARCHETYPE_ORBS","floor":50,"turns":3}],"seed_played":"459627007689105657","potions_obtained":[{"floor":38,"key":"Energy Potion"}],"is_trial":false,"path_per_floor":["R","M","$","?","?","M","T","?","R","M","M","R","E","?","M","B",null,"R","M","M","T","$","M","T","?","$","?","$","M","M","?","M","B",null,"R","M","$","M","M","?","T","E","M","$","?","M","R","$","M","B",null],"character_chosen":"THE_AUTOMATON","items_purchased":["REME_LimitBreaker","bronze:FineTuning","sneckomod:BlankCard","BargainBundle","Du-Vu Doll","MostiFishMod:PerfectForm","Ginger","Iron Hammer","Toxic Egg 2","Membership Card","hubris:GlazedTorus","rorgmod:Ceramic Fish","qcfpunch:Duffel_Bag","GodSword4","PlanX","GodSword6","hubris:EvacipatedBox","ThornShield","GodSword1","Sling","bronze:ProtectiveGoggles","Turnip","Frozen Eye","StSpp:XCola","Gremlin Horn","Eternal Feather"],"campfire_rested":0,"item_purchase_floors":[3,3,3,22,22,22,22,22,22,26,26,26,26,28,28,28,28,28,37,37,37,37,37,44,44,48],"current_hp_per_floor":[1000,1000,999,999,999,999,999,999,999,999,999,999,997,997,997,997,1000,1000,1000,1000,1000,1000,1000,1000,1000,1000,1000,908,908,908,908,914,920,1000,1000,1000,1000,1000,1000,1000,1000,1000,1000,1000,1000,1000,1000,1000,1000,1000],"gold":8903,"neow_bonus":"ONE_RANDOM_RARE_CARD","is_daily":false,"chose_seed":false,"campfire_upgraded":6,"win_rate":0.0,"timestamp":1613040192,"path_taken":["R","M","$","?","?","?","T","?","R","M","?","R","E","?","M","BOSS","R","M","M","?","$","M","T","?","$","?","?","M","?","?","M","BOSS","R","M","$","M","M","?","T","E","?","$","?","M","R","$","M","BOSS"],"items_purchased_type":["Relic","Card","Relic","Relic","Relic","Card","Relic","Relic","Relic","Relic","Relic","Relic","Relic","Relic","Relic","Relic","Relic","Relic","Relic","Relic","Relic","Relic","Relic","Relic","Relic","Relic"],"build_version":"2020-12-22","purchased_purges":1,"victory":true,"max_hp_per_floor":[1000,1000,1000,1000,1000,1000,1000,1000,1000,1000,1000,1000,1000,1000,1000,1000,1000,1000,1000,1000,1000,1000,1000,1000,1000,1000,1000,1000,1000,1000,1000,1000,1000,1000,1000,1000,1000,1000,1000,1000,1000,1000,1000,1000,1000,1000,1000,1000,1000,1000],"card_choices":[{"not_picked":["bronze:Shield","bronze:Invalidate"],"picked":"bronze:Separator","floor":2},{"not_picked":["bronze:DelayedGuard","bronze:Shell"],"picked":"bronze:Boost","floor":3},{"not_picked":["bronze:NullPointer","bronze:ForLoop"],"picked":"bronze:Overheat","floor":4},{"not_picked":["bronze:NullPointer","bronze:Separator"],"picked":"bronze:Iterate","floor":6},{"not_picked":["bronze:Philosophize","bronze:DelayedSlice"],"picked":"bronze:BronzeOrb","floor":8},{"not_picked":["bronze:WhirlingStrike","bronze:Invalidate"],"picked":"bronze:CleanCode","floor":8},{"not_picked":["bronze:BugBarrage","bronze:CutThrough"],"picked":"bronze:MaxOutput","floor":10},{"not_picked":["bronze:Frontload","bronze:Branch"],"picked":"bronze:Terminator","floor":11},{"not_picked":["bronze:Return","bronze:ChildClass"],"picked":"bronze:OilSpill","floor":13},{"not_picked":["bronze:DelayedSlice","bronze:Virus"],"picked":"bronze:FineTuning","floor":15},{"not_picked":["bronze:Hardcode","bronze:TinkerersToolbox"],"picked":"bronze:Verify","floor":16},{"not_picked":["bronze:BugBarrage","bronze:Iterate"],"picked":"bronze:FineTuning","floor":19},{"not_picked":["bronze:Frontload+1","bronze:Separator"],"picked":"bronze:WildBeam","floor":20},{"not_picked":["bronze:Iterate","bronze:BuggyMess+1","bronze:Flail"],"picked":"SKIP","floor":22},{"not_picked":["bronze:DelayedSlice","bronze:Frontload+1"],"picked":"bronze:Boost+1","floor":23},{"not_picked":[],"picked":"Bandage Up","floor":29},{"not_picked":["bronze:BronzeOrb","bronze:Invalidate+1"],"picked":"bronze:WhirlingStrike+1","floor":29},{"not_picked":[],"picked":"Panacea","floor":30},{"not_picked":["bronze:Turbo+1","bronze:Frontload+1"],"picked":"bronze:FineTuning+1","floor":30},{"not_picked":["bronze:CloningBeam","bronze:BronzeArmor+1"],"picked":"bronze:Iterate","floor":32},{"not_picked":["bronze:ThunderWave","bronze:AlphaBuild"],"picked":"bronze:Library","floor":33},{"not_picked":["bronze:Shield+1","bronze:BronzeArmor+1","bronze:Deprecate+1"],"picked":"SKIP","floor":36},{"not_picked":["bronze:DelayedSlice+1","bronze:Repulsor+1"],"picked":"bronze:DigitalCarnage+1","floor":38},{"not_picked":["bronze:DarkDash+1","bronze:BronzeOrb+1"],"picked":"bronze:Optimize+1","floor":39},{"not_picked":["bronze:BugBarrage+1","bronze:DelayedSlice","bronze:Turbo+1"],"picked":"SKIP","floor":42},{"not_picked":["bronze:Separator+1","bronze:Overheat+1","bronze:ClassDefault"],"picked":"SKIP","floor":43},{"not_picked":["Replay:SS_forest_2","Replay:SS_hec_1"],"picked":"expansioncontent:Hexaburn","floor":45},{"not_picked":["bronze:DelayedGuard+1","bronze:Shield+1","bronze:BuggyMess+1"],"picked":"SKIP","floor":46},{"not_picked":["bronze:TinkerersToolbox+1","bronze:Iterate"],"picked":"bronze:FineTuning+1","floor":49}],"player_experience":341769,"relics_obtained":[{"floor":7,"key":"HornCleat"},{"floor":8,"key":"reliquary:QuartzCube"},{"floor":13,"key":"Lantern"},{"floor":21,"key":"Shuriken"},{"floor":24,"key":"Bag of Marbles"},{"floor":32,"key":"reliquary:TatteredRug"},{"floor":32,"key":"wanderingMiniBosses:AbyssPearl"},{"floor":33,"key":"Oddly Smooth Stone"},{"floor":41,"key":"Snack Pack"},{"floor":42,"key":"Torii"}],"event_choices":[{"cards_removed":["bronze:Strike"],"damage_healed":0,"gold_gain":0,"player_choice":"Took Card","damage_taken":0,"max_hp_gain":0,"max_hp_loss":0,"event_name":"NoteForYourself","floor":5,"gold_loss":0,"cards_obtained":["construct:Strike_Gold"]}],"is_beta":false,"boss_relics":[{"not_picked":["Velvet Choker","hubris:CrackedHourglass","hubris:GrandSneckoEye"]},{"not_picked":["Snecko Heart","beaked:SacredDeck","ChewingGum"],"picked":"reliquary:WritOfMandamus"}],"items_purged_floors":[22],"is_endless":false,"potions_floor_spawned":[2,4,10,30,32,33,38,42],"ascension_level":0}}