{"host":"r4aerl4ckfvw1dw3","time":1613014167,"event":{"mods":["BaseMod","BetterRewards","Minty Spire (QoL Compilation)","Quick Restart","StSLib"],"gold_per_floor":[115,125,143,161,181,181,194,227,227,227,20,20,20,20,20,125,125,141,161,161,174,192,192,225,225,225,225,225,235,235,235,235],"floor_reached":31,"language":"ENG","playtime":2414,"items_purged":[],"score":310,"play_id":"25e82a5d-25ff-4f0e-8038-fc318ae2663c","local_time":"20210210192927","is_ascension_mode":true,"campfire_choices":[{"data":"Sunder","floor":6,"key":"SMITH"},{"floor":10,"key":"REST"},{"data":"Aggregate","floor":13,"key":"SMITH"},{"data":"Zap","floor":15,"key":"SMITH"},{"floor":23,"key":"REST"},{"data":"Echo Form","floor":25,"key":"SMITH"},{"floor":30,"key":"REST"}],"circlet_count":0,"master_deck":["Zap+1","Dualcast","Gash","Coolheaded","Chill+1","Melter","Sunder+1","Glacier+1","Aggregate+1","Ball Lightning","Multi-Cast","Echo Form+1","Fusion","Compile Driver","Hologram","Doom and Gloom","Melter","Scrape","Redo+1","Sweeping Beam","Turbo"],"relics":["Cracked Core","Toy Ornithopter","MealTicket","Runic Capacitor","Pandora\u0027s Box","War Paint","CaptainsWheel","Anchor"],"acts_visited":["Exordium","TheCity"],"potions_floor_usage":[5,24],"damage_taken":[{"damage":4,"enemies":"Small Slimes","floor":1,"turns":4},{"damage":3,"enemies":"2 Louse","floor":2,"turns":2},{"damage":5,"enemies":"Jaw Worm","floor":3,"turns":4},{"damage":0,"enemies":"3 Louse","floor":4,"turns":5},{"damage":22,"enemies":"Exordium Thugs","floor":5,"turns":5},{"damage":4,"enemies":"Gremlin Gang","floor":7,"turns":4},{"damage":19,"enemies":"Gremlin Nob","floor":8,"turns":4},{"damage":8,"enemies":"The Guardian","floor":16,"turns":12},{"damage":0,"enemies":"Spheric Guardian","floor":18,"turns":1},{"damage":30,"enemies":"2 Thieves","floor":19,"turns":4},{"damage":21,"enemies":"Snake Plant","floor":21,"turns":5},{"damage":28,"enemies":"Chosen and Byrds","floor":22,"turns":5},{"damage":0,"enemies":"Gremlin Leader","floor":24,"turns":5},{"damage":17,"enemies":"3 Cultists","floor":29,"turns":5},{"damage":64,"enemies":"Slavers","floor":31,"turns":5}],"seed_played":"3874601188943713955","potions_obtained":[{"floor":2,"key":"Strength Potion"},{"floor":4,"key":"SpeedPotion"},{"floor":8,"key":"FearPotion"},{"floor":19,"key":"Fire Potion"}],"is_trial":false,"path_per_floor":["M","M","M","M","M","R","M","E","T","R","$","?","R","?","R","B",null,"M","M","?","M","M","R","E","R","T","$","?","M","R","E"],"character_chosen":"DEFECT","items_purchased":["Runic Capacitor","Ball Lightning"],"campfire_rested":3,"item_purchase_floors":[11,11],"current_hp_per_floor":[78,75,70,70,48,48,44,25,25,49,64,69,69,62,62,54,87,87,57,57,36,8,34,39,39,39,54,54,37,63,0,0],"gold":235,"neow_bonus":"TEN_PERCENT_HP_BONUS","is_daily":false,"chose_seed":false,"campfire_upgraded":4,"win_rate":0.0,"timestamp":1613014167,"path_taken":["M","M","M","M","M","R","M","E","T","R","$","?","R","?","R","BOSS","M","M","?","M","M","R","E","R","T","$","?","M","R","E"],"items_purchased_type":["Relic","Card"],"build_version":"2020-12-22","purchased_purges":0,"victory":false,"max_hp_per_floor":[82,82,82,82,82,82,82,82,82,82,82,87,87,87,87,87,87,87,87,87,87,87,87,87,87,87,87,87,87,87,87,87],"card_choices":[{"not_picked":["Redo","Scrape"],"picked":"Gash","floor":1},{"not_picked":["White Noise","Redo"],"picked":"Coolheaded","floor":2},{"not_picked":["Chaos","Melter"],"picked":"Chill","floor":3},{"not_picked":["Hologram","Redo"],"picked":"Melter","floor":4},{"not_picked":["Coolheaded","Compile Driver"],"picked":"Sunder","floor":5},{"not_picked":["Auto Shields","Blizzard"],"picked":"Glacier","floor":7},{"not_picked":["Sunder","Reinforced Body"],"picked":"Aggregate","floor":8},{"not_picked":["Seek","Creative AI"],"picked":"Multi-Cast","floor":16},{"not_picked":["Rebound","Leap+1"],"picked":"Redo+1","floor":18},{"not_picked":["Ball Lightning+1","Beam Cell+1"],"picked":"Sweeping Beam","floor":19},{"not_picked":["FTL+1","Rip and Tear","Redo"],"picked":"SKIP","floor":21},{"not_picked":["Streamline","Compile Driver","Leap"],"picked":"SKIP","floor":22},{"not_picked":["Redo","Steam"],"picked":"Turbo","floor":24},{"not_picked":["Recycle","Gash","Aggregate"],"picked":"SKIP","floor":29}],"player_experience":572576,"relics_obtained":[{"floor":8,"key":"Toy Ornithopter"},{"floor":9,"key":"MealTicket"},{"floor":24,"key":"War Paint"},{"floor":26,"key":"CaptainsWheel"}],"event_choices":[{"damage_healed":0,"gold_gain":0,"player_choice":"Donut","damage_taken":0,"max_hp_gain":5,"max_hp_loss":0,"event_name":"Big Fish","floor":12,"gold_loss":0},{"cards_removed":["Strike_B"],"damage_healed":0,"gold_gain":0,"player_choice":"Card Removal","damage_taken":7,"max_hp_gain":0,"max_hp_loss":0,"event_name":"Golden Wing","floor":14,"gold_loss":0},{"damage_healed":0,"gold_gain":0,"player_choice":"Ignored","damage_taken":0,"max_hp_gain":0,"max_hp_loss":0,"event_name":"Vampires","floor":20,"gold_loss":0},{"damage_healed":0,"gold_gain":0,"player_choice":"Gave Potion","damage_taken":0,"relics_obtained":["Anchor"],"max_hp_gain":0,"max_hp_loss":0,"event_name":"WeMeetAgain","floor":28,"gold_loss":0}],"is_beta":false,"boss_relics":[{"not_picked":["SlaversCollar","Snecko Eye"],"picked":"Pandora\u0027s Box"}],"items_purged_floors":[],"is_endless":false,"potions_floor_spawned":[2,4,8,19],"killed_by":"Slavers","ascension_level":2}}