{"host":"96dqtlax74dz00hw","time":1613007236,"event":{"mods":["Bard","BaseMod","Better Altar","ChefMod","Colored Powertips","Downfall","Hermit","Minty Spire (QoL Compilation)","Permanent Neow","Rare Cards Sparkle","StSLib","The Cursed","The Disciple","The Edgeheg","The IronCluck","The Problem Sleuth"],"gold_per_floor":[88,88,88,99,99,99,126,11,37,57,77,96,171,182,182,285,285,285,285],"floor_reached":18,"language":"ENG","playtime":893,"items_purged":["theEdgeheg:StarterShootAttack"],"score":212,"play_id":"f58fb6fa-b291-448c-b0a0-7b45e401ccee","local_time":"20210210173356","is_ascension_mode":false,"campfire_choices":[{"data":"theEdgeheg:EmeraldGirlfriend","floor":6,"key":"SMITH"},{"data":"theEdgeheg:DodgeKatana","floor":15,"key":"SMITH"}],"circlet_count":0,"master_deck":["theEdgeheg:StarterShootAttack","theEdgeheg:StarterShootAttack","theEdgeheg:StarterShootAttack","theEdgeheg:StarterDodgeSkill","theEdgeheg:StarterDodgeSkill+1","theEdgeheg:StarterDodgeSkill+1","theEdgeheg:BloodyKatana","theEdgeheg:ChaosControlSkill","theEdgeheg:GatherChaos","theEdgeheg:EmeraldGirlfriend+1","theEdgeheg:Birthday","theEdgeheg:ArtOfTheBlade","theEdgeheg:Birthday","theEdgeheg:DodgeKatana+1","theEdgeheg:PlayRandomCard","theEdgeheg:BetterDodge","theEdgeheg:Reload","theEdgeheg:HappyTimmy"],"relics":["theEdgeheg:UltimateLifeformRelic","theEdgeheg:GreenEmeraldRelic","War Paint","Mercury Hourglass","Akabeko","Bag of Marbles","Black Star"],"acts_visited":["Exordium","TheCity"],"potions_floor_usage":[16,16],"damage_taken":[{"damage":0,"enemies":"Small Slimes","floor":1,"turns":4},{"damage":0,"enemies":"2 Louse","floor":4,"turns":2},{"damage":2,"enemies":"3 Sentries","floor":7,"turns":7},{"damage":0,"enemies":"Jaw Worm","floor":10,"turns":1},{"damage":0,"enemies":"Lots of Slimes","floor":11,"turns":1},{"damage":0,"enemies":"3 Louse","floor":12,"turns":1},{"damage":0,"enemies":"Large Slime","floor":14,"turns":4},{"damage":0,"enemies":"Slime Boss","floor":16,"turns":8},{"damage":4,"enemies":"3 Byrds","floor":18,"turns":1}],"seed_played":"3082157808372972029","potions_obtained":[{"floor":7,"key":"SteroidPotion"},{"floor":11,"key":"ColorlessPotion"},{"floor":16,"key":"SteroidPotion"}],"is_trial":false,"path_per_floor":["M","?","?","M","?","R","E","$","T","M","M","M","?","M","R","B",null,"M"],"character_chosen":"THE_DEFAULT","items_purchased":["theEdgeheg:Birthday"],"campfire_rested":0,"item_purchase_floors":[8],"current_hp_per_floor":[5,5,2,3,4,4,3,3,3,4,4,4,3,3,3,3,4,0,0],"gold":285,"neow_bonus":"RANDOM_COMMON_RELIC","is_daily":false,"chose_seed":false,"campfire_upgraded":2,"win_rate":0.0,"timestamp":1613007236,"path_taken":["M","?","?","M","?","R","E","$","T","M","?","?","?","M","R","BOSS","M"],"items_purchased_type":["Card"],"build_version":"2020-12-22","purchased_purges":1,"victory":false,"max_hp_per_floor":[5,5,5,5,6,6,6,6,6,6,6,6,6,6,6,6,6,6,6],"card_choices":[{"not_picked":["theEdgeheg:Disrobe","theEdgeheg:RandomChaosCard"],"picked":"theEdgeheg:EmeraldGirlfriend","floor":1},{"not_picked":["theEdgeheg:RollAndShoot","theEdgeheg:RegularGun"],"picked":"theEdgeheg:Birthday","floor":4},{"not_picked":["theEdgeheg:PlayRandomCard","theEdgeheg:ChaosCards"],"picked":"theEdgeheg:ArtOfTheBlade","floor":7},{"not_picked":["theEdgeheg:SupersonicSpeed","theEdgeheg:Grr"],"picked":"theEdgeheg:DodgeKatana","floor":10},{"not_picked":["theEdgeheg:SkateboardTrick","theEdgeheg:Heh"],"picked":"theEdgeheg:PlayRandomCard","floor":11},{"not_picked":["theEdgeheg:CoolExplosion","theEdgeheg:ChaosCards"],"picked":"theEdgeheg:BetterDodge","floor":12},{"not_picked":["theEdgeheg:BetterDodge","theEdgeheg:ChaosWhip"],"picked":"theEdgeheg:Reload","floor":14},{"not_picked":["theEdgeheg:RocketLauncher","theEdgeheg:DoubleStun"],"picked":"theEdgeheg:HappyTimmy","floor":16}],"player_experience":907063,"relics_obtained":[{"floor":7,"key":"Akabeko"},{"floor":9,"key":"Bag of Marbles"}],"event_choices":[{"damage_healed":0,"gold_gain":0,"player_choice":"Ignored","damage_taken":0,"max_hp_gain":0,"max_hp_loss":0,"event_name":"Liars Game","floor":2,"gold_loss":0},{"damage_healed":0,"gold_gain":75,"player_choice":"Gather Gold","damage_taken":11,"max_hp_gain":0,"max_hp_loss":0,"event_name":"World of Goop","floor":13,"gold_loss":0}],"is_beta":false,"boss_relics":[{"not_picked":["Philosopher\u0027s Stone","Calling Bell"],"picked":"Black Star"}],"items_purged_floors":[8],"is_endless":false,"potions_floor_spawned":[7,11,16],"killed_by":"3 Byrds","ascension_level":0}}