{"host":"a1eatafr7pisesky","time":1613039821,"event":{"mods":["AchievementEnabler","BaseMod","Colored Map","Keyboard Shortcuts","Minty Spire (QoL Compilation)","Say the Spire","StSLib","SuperFastMode","everything is the same but u backflip on backflip"],"gold_per_floor":[118,118,43,43,43,58,85,101,127,127,127,27,27,42,42,42,42],"floor_reached":16,"language":"KOR","playtime":194,"items_purged":["Injury","Defend_R"],"score":191,"play_id":"d1af61d4-88ef-4d66-b303-875794cdc7f9","local_time":"20210211193701","is_ascension_mode":true,"campfire_choices":[{"floor":10,"key":"REST"},{"data":"Immolate","floor":13,"key":"SMITH"},{"data":"Uppercut","floor":15,"key":"SMITH"}],"circlet_count":0,"master_deck":["AscendersBane","Strike_R","Strike_R","Strike_R","Strike_R","Defend_R","Defend_R","Defend_R","Bash","Immolate+1","Uppercut+1","Rage","Bloodletting","Seeing Red"],"relics":["Burning Blood","Boot","Bag of Preparation","Pen Nib","Art of War"],"acts_visited":["Exordium"],"potions_floor_usage":[7],"damage_taken":[{"damage":0,"enemies":"Small Slimes","floor":1,"turns":2},{"damage":16,"enemies":"Jaw Worm","floor":6,"turns":3},{"damage":25,"enemies":"3 Sentries","floor":7,"turns":6},{"damage":6,"enemies":"Cultist","floor":8,"turns":3},{"damage":11,"enemies":"Looter","floor":14,"turns":2},{"damage":58,"enemies":"The Guardian","floor":16,"turns":9}],"seed_played":"-9129404081140855996","potions_obtained":[{"floor":1,"key":"Energy Potion"},{"floor":7,"key":"SteroidPotion"}],"is_trial":false,"path_per_floor":["M","?","$","?","T","M","E","M","T","R","?","$","R","M","R","B"],"character_chosen":"IRONCLAD","items_purchased":[],"campfire_rested":1,"item_purchase_floors":[],"current_hp_per_floor":[74,63,63,63,63,53,34,34,34,56,61,61,61,56,56,0,0],"gold":42,"neow_bonus":"THREE_RARE_CARDS","is_daily":false,"chose_seed":false,"campfire_upgraded":2,"win_rate":0.0,"timestamp":1613039821,"path_taken":["M","?","$","?","?","?","E","M","T","R","?","?","R","?","R","BOSS"],"items_purchased_type":[],"build_version":"2020-12-22","purchased_purges":2,"victory":false,"max_hp_per_floor":[75,75,75,75,75,75,75,75,75,75,80,80,80,80,80,80,80],"card_choices":[{"not_picked":["Brutality","Limit Break"],"picked":"Immolate","floor":0},{"not_picked":["Sword Boomerang","Spot Weakness"],"picked":"Uppercut","floor":1},{"not_picked":["Metallicize","Pommel Strike","Heavy Blade"],"picked":"SKIP","floor":6},{"not_picked":["Pummel","Havoc"],"picked":"Rage","floor":7},{"not_picked":["Ghostly Armor","Power Through"],"picked":"Bloodletting","floor":8},{"not_picked":["Iron Wave","Twin Strike"],"picked":"Seeing Red","floor":14}],"player_experience":446944,"relics_obtained":[{"floor":5,"key":"Bag of Preparation"},{"floor":7,"key":"Pen Nib"},{"floor":9,"key":"Art of War"}],"event_choices":[{"damage_healed":0,"gold_gain":0,"player_choice":"Success","damage_taken":11,"relics_obtained":["Boot"],"max_hp_gain":0,"max_hp_loss":0,"event_name":"Scrap Ooze","floor":2,"gold_loss":0},{"cards_removed":["Strike_R"],"damage_healed":0,"gold_gain":0,"player_choice":"Forget","damage_taken":0,"max_hp_gain":0,"max_hp_loss":0,"event_name":"Living Wall","floor":4,"gold_loss":0},{"damage_healed":0,"gold_gain":0,"player_choice":"Donut","damage_taken":0,"max_hp_gain":5,"max_hp_loss":0,"event_name":"Big Fish","floor":11,"gold_loss":0}],"is_beta":false,"boss_relics":[],"items_purged_floors":[3,12],"is_endless":false,"potions_floor_spawned":[1,7],"killed_by":"The Guardian","ascension_level":19}}