{"host":"5dk97cf2ubw2v967","time":1613064586,"event":{"mods":["AlwaysNeverKeys","BaseMod","Better Altar","Better Vampires","Block Reminder","Card Filter","Colored Powertips","Downfall","Googly Eyes","Highlight Path","Minty Spire (QoL Compilation)","Permanent Neow","Potion Indicator Mod","Quick Restart","Relic Filter","Relic Stats","Say the Spire","Spicy Shops","StSLib","Waifu the Spire","everything is the same but u backflip on backflip"],"gold_per_floor":[118,118,43,68,31,62,62,62,62,62,82,160,160,193,193,193,193],"floor_reached":16,"language":"ENG","playtime":392,"items_purged":["Defend_R"],"score":208,"play_id":"a051f968-67f5-4837-8625-ab5d07eddf76","local_time":"20210211172946","is_ascension_mode":true,"campfire_choices":[{"floor":7,"key":"REST"},{"data":"Rampage","floor":13,"key":"SMITH"},{"data":"Barricade","floor":15,"key":"SMITH"}],"circlet_count":0,"master_deck":["AscendersBane","Strike_R","Strike_R","Strike_R","Strike_R","Defend_R","Bash","Clash","Barricade+1","Bloodletting","Iron Wave","Rampage+1","Brutality"],"relics":["Burning Blood","Blood Vial","PreservedInsect","Orichalcum","Paper Frog","Matryoshka"],"acts_visited":["Exordium"],"potions_floor_usage":[14,16],"damage_taken":[{"damage":6,"enemies":"Cultist","floor":1,"turns":3},{"damage":47,"enemies":"Lagavulin","floor":6,"turns":7},{"damage":1,"enemies":"2 Louse","floor":11,"turns":3},{"damage":12,"enemies":"3 Sentries","floor":14,"turns":7},{"damage":48,"enemies":"The Guardian","floor":16,"turns":6}],"seed_played":"-8118020139081342806","potions_obtained":[{"floor":6,"key":"EssenceOfSteel"},{"floor":11,"key":"BlessingOfTheForge"},{"floor":14,"key":"champ:CounterPotion"}],"is_trial":false,"path_per_floor":["M","?","$","T","$","E","R","?","T","?","M","T","R","E","R","B"],"character_chosen":"IRONCLAD","items_purchased":["Bloodletting"],"campfire_rested":1,"item_purchase_floors":[5],"current_hp_per_floor":[68,68,68,68,68,27,47,47,47,47,54,54,54,50,50,4,4],"gold":193,"neow_bonus":"REMOVE_TWO","is_daily":false,"chose_seed":false,"campfire_upgraded":2,"win_rate":0.0,"timestamp":1613064586,"path_taken":["M","?","$","?","$","E","R","?","T","?","?","?","R","E","R","BOSS"],"items_purchased_type":["Card"],"build_version":"2020-12-22","purchased_purges":1,"victory":false,"max_hp_per_floor":[68,68,68,68,68,68,68,68,68,68,68,68,68,68,68,68,68],"relic_stats":{"Blood Vial":6,"counters":[5,26],"PreservedInsect":34,"Orichalcum":[42],"obtain_stats":[{"Blood Vial":4,"Matryoshka":14,"PreservedInsect":6,"Orichalcum":9,"Burning Blood":0,"Paper Frog":12},{"Blood Vial":1,"Matryoshka":4,"PreservedInsect":2,"Orichalcum":2,"Burning Blood":0,"Paper Frog":3},{"Blood Vial":3,"Matryoshka":20,"PreservedInsect":10,"Orichalcum":10,"Burning Blood":0,"Paper Frog":13}],"Burning Blood":24},"card_choices":[{"not_picked":["Clothesline","Warcry"],"picked":"Clash","floor":1},{"not_picked":["Exhume","Whirlwind"],"picked":"Iron Wave","floor":6},{"not_picked":["Dual Wield","Body Slam"],"picked":"Rampage","floor":11},{"not_picked":["True Grit","Havoc"],"picked":"Brutality","floor":14}],"player_experience":1309221,"relics_obtained":[{"floor":4,"key":"Blood Vial"},{"floor":6,"key":"PreservedInsect"},{"floor":9,"key":"Orichalcum"},{"floor":12,"key":"Paper Frog"},{"floor":14,"key":"Matryoshka"}],"event_choices":[{"damage_healed":0,"gold_gain":0,"player_choice":"1 cards matched","damage_taken":0,"max_hp_gain":0,"max_hp_loss":0,"event_name":"Match and Keep!","floor":2,"gold_loss":0,"cards_obtained":["Barricade"]},{"damage_healed":0,"gold_gain":0,"player_choice":"Ignored","damage_taken":0,"max_hp_gain":0,"max_hp_loss":0,"event_name":"Liars Game","floor":8,"gold_loss":0},{"cards_removed":["Defend_R"],"damage_healed":0,"gold_gain":0,"player_choice":"Offered Basic","damage_taken":0,"max_hp_gain":0,"max_hp_loss":0,"event_name":"Bonfire Elementals","floor":10,"gold_loss":0}],"is_beta":false,"boss_relics":[],"items_purged_floors":[3],"is_endless":false,"potions_floor_spawned":[6,11,14],"killed_by":"The Guardian","ascension_level":20}}