{"host":"vt6dr1xq3iy14a3e","time":1613049221,"event":{"mods":["AchievementEnabler","BaseMod","Colored Map","DeckTracker","Minty Spire (QoL Compilation)","Replay The Spire","StSLib","SuperFastMode"],"gold_per_floor":[118,134,144,163,235,235,235,250,277,277,277,277,277,294,294,312,312,312,312],"floor_reached":18,"language":"KOR","playtime":667,"items_purged":[],"score":208,"play_id":"62408c60-411a-42f5-885e-829a7fad2fe4","local_time":"20210211221340","is_ascension_mode":true,"campfire_choices":[{"data":"Searing Blow","floor":6.0,"key":"SMITH"},{"data":"Searing Blow+3","floor":13.0,"key":"SMITH"},{"data":"Searing Blow+4","floor":17.0,"key":"SMITH"}],"circlet_count":0,"master_deck":["AscendersBane","Strike_R","Strike_R","Strike_R","Strike_R","Defend_R","Defend_R","Defend_R","Defend_R","Bash","Twin Strike","Shrug It Off","Bloodletting","Searing Blow+5","Warcry","Reaper","Seeing Red","Warcry"],"relics":["Burning Blood","Toy Ornithopter"],"acts_visited":["Exordium"],"potions_floor_usage":[18,18],"damage_taken":[{"damage":6.0,"enemies":"Cultist","floor":1.0,"turns":4.0},{"damage":6.0,"enemies":"Jaw Worm","floor":2.0,"turns":5.0},{"damage":4.0,"enemies":"Small Slimes","floor":3.0,"turns":4.0},{"damage":11.0,"enemies":"3 Louse","floor":4.0,"turns":5.0},{"damage":24.0,"enemies":"Exordium Thugs","floor":8.0,"turns":4.0},{"damage":34.0,"enemies":"Large Slime","floor":14.0,"turns":6.0},{"damage":12.0,"enemies":"2 Fungi Beasts","floor":16.0,"turns":3.0},{"damage":52,"enemies":"The Guardian","floor":18,"turns":11}],"seed_played":"-717218826037849158","potions_obtained":[{"floor":4.0,"key":"BlessingOfTheForge"},{"floor":8.0,"key":"Venom Potion"},{"floor":16.0,"key":"DistilledChaos"}],"is_trial":false,"path_per_floor":["M","M","M","M","?","R","?","M","T","?","PTL","PTL","R","M","?","M","R","B"],"character_chosen":"IRONCLAD","items_purchased":[],"campfire_rested":0,"item_purchase_floors":[],"current_hp_per_floor":[73,73,75,70,70,70,70,57,57,57,57,57,57,37,37,41,41,0,0],"gold":312,"neow_bonus":"RANDOM_EVENT","is_daily":false,"chose_seed":false,"campfire_upgraded":3,"win_rate":0.0,"timestamp":1613049220,"path_taken":["M","M","M","M","?","R","?","M","T","?","PTL","PTL","R","M","?","M","R","BOSS"],"items_purchased_type":[],"build_version":"2020-12-22","purchased_purges":0,"victory":false,"max_hp_per_floor":[80,80,80,80,80,80,80,80,80,80,80,80,80,80,80,80,80,80,80],"card_choices":[{"not_picked":["Headbutt","Havoc"],"picked":"Twin Strike","floor":1.0},{"not_picked":["Warcry","Wild Strike"],"picked":"Shrug It Off","floor":2.0},{"not_picked":["Sword Boomerang","Anger"],"picked":"Bloodletting","floor":3.0},{"not_picked":["Warcry","Dual Wield"],"picked":"Searing Blow","floor":4.0},{"not_picked":["Twin Strike","Headbutt"],"picked":"Warcry","floor":5.0},{"not_picked":["Whirlwind","Thunderclap"],"picked":"Reaper","floor":8.0},{"not_picked":["Combust","Warcry"],"picked":"Seeing Red","floor":14.0},{"not_picked":["Twin Strike","Heavy Blade"],"picked":"Warcry","floor":16.0}],"player_experience":1054330,"relics_obtained":[{"floor":5.0,"key":"Toy Ornithopter"}],"event_choices":[{"damage_healed":0.0,"max_hp_gain":5.0,"max_hp_loss":0.0,"gold_gain":0.0,"event_name":"Big Fish","player_choice":"Donut","floor":0.0,"gold_loss":0.0,"damage_taken":0.0},{"damage_healed":0.0,"max_hp_gain":0.0,"max_hp_loss":0.0,"gold_gain":0.0,"event_name":"Living Wall","player_choice":"Grow","floor":7.0,"gold_loss":0.0,"damage_taken":0.0,"cards_upgraded":["Searing Blow"]},{"cards_removed":["Strike_R"],"damage_healed":0.0,"max_hp_gain":0.0,"max_hp_loss":0.0,"gold_gain":0.0,"event_name":"Purifier","player_choice":"Purged","floor":15.0,"gold_loss":0.0,"damage_taken":0.0}],"is_beta":false,"boss_relics":[],"items_purged_floors":[],"is_endless":false,"potions_floor_spawned":[4,8,16],"killed_by":"The Guardian","ascension_level":20}}