{"host":"xc18ixkpjvqrt8st","time":1613008737,"event":{"mods":["Act Like it!","BaseMod","Better Match","Better Third Choice","Conspire","Downfall","Hallownest","Hermit","Hubris","Minty Spire (QoL Compilation)","Reliquary","Robot Space Explorer","Shop Mod","Spicy Shops","Spire Arcade","StSLib","The Animator","The Edgeheg","The Jungle","The Sage"],"gold_per_floor":[109,124,149,149,159,185,185,210,234,134,134,144,144,197,197,328,328,346,380,480,503,175,175,208,225,225,269,269,269,19,62,62,195,195,200,200],"floor_reached":35,"language":"ENG","playtime":2043,"items_purged":[],"score":399,"play_id":"947fb0d8-9162-42dd-8fc2-8b80ea40b5a7","local_time":"20210210195857","is_ascension_mode":true,"campfire_choices":[{"floor":7,"key":"REST"},{"floor":11,"key":"REST"},{"floor":13,"key":"REST"},{"floor":15,"key":"REST"},{"floor":23,"key":"REST"},{"floor":29,"key":"REST"},{"floor":32,"key":"REST"}],"circlet_count":0,"master_deck":["animator:Strike_MadokaMagica","animator:Defend_MadokaMagica","animator:Strike","animator:Strike","animator:Strike","animator:Defend","animator:Defend","animator:Defend","animator:IrohaTamaki","animator:YuiTsuruno","animator:Witch","animator:Witch","animator:RoyMustang","animator:Guy","animator:LeleiLaLalena","animator:Shigure","conspire:SpireCoStock","conspire:SpireCoStock","animator:Sloth","animator:ElricAlphonse","animator:HomuraAkemi","animator:MaesHughes","animator:KyokoSakura+1","animator:Mitsuba","animator:MisaKurobane","animator:ElricEdward","animator:ChaikaBohdan","animator:NagisaMomoe+1","animator:Shuna","animator:YachiyoNanami","animator:Patchouli","animator:CrowleyEusford","animator:SayakaMiki","animator:AcuraShin"],"relics":["animator:LivingPicture","animator:TheMissingPiece","reliquary:RosewoodLute","hubris:Towel","Charon\u0027s Ashes","conspire:SpecialSausage","animator:ShionDessert","Mercury Hourglass","conspire:RoyalGoblet"],"acts_visited":["Exordium","TheCity","TheBeyond"],"potions_floor_usage":[6,6,16,33,35],"damage_taken":[{"damage":3,"enemies":"2 Louse","floor":1,"turns":4},{"damage":5,"enemies":"Cultist","floor":2,"turns":6},{"damage":2,"enemies":"Jaw Worm","floor":3,"turns":5},{"damage":21,"enemies":"Lots of Slimes","floor":5,"turns":2},{"damage":28,"enemies":"3 Sentries","floor":6,"turns":8},{"damage":0,"enemies":"Large Slime","floor":8,"turns":7},{"damage":5,"enemies":"Red Slaver","floor":12,"turns":4},{"damage":12,"enemies":"Exordium Wildlife","floor":14,"turns":3},{"damage":23,"enemies":"Slime Boss","floor":16,"turns":10},{"damage":10,"enemies":"conspire:FuzzyDice","floor":18,"turns":6},{"damage":16,"enemies":"Chosen","floor":19,"turns":7},{"damage":18,"enemies":"Sentry and Sphere","floor":21,"turns":6},{"damage":8,"enemies":"3 Cultists","floor":24,"turns":4},{"damage":4,"enemies":"Snecko","floor":25,"turns":4},{"damage":12,"enemies":"Chosen and Byrds","floor":27,"turns":7},{"damage":8,"enemies":"Centurion and Healer","floor":31,"turns":7},{"damage":56,"enemies":"Automaton","floor":33,"turns":12},{"damage":79,"enemies":"3 Darklings","floor":35,"turns":4}],"seed_played":"-7761545670219745183","potions_obtained":[{"floor":1,"key":"DuplicationPotion"},{"floor":2,"key":"LiquidBronze"},{"floor":5,"key":"SpeedPotion"},{"floor":14,"key":"Energy Potion"},{"floor":16,"key":"Dexterity Potion"},{"floor":25,"key":"bronze:BurnAndBuffPotion"}],"is_trial":false,"path_per_floor":["M","M","M","?","M","E","R","M","T","?","R","M","R","M","R","B",null,"M","M","?","M","$","R","M","M","T","M","?","R","$","M","R","B",null,"M"],"character_chosen":"THE_ANIMATOR","items_purchased":["animator:MisaKurobane","animator:ShionDessert","animator:ElricEdward","animator:ChaikaBohdan","animator:Patchouli","animator:CrowleyEusford"],"campfire_rested":7,"item_purchase_floors":[22,22,22,22,30,30],"current_hp_per_floor":[63,58,56,56,35,7,26,26,26,26,45,41,61,49,67,44,67,58,43,43,26,26,47,39,35,35,24,24,45,45,37,58,2,71,0,0],"gold":200,"neow_bonus":"RANDOM_COMMON_RELIC","is_daily":false,"chose_seed":false,"campfire_upgraded":0,"win_rate":0.0,"timestamp":1613008737,"path_taken":["M","M","M","?","M","E","R","M","T","?","R","M","R","M","R","BOSS","M","M","?","?","$","R","M","M","T","M","?","R","$","M","R","BOSS","M"],"items_purchased_type":["Card","Relic","Card","Card","Card","Card"],"build_version":"2020-12-22","purchased_purges":0,"victory":false,"max_hp_per_floor":[66,66,66,66,66,66,66,66,66,66,66,67,67,67,67,67,67,68,69,69,70,70,70,70,70,70,71,71,71,71,71,71,71,71,71,71],"card_choices":[{"not_picked":["animator:DwarfShaman","animator:Shinoa"],"picked":"animator:Witch","floor":1},{"not_picked":["animator:IrohaTamaki","animator:YuiTsuruno"],"picked":"animator:Witch","floor":2},{"not_picked":["animator:Shigure","animator:Tyuule"],"picked":"animator:RoyMustang","floor":3},{"not_picked":["animator:Kuribayashi","animator:LizardPriest"],"picked":"animator:Guy","floor":5},{"not_picked":["animator:Yuuichirou","animator:Guy"],"picked":"animator:LeleiLaLalena","floor":6},{"not_picked":["animator:OrikoMikuni","animator:Millim"],"picked":"animator:Shigure","floor":8},{"not_picked":["animator:Fredrika","animator:YaoHaDucy"],"picked":"animator:Sloth","floor":12},{"not_picked":["animator:Spearman","animator:DwarfShaman"],"picked":"animator:ElricAlphonse","floor":14},{"not_picked":["animator:ItamiYouji","animator:Guren"],"picked":"animator:HomuraAkemi","floor":16},{"not_picked":["animator:RoyMustang+1","animator:Mitsuba"],"picked":"animator:MaesHughes","floor":18},{"not_picked":["animator:MaesHughes","animator:Vesta"],"picked":"animator:KyokoSakura+1","floor":19},{"not_picked":["animator:TukaLunaMarceau","animator:Shion+1"],"picked":"animator:Mitsuba","floor":21},{"not_picked":["animator:IrohaTamaki","animator:Guren"],"picked":"animator:NagisaMomoe+1","floor":24},{"not_picked":["animator:Shion","animator:Hakurou"],"picked":"animator:Shuna","floor":25},{"not_picked":["animator:Layla+1","animator:IrohaTamaki"],"picked":"animator:YachiyoNanami","floor":27},{"not_picked":["animator:KrulTepes","animator:Fredrika"],"picked":"animator:SayakaMiki","floor":31},{"not_picked":["animator:ItamiYouji","animator:HomuraAkemi"],"picked":"animator:AcuraShin","floor":33}],"player_experience":698117,"relics_obtained":[{"floor":6,"key":"Charon\u0027s Ashes"},{"floor":26,"key":"Mercury Hourglass"}],"event_choices":[{"damage_healed":0,"gold_gain":0,"player_choice":"Invest 2","damage_taken":0,"max_hp_gain":0,"max_hp_loss":0,"event_name":"conspire:Investor","floor":10,"gold_loss":0},{"damage_healed":0,"gold_gain":100,"player_choice":"Pray","damage_taken":0,"max_hp_gain":0,"max_hp_loss":0,"event_name":"Golden Shrine","floor":20,"gold_loss":0},{"damage_healed":0,"gold_gain":0,"player_choice":"Ignored","damage_taken":0,"max_hp_gain":0,"max_hp_loss":0,"event_name":"Transmorgrifier","floor":28,"gold_loss":0}],"is_beta":false,"boss_relics":[{"not_picked":["reliquary:KinkedSpring","hubris:CrackedHourglass"],"picked":"conspire:SpecialSausage"},{"not_picked":["reliquary:WritOfMandamus","hubris:Stopwatch"],"picked":"conspire:RoyalGoblet"}],"items_purged_floors":[],"is_endless":false,"potions_floor_spawned":[1,2,5,14,16,25,31],"killed_by":"3 Darklings","ascension_level":2}}