{"host":"9kesdg97wkrx2bva","time":1613029533,"event":{"mods":["AchievementEnabler","BaseMod","Colored Map","GifTheSpireLib","Infinite Spire","Minty Spire (QoL Compilation)","Replay The Spire","StSLib"],"gold_per_floor":[365,385,405,420,251,278,296,296,374,374,374,299,299,313,313,388,388,402,402,317,329,30,30,30],"floor_reached":23,"language":"ENG","playtime":608,"items_purged":["Hallucinations","Strike_G","Strike_G"],"score":389,"play_id":"980c7c70-a90e-45e8-9590-9c84893791ac","local_time":"20210211014533","is_ascension_mode":true,"campfire_choices":[{"data":"Deadly Poison","floor":8,"key":"SMITH"},{"data":"Panacea","floor":10,"key":"SMITH"}],"circlet_count":0,"master_deck":["AscendersBane","Strike_G","Defend_G+1","Defend_G","Defend_G+1","Defend_G","Defend_G","Survivor","Neutralize","Choke+1","Poisoned Stab","Deadly Poison+1","Panacea+1","PiercingWail","Deflect","Noxious Fumes","Corpse Explosion","infinitespire:Gouge","Catalyst","Noxious Fumes"],"relics":["Ring of the Snake","Letter Opener","infinitespire:Bottled Soul","Replay:Bronze Core","PrismaticShard","Darkstone Periapt"],"acts_visited":["Exordium","TheCity"],"potions_floor_usage":[6,16,23,23],"damage_taken":[{"damage":8,"enemies":"Small Slimes","floor":1,"turns":6},{"damage":0,"enemies":"2 Louse","floor":2,"turns":3},{"damage":4,"enemies":"Jaw Worm","floor":3,"turns":4},{"damage":0,"enemies":"Large Slime","floor":4,"turns":5},{"damage":16,"enemies":"Gremlin Nob","floor":6,"turns":4},{"damage":3,"enemies":"Looter","floor":7,"turns":4},{"damage":0,"enemies":"2 Fungi Beasts","floor":14,"turns":3},{"damage":11,"enemies":"The Guardian","floor":16,"turns":9},{"damage":17,"enemies":"3 Byrds","floor":18,"turns":5},{"damage":23,"enemies":"Chosen","floor":21,"turns":5},{"damage":20,"enemies":"Slavers","floor":23,"turns":2}],"seed_played":"1373061471325560179","potions_obtained":[{"floor":3,"key":"LiquidMemories"},{"floor":7,"key":"Milkshake"},{"floor":14,"key":"SkillPotion"}],"is_trial":false,"path_per_floor":["M","M","M","M","$","E","M","R","T","R","?","?","?","M","R_BF","B",null,"M","AVR","?","M","$","E"],"character_chosen":"THE_SILENT","items_purchased":["Panacea","Poison Potion","Noxious Fumes","Energy Potion"],"campfire_rested":0,"item_purchase_floors":[5,22,22,22],"current_hp_per_floor":[51,51,47,47,47,31,28,28,28,28,21,21,1,1,20,9,52,35,35,35,12,12,0,0],"gold":30,"neow_bonus":"TWO_FIFTY_GOLD","is_daily":false,"chose_seed":false,"campfire_upgraded":2,"win_rate":0.0,"timestamp":1613029533,"path_taken":["M","M","M","M","$","E","M","R","T","R","?","?","?","M","R_BF","BOSS","M","AVR","?","M","$","E"],"items_purchased_type":["Card","Potion","Card","Potion"],"build_version":"2020-12-22","purchased_purges":3,"victory":false,"max_hp_per_floor":[66,66,66,66,66,66,66,66,66,66,66,66,66,66,66,66,66,66,66,66,66,66,66,66],"card_choices":[{"not_picked":["Well Laid Plans","Finisher"],"picked":"Choke","floor":1},{"not_picked":["Hidden Blade","PiercingWail"],"picked":"Poisoned Stab","floor":2},{"not_picked":["Caltrops","Crippling Poison"],"picked":"Deadly Poison","floor":3},{"not_picked":["Dodge and Roll","Slice","Hidden Blade"],"picked":"SKIP","floor":4},{"not_picked":["Masterful Stab","Toxin Wave"],"picked":"PiercingWail","floor":6},{"not_picked":["Cloak And Dagger","Reflex"],"picked":"Deflect","floor":7},{"not_picked":["Hidden Blade","ReplayTheSpireMod:Exploit Weakness"],"picked":"Noxious Fumes","floor":14},{"not_picked":["Bullet Time","A Thousand Cuts"],"picked":"Corpse Explosion","floor":16},{"not_picked":["Quick Slash","Dagger Spray","Predator"],"picked":"SKIP","floor":18},{"not_picked":["Stack","Distraction"],"picked":"Catalyst","floor":21}],"player_experience":1028755,"relics_obtained":[{"floor":6,"key":"Letter Opener"},{"floor":9,"key":"infinitespire:Bottled Soul"}],"event_choices":[{"cards_removed":["Strike_G"],"damage_healed":0,"gold_gain":0,"player_choice":"Card Removal","damage_taken":7,"max_hp_gain":0,"max_hp_loss":0,"event_name":"Golden Wing","floor":11,"gold_loss":0},{"cards_removed":["Strike_G"],"damage_healed":0,"gold_gain":0,"player_choice":"Card Removal","damage_taken":0,"max_hp_gain":0,"max_hp_loss":0,"event_name":"The Cleric","floor":12,"gold_loss":75},{"damage_healed":0,"gold_gain":0,"player_choice":"Entered Light","damage_taken":20,"max_hp_gain":0,"max_hp_loss":0,"event_name":"Shining Light","floor":13,"gold_loss":0,"cards_upgraded":["Defend_G","Defend_G"]},{"damage_healed":0,"gold_gain":0,"player_choice":"Obtained Relic","damage_taken":0,"relics_obtained":["Darkstone Periapt"],"max_hp_gain":0,"max_hp_loss":0,"event_name":"Addict","floor":20,"gold_loss":85}],"is_beta":false,"boss_relics":[{"not_picked":["Ectoplasm","Replay:Ancient Bell"],"picked":"Replay:Bronze Core"}],"items_purged_floors":[5,19,22],"is_endless":false,"potions_floor_spawned":[3,7,14],"killed_by":"Slavers","ascension_level":16}}