{"host":"dqv8oo4v229c1o2l","time":1613086212,"event":{"mods":["AchievementEnabler","BaseMod","Colored Map","Colored Powertips","Minty Spire (QoL Compilation)","Quick Restart","Rare Cards Sparkle","StSLib","Synergy Search"],"gold_per_floor":[110,12,87,14,14,45,45,59,59,91,114,114,63,82,82,177,177,177,177,177,177,177,177,177,177,177,177,177,177,117,117,117,117,117],"floor_reached":33,"language":"ENG","playtime":1500,"items_purged":[],"score":437,"play_id":"cfc86ee6-111c-4fd0-a766-75df89231f6a","local_time":"20210211153012","is_ascension_mode":true,"campfire_choices":[{"floor":12,"key":"REST"},{"data":"Defragment","floor":15,"key":"SMITH"},{"floor":23,"key":"RECALL"},{"data":"Zap","floor":28,"key":"SMITH"},{"floor":32,"key":"REST"}],"circlet_count":0,"master_deck":["Strike_B","Strike_B","Strike_B","Defend_B","Defend_B","Defend_B","Defend_B","Zap+1","Dualcast","Coolheaded","Flash of Steel","Defragment+1","Reinforced Body","Ball Lightning","FTL","Conserve Battery","Ball Lightning","Biased Cognition","Force Field","Shame","Self Repair","Recycle+1","Stack+1","White Noise"],"relics":["Cracked Core","NeowsBlessing","Mummified Hand","Pen Nib","Odd Mushroom","Ectoplasm","Bronze Scales","Bag of Preparation","Akabeko","Darkstone Periapt","Anchor"],"acts_visited":["Exordium","TheCity"],"potions_floor_usage":[10,27,27,29],"damage_taken":[{"damage":0,"enemies":"Small Slimes","floor":1,"turns":1},{"damage":0,"enemies":"3 Sentries","floor":6,"turns":1},{"damage":0,"enemies":"Jaw Worm","floor":8,"turns":1},{"damage":9,"enemies":"Lagavulin","floor":10,"turns":9},{"damage":16,"enemies":"The Mushroom Lair","floor":11,"turns":5},{"damage":0,"enemies":"Cultist","floor":14,"turns":3},{"damage":8,"enemies":"Hexaghost","floor":16,"turns":9},{"damage":2,"enemies":"Chosen","floor":18,"turns":3},{"damage":20,"enemies":"Gremlin Leader","floor":27,"turns":8},{"damage":34,"enemies":"Slavers","floor":29,"turns":4},{"damage":0,"enemies":"2 Thieves","floor":30,"turns":4},{"damage":14,"enemies":"Snake Plant","floor":31,"turns":2},{"damage":70,"enemies":"Champ","floor":33,"turns":12}],"seed_played":"-8104674920058809375","potions_obtained":[{"floor":6,"key":"Weak Potion"},{"floor":7,"key":"EssenceOfDarkness"},{"floor":7,"key":"Weak Potion"},{"floor":10,"key":"FairyPotion"},{"floor":14,"key":"Energy Potion"},{"floor":16,"key":"PowerPotion"},{"floor":27,"key":"Swift Potion"}],"is_trial":false,"path_per_floor":["M","$","?","$","?","E","?","M","T","E","?","R","$","M","R","B",null,"M","$","?","?","?","R","T","$","T","E","R","E","M","M","R","B"],"character_chosen":"DEFECT","items_purchased":["Flash of Steel","Defragment","Conserve Battery"],"campfire_rested":2,"item_purchase_floors":[2,4,13],"current_hp_per_floor":[68,68,57,57,50,50,50,50,50,41,25,47,47,47,47,39,66,64,64,64,64,64,64,64,64,64,51,51,24,31,24,46,0,0],"gold":117,"neow_bonus":"THREE_ENEMY_KILL","is_daily":false,"chose_seed":false,"campfire_upgraded":2,"win_rate":0.0,"timestamp":1613086212,"path_taken":["M","$","?","$","?","E","?","?","T","E","?","R","$","M","R","BOSS","M","$","?","?","?","R","?","$","T","E","R","E","?","M","R","BOSS"],"items_purchased_type":["Card","Card","Card"],"build_version":"2020-12-22","purchased_purges":0,"victory":false,"max_hp_per_floor":[75,75,75,75,75,75,75,75,75,75,75,75,75,75,75,75,75,75,75,75,75,75,75,75,75,75,75,75,75,75,75,75,75,75],"card_choices":[{"not_picked":["Stack","Compile Driver"],"picked":"Coolheaded","floor":1},{"not_picked":["Aggregate","Streamline"],"picked":"Reinforced Body","floor":6},{"not_picked":["Leap","Go for the Eyes","Beam Cell"],"picked":"SKIP","floor":8},{"not_picked":["Fusion","Rip and Tear"],"picked":"Ball Lightning","floor":10},{"not_picked":["All For One","Aggregate"],"picked":"FTL","floor":11},{"not_picked":["Scrape","Leap"],"picked":"Ball Lightning","floor":14},{"not_picked":["Rainbow","Amplify"],"picked":"Biased Cognition","floor":16},{"not_picked":["Tempest","Reinforced Body"],"picked":"Force Field","floor":18},{"not_picked":["Hello World","Scrape"],"picked":"Recycle+1","floor":27},{"not_picked":["Genetic Algorithm","Barrage"],"picked":"Stack+1","floor":29},{"not_picked":["Stack","Hello World","Rebound"],"picked":"SKIP","floor":30},{"not_picked":["Blizzard","Gash"],"picked":"White Noise","floor":31}],"player_experience":312428,"relics_obtained":[{"floor":6,"key":"Mummified Hand"},{"floor":10,"key":"Pen Nib"},{"floor":11,"key":"Odd Mushroom"},{"floor":24,"key":"Bag of Preparation"},{"floor":26,"key":"Akabeko"},{"floor":27,"key":"Darkstone Periapt"},{"floor":29,"key":"Anchor"}],"event_choices":[{"damage_healed":0,"gold_gain":75,"player_choice":"Gather Gold","damage_taken":11,"max_hp_gain":0,"max_hp_loss":0,"event_name":"World of Goop","floor":3,"gold_loss":0},{"cards_removed":["Strike_B"],"damage_healed":0,"gold_gain":0,"player_choice":"Card Removal","damage_taken":7,"max_hp_gain":0,"max_hp_loss":0,"event_name":"Golden Wing","floor":5,"gold_loss":0},{"damage_healed":0,"gold_gain":0,"player_choice":"Got Potions","damage_taken":0,"max_hp_gain":0,"max_hp_loss":0,"event_name":"Lab","floor":7,"gold_loss":0},{"damage_healed":0,"gold_gain":0,"player_choice":"Fought Mushrooms","damage_taken":0,"max_hp_gain":0,"max_hp_loss":0,"event_name":"Mushrooms","floor":11,"gold_loss":0},{"damage_healed":0,"gold_gain":0,"player_choice":"Stole Relic","damage_taken":0,"relics_obtained":["Bronze Scales"],"max_hp_gain":0,"max_hp_loss":0,"event_name":"Addict","floor":20,"gold_loss":0,"cards_obtained":["Shame"]},{"damage_healed":0,"gold_gain":0,"player_choice":"Ignored","damage_taken":0,"max_hp_gain":0,"max_hp_loss":0,"event_name":"Vampires","floor":21,"gold_loss":0},{"damage_healed":0,"gold_gain":0,"player_choice":"Read","damage_taken":0,"max_hp_gain":0,"max_hp_loss":0,"event_name":"The Library","floor":22,"gold_loss":0,"cards_obtained":["Self Repair"]}],"is_beta":false,"boss_relics":[{"not_picked":["Snecko Eye","Empty Cage"],"picked":"Ectoplasm"}],"items_purged_floors":[],"is_endless":false,"potions_floor_spawned":[6,10,14,16,18,27],"killed_by":"Champ","ascension_level":8}}