{"host":"lktusdb9orijgc6z","time":1613054566,"event":{"mods":["BaseMod","Bestiary","Colored Map","Colored Powertips","Filter the Spire","Minty Spire (QoL Compilation)","Permanent Neow","Quick Restart","Relic Stats","StSLib","everything is the same but u backflip on backflip","slay the spire mod where everything is the same but ironclad has a cowboy hat"],"gold_per_floor":[110,110,110,129,44,44,44,44],"floor_reached":7,"language":"ENG","playtime":123,"items_purged":[],"score":78,"play_id":"67658f9f-f7b2-48c9-a9ab-674e155cbf1b","local_time":"20210211154246","is_ascension_mode":true,"campfire_choices":[{"data":"Tempest","floor":6.0,"key":"SMITH"}],"circlet_count":0,"master_deck":["AscendersBane","Zap","Dualcast","Go for the Eyes","Beam Cell","Tempest+1"],"relics":["Pandora\u0027s Box","Golden Idol"],"acts_visited":["Exordium"],"potions_floor_usage":[],"damage_taken":[{"damage":19.0,"enemies":"Jaw Worm","floor":1.0,"turns":3.0},{"damage":0.0,"enemies":"2 Louse","floor":4.0,"turns":2.0},{"damage":0,"enemies":"3 Sentries","floor":7,"turns":1}],"seed_played":"8063319521504994733","potions_obtained":[{"floor":4.0,"key":"Ancient Potion"}],"is_trial":false,"path_per_floor":["M","?","?","M","$","R","E"],"character_chosen":"DEFECT","items_purchased":["Tempest"],"campfire_rested":0,"item_purchase_floors":[5],"current_hp_per_floor":[45,45,50,50,50,50,50,50],"gold":44,"neow_bonus":"BOSS_RELIC","is_daily":false,"chose_seed":false,"campfire_upgraded":1,"win_rate":0.0,"timestamp":1613054566,"path_taken":["M","?","?","M","$","R","E"],"items_purchased_type":["Card"],"build_version":"2020-12-22","purchased_purges":0,"victory":false,"max_hp_per_floor":[71,64,69,69,69,69,69,69],"relic_stats":{"counters":[3,6],"Golden Idol":4,"Pandora\u0027s Box":["Rebound","Scrape","BootSequence","White Noise","Force Field","All For One","Consume","Melter"],"obtain_stats":[{"Golden Idol":2,"Pandora\u0027s Box":0,"Cracked Core":0},{"Golden Idol":1,"Pandora\u0027s Box":0,"Cracked Core":0},{"Golden Idol":3,"Pandora\u0027s Box":0,"Cracked Core":0}]},"card_choices":[{"not_picked":["Compile Driver","Streamline"],"picked":"Go for the Eyes","floor":1.0},{"not_picked":["Streamline","Rebound"],"picked":"Beam Cell","floor":4.0}],"player_experience":784953,"relics_obtained":[],"event_choices":[{"damage_healed":0.0,"max_hp_gain":0.0,"max_hp_loss":7.0,"gold_gain":0.0,"event_name":"Golden Idol","player_choice":"Lose Max HP","floor":2.0,"gold_loss":0.0,"damage_taken":0.0,"relics_obtained":["Golden Idol"]},{"damage_healed":0.0,"max_hp_gain":5.0,"max_hp_loss":0.0,"gold_gain":0.0,"event_name":"Big Fish","player_choice":"Donut","floor":3.0,"gold_loss":0.0,"damage_taken":0.0}],"is_beta":false,"boss_relics":[],"items_purged_floors":[],"is_endless":false,"potions_floor_spawned":[4],"killed_by":"3 Sentries","ascension_level":20}}