{"host":"2n2g1vowfllvjtvi","time":1613067592,"event":{"mods":["AchievementEnabler","BaseMod","Custom Start","GifTheSpireLib","Keyboard Shortcuts","Minty Spire (QoL Compilation)","Permanent Neow","Quick Restart","StSLib","SuperFastMode"],"gold_per_floor":[112,126,126,76,76,76,76,76,100,100,118,118,148,73,73,169,169,181,194,17,17,17,50,68,97,177,277,152,152,162,172,172,276,276,294,144,161,161,173,206,217,217,217,235,235,270,270,282,282,282],"floor_reached":51,"language":"KOR","playtime":926,"items_purged":["Strike_P","Strike_P","Defend_P","Defend_P"],"score":1300,"play_id":"5458ea14-37e6-42e0-9b56-c86a59e68b85","local_time":"20210212031952","is_ascension_mode":true,"campfire_choices":[{"data":"Eruption","floor":6.0,"key":"SMITH"},{"data":"FlurryOfBlows","floor":8.0,"key":"SMITH"},{"data":"Vigilance","floor":10.0,"key":"SMITH"},{"data":"CrushJoints","floor":12.0,"key":"SMITH"},{"data":"FearNoEvil","floor":15.0,"key":"SMITH"},{"data":"Vault","floor":29.0,"key":"SMITH"},{"data":"Adaptation","floor":32.0,"key":"SMITH"},{"data":"Scrawl","floor":42.0,"key":"SMITH"},{"data":"Finesse","floor":47,"key":"SMITH"},{"floor":49,"key":"REST"}],"circlet_count":0,"master_deck":["Defend_P","Eruption+1","Vigilance+1","FlurryOfBlows+1","CrushJoints+1","FearNoEvil+1","Vault+1","EmptyFist+1","Halt+1","Adaptation+1","Scrawl+1","Finesse+1"],"relics":["PureWater","NeowsBlessing","PreservedInsect","Vajra","Runic Dome","MutagenicStrength","Nunchaku","Juzu Bracelet","Bottled Tornado","Runic Pyramid","Bird Faced Urn","Shuriken","Ornamental Fan"],"acts_visited":["Exordium","TheCity","TheBeyond"],"potions_floor_usage":[],"damage_taken":[{"damage":0.0,"enemies":"Jaw Worm","floor":1.0,"turns":1.0},{"damage":0.0,"enemies":"Small Slimes","floor":2.0,"turns":1.0},{"damage":0.0,"enemies":"2 Louse","floor":11.0,"turns":1.0},{"damage":0.0,"enemies":"Lagavulin","floor":13.0,"turns":2.0},{"damage":17.0,"enemies":"The Guardian","floor":16.0,"turns":8.0},{"damage":7.0,"enemies":"Chosen","floor":18.0,"turns":3.0},{"damage":0.0,"enemies":"Spheric Guardian","floor":19.0,"turns":2.0},{"damage":0.0,"enemies":"Gremlin Leader","floor":23.0,"turns":4.0},{"damage":0.0,"enemies":"Centurion and Healer","floor":24.0,"turns":4.0},{"damage":14.0,"enemies":"Slavers","floor":25.0,"turns":4.0},{"damage":0.0,"enemies":"3 Cultists","floor":30.0,"turns":3.0},{"damage":15.0,"enemies":"Snake Plant","floor":31.0,"turns":3.0},{"damage":45.0,"enemies":"Collector","floor":33.0,"turns":9.0},{"damage":0.0,"enemies":"3 Shapes","floor":35.0,"turns":1.0},{"damage":4.0,"enemies":"Orb Walker","floor":37.0,"turns":2.0},{"damage":0.0,"enemies":"Sphere and 2 Shapes","floor":39.0,"turns":1.0},{"damage":0.0,"enemies":"Nemesis","floor":40.0,"turns":1.0},{"damage":0.0,"enemies":"3 Darklings","floor":41.0,"turns":1.0},{"damage":9.0,"enemies":"Spire Growth","floor":44.0,"turns":2.0},{"damage":0,"enemies":"Reptomancer","floor":46,"turns":2},{"damage":0,"enemies":"Sphere and 2 Shapes","floor":48,"turns":1},{"damage":20,"enemies":"Time Eater","floor":50,"turns":4}],"seed_played":"-7373891513995355682","potions_obtained":[{"floor":11.0,"key":"Energy Potion"},{"floor":13.0,"key":"FairyPotion"},{"floor":16.0,"key":"LiquidBronze"},{"floor":19.0,"key":"Strength Potion"},{"floor":33.0,"key":"Swift Potion"},{"floor":38.0,"key":"StancePotion"},{"floor":41.0,"key":"Weak Potion"}],"is_trial":false,"path_per_floor":["M","M","?","?","?","R","?","R","T","R","M","R","E","$","R","B",null,"M","M","$","?","?","E","M","E","T","?","$","R","M","M","R","B",null,"M","$","M","?","M","E","M","R","T","M","?","E","R","M","R","B",null],"character_chosen":"WATCHER","items_purchased":["Adaptation"],"campfire_rested":1,"item_purchase_floors":[20],"current_hp_per_floor":[65,65,70,70,63,63,63,63,63,63,63,63,63,63,63,46,69,62,62,62,62,62,62,62,48,48,48,48,48,48,33,33,23,64,64,64,60,60,60,60,62,62,62,55,55,57,57,59,77,57],"gold":282,"neow_bonus":"THREE_ENEMY_KILL","is_daily":false,"chose_seed":false,"campfire_upgraded":9,"win_rate":0.0,"timestamp":1613067592,"path_taken":["M","M","?","?","?","R","?","R","T","R","?","R","E","$","R","BOSS","M","?","$","?","?","E","M","E","T","?","$","R","M","M","R","BOSS","M","$","M","?","M","E","M","R","T","M","?","E","R","M","R","BOSS"],"items_purchased_type":["Card"],"build_version":"2020-12-22","purchased_purges":4,"victory":true,"max_hp_per_floor":[72,72,77,77,77,77,77,77,77,77,77,77,77,77,77,77,77,77,77,77,77,77,77,77,77,77,77,77,77,77,77,77,77,77,77,77,77,77,77,77,77,77,77,77,77,77,77,77,77,77],"card_choices":[{"not_picked":["BowlingBash","SashWhip","PathToVictory"],"picked":"SKIP","floor":1.0},{"not_picked":["Conclude","WaveOfTheHand"],"picked":"FlurryOfBlows","floor":2.0},{"not_picked":["CutThroughFate","Judgement"],"picked":"CrushJoints","floor":11.0},{"not_picked":["ThirdEye","Consecrate"],"picked":"FearNoEvil","floor":13.0},{"not_picked":["Establishment","Alpha"],"picked":"Vault","floor":16.0},{"not_picked":["FollowUp+1","WindmillStrike"],"picked":"EmptyFist+1","floor":18.0},{"not_picked":["CutThroughFate","CrushJoints"],"picked":"Halt+1","floor":19.0},{"not_picked":["Collect","ConjureBlade","EmptyMind"],"picked":"SKIP","floor":23.0},{"not_picked":["ClearTheMind","FlyingSleeves+1","SandsOfTime"],"picked":"SKIP","floor":24.0},{"not_picked":["ForeignInfluence","BowlingBash","ThirdEye"],"picked":"SKIP","floor":25.0},{"not_picked":["Prostrate","Evaluate","JustLucky"],"picked":"SKIP","floor":30.0},{"not_picked":["ClearTheMind","WaveOfTheHand","Vengeance"],"picked":"SKIP","floor":31.0},{"not_picked":["Devotion","Brilliance"],"picked":"Scrawl","floor":33.0},{"not_picked":["Meditate","Evaluate","Halt+1"],"picked":"SKIP","floor":35.0},{"not_picked":["Meditate","Evaluate","Halt+1"],"picked":"SKIP","floor":35.0},{"not_picked":["Evaluate+1","Halt+1","JustLucky"],"picked":"SKIP","floor":37.0},{"not_picked":["WreathOfFlame+1","ClearTheMind+1","Pray"],"picked":"SKIP","floor":39.0},{"not_picked":["Halt","DeceiveReality+1","SignatureMove+1"],"picked":"SKIP","floor":40.0},{"not_picked":["Adaptation","FlurryOfBlows+1","DeusExMachina"],"picked":"SKIP","floor":41.0},{"not_picked":["Adaptation","FlurryOfBlows+1","DeusExMachina"],"picked":"SKIP","floor":41.0},{"not_picked":["FollowUp+1","Pray+1","ForeignInfluence"],"picked":"SKIP","floor":44.0},{"not_picked":["Mind Blast","Panacea"],"picked":"Finesse","floor":45},{"not_picked":["FollowUp","FlurryOfBlows","WheelKick"],"picked":"SKIP","floor":46},{"not_picked":["Evaluate","ClearTheMind+1","Protect+1"],"picked":"SKIP","floor":48}],"player_experience":228819,"relics_obtained":[{"floor":9.0,"key":"PreservedInsect"},{"floor":13.0,"key":"Vajra"},{"floor":23.0,"key":"Nunchaku"},{"floor":25.0,"key":"Juzu Bracelet"},{"floor":26.0,"key":"Bottled Tornado"},{"floor":40.0,"key":"Bird Faced Urn"},{"floor":43.0,"key":"Shuriken"},{"floor":46,"key":"Ornamental Fan"}],"event_choices":[{"damage_healed":0.0,"max_hp_gain":5.0,"max_hp_loss":0.0,"gold_gain":0.0,"event_name":"Big Fish","player_choice":"Donut","floor":3.0,"gold_loss":0.0,"damage_taken":0.0},{"cards_removed":["Strike_P"],"damage_healed":0.0,"max_hp_gain":0.0,"max_hp_loss":0.0,"gold_gain":0.0,"event_name":"The Cleric","player_choice":"Card Removal","floor":4.0,"gold_loss":50.0,"damage_taken":0.0},{"cards_removed":["Defend_P"],"damage_healed":0.0,"max_hp_gain":0.0,"max_hp_loss":0.0,"gold_gain":0.0,"event_name":"Golden Wing","player_choice":"Card Removal","floor":5.0,"gold_loss":0.0,"damage_taken":7.0},{"cards_removed":["Strike_P"],"damage_healed":0.0,"max_hp_gain":0.0,"max_hp_loss":0.0,"gold_gain":0.0,"event_name":"Living Wall","player_choice":"Forget","floor":7.0,"gold_loss":0.0,"damage_taken":0.0},{"damage_healed":0.0,"max_hp_gain":0.0,"max_hp_loss":0.0,"gold_gain":0.0,"event_name":"Drug Dealer","player_choice":"Inject Mutagens","floor":21.0,"gold_loss":0.0,"damage_taken":0.0,"relics_obtained":["MutagenicStrength"]},{"damage_healed":0.0,"max_hp_gain":0.0,"max_hp_loss":0.0,"gold_gain":0.0,"event_name":"Cursed Tome","player_choice":"Ignored","floor":22.0,"gold_loss":0.0,"damage_taken":0.0},{"damage_healed":0.0,"max_hp_gain":0.0,"max_hp_loss":0.0,"gold_gain":100.0,"event_name":"Golden Shrine","player_choice":"Pray","floor":27.0,"gold_loss":0.0,"damage_taken":0.0},{"damage_healed":0.0,"max_hp_gain":0.0,"max_hp_loss":0.0,"gold_gain":0.0,"event_name":"Lab","player_choice":"Got Potions","floor":38.0,"gold_loss":0.0,"damage_taken":0.0},{"damage_healed":0,"gold_gain":0,"player_choice":"Memory 1","damage_taken":0,"max_hp_gain":0,"max_hp_loss":0,"event_name":"SensoryStone","floor":45,"gold_loss":0}],"is_beta":false,"boss_relics":[{"not_picked":["Snecko Eye","Fusion Hammer"],"picked":"Runic Dome"},{"not_picked":["Black Star","Pandora\u0027s Box"],"picked":"Runic Pyramid"}],"items_purged_floors":[14,20,28,36],"is_endless":false,"potions_floor_spawned":[11,13,16,19,31,33,41,44,46],"ascension_level":9}}