{"host":"1izdfj84a6wseks8","time":1613049407,"event":{"mods":["2.2 Compatiblity","ATMod(阿瑾Mod)","Act Like it!","Arknights","BaseMod","Better Vampires","Challenge The Spire","Colored Map","Colored Powertips","Curses Come First","Energized Spire","Gensokyo","Good Game Mod","Highlight Path","KinomotoSakuraMod(木之本樱)","Koishi","KomeijiMod","LagranYue(拉格朗・月)","Lobotomy","LobotomyExtend","Luminous","Marisa（F雨　魔理沙）","Minty Spire (QoL Compilation)","Potion Indicator Mod","Reimu（博丽灵梦）","Relic Filter Mod","Relic Stats","Reliquary","Remilia（蕾米莉亚）","Shop Mod","Slay the Relics Exporter","StSLib","TestMod","The Alterego","The Animator","The Bug Knight","The Servant 0.9.4","Waifu the Spire","WarShipGirlsR/战舰少女R mod","Warlord Emblem","Yakumo Yukari mod","Youmu（魂魄妖梦）","Yuyuko","【功能Mod】混沌之环修复补丁","篝火指南"],"gold_per_floor":[110,129,139,156,21,21,21],"floor_reached":6,"language":"ZHS","playtime":11552,"items_purged":[],"score":38,"play_id":"df230e67-aab1-468c-b58b-71315b71d960","local_time":"20210211211647","is_ascension_mode":false,"campfire_choices":[],"circlet_count":0,"master_deck":["rmod:strick","rmod:strick","rmod:strick","rmod:defend","rmod:defend","rmod:defend","rmod:basicallowance","rmod:maingunfire","DarkMatter","AT_ThistleTea","rmod:salvage","rmod:fletcher","rmod:intelligenceanalysis","rmod:fletcherpendant","rmod:firesupport","rmod:fletcherpendant","rmod:luckystar","Gensokyo:BlemishedSteel","Gensokyo:Shovel"],"relics":["rmod:firstchargereward","AT_ATBox","REME:ComplimentaryCards","testmod-TestBox","LagranYue:RandomDrawCardRelic","testmod-IWantAll","LetterFromLob"],"acts_visited":["Gensokyo:Gensokyo"],"potions_floor_usage":[],"damage_taken":[{"damage":6.0,"enemies":"Gensokyo:Python","floor":1.0,"turns":3.0},{"damage":7.0,"enemies":"Gensokyo:Gryphon","floor":2.0,"turns":4.0},{"damage":2.0,"enemies":"Gensokyo:2_Kodama","floor":3.0,"turns":3.0},{"damage":9,"enemies":"Gensokyo:Kitsune","floor":4,"turns":2},{"damage":54,"enemies":"Gensokyo:Mamizou","floor":6,"turns":10}],"seed_played":"8982663608660586122","potions_obtained":[{"floor":3,"key":"Block Potion"},{"floor":4,"key":"ColorlessPotion"}],"is_trial":false,"path_per_floor":["M","M","M","M","COS","E"],"character_chosen":"PRAEFECT","items_purchased":[],"campfire_rested":0,"item_purchase_floors":[],"current_hp_per_floor":[62,55,53,44,44,0,0],"gold":21,"neow_bonus":"REMOVE_TWO","is_daily":false,"chose_seed":false,"campfire_upgraded":0,"win_rate":0.0,"timestamp":1613049407,"path_taken":["M","M","M","M","COS","E"],"items_purchased_type":[],"build_version":"2020-12-22","purchased_purges":0,"victory":false,"max_hp_per_floor":[68,68,68,68,68,68,68],"relic_stats":{"counters":[5,22],"obtain_stats":[{"REME:ComplimentaryCards":0,"AT_ATBox":0,"testmod-TestBox":0,"LagranYue:RandomDrawCardRelic":0,"testmod-IWantAll":0,"rmod:firstchargereward":0,"LetterFromLob":1},{"REME:ComplimentaryCards":0,"AT_ATBox":0,"testmod-TestBox":0,"LagranYue:RandomDrawCardRelic":0,"testmod-IWantAll":0,"rmod:firstchargereward":0,"LetterFromLob":1},{"REME:ComplimentaryCards":0,"AT_ATBox":0,"testmod-TestBox":0,"LagranYue:RandomDrawCardRelic":0,"testmod-IWantAll":0,"rmod:firstchargereward":0,"LetterFromLob":3}]},"card_choices":[{"not_picked":["rmod:fuelsupply","rmod:steelsupply"],"picked":"rmod:salvage","floor":1.0},{"not_picked":["rmod:ammunitionsupply","rmod:gendarmerie"],"picked":"rmod:intelligenceanalysis","floor":2.0},{"not_picked":["rmod:goodsister","rmod:wolves"],"picked":"rmod:firesupport","floor":3},{"not_picked":["rmod:tearstotiara","rmod:intelligenceanalysis"],"picked":"rmod:luckystar","floor":4}],"player_experience":27627,"relics_obtained":[{"floor":1.0,"key":"LetterFromLob"}],"event_choices":[],"is_beta":false,"boss_relics":[],"items_purged_floors":[],"is_endless":false,"potions_floor_spawned":[3,4],"killed_by":"Gensokyo:Mamizou","ascension_level":0}}