{"host":"tetq3wi5anb97imq","time":1613075932,"event":{"mods":["BaseMod","Block Reminder","Minty Spire (QoL Compilation)","Quick Restart","StSLib","SuperFastMode"],"gold_per_floor":[110,128,128,144,144,144,175,175,175,193,224,236,236,262,262,336,336,347,11,11,11,28,55,55,55,55,68,68,68],"floor_reached":28,"language":"ENG","playtime":618,"items_purged":[],"score":562,"play_id":"1ab93dcd-cf12-4968-b1af-d6e96e48ecc8","local_time":"20210211183852","is_ascension_mode":true,"campfire_choices":[{"data":"Dagger Spray","floor":6.0,"key":"SMITH"},{"data":"Dagger Throw","floor":8.0,"key":"SMITH"},{"floor":13.0,"key":"REST"},{"data":"Terror","floor":15.0,"key":"SMITH"},{"data":"Blade Dance","floor":24,"key":"SMITH"}],"circlet_count":0,"master_deck":["AscendersBane","Strike_G","Strike_G","Strike_G","Strike_G","Strike_G","Defend_G","Defend_G","Defend_G","Defend_G","Defend_G","Survivor","Neutralize","Bandage Up","Finisher","Dagger Throw+1","Dagger Spray+1","Poisoned Stab","Blade Dance+1","Terror+1","Accuracy","Finisher+1","Adrenaline","Dodge and Roll","Slice","Die Die Die","Dagger Throw+1"],"relics":["Ring of the Snake","Meat on the Bone","Omamori","Matryoshka","Pen Nib","Blue Candle","SlaversCollar","Bag of Preparation","Orichalcum","Smiling Mask","Bronze Scales","Pantograph"],"acts_visited":["Exordium","TheCity"],"potions_floor_usage":[27],"damage_taken":[{"damage":7.0,"enemies":"Jaw Worm","floor":1.0,"turns":7.0},{"damage":4.0,"enemies":"2 Louse","floor":2.0,"turns":3.0},{"damage":6.0,"enemies":"Cultist","floor":4.0,"turns":3.0},{"damage":53.0,"enemies":"Gremlin Nob","floor":7.0,"turns":5.0},{"damage":2.0,"enemies":"3 Louse","floor":10.0,"turns":3.0},{"damage":22.0,"enemies":"Lagavulin","floor":11.0,"turns":4.0},{"damage":17.0,"enemies":"Exordium Thugs","floor":12.0,"turns":4.0},{"damage":0.0,"enemies":"Gremlin Nob","floor":14.0,"turns":3.0},{"damage":33.0,"enemies":"Slime Boss","floor":16.0,"turns":7.0},{"damage":21,"enemies":"3 Byrds","floor":18,"turns":5},{"damage":0,"enemies":"Chosen","floor":22,"turns":1},{"damage":8,"enemies":"Book of Stabbing","floor":23,"turns":2},{"damage":25,"enemies":"Shelled Parasite and Fungi","floor":27,"turns":2},{"damage":33,"enemies":"Slavers","floor":28,"turns":3}],"seed_played":"-2154223006841008585","potions_obtained":[{"floor":2.0,"key":"ColorlessPotion"},{"floor":7.0,"key":"Strength Potion"},{"floor":11.0,"key":"Poison Potion"},{"floor":12.0,"key":"FearPotion"},{"floor":18,"key":"Fire Potion"}],"is_trial":false,"path_per_floor":["M","M","?","M","T","R","E","R","T","M","E","M","R","E","R","B",null,"M","$","?","$","M","E","R","?","T","M","E"],"character_chosen":"THE_SILENT","items_purchased":["Bag of Preparation","Orichalcum"],"campfire_rested":1,"item_purchase_floors":[19,19],"current_hp_per_floor":[56,56,61,59,59,59,22,22,22,36,30,29,50,50,50,33,62,45,45,45,45,45,41,41,41,41,32,0,0],"gold":68,"neow_bonus":"RANDOM_COLORLESS","is_daily":false,"chose_seed":false,"campfire_upgraded":4,"win_rate":0.0,"timestamp":1613075932,"path_taken":["M","M","?","M","?","R","E","R","T","M","E","M","R","E","R","BOSS","M","$","?","$","?","E","R","?","T","M","E"],"items_purchased_type":["Relic","Relic"],"build_version":"2020-12-22","purchased_purges":0,"victory":false,"max_hp_per_floor":[66,66,71,71,71,71,71,71,71,71,71,71,71,71,71,71,71,71,71,71,71,71,71,71,71,71,71,71,71],"card_choices":[{"not_picked":["Forethought","Dark Shackles"],"picked":"Bandage Up","floor":0.0},{"not_picked":["Flechettes","Dagger Spray"],"picked":"Finisher","floor":1.0},{"not_picked":["Reflex","Backflip"],"picked":"Dagger Throw","floor":2.0},{"not_picked":["Sucker Punch","Skewer"],"picked":"Dagger Spray","floor":4.0},{"not_picked":["Bouncing Flask","Sucker Punch"],"picked":"Poisoned Stab","floor":7.0},{"not_picked":["Bane","Cloak And Dagger"],"picked":"Blade Dance","floor":10.0},{"not_picked":["Deflect","Quick Slash"],"picked":"Terror","floor":11.0},{"not_picked":["PiercingWail","Escape Plan"],"picked":"Accuracy","floor":12.0},{"not_picked":["Flechettes","Sucker Punch"],"picked":"Finisher","floor":14.0},{"not_picked":["Grand Finale","Burst"],"picked":"Adrenaline","floor":16.0},{"not_picked":["Eviscerate","All Out Attack"],"picked":"Dodge and Roll","floor":18},{"not_picked":["Quick Slash","Catalyst"],"picked":"Slice","floor":22},{"not_picked":["Blade Dance","Backflip"],"picked":"Die Die Die","floor":23},{"not_picked":["Deadly Poison","Outmaneuver"],"picked":"Dagger Throw+1","floor":27}],"player_experience":1663788,"relics_obtained":[{"floor":5.0,"key":"Meat on the Bone"},{"floor":7.0,"key":"Omamori"},{"floor":9.0,"key":"Matryoshka"},{"floor":11.0,"key":"Pen Nib"},{"floor":14.0,"key":"Blue Candle"},{"floor":23,"key":"Smiling Mask"},{"floor":26,"key":"Bronze Scales"},{"floor":26,"key":"Pantograph"}],"event_choices":[{"damage_healed":0.0,"max_hp_gain":5.0,"max_hp_loss":0.0,"gold_gain":0.0,"event_name":"Big Fish","player_choice":"Donut","floor":3.0,"gold_loss":0.0,"damage_taken":0.0},{"damage_healed":0,"gold_gain":0,"player_choice":"Cursed","damage_taken":0,"max_hp_gain":0,"max_hp_loss":0,"event_name":"Wheel of Change","floor":20,"gold_loss":0,"cards_obtained":["Decay"]},{"damage_healed":0,"gold_gain":0,"player_choice":"Forge","damage_taken":0,"max_hp_gain":0,"max_hp_loss":0,"event_name":"Accursed Blacksmith","floor":25,"gold_loss":0,"cards_upgraded":["Finisher"]}],"is_beta":false,"boss_relics":[{"not_picked":["SacredBark","Fusion Hammer"],"picked":"SlaversCollar"}],"items_purged_floors":[],"is_endless":false,"potions_floor_spawned":[2,7,11,12,18],"killed_by":"Slavers","ascension_level":20}}