{"host":"v98566chcnixoavo","time":1613025818,"event":{"mods":["100% Spire Juice","Act Like it!","Arknights","BaseMod","Decade(王小明)","DeckTracker","FGO Abigail","Friendly Minions","Highlight Path","Kiyohime（清姬）","Luminous","Marisa（F雨　魔理沙）","Minty Spire (QoL Compilation)","Prisma Mod","Railgun Mod","Reimu（博丽灵梦）","StSLib","Td1madao Mod","The Alterego","UnlockEverythingMod","WarShipGirlsR/战舰少女R mod","Yakumo Yukari mod","Youmu（魂魄妖梦）","【功能Mod】Neow奖励","【功能Mod】混沌之环修复补丁","【功能Mod】聪明的最终Boss"],"gold_per_floor":[112,127,127,138,63,63,78,78,78,105,33,33,33,51,51,51,51],"floor_reached":16,"language":"ZHS","playtime":602,"items_purged":["ats:Strike V"],"score":105,"play_id":"d94591ee-6daa-4a7d-8c8f-5d2342ee9800","local_time":"20210211144338","is_ascension_mode":true,"campfire_choices":[{"data":"ats:Emotion Absorption","floor":6,"key":"SMITH"},{"data":"ats:Directed Diagnosis","floor":8,"key":"SMITH"},{"data":"ats:Chain Hook","floor":13,"key":"SMITH"},{"data":"ats:Assault Order","floor":15,"key":"SMITH"}],"circlet_count":0,"master_deck":["ats:Strike C","ats:Strike G","ats:Strike S","ats:Armor Crushing Shot","ats:Defend","ats:Defend","ats:Defend","ats:Defend","ats:Emotion Absorption+1","ats:Apocalypse","ats:Curse Doll","ats:Directed Diagnosis+1","ats:Healing Strengthening","ats:Chain Hook+1","ats:Assault Order+1"],"relics":["ats:Sanity","Strawberry","White Beast Statue","Bottled Lightning","ats:Originium","Mercury Hourglass"],"acts_visited":["Exordium"],"potions_floor_usage":[10,10,14,16],"damage_taken":[{"damage":8,"enemies":"Jaw Worm","floor":1,"turns":3},{"damage":15,"enemies":"Cultist","floor":2,"turns":4},{"damage":9,"enemies":"2 Louse","floor":4,"turns":4},{"damage":29,"enemies":"Exordium Thugs","floor":7,"turns":6},{"damage":34,"enemies":"Lagavulin","floor":10,"turns":8},{"damage":19,"enemies":"Large Slime","floor":14,"turns":6},{"damage":30,"enemies":"Slime Boss","floor":16,"turns":3}],"seed_played":"-4908956225962507625","potions_obtained":[{"floor":2,"key":"Strength Potion"},{"floor":4,"key":"DuplicationPotion"},{"floor":7,"key":"AttackPotion"},{"floor":10,"key":"ColorlessPotion"},{"floor":14,"key":"ZuzhouPotion:ReiMu"}],"is_trial":false,"path_per_floor":["M","M","?","M","$","R","M","R","T","E","$","?","R","M","R","B"],"character_chosen":"DOCTOR_CLASS","items_purchased":["ats:Chain Hook"],"campfire_rested":0,"item_purchase_floors":[11],"current_hp_per_floor":[71,64,64,63,63,63,38,38,38,13,13,13,13,8,8,0,0],"gold":51,"neow_bonus":"RANDOM_COMMON_RELIC","is_daily":false,"chose_seed":false,"campfire_upgraded":4,"win_rate":0.0,"timestamp":1613025818,"path_taken":["M","M","?","M","$","R","?","R","T","E","$","?","R","M","R","BOSS"],"items_purchased_type":["Card"],"build_version":"2020-12-22","purchased_purges":1,"victory":false,"max_hp_per_floor":[79,79,79,79,79,79,79,79,79,79,79,79,79,79,79,79,79],"card_choices":[{"not_picked":["ats:Hammer On","ats:Demon Strength"],"picked":"ats:Apocalypse","floor":1},{"not_picked":["ats:Curse Doll","ats:Phantom"],"picked":"ats:Apocalypse","floor":2},{"not_picked":["ats:Magnetic Hammer","ats:Flame Of Heaven"],"picked":"ats:Curse Doll","floor":4},{"not_picked":["ats:Powerful Strike","ats:Red Shift"],"picked":"ats:Directed Diagnosis","floor":7},{"not_picked":["ats:Cat Scratch","ats:Revitalization"],"picked":"ats:Healing Strengthening","floor":10},{"not_picked":["ats:Beaten Up","ats:Apocalypse"],"picked":"ats:Assault Order","floor":14}],"player_experience":215220,"relics_obtained":[{"floor":9,"key":"Bottled Lightning"},{"floor":10,"key":"ats:Originium"},{"floor":10,"key":"Mercury Hourglass"}],"event_choices":[{"cards_removed":["ats:Apocalypse"],"damage_healed":0,"gold_gain":0,"player_choice":"Gave Card","damage_taken":0,"relics_obtained":["White Beast Statue"],"max_hp_gain":0,"max_hp_loss":0,"event_name":"WeMeetAgain","floor":3,"gold_loss":0},{"damage_healed":0,"gold_gain":0,"player_choice":"Ignored","damage_taken":0,"max_hp_gain":0,"max_hp_loss":0,"event_name":"Liars Game","floor":12,"gold_loss":0}],"is_beta":false,"boss_relics":[],"items_purged_floors":[5],"is_endless":false,"potions_floor_spawned":[2,4,7,10,14],"killed_by":"Slime Boss","ascension_level":1}}