{"host":"tud3zq2mf0bnaan1","time":1613061705,"event":{"mods":["Act Like it!","BaseMod","Decade(王小明)","Dota2Spire","Downfall","Friendly Minions","Gensokyo","Hallownest","Highlight Path","Lobotomy","LobotomyExtend","Luminous","Marisa（F雨　魔理沙）","Minty Spire (QoL Compilation)","Pale of the Ancients","Reimu（博丽灵梦）","Remilia（蕾米莉亚）","Replay The Spire","StSLib","The Bug Knight","The Hierophant","Waifu the Spire","WarShipGirlsR/战舰少女R mod","Yakumo Yukari mod","[IsaacMod]以撒尖塔"],"gold_per_floor":[114,131,142,193,212,262,262,262,262,262,262,262,262,183,183,183,183],"floor_reached":16,"language":"ZHS","playtime":1234,"items_purged":[],"score":128,"play_id":"635c4c9c-5ad5-4ace-a65d-16f60d6d8143","local_time":"20210212004145","is_ascension_mode":true,"campfire_choices":[{"floor":7,"key":"REST"},{"data":"Septette","floor":15,"key":"SMITH"}],"circlet_count":0,"master_deck":["Strike_RM","Strike_RM","Strike_RM","Strike_RM","Defend_RM","Defend_RM","Defend_RM","Defend_RM","RedMoon","ScarletShoot","RedRainbow","OSAHOGD","Stigmanizer","ShyLook","FavorOfDestiny","BombardNight","Septette+1","TwelveNightmare+1","UnstableMagic","BloodAndWine+1"],"relics":["ScarletHat","HushsDoor","Chaos","CogitoBucket","LetterFromLob","Golden Egg","Ectoplasm","Dota2Spire:Satanic","Anchor","BehaviorAdjustment"],"acts_visited":["Exordium"],"potions_floor_usage":[13],"damage_taken":[{"damage":0,"enemies":"Cultist","floor":1,"turns":4},{"damage":1,"enemies":"Jaw Worm","floor":2,"turns":5},{"damage":0,"enemies":"Small Slimes","floor":3,"turns":5},{"damage":4,"enemies":"3 Louse","floor":5,"turns":3},{"damage":29,"enemies":"3 Sentries","floor":6,"turns":14},{"damage":15,"enemies":"Gremlin Nob","floor":8,"turns":5},{"damage":7,"enemies":"Replay:BlueRogue","floor":10,"turns":5},{"damage":0,"enemies":"Large Slime","floor":11,"turns":3},{"damage":0,"enemies":"Exordium Thugs","floor":13,"turns":4},{"damage":44,"enemies":"The Guardian","floor":16,"turns":2}],"seed_played":"-2733369984472318146","potions_obtained":[{"floor":1,"key":"Strength Potion"},{"floor":5,"key":"FearPotion"},{"floor":10,"key":"AttackPotion"},{"floor":13,"key":"Regen Potion"},{"floor":13,"key":"Fruit Juice"}],"is_trial":false,"path_per_floor":["M","M","M","?","M","E","R","E","T","E","M","?","M","$","R","B"],"character_chosen":"REMILIA","items_purchased":["BloodAndWine"],"campfire_rested":1,"item_purchase_floors":[14],"current_hp_per_floor":[75,74,74,59,57,30,52,40,40,38,38,38,43,43,43,0,0],"gold":183,"neow_bonus":"","is_daily":false,"chose_seed":false,"campfire_upgraded":1,"win_rate":0.0,"timestamp":1613061705,"path_taken":["M","M","?","?","?","E","R","E","T","E","M","?","M","$","R","BOSS"],"items_purchased_type":["Card"],"build_version":"2020-12-22","purchased_purges":0,"victory":false,"max_hp_per_floor":[75,75,75,75,75,75,75,75,75,75,75,75,80,80,80,80,80],"card_choices":[{"not_picked":[],"picked":"ChaosCard","floor":0},{"not_picked":["EndlessAdversity","EmergencyRegeneration"],"picked":"RedRainbow","floor":1},{"not_picked":["QueenBee","Murderer"],"picked":"OSAHOGD","floor":2},{"not_picked":["ScarletDevil","UnstableMagic"],"picked":"Stigmanizer","floor":2},{"not_picked":["BloodyCatastrophe","RedRainbow","NightDance"],"picked":"SKIP","floor":3},{"not_picked":["MHz","WallGazer"],"picked":"ShyLook","floor":5},{"not_picked":["UnderTheZenith","Stigmanizer"],"picked":"FavorOfDestiny","floor":5},{"not_picked":["GlobalNightmare","ChainGang"],"picked":"BombardNight","floor":6},{"not_picked":["Ultimatum","ScarletDevil"],"picked":"Septette","floor":8},{"not_picked":["ScarletDevil","BloodyTrap"],"picked":"TwelveNightmare","floor":10},{"not_picked":["ScarletDevil","BlasphemousPunishment"],"picked":"UnstableMagic","floor":11},{"not_picked":["UnstableMagic","HellCatastrophe","BlasphemousPunishment"],"picked":"SKIP","floor":13}],"player_experience":198046,"relics_obtained":[{"floor":1,"key":"LetterFromLob"},{"floor":6,"key":"Golden Egg"},{"floor":8,"key":"Ectoplasm"},{"floor":9,"key":"Dota2Spire:Satanic"},{"floor":10,"key":"Anchor"}],"event_choices":[{"damage_healed":0,"gold_gain":0,"player_choice":"Grow","damage_taken":0,"max_hp_gain":0,"max_hp_loss":0,"event_name":"Living Wall","floor":12,"gold_loss":0,"cards_upgraded":["TwelveNightmare"]}],"is_beta":false,"boss_relics":[],"items_purged_floors":[],"is_endless":false,"potions_floor_spawned":[1,5,10,13],"killed_by":"The Guardian","ascension_level":1}}