{"host":"gin1e6e6f2y0ngxx","time":1613044495,"event":{"mods":["AchievementEnabler","Act Like it!","BaseMod","Downfall","Hallownest","Infinite Spire","Minty Spire (QoL Compilation)","StSLib","The Bug Knight","The Cursed","The Hierophant"],"gold_per_floor":[110,124,87,103,115,144,144,157,157,174,187,198,216,227,227,323,323,341,341,352,370,385,416,416,416,441,455,455,455,10,26,26,125,125,144,161,179,194,0,31,44,75,98,98,98,98],"floor_reached":45,"language":"ENG","playtime":3695,"items_purged":[],"score":557,"play_id":"1d5cc3f7-7794-4b00-a982-5ff37db94cb5","local_time":"20210211015455","is_ascension_mode":false,"campfire_choices":[{"data":"infinitespire:OneForAll","floor":15,"key":"SMITH"},{"floor":29,"key":"REST"},{"data":"Demon Form","floor":32,"key":"SMITH"},{"floor":44,"key":"REST"}],"circlet_count":0,"master_deck":["Strike_R","Strike_R","Strike_R","Strike_R","Strike_R","Defend_R","Defend_R","Defend_R","Defend_R","Bash","Flame Barrier","Iron Wave","infinitespire:OneForAll+1","Clash","Dark Embrace","Rage+1","infinitespire:Execution+1","Iron Wave","Armaments+1","Intimidate+1","Demon Form","Cleave","Flex+1","Double Tap+1","Clash","Headbutt+1","Fire Breathing+1","Clothesline+1","Pummel","Demon Form+1","infinitespire:Fortify+1","Disarm+1","Metamorphosis+1","Trip+1","Shockwave+1","Anger","Barricade","Flex+1","Inflame","True Grit+1","Armaments+1","Dropkick+1","Evolve","Flame Barrier+1","Shrug It Off+1"],"relics":["Burning Blood","Toxic Egg 2","Bottled Lightning","SlaversCollar","Lizard Tail","infinitespire:BottledMercury","Black Blood","infinitespire:Lucky Rock","HollowMod:LifeEnderRelic","Membership Card","Pantograph","Mark of Pain","Red Mask","Centennial Puzzle","Pocketwatch","Dream Catcher"],"acts_visited":["Exordium","TheCity","TheBeyond"],"potions_floor_usage":[11,16,18,23,31,33,37,40],"damage_taken":[{"damage":7,"enemies":"Small Slimes","floor":1,"turns":4},{"damage":1,"enemies":"Jaw Worm","floor":2,"turns":5},{"damage":13,"enemies":"Cultist","floor":4,"turns":5},{"damage":7,"enemies":"Blue Slaver","floor":5,"turns":4},{"damage":25,"enemies":"3 Sentries","floor":6,"turns":12},{"damage":11,"enemies":"Exordium Wildlife","floor":8,"turns":5},{"damage":14,"enemies":"Exordium Thugs","floor":10,"turns":7},{"damage":0,"enemies":"3 Louse","floor":11,"turns":3},{"damage":0,"enemies":"Blue Slaver","floor":12,"turns":3},{"damage":0,"enemies":"2 Fungi Beasts","floor":13,"turns":3},{"damage":0,"enemies":"Looter","floor":14,"turns":3},{"damage":11,"enemies":"Slime Boss","floor":16,"turns":10},{"damage":13,"enemies":"2 Thieves","floor":18,"turns":4},{"damage":6,"enemies":"Spheric Guardian","floor":20,"turns":5},{"damage":16,"enemies":"Snecko","floor":21,"turns":4},{"damage":26,"enemies":"Chosen and Byrds","floor":22,"turns":5},{"damage":7,"enemies":"HollowMod:Nosk","floor":23,"turns":4},{"damage":36,"enemies":"Shelled Parasite and Fungi","floor":27,"turns":6},{"damage":0,"enemies":"Snecko","floor":31,"turns":6},{"damage":23,"enemies":"Champ","floor":33,"turns":6},{"damage":47,"enemies":"3 Shapes","floor":35,"turns":6},{"damage":49,"enemies":"3 Darklings","floor":36,"turns":6},{"damage":67,"enemies":"4 Shapes","floor":37,"turns":7},{"damage":8,"enemies":"Spire Growth","floor":38,"turns":3},{"damage":1,"enemies":"HollowMod:StalkingDevout","floor":40,"turns":5},{"damage":60,"enemies":"Writhing Mass","floor":41,"turns":5},{"damage":19,"enemies":"Nightmare","floor":42,"turns":6},{"damage":15,"enemies":"infinitespire:Three Voidlings","floor":45,"turns":4},{"damage":66,"enemies":"Nightmare_Alpha","floor":45,"turns":6}],"seed_played":"5099442145375088631","potions_obtained":[{"floor":4,"key":"SpeedPotion"},{"floor":5,"key":"EssenceOfSteel"},{"floor":10,"key":"LiquidBronze"},{"floor":11,"key":"Strength Potion"},{"floor":21,"key":"EssenceOfSteel"},{"floor":22,"key":"sneckomod:MuddlingPotion"},{"floor":27,"key":"Block Potion"},{"floor":31,"key":"Strength Potion"},{"floor":36,"key":"SteroidPotion"},{"floor":37,"key":"infinitespire:BlackPotion"},{"floor":42,"key":"SteroidPotion"}],"is_trial":false,"path_per_floor":["M","M","$","M","M","E","?","M","T","M","M","M","M","M","R","B",null,"M","?","M","M","M","E","?","AVR","T","M","T","R","$","M","R","B",null,"M","M","M","M","?","E","M","NM","T","R","?"],"character_chosen":"IRONCLAD","items_purchased":["infinitespire:OneForAll","Membership Card","Pantograph","Metamorphosis+1","Trip+1","Shockwave+1"],"campfire_rested":2,"item_purchase_floors":[3,30,30,30,30,30],"current_hp_per_floor":[87,88,88,81,80,61,39,34,34,26,32,38,44,50,50,45,88,81,81,81,71,51,50,50,50,50,32,32,58,58,76,76,83,88,59,28,53,63,63,80,38,37,37,63,0,0],"gold":98,"neow_bonus":"TEN_PERCENT_HP_BONUS","is_daily":false,"chose_seed":false,"campfire_upgraded":2,"win_rate":0.0,"timestamp":1613044495,"path_taken":["M","M","$","M","M","E","?","M","T","M","M","M","M","M","R","BOSS","M","?","M","?","M","E","?","AVR","T","M","?","R","$","M","R","BOSS","M","M","M","M","?","E","M","NM","T","R","?"],"items_purchased_type":["Card","Relic","Relic","Card","Card","Card"],"build_version":"2020-12-22","purchased_purges":0,"victory":false,"max_hp_per_floor":[88,88,88,88,88,88,88,88,88,88,88,88,88,88,88,88,88,88,88,88,88,88,88,88,88,88,88,88,88,88,88,88,88,88,88,88,88,88,88,88,88,88,88,88,88,88],"card_choices":[{"not_picked":["Heavy Blade","Cleave"],"picked":"Flame Barrier","floor":1},{"not_picked":["Bloodletting","Body Slam"],"picked":"Iron Wave","floor":2},{"not_picked":["Sever Soul","Havoc"],"picked":"Clash","floor":4},{"not_picked":["Bloodletting","Carnage"],"picked":"Dark Embrace","floor":5},{"not_picked":["Twin Strike","infinitespire:OneForAll"],"picked":"Rage+1","floor":6},{"not_picked":["infinitespire:Gouge","infinitespire:TheBestDefense"],"picked":"infinitespire:Execution","floor":7},{"not_picked":["Wild Strike","Bloodletting+1"],"picked":"Iron Wave","floor":8},{"not_picked":["Cleave","Warcry+1"],"picked":"Armaments+1","floor":10},{"not_picked":["Searing Blow","Perfected Strike"],"picked":"Intimidate+1","floor":11},{"not_picked":["Seeing Red+1","Thunderclap"],"picked":"Demon Form","floor":12},{"not_picked":["Wild Strike","Clothesline"],"picked":"Cleave","floor":13},{"not_picked":["Havoc+1","Perfected Strike"],"picked":"Flex+1","floor":14},{"not_picked":["Brutality","Impervious+1"],"picked":"Double Tap+1","floor":16},{"not_picked":["Twin Strike+1","Dark Embrace"],"picked":"Clash","floor":18},{"not_picked":["Sword Boomerang","Clash+1"],"picked":"Headbutt+1","floor":20},{"not_picked":["Wild Strike","Combust"],"picked":"Fire Breathing+1","floor":21},{"not_picked":["Rupture","Headbutt"],"picked":"Clothesline+1","floor":22},{"not_picked":["Infernal Blade+1","Pommel Strike"],"picked":"Pummel","floor":23},{"not_picked":["Headbutt","Warcry+1"],"picked":"Disarm+1","floor":27},{"not_picked":["Demon Form","Heavy Blade"],"picked":"Anger","floor":31},{"not_picked":["Exhume+1","Immolate"],"picked":"Barricade","floor":33},{"not_picked":["Havoc+1","Pommel Strike"],"picked":"Flex+1","floor":35},{"not_picked":["Headbutt+1","Flex+1"],"picked":"Inflame","floor":36},{"not_picked":["Barricade","Dark Embrace"],"picked":"True Grit+1","floor":37},{"not_picked":["Warcry+1","Power Through+1"],"picked":"Armaments+1","floor":38},{"not_picked":["Body Slam","Anger"],"picked":"Dropkick+1","floor":40},{"not_picked":["Hemokinesis+1","Havoc+1"],"picked":"Evolve","floor":41},{"not_picked":["True Grit+1","Warcry+1"],"picked":"Flame Barrier+1","floor":42},{"not_picked":["Armaments+1","Feel No Pain"],"picked":"Shrug It Off+1","floor":44}],"player_experience":159742,"relics_obtained":[{"floor":6,"key":"Toxic Egg 2"},{"floor":9,"key":"Bottled Lightning"},{"floor":23,"key":"infinitespire:BottledMercury"},{"floor":26,"key":"infinitespire:Lucky Rock"},{"floor":28,"key":"HollowMod:LifeEnderRelic"},{"floor":40,"key":"Centennial Puzzle"},{"floor":42,"key":"Pocketwatch"},{"floor":43,"key":"Dream Catcher"}],"event_choices":[{"damage_healed":0,"gold_gain":0,"player_choice":"Gave Potion","damage_taken":0,"relics_obtained":["Lizard Tail"],"max_hp_gain":0,"max_hp_loss":0,"event_name":"WeMeetAgain","floor":19,"gold_loss":0},{"damage_healed":0,"gold_gain":0,"player_choice":"Read","damage_taken":0,"max_hp_gain":0,"max_hp_loss":0,"event_name":"The Library","floor":24,"gold_loss":0,"cards_obtained":["Demon Form"]},{"damage_healed":0,"gold_gain":0,"player_choice":"Paid","damage_taken":0,"relics_obtained":["Red Mask"],"max_hp_gain":0,"max_hp_loss":0,"event_name":"Tomb of Lord Red Mask","floor":39,"gold_loss":194}],"is_beta":false,"boss_relics":[{"not_picked":["Black Star","Tiny House"],"picked":"SlaversCollar"},{"not_picked":["Empty Cage","Runic Pyramid"],"picked":"Mark of Pain"}],"items_purged_floors":[],"is_endless":true,"potions_floor_spawned":[4,5,10,11,12,21,22,27,31,36,37,42,45],"killed_by":"Nightmare_Alpha","ascension_level":0}}