{"host":"bylvwyl6hs2a0zsg","time":1613024526,"event":{"mods":["AchievementEnabler","Ascension Reborn","Aspiration","BaseMod","Better Note","Colored Powertips","Defuse TimeMaze Blight","Downfall","Energized Spire","Faster Ascension Climbing","GifTheSpireLib","GungeonMod","Hermit","Highlight Path","Hubris","Infinite Spire","Minty Spire (QoL Compilation)","Permanent Neow","Quick Restart","Rare Cards Sparkle","Replay The Spire","SacredBarkPlus","Small Relic Pack","Spikes Relics","StSLib","Stuff the Spire","Unceasing Turn Reminder","Virulent Crown","Waifu the Spire","slay the spire mod where everything is the same but ironclad has a cowboy hat"],"gold_per_floor":[99,119,119,133,133,133,214,214,233,247,266,277,297,8,24,127,127,27,37,37,37,48,48,75,111,127,33,58,92,118,143,169,265,315,215,225,238,238,85,85,85,104,104,104,121,138,138,16,32,32],"floor_reached":51,"language":"ENG","playtime":4106,"items_purged":["ReplayTheSpireMod:Doomed","hexamod:Strike","hexamod:Strike","hexamod:Strike","hexamod:Strike"],"score":813,"play_id":"3e1b92ee-f9fd-4a34-a94e-fe1c2f97c332","local_time":"20210211012206","is_ascension_mode":true,"campfire_choices":[{"floor":1,"key":"RECALL"},{"data":"hexamod:BurningTouch","floor":6,"key":"SMITH"},{"data":"hexamod:ExtraCrispy","floor":18,"key":"SMITH"},{"data":"hexamod:RainOfEmbers","floor":35,"key":"SMITH"},{"floor":40,"key":"REST"},{"data":"expansioncontent:InvincibleStrength","floor":40,"key":"SMITH"}],"circlet_count":0,"master_deck":["hexamod:Defend","hexamod:Defend","hexamod:Defend","hexamod:Defend","hexamod:Sear+1","hexamod:Float","hexamod:BurningTouch+1","hexamod:PhantomFireball","hexamod:HeatMetal","hexamod:Incineration","hexamod:HeatMetal+1","hexamod:BurningTouch","hexamod:RainOfEmbers+1","hexamod:ThermalTransfer","hexamod:Firestarter","hexamod:RainOfEmbers","hexamod:ExtraCrispy+1","hexamod:DynamicBlow","hexamod:TimeOfNeed+1","hexamod:ThermalTransfer","hexamod:PhantomFireball","hexamod:BurningTouch","hexamod:RainOfEmbers","hexamod:Incineration+1","hexamod:WildfireWeapon+1","hexamod:Firestarter","hexamod:RadiantFlame","hexamod:VolcanoVisage","hexamod:PhantomFireball","hexamod:RainOfEmbers+1","expansioncontent:InvincibleStrength+1","expansioncontent:InvincibleStrength","expansioncontent:AwakenDeath","hexamod:BurningTouch+1","StuffTheSpire:BrainWave","hexamod:RainOfEmbers"],"relics":["hexamod:SpiritBrand","hubris:OldNail","hubris:Towel","ReplayTheSpireMod:CursedCoin","Membership Card","energizedSpire:DeadBattery","downfall:HeartBlessingBlue","Replay:Lucky Slots","hubris:Backtick","Chemical X","StuffTheSpire:GrapeVine","DollysMirror","infinitespire:Magic Flask","Mango","DemoMod:WhiteGuonStone","Tiny House","downfall:HeartBlessingRed","Guide Book","hubris:SphereOfDissonance"],"acts_visited":["Exordium","TheCity","TheBeyond"],"potions_floor_usage":[13,16,16,26,29,29,33,33,44,46,50,50,50],"damage_taken":[{"damage":4,"enemies":"2 Louse","floor":2,"turns":3},{"damage":0,"enemies":"Small Slimes","floor":4,"turns":3},{"damage":6,"enemies":"Jaw Worm","floor":9,"turns":3},{"damage":8,"enemies":"Red Slaver","floor":10,"turns":3},{"damage":0,"enemies":"downfall:FleeingMerchant","floor":11,"turns":4},{"damage":17,"enemies":"Exordium Thugs","floor":12,"turns":3},{"damage":3,"enemies":"2 Fungi Beasts","floor":13,"turns":3},{"damage":4,"enemies":"downfall:FleeingMerchant","floor":14,"turns":4},{"damage":4,"enemies":"Blue Slaver","floor":15,"turns":3},{"damage":16,"enemies":"SI_SHIV_ARCHETYPE","floor":16,"turns":5},{"damage":15,"enemies":"Spheric Guardian","floor":19,"turns":4},{"damage":0,"enemies":"Chosen","floor":22,"turns":2},{"damage":15,"enemies":"downfall:FleeingMerchant","floor":25,"turns":3},{"damage":15,"enemies":"Snake Plant","floor":26,"turns":3},{"damage":10,"enemies":"Centurion and Healer","floor":28,"turns":4},{"damage":20,"enemies":"Book of Stabbing","floor":29,"turns":3},{"damage":0,"enemies":"Snecko","floor":31,"turns":2},{"damage":1,"enemies":"Cultist and Chosen","floor":32,"turns":3},{"damage":12,"enemies":"WA_ARCHETYPE_CALM","floor":33,"turns":5},{"damage":0,"enemies":"3 Shapes","floor":36,"turns":4},{"damage":0,"enemies":"Orb Walker","floor":37,"turns":3},{"damage":26,"enemies":"4 Shapes","floor":42,"turns":4},{"damage":49,"enemies":"infinitespire:Three Voidlings","floor":44,"turns":5},{"damage":13,"enemies":"Jaw Worm Horde","floor":45,"turns":3},{"damage":29,"enemies":"Sphere and 2 Shapes","floor":46,"turns":5},{"damage":0,"enemies":"4 Shapes","floor":49,"turns":5},{"damage":51,"enemies":"IC_BLOCK_ARCHETYPE","floor":50,"turns":9}],"seed_played":"745550241350014607","potions_obtained":[{"floor":4,"key":"EssenceOfSteel"},{"floor":9,"key":"SteroidPotion"},{"floor":12,"key":"Strength Potion"},{"floor":13,"key":"PowerPotion"},{"floor":16,"key":"Death Potion"},{"floor":19,"key":"EssenceOfSteel"},{"floor":21,"key":"Reflective Coating"},{"floor":28,"key":"AttackPotion"},{"floor":29,"key":"Reflective Coating"},{"floor":34,"key":"Flashbang"},{"floor":45,"key":"FearPotion"},{"floor":46,"key":"Block Potion"}],"is_trial":false,"path_per_floor":["R","M","?","M","?","R","T","?","M","M","$","M","M","$","M","B",null,"R","M","?","?","M","AVR","T","$","M","$","M","E","T","M","M","B",null,"R","M","M","?","$","R","T","M","?","?","M","M","?","$","M","B",null],"character_chosen":"THE_SPIRIT","items_purchased":["ReplayTheSpireMod:CursedCoin","hexamod:RainOfEmbers","Membership Card","hexamod:RainOfEmbers","hexamod:ExtraCrispy","hexamod:PhantomFireball","hexamod:BurningTouch","DollysMirror","infinitespire:Magic Flask","hexamod:Incineration+1","Guide Book","hexamod:RainOfEmbers"],"campfire_rested":1,"item_purchase_floors":[11,11,14,14,14,25,25,25,25,27,39,48],"current_hp_per_floor":[70,66,63,63,63,63,63,63,57,49,49,32,29,25,21,5,70,80,65,65,65,65,65,65,50,35,35,25,19,19,19,18,6,99,99,99,99,89,89,99,99,73,73,35,22,20,79,79,79,28],"gold":32,"neow_bonus":"UPGRADE_CARD","is_daily":false,"chose_seed":false,"campfire_upgraded":4,"win_rate":0.0,"timestamp":1613024526,"path_taken":["R","M","?","M","?","R","T","?","M","?","$","M","M","?","M","BOSS","R","M","?","?","M","AVR","T","?","M","$","?","E","?","M","M","BOSS","R","M","M","?","$","R","T","M","?","?","M","?","?","$","M","BOSS"],"items_purchased_type":["Relic","Card","Relic","Card","Card","Card","Card","Relic","Relic","Card","Relic","Card"],"build_version":"2020-12-22","purchased_purges":5,"victory":true,"max_hp_per_floor":[70,70,70,70,70,70,70,70,70,70,70,70,70,70,70,70,70,80,80,80,80,80,80,80,80,80,80,80,94,94,94,94,94,99,99,99,99,99,99,99,99,99,90,90,90,90,79,79,79,79],"card_choices":[{"not_picked":["hexamod:AdvancingGuard","hexamod:Firestarter"],"picked":"hexamod:BurningTouch","floor":2},{"not_picked":["hexamod:PhantomCloak","hexamod:GhostShield"],"picked":"hexamod:PhantomFireball","floor":4},{"not_picked":["hexamod:EmpoweredFlame","hexamod:InspiringFlames"],"picked":"hexamod:Incineration","floor":9},{"not_picked":["hexamod:SpectersWail","hexamod:CatchUp"],"picked":"hexamod:HeatMetal","floor":10},{"not_picked":["hexamod:CatchUp","hexamod:HeatMetal"],"picked":"hexamod:BurningTouch","floor":11},{"not_picked":["hexamod:InspiringFlames","hexamod:AdvancingGuard"],"picked":"hexamod:ThermalTransfer","floor":12},{"not_picked":["hexamod:BacktrackSmack","hexamod:HauntingEcho","hexamod:NightmareGuise"],"picked":"SKIP","floor":13},{"not_picked":["hexamod:InspiringFlames","hexamod:CatchUp"],"picked":"hexamod:Firestarter","floor":14},{"not_picked":["hexamod:ShieldOfDarkness","hexamod:UnlimitedPower"],"picked":"hexamod:DynamicBlow","floor":15},{"not_picked":["hexamod:UnlimitedPower","hexamod:FifthSeal"],"picked":"hexamod:TimeOfNeed","floor":16},{"not_picked":["hexamod:GhostLash","hexamod:NightmareStrike"],"picked":"hexamod:ThermalTransfer","floor":19},{"not_picked":["hexamod:NightmareStrike","hexamod:HexaLevel","hexamod:InspiringFlames+1"],"picked":"SKIP","floor":22},{"not_picked":["hexamod:Hexaguard","hexamod:AdvancingGuard","hexamod:NightmareGuise"],"picked":"SKIP","floor":25},{"not_picked":["hexamod:Again","hexamod:ThermalTransfer","hexamod:SwordOfDarkness"],"picked":"SKIP","floor":26},{"not_picked":["hexamod:SecondSeal","hexamod:RadiantFlame"],"picked":"hexamod:WildfireWeapon","floor":28},{"not_picked":["hexamod:NecessarySacrifice","hexamod:ShieldOfDarkness"],"picked":"hexamod:Firestarter","floor":29},{"not_picked":["hexamod:DynamicBlow+1","hexamod:SwordOfDarkness"],"picked":"hexamod:RadiantFlame","floor":31},{"not_picked":["hexamod:RecurringNightmare+1","hexamod:EmpoweredFlame","hexamod:Hexaguard"],"picked":"SKIP","floor":32},{"not_picked":["hexamod:TimeOfNeed","hexamod:UnleashSpirits"],"picked":"hexamod:VolcanoVisage","floor":33},{"not_picked":["hexamod:ThermalTransfer","hexamod:HeatMetal"],"picked":"hexamod:PhantomFireball","floor":34},{"not_picked":["hexamod:BacktrackSmack","hexamod:Haunt","hexamod:Incineration+1"],"picked":"SKIP","floor":36},{"not_picked":["hexamod:SecondSeal","hexamod:Firestarter"],"picked":"hexamod:RainOfEmbers+1","floor":37},{"not_picked":["expansioncontent:PrepareCrush","expansioncontent:HyperBeam"],"picked":"expansioncontent:InvincibleStrength","floor":38},{"not_picked":["expansioncontent:HyperBeam","expansioncontent:LastStand"],"picked":"expansioncontent:InvincibleStrength","floor":38},{"not_picked":["Replay:SS_forest_2","expansioncontent:PolyBeam"],"picked":"expansioncontent:AwakenDeath","floor":38},{"not_picked":["hexamod:SwordOfDarkness","hexamod:FourthSeal"],"picked":"hexamod:BurningTouch+1","floor":42},{"not_picked":["hexamod:Rewind","hexamod:NightmareGuise","hexamod:Firestarter"],"picked":"SKIP","floor":45},{"not_picked":["hexamod:GhostShield+1","hexamod:ShieldOfDarkness+1","hexamod:HauntingEcho+1"],"picked":"SKIP","floor":46},{"not_picked":["hexamod:FastForward+1","hexamod:Hexaguard+1","hexamod:SwordOfDarkness"],"picked":"SKIP","floor":49}],"player_experience":769617,"relics_obtained":[{"floor":24,"key":"StuffTheSpire:GrapeVine"},{"floor":29,"key":"Mango"},{"floor":30,"key":"DemoMod:WhiteGuonStone"},{"floor":41,"key":"hubris:SphereOfDissonance"}],"event_choices":[{"damage_healed":0,"gold_gain":0,"player_choice":"Success","damage_taken":3,"relics_obtained":["hubris:OldNail"],"max_hp_gain":0,"max_hp_loss":0,"event_name":"Scrap Ooze","floor":3,"gold_loss":0},{"damage_healed":0,"gold_gain":0,"player_choice":"Got Potions","damage_taken":0,"max_hp_gain":0,"max_hp_loss":0,"event_name":"Lab","floor":21,"gold_loss":0}],"is_beta":false,"boss_relics":[{"not_picked":["Replay:Grab Bag","ReplayTheSpireMod:DimensionalGlitch"],"picked":"energizedSpire:DeadBattery"},{"not_picked":["StuffTheSpire:Kangaroo","Snecko Eye"],"picked":"Tiny House"}],"items_purged_floors":[11,14,27,39,48],"is_endless":false,"potions_floor_spawned":[4,9,12,13,16,19,28,29,44,45,46],"ascension_level":0}}