{"host":"x000krxjblg8jdg4","time":1613014703,"event":{"mods":["BaseMod","Downfall","Hermit","Minty Spire (QoL Compilation)","StSLib","The Cursed","The Runesmith","The Servant 0.9.4"],"gold_per_floor":[111,126,138,150,325,357,357,369,416,435,435,453,453,453,453,548,548,565,565,565,585,604,604,629,629,629,629,629,163,196,47,47,148,148,168,184,199,159,159,159,5,5,5,5,5,32,51,51,51],"floor_reached":48,"language":"ENG","playtime":4860,"items_purged":[],"score":573,"play_id":"188c9e87-7b52-447e-9f4c-aa722ea0b458","local_time":"20210211013823","is_ascension_mode":true,"campfire_choices":[{"floor":7.0,"key":"REST"},{"floor":11.0,"key":"REST"},{"data":"Runesmith:CraftFirestone","floor":13.0,"key":"SMITH"},{"floor":15.0,"key":"REST"},{"floor":23.0,"key":"REST"},{"floor":25.0,"key":"REST"},{"floor":27.0,"key":"REST"},{"floor":32,"key":"REST"},{"floor":40,"key":"REST"},{"floor":45,"key":"REST"}],"circlet_count":0,"master_deck":["Runesmith:Strike_RS","Runesmith:Strike_RS","Runesmith:Strike_RS","Runesmith:Strike_RS+1","Runesmith:Defend_RS","Runesmith:Defend_RS","Runesmith:Defend_RS","Runesmith:Defend_RS","Runesmith:CraftFirestone+1","Runesmith:Fortify+1","Runesmith:ChiselStab","Runesmith:PoweredAnvil","Runesmith:NegativeSpace","Runesmith:FrozenChisel+1","Runesmith:WhiteBalance","Runesmith:ReplicatingBarrier","Runesmith:CraftIncendium","Runesmith:HeatedChisel","Runesmith:CraftPrismatica","CurseOfTheBell","Runesmith:EarthShield+1","Runesmith:ChiselStab","Runesmith:HeatedChisel","Runesmith:Permafrost+1","Runesmith:DoubleUp","Runesmith:CreatorForm","Runesmith:Firestorm","Runesmith:HeatExchange","Runesmith:CraftIncendium","Runesmith:FrozenChisel+1","Runesmith:CraftIndustria","Runesmith:HammerThrow+1","Runesmith:EnergizedChisel+1","Runesmith:CraftProtectio+1","Runesmith:Firestorm","Runesmith:Permafrost+1"],"relics":["Runesmith:BrokenRuby","Matryoshka","Pear","Orichalcum","Calling Bell","Juzu Bracelet","Singing Bowl","Ice Cream","Strawberry","Bronze Scales","Runesmith:Nanobots","Vajra","TheAbacus","PreservedInsect","Ancient Tea Set","SacredBark","Whetstone","Ornamental Fan","Regal Pillow"],"acts_visited":["Exordium","TheCity","TheBeyond"],"potions_floor_usage":[37,37,37,46,46,47],"damage_taken":[{"damage":0.0,"enemies":"Small Slimes","floor":1.0,"turns":4.0},{"damage":0.0,"enemies":"Jaw Worm","floor":2.0,"turns":3.0},{"damage":0.0,"enemies":"2 Louse","floor":3.0,"turns":3.0},{"damage":16.0,"enemies":"Gremlin Gang","floor":4.0,"turns":5.0},{"damage":39.0,"enemies":"3 Sentries","floor":6.0,"turns":8.0},{"damage":16.0,"enemies":"Lots of Slimes","floor":8.0,"turns":5.0},{"damage":2.0,"enemies":"3 Louse","floor":10.0,"turns":4.0},{"damage":0.0,"enemies":"Red Slaver","floor":12.0,"turns":4.0},{"damage":46.0,"enemies":"Hexaghost","floor":16.0,"turns":9.0},{"damage":30.0,"enemies":"Spheric Guardian","floor":18.0,"turns":6.0},{"damage":21.0,"enemies":"Chosen","floor":21.0,"turns":7.0},{"damage":10.0,"enemies":"Centurion and Healer","floor":22.0,"turns":12.0},{"damage":37.0,"enemies":"Gremlin Leader","floor":24.0,"turns":8.0},{"damage":44,"enemies":"Book of Stabbing","floor":30,"turns":7},{"damage":33,"enemies":"Collector","floor":33,"turns":10},{"damage":3,"enemies":"3 Shapes","floor":35,"turns":4},{"damage":37,"enemies":"3 Darklings","floor":36,"turns":7},{"damage":20,"enemies":"Spire Growth","floor":37,"turns":5},{"damage":10,"enemies":"Reptomancer","floor":46,"turns":6},{"damage":29,"enemies":"Sphere and 2 Shapes","floor":47,"turns":7},{"damage":54,"enemies":"Giant Head","floor":48,"turns":8}],"seed_played":"3363919421016467747","potions_obtained":[{"floor":2.0,"key":"Block Potion"},{"floor":8.0,"key":"bronze:BurnAndBuffPotion"},{"floor":10.0,"key":"PowerPotion"},{"floor":22.0,"key":"Explosive Potion"},{"floor":33,"key":"SteroidPotion"},{"floor":35,"key":"Block Potion"},{"floor":36,"key":"DuplicationPotion"},{"floor":38,"key":"Guardian:BlockOnCardUsePotion"},{"floor":38,"key":"AttackPotion"},{"floor":38,"key":"AttackPotion"}],"is_trial":false,"path_per_floor":["M","M","M","M","?","E","R","M","T","M","R","M","R","?","R","B",null,"M","?","?","M","M","R","E","R","T","R","?","$","E","$","R","B",null,"M","M","M","?","?","R","$","?","T","$","R","E","M","E"],"character_chosen":"RUNESMITH_CLASS","items_purchased":["Vajra","TheAbacus","Runesmith:Firestorm","Runesmith:HeatExchange","Runesmith:CraftIncendium","Ancient Tea Set","Whetstone"],"campfire_rested":9,"item_purchase_floors":[29,29,29,29,29,31,41],"current_hp_per_floor":[77,77,77,61,61,22,45,29,39,37,63,63,63,63,87,41,87,57,57,57,36,26,52,22,50,50,78,78,78,34,34,62,29,94,91,54,34,34,34,62,62,62,62,62,90,80,51,0,0],"gold":51,"neow_bonus":"TEN_PERCENT_HP_BONUS","is_daily":false,"chose_seed":false,"campfire_upgraded":1,"win_rate":0.0,"timestamp":1613014703,"path_taken":["M","M","M","M","?","E","R","M","T","M","R","M","R","?","R","BOSS","M","?","?","M","M","R","E","R","T","R","?","?","E","$","R","BOSS","M","M","M","?","?","R","?","?","T","$","R","E","M","E"],"items_purchased_type":["Relic","Relic","Card","Card","Card","Relic","Relic"],"build_version":"2020-12-22","purchased_purges":0,"victory":false,"max_hp_per_floor":[77,77,77,77,77,77,77,77,87,87,87,87,87,87,87,87,87,87,87,87,87,87,87,94,94,94,94,94,94,94,94,94,94,94,94,94,94,94,94,94,94,94,94,94,94,94,94,94,94],"card_choices":[{"not_picked":["Runesmith:Electrocute","Runesmith:Repurpose"],"picked":"Runesmith:ChiselStab","floor":1.0},{"not_picked":["Runesmith:LithiumIon","Runesmith:RunicBlueprint"],"picked":"Runesmith:PoweredAnvil","floor":2.0},{"not_picked":["Runesmith:Repurpose","Runesmith:Overpower"],"picked":"Runesmith:NegativeSpace","floor":3.0},{"not_picked":["Runesmith:StaticCage","Runesmith:Permafrost"],"picked":"Runesmith:FrozenChisel","floor":4.0},{"not_picked":["Runesmith:EarthShield","Runesmith:Terraform"],"picked":"Runesmith:WhiteBalance","floor":6.0},{"not_picked":["Runesmith:Refine","Runesmith:StaticCage"],"picked":"Runesmith:ReplicatingBarrier","floor":8.0},{"not_picked":["Runesmith:ShiftingStrike","Runesmith:CraftProtectio"],"picked":"Runesmith:CraftIncendium","floor":10.0},{"not_picked":["Runesmith:StaticCage","Runesmith:HeatExchange"],"picked":"Runesmith:HeatedChisel","floor":12.0},{"not_picked":["Runesmith:Supernova","Runesmith:LastStand"],"picked":"Runesmith:CraftPrismatica","floor":16.0},{"not_picked":["Runesmith:HeatedChisel","Runesmith:ShiftingStrike"],"picked":"Runesmith:EarthShield+1","floor":18.0},{"not_picked":["Runesmith:Prism+1","Runesmith:EarthShield"],"picked":"Runesmith:HeatedChisel","floor":21.0},{"not_picked":["Runesmith:Repurpose","Runesmith:StaticCage"],"picked":"Runesmith:Permafrost+1","floor":22.0},{"not_picked":["Runesmith:UnstableHammer","Runesmith:Repurpose"],"picked":"Runesmith:DoubleUp","floor":24.0},{"not_picked":["Runesmith:Superposition","Runesmith:Attraction"],"picked":"Runesmith:FrozenChisel+1","floor":30},{"not_picked":["Runesmith:DuctTape","Runesmith:GrandSlam"],"picked":"Runesmith:CraftIndustria","floor":33},{"not_picked":["Runesmith:WhiteBalance+1","Runesmith:CraftSpiculum"],"picked":"Runesmith:HammerThrow+1","floor":35},{"not_picked":["Runesmith:ChiselStab","Runesmith:FrozenChisel+1"],"picked":"Runesmith:EnergizedChisel+1","floor":36},{"not_picked":["Runesmith:FieryHammer+1","Runesmith:MakeshiftArmor"],"picked":"Runesmith:CraftProtectio+1","floor":37},{"not_picked":["Runesmith:Malloc","Runesmith:WhiteBalance+1"],"picked":"Runesmith:Firestorm","floor":46},{"not_picked":["Runesmith:HeatedChisel","Runesmith:Retool"],"picked":"Runesmith:Permafrost+1","floor":47}],"player_experience":110614,"relics_obtained":[{"floor":6.0,"key":"Matryoshka"},{"floor":9.0,"key":"Pear"},{"floor":9.0,"key":"Orichalcum"},{"floor":17.0,"key":"Juzu Bracelet"},{"floor":17.0,"key":"Singing Bowl"},{"floor":17.0,"key":"Ice Cream"},{"floor":24.0,"key":"Strawberry"},{"floor":26.0,"key":"Bronze Scales"},{"floor":26.0,"key":"Runesmith:Nanobots"},{"floor":30,"key":"PreservedInsect"},{"floor":43,"key":"Ornamental Fan"},{"floor":46,"key":"Regal Pillow"}],"event_choices":[{"damage_healed":0.0,"max_hp_gain":0.0,"max_hp_loss":0.0,"gold_gain":175.0,"event_name":"Liars Game","player_choice":"AGREE","floor":5.0,"gold_loss":0.0,"damage_taken":0.0,"cards_obtained":["Doubt"]},{"damage_healed":0.0,"max_hp_gain":0.0,"max_hp_loss":0.0,"gold_gain":0.0,"event_name":"Living Wall","player_choice":"Grow","floor":14.0,"gold_loss":0.0,"damage_taken":0.0,"cards_upgraded":["Runesmith:Fortify"]},{"damage_healed":0.0,"max_hp_gain":0.0,"max_hp_loss":0.0,"gold_gain":0.0,"event_name":"Beggar","player_choice":"Ignored","floor":19.0,"gold_loss":0.0,"damage_taken":0.0},{"damage_healed":0.0,"max_hp_gain":0.0,"max_hp_loss":0.0,"gold_gain":0.0,"event_name":"Duplicator","player_choice":"Copied","floor":20.0,"gold_loss":0.0,"damage_taken":0.0,"cards_obtained":["Runesmith:ChiselStab"]},{"damage_healed":0.0,"max_hp_gain":0.0,"max_hp_loss":0.0,"gold_gain":0.0,"event_name":"Match and Keep!","player_choice":"1 cards matched","floor":28.0,"gold_loss":0.0,"damage_taken":0.0,"cards_obtained":["Runesmith:CreatorForm"]},{"damage_healed":0,"gold_gain":0,"player_choice":"Bought 3 Potions","damage_taken":0,"max_hp_gain":0,"max_hp_loss":0,"event_name":"The Woman in Blue","floor":38,"gold_loss":0},{"damage_healed":0,"gold_gain":0,"player_choice":"Ignored","damage_taken":0,"max_hp_gain":0,"max_hp_loss":0,"event_name":"Transmorgrifier","floor":39,"gold_loss":0},{"cards_removed":["Doubt"],"damage_healed":0,"gold_gain":0,"player_choice":"Removed Curses","damage_taken":0,"max_hp_gain":0,"max_hp_loss":0,"event_name":"Fountain of Cleansing","floor":42,"gold_loss":0}],"is_beta":false,"boss_relics":[{"not_picked":["Cursed Key","Runesmith:CoreCrystal"],"picked":"Calling Bell"},{"not_picked":["Runesmith:UraniumAnvil","Runic Pyramid"],"picked":"SacredBark"}],"items_purged_floors":[],"is_endless":false,"potions_floor_spawned":[2,8,10,22,33,35,36],"killed_by":"Giant Head","ascension_level":1}}