{"host":"qxeepl7ydvsgmfdb","time":1613051074,"event":{"mods":["AchievementEnabler","BaseMod","Colored Powertips","Minty Spire (QoL Compilation)","Quick Restart","slay the spire mod where everything is the same but ironclad has a cowboy hat"],"gold_per_floor":[117,117,117,31,31,71,71,89,89,108,142,112,143,168,168,168,168],"floor_reached":16,"language":"ENG","playtime":488,"items_purged":[],"score":226,"play_id":"a5e86a3c-1392-476f-8784-1534677cd94f","local_time":"20210211084434","is_ascension_mode":true,"campfire_choices":[{"floor":7,"key":"REST"},{"floor":15,"key":"REST"}],"circlet_count":0,"master_deck":["AscendersBane","Strike_G","Strike_G","Strike_G","Strike_G","Strike_G","Defend_G","Defend_G","Defend_G","Defend_G","Defend_G","Survivor+1","Neutralize","Slice","Dramatic Entrance","Deflect+1","Cloak And Dagger","Cloak And Dagger"],"relics":["Ring of the Snake","NeowsBlessing","Oddly Smooth Stone","Golden Idol","CaptainsWheel","Ornamental Fan","War Paint","Odd Mushroom"],"acts_visited":["Exordium"],"potions_floor_usage":[11,13,16],"damage_taken":[{"damage":0,"enemies":"Cultist","floor":1,"turns":1},{"damage":0,"enemies":"Gremlin Nob","floor":6,"turns":1},{"damage":0,"enemies":"2 Louse","floor":8,"turns":1},{"damage":0,"enemies":"Jaw Worm","floor":10,"turns":4},{"damage":16,"enemies":"3 Sentries","floor":11,"turns":11},{"damage":0,"enemies":"Looter","floor":12,"turns":4},{"damage":3,"enemies":"The Mushroom Lair","floor":13,"turns":3},{"damage":0,"enemies":"Exordium Wildlife","floor":14,"turns":2},{"damage":65,"enemies":"The Guardian","floor":16,"turns":21}],"seed_played":"1586637978303515167","potions_obtained":[{"floor":6,"key":"BlessingOfTheForge"},{"floor":10,"key":"LiquidMemories"},{"floor":13,"key":"Swift Potion"}],"is_trial":false,"path_per_floor":["M","?","?","$","?","E","R","M","T","M","E","M","?","M","R","B"],"character_chosen":"THE_SILENT","items_purchased":["Dramatic Entrance"],"campfire_rested":2,"item_purchase_floors":[4],"current_hp_per_floor":[59,59,52,52,36,36,55,55,55,55,39,39,36,36,55,0,0],"gold":168,"neow_bonus":"THREE_ENEMY_KILL","is_daily":false,"chose_seed":false,"campfire_upgraded":0,"win_rate":0.0,"timestamp":1613051074,"path_taken":["M","?","?","$","?","E","R","M","T","?","E","M","?","M","R","BOSS"],"items_purchased_type":["Card"],"build_version":"2020-12-22","purchased_purges":0,"victory":false,"max_hp_per_floor":[66,66,66,66,66,66,66,66,66,66,66,66,66,66,66,66,66],"card_choices":[{"not_picked":["Tactician","Bane"],"picked":"Slice","floor":1},{"not_picked":["Masterful Stab","Prepared","Sucker Punch"],"picked":"SKIP","floor":6},{"not_picked":["Bane","Quick Slash","Endless Agony"],"picked":"SKIP","floor":8},{"not_picked":["Skewer","Glass Knife"],"picked":"Deflect","floor":10},{"not_picked":["Outmaneuver","Dagger Throw","Dodge and Roll"],"picked":"SKIP","floor":11},{"not_picked":["Predator","Poisoned Stab"],"picked":"Cloak And Dagger","floor":12},{"not_picked":["Dash","Accuracy"],"picked":"Cloak And Dagger","floor":14}],"player_experience":148378,"relics_obtained":[{"floor":6,"key":"CaptainsWheel"},{"floor":9,"key":"Ornamental Fan"},{"floor":11,"key":"War Paint"},{"floor":13,"key":"Odd Mushroom"}],"event_choices":[{"damage_healed":0,"gold_gain":0,"player_choice":"Box","damage_taken":0,"relics_obtained":["Oddly Smooth Stone"],"max_hp_gain":0,"max_hp_loss":0,"event_name":"Big Fish","floor":2,"gold_loss":0,"cards_obtained":["Regret"]},{"cards_removed":["Regret"],"damage_healed":0,"gold_gain":0,"player_choice":"Card Removal","damage_taken":7,"max_hp_gain":0,"max_hp_loss":0,"event_name":"Golden Wing","floor":3,"gold_loss":0},{"damage_healed":0,"gold_gain":0,"player_choice":"Take Damage","damage_taken":16,"relics_obtained":["Golden Idol"],"max_hp_gain":0,"max_hp_loss":0,"event_name":"Golden Idol","floor":5,"gold_loss":0},{"damage_healed":0,"gold_gain":0,"player_choice":"Fought Mushrooms","damage_taken":0,"max_hp_gain":0,"max_hp_loss":0,"event_name":"Mushrooms","floor":13,"gold_loss":0}],"is_beta":false,"boss_relics":[],"items_purged_floors":[],"is_endless":false,"potions_floor_spawned":[6,10,13],"killed_by":"The Guardian","ascension_level":14}}