{"host":"dw0lfiijjtrmelew","time":1613067203,"event":{"mods":["BaseMod","Hermit","Minty Spire (QoL Compilation)","Relic Stats","StSLib"],"gold_per_floor":[118,134,153,153,171,171,196,206,251,263,263,263],"floor_reached":11,"language":"ENG","playtime":567,"items_purged":[],"score":112,"play_id":"abcbedd7-55ae-4fab-b5a4-f7166b5757ce","local_time":"20210211121323","is_ascension_mode":true,"campfire_choices":[{"data":"hermit:CursedWeapon","floor":6.0,"key":"SMITH"}],"circlet_count":0,"master_deck":["hermit:Strike_Hermit","hermit:Strike_Hermit","hermit:Strike_Hermit","hermit:Defend_Hermit","hermit:Defend_Hermit","hermit:Defend_Hermit","hermit:Defend_Hermit","hermit:Snapshot","hermit:Covet","hermit:Determination","hermit:Desperado","hermit:HoleUp","hermit:CursedWeapon+1","hermit:Magnum"],"relics":["hermit:Momento","Art of War","Juzu Bracelet"],"acts_visited":[],"potions_floor_usage":[11,11],"damage_taken":[{"damage":1.0,"enemies":"Cultist","floor":1.0,"turns":3.0},{"damage":0.0,"enemies":"2 Louse","floor":2.0,"turns":3.0},{"damage":0.0,"enemies":"Small Slimes","floor":3.0,"turns":3.0},{"damage":5.0,"enemies":"Exordium Wildlife","floor":5.0,"turns":4.0},{"damage":32.0,"enemies":"Lagavulin","floor":7.0,"turns":7.0},{"damage":17.0,"enemies":"Gremlin Gang","floor":8.0,"turns":5.0},{"damage":12,"enemies":"Lots of Slimes","floor":10,"turns":8},{"damage":2,"enemies":"Gremlin Nob","floor":11,"turns":2}],"seed_played":"-9144524263674732993","potions_obtained":[{"floor":7.0,"key":"ColorlessPotion"},{"floor":10,"key":"GamblersBrew"}],"is_trial":false,"path_per_floor":["M","M","M","?","M","R","E","M","T","M","E"],"character_chosen":"HERMIT","items_purchased":[],"campfire_rested":0,"item_purchase_floors":[],"current_hp_per_floor":[74,74,74,74,69,69,37,20,20,8,6,6],"gold":263,"neow_bonus":"TEN_PERCENT_HP_BONUS","is_daily":false,"chose_seed":false,"campfire_upgraded":1,"win_rate":0.0,"timestamp":1613067203,"path_taken":["M","?","M","?","M","R","E","?","T","M","E"],"items_purchased_type":[],"build_version":"2020-12-22","purchased_purges":0,"victory":false,"max_hp_per_floor":[82,82,82,82,82,82,82,82,82,82,82,82],"relic_stats":{"counters":[2,10],"Art of War":[2],"Juzu Bracelet":0,"obtain_stats":[{"Art of War":0,"Juzu Bracelet":0,"hermit:Momento":0},{"Art of War":0,"Juzu Bracelet":0,"hermit:Momento":0},{"Art of War":0,"Juzu Bracelet":0,"hermit:Momento":0}]},"card_choices":[{"not_picked":["hermit:Dive","hermit:Glare"],"picked":"hermit:Determination","floor":1.0},{"not_picked":["hermit:GhostlyPresence","hermit:Glare"],"picked":"hermit:Desperado","floor":2.0},{"not_picked":["hermit:LuckOfTheDraw","hermit:Glare"],"picked":"hermit:HoleUp","floor":3.0},{"not_picked":["hermit:Scavenge","hermit:HighCaliber"],"picked":"hermit:CursedWeapon","floor":5.0},{"not_picked":["hermit:Showdown","hermit:Headshot","hermit:ItchyTrigger"],"picked":"SKIP","floor":7.0},{"not_picked":["hermit:Maintenance","hermit:Manifest","hermit:Misfire"],"picked":"SKIP","floor":8.0},{"not_picked":["hermit:Roulette","hermit:Misfire"],"picked":"hermit:Magnum","floor":10}],"player_experience":1346592,"relics_obtained":[{"floor":7.0,"key":"Art of War"},{"floor":9.0,"key":"Juzu Bracelet"}],"event_choices":[{"cards_removed":["hermit:Strike_Hermit"],"damage_healed":0.0,"max_hp_gain":0.0,"max_hp_loss":0.0,"gold_gain":0.0,"event_name":"Bonfire Elementals","player_choice":"Offered Basic","floor":4.0,"gold_loss":0.0,"damage_taken":0.0}],"is_beta":false,"boss_relics":[],"items_purged_floors":[],"is_endless":false,"potions_floor_spawned":[7,10],"killed_by":"Gremlin Nob","ascension_level":9}}