{"host":"tq99ucv8ezzqzioe","time":1613069714,"event":{"mods":["BaseMod","Colored Map","Downfall","Highlight Path","Minty Spire (QoL Compilation)","StSLib"],"gold_per_floor":[117,129,141,141,161,161,173,207,259,259,269,285,285,314,314,412,412,430,446,464,499,518,518,549,569,596,596,596],"floor_reached":27,"language":"ENG","playtime":14060,"items_purged":[],"score":349,"play_id":"44358938-edca-4edd-bf6c-88e937fd0707","local_time":"20210211135514","is_ascension_mode":true,"campfire_choices":[{"data":"Zap","floor":6,"key":"SMITH"},{"floor":10,"key":"REST"},{"floor":15,"key":"RECALL"},{"floor":23,"key":"REST"}],"circlet_count":0,"master_deck":["Strike_B+1","Strike_B+1","Defend_B","Defend_B","Defend_B","Defend_B","Zap+1","Dualcast","Loop","Leap","Chill","Streamline","Buffer","Barrage","Melter","Leap","Electrodynamics","Ball Lightning","Cold Snap","Consume+1","FTL","Auto Shields","Cold Snap","Ball Lightning"],"relics":["Cracked Core","Whetstone","Blood Vial","Pantograph","Inserter","Red Mask","Anchor","Bag of Marbles"],"acts_visited":["Exordium","TheCity"],"potions_floor_usage":[5,5,8,14,24,24,25,27],"damage_taken":[{"damage":6,"enemies":"Cultist","floor":1,"turns":3},{"damage":2,"enemies":"2 Louse","floor":2,"turns":3},{"damage":4,"enemies":"Jaw Worm","floor":3,"turns":4},{"damage":7,"enemies":"3 Louse","floor":5,"turns":4},{"damage":13,"enemies":"Exordium Wildlife","floor":7,"turns":5},{"damage":37,"enemies":"Gremlin Nob","floor":8,"turns":5},{"damage":0,"enemies":"Large Slime","floor":11,"turns":4},{"damage":9,"enemies":"3 Louse","floor":12,"turns":4},{"damage":4,"enemies":"3 Sentries","floor":14,"turns":8},{"damage":27,"enemies":"Slime Boss","floor":16,"turns":11},{"damage":1,"enemies":"3 Byrds","floor":18,"turns":2},{"damage":0,"enemies":"Chosen","floor":19,"turns":5},{"damage":17,"enemies":"Centurion and Healer","floor":20,"turns":8},{"damage":2,"enemies":"Masked Bandits","floor":21,"turns":3},{"damage":28,"enemies":"Snake Plant","floor":22,"turns":4},{"damage":44,"enemies":"Book of Stabbing","floor":24,"turns":7},{"damage":13,"enemies":"3 Cultists","floor":25,"turns":4},{"damage":15,"enemies":"Gremlin Leader","floor":27,"turns":4}],"seed_played":"746404090092903643","potions_obtained":[{"floor":1,"key":"champ:CounterPotion"},{"floor":2,"key":"BlessingOfTheForge"},{"floor":5,"key":"Fruit Juice"},{"floor":8,"key":"Regen Potion"},{"floor":11,"key":"Energy Potion"},{"floor":19,"key":"Explosive Potion"},{"floor":21,"key":"SteroidPotion"},{"floor":25,"key":"sneckomod:MuddlingPotion"}],"is_trial":false,"path_per_floor":["M","M","M","?","M","R","M","E","T","R","M","M","?","E","R","B",null,"M","M","M","?","M","R","E","M","T","E"],"character_chosen":"DEFECT","items_purchased":[],"campfire_rested":2,"item_purchase_floors":[],"current_hp_per_floor":[62,60,56,56,54,54,41,4,4,28,30,23,23,36,36,36,69,70,72,57,57,31,55,13,2,2,0,0],"gold":596,"neow_bonus":"RANDOM_COMMON_RELIC","is_daily":false,"chose_seed":false,"campfire_upgraded":1,"win_rate":0.0,"timestamp":1613069714,"path_taken":["M","M","M","?","M","R","M","E","T","R","M","?","?","E","R","BOSS","M","M","?","?","M","R","E","M","T","E"],"items_purchased_type":[],"build_version":"2020-12-22","purchased_purges":0,"victory":false,"max_hp_per_floor":[75,75,75,75,80,80,80,80,80,80,80,80,80,80,80,80,80,80,80,80,80,80,80,80,80,80,80,80],"card_choices":[{"not_picked":["Lockon","Steam"],"picked":"Loop","floor":1},{"not_picked":["Hologram","Rebound"],"picked":"Leap","floor":2},{"not_picked":["Reprogram","Redo","Go for the Eyes"],"picked":"SKIP","floor":3},{"not_picked":["Turbo","Force Field"],"picked":"Chill","floor":5},{"not_picked":["Go for the Eyes","Consume"],"picked":"Streamline","floor":7},{"not_picked":["Conserve Battery","Stack"],"picked":"Buffer","floor":8},{"not_picked":["Compile Driver","Sweeping Beam"],"picked":"Barrage","floor":11},{"not_picked":["Chaos","Go for the Eyes"],"picked":"Melter","floor":12},{"not_picked":["Turbo","Force Field","Steam"],"picked":"SKIP","floor":14},{"not_picked":["Fission","Amplify"],"picked":"Electrodynamics","floor":16},{"not_picked":["Glacier","Streamline+1"],"picked":"Ball Lightning","floor":18},{"not_picked":["Compile Driver+1","Hello World"],"picked":"Cold Snap","floor":19},{"not_picked":["Chaos","Conserve Battery"],"picked":"Consume+1","floor":20},{"not_picked":["Sweeping Beam","Hello World"],"picked":"FTL","floor":21},{"not_picked":["Stack","Coolheaded"],"picked":"Auto Shields","floor":22},{"not_picked":["Sweeping Beam","Chill"],"picked":"Cold Snap","floor":24},{"not_picked":["Rip and Tear+1","Hologram"],"picked":"Ball Lightning","floor":25}],"player_experience":963860,"relics_obtained":[{"floor":8,"key":"Blood Vial"},{"floor":14,"key":"Pantograph"},{"floor":21,"key":"Red Mask"},{"floor":24,"key":"Anchor"},{"floor":26,"key":"Bag of Marbles"}],"event_choices":[{"cards_removed":["Strike_B"],"damage_healed":0,"gold_gain":0,"player_choice":"Offered Basic","damage_taken":0,"max_hp_gain":0,"max_hp_loss":0,"event_name":"Bonfire Elementals","floor":4,"gold_loss":0},{"damage_healed":0,"gold_gain":0,"cards_transformed":["Strike_B"],"player_choice":"Transformed","damage_taken":0,"max_hp_gain":0,"max_hp_loss":0,"event_name":"Transmorgrifier","floor":13,"gold_loss":0,"cards_obtained":["Leap"]},{"damage_healed":0,"gold_gain":0,"player_choice":"Fought Bandits","damage_taken":0,"max_hp_gain":0,"max_hp_loss":0,"event_name":"Masked Bandits","floor":21,"gold_loss":0}],"is_beta":false,"boss_relics":[{"not_picked":["Ectoplasm","Pandora\u0027s Box"],"picked":"Inserter"}],"items_purged_floors":[],"is_endless":false,"potions_floor_spawned":[1,2,5,8,11,19,21,25],"killed_by":"Gremlin Leader","ascension_level":8}}