{"host":"s67vlqszcgr1ey2x","time":1613082531,"event":{"mods":["AchievementEnabler","BaseMod","Colored Map","Downfall","Minty Spire (QoL Compilation)","Quick Restart","Relic Stats","StSLib"],"gold_per_floor":[119,131,131,148,167,195,195,227,227,255,266,285,285,285,285,285,285],"floor_reached":16,"language":"ENG","playtime":1307,"items_purged":[],"score":122,"play_id":"5f4f25e9-53f1-4848-8ca5-73a877e26ac5","local_time":"20210211142851","is_ascension_mode":false,"campfire_choices":[{"data":"Eruption","floor":7,"key":"SMITH"},{"data":"Establishment","floor":15,"key":"SMITH"}],"circlet_count":0,"master_deck":["Strike_P","Strike_P","Strike_P","Strike_P","Defend_P","Defend_P","Defend_P","Eruption+1","Vigilance+1","ThirdEye","EmptyFist","Meditate","Halt","EmptyMind","Establishment+1","Consecrate","LikeWater"],"relics":["PureWater","Darkstone Periapt","Centennial Puzzle","Ice Cream","Question Card","Smiling Mask"],"acts_visited":["Exordium"],"potions_floor_usage":[6,8,8],"damage_taken":[{"damage":0,"enemies":"Cultist","floor":1,"turns":4},{"damage":3,"enemies":"Jaw Worm","floor":2,"turns":5},{"damage":0,"enemies":"Small Slimes","floor":4,"turns":3},{"damage":0,"enemies":"2 Fungi Beasts","floor":5,"turns":4},{"damage":17,"enemies":"3 Sentries","floor":6,"turns":7},{"damage":3,"enemies":"Gremlin Nob","floor":8,"turns":3},{"damage":6,"enemies":"3 Sentries","floor":10,"turns":5},{"damage":2,"enemies":"3 Louse","floor":11,"turns":3},{"damage":5,"enemies":"Large Slime","floor":12,"turns":4},{"damage":46,"enemies":"Slime Boss","floor":16,"turns":5}],"seed_played":"-8286854539360649427","potions_obtained":[{"floor":1,"key":"SkillPotion"},{"floor":2,"key":"GamblersBrew"},{"floor":5,"key":"GamblersBrew"},{"floor":12,"key":"BlessingOfTheForge"}],"is_trial":false,"path_per_floor":["M","M","?","M","M","E","R","E","T","E","M","M","?","?","R","B"],"character_chosen":"WATCHER","items_purchased":[],"campfire_rested":0,"item_purchase_floors":[],"current_hp_per_floor":[79,76,76,76,76,59,59,56,56,50,48,43,43,36,36,0,0],"gold":285,"neow_bonus":"TEN_PERCENT_HP_BONUS","is_daily":false,"chose_seed":false,"campfire_upgraded":2,"win_rate":0.0,"timestamp":1613082531,"path_taken":["M","?","?","M","?","E","R","E","T","E","M","M","?","?","R","BOSS"],"items_purchased_type":[],"build_version":"2020-12-22","purchased_purges":0,"victory":false,"max_hp_per_floor":[79,79,79,79,79,79,79,79,79,79,79,79,79,79,79,79,79],"relic_stats":{"Darkstone Periapt":0,"Centennial Puzzle":[15],"counters":[10,43],"Question Card":3,"Smiling Mask":0,"obtain_stats":[{"Darkstone Periapt":3,"Ice Cream":8,"Centennial Puzzle":6,"PureWater":0,"Question Card":9,"Smiling Mask":10},{"Darkstone Periapt":2,"Ice Cream":6,"Centennial Puzzle":5,"PureWater":0,"Question Card":6,"Smiling Mask":7},{"Darkstone Periapt":9,"Ice Cream":26,"Centennial Puzzle":23,"PureWater":0,"Question Card":26,"Smiling Mask":31}]},"card_choices":[{"not_picked":["FollowUp","BowlingBash"],"picked":"ThirdEye","floor":1},{"not_picked":["Sanctity","BowlingBash"],"picked":"FollowUp","floor":2},{"not_picked":["FlyingSleeves","WaveOfTheHand"],"picked":"EmptyFist","floor":4},{"not_picked":["Consecrate","JustLucky"],"picked":"Meditate","floor":5},{"not_picked":["Worship","Establishment"],"picked":"Halt","floor":6},{"not_picked":["DeceiveReality","EmptyBody"],"picked":"EmptyMind","floor":8},{"not_picked":["Conclude","WheelKick","Crescendo"],"picked":"Establishment","floor":10},{"not_picked":["Protect","FlyingSleeves","EmptyBody"],"picked":"Consecrate","floor":11},{"not_picked":["CrushJoints","Weave","Crescendo"],"picked":"LikeWater","floor":12}],"player_experience":213059,"relics_obtained":[{"floor":6,"key":"Centennial Puzzle"},{"floor":8,"key":"Ice Cream"},{"floor":9,"key":"Question Card"},{"floor":10,"key":"Smiling Mask"}],"event_choices":[{"cards_removed":["FollowUp"],"damage_healed":0,"gold_gain":0,"player_choice":"Gave Card","damage_taken":0,"relics_obtained":["Darkstone Periapt"],"max_hp_gain":0,"max_hp_loss":0,"event_name":"WeMeetAgain","floor":3,"gold_loss":0},{"damage_healed":0,"gold_gain":0,"player_choice":"Grow","damage_taken":0,"max_hp_gain":0,"max_hp_loss":0,"event_name":"Living Wall","floor":13,"gold_loss":0,"cards_upgraded":["Vigilance"]},{"cards_removed":["Defend_P"],"damage_healed":0,"gold_gain":0,"player_choice":"Card Removal","damage_taken":7,"max_hp_gain":0,"max_hp_loss":0,"event_name":"Golden Wing","floor":14,"gold_loss":0}],"is_beta":false,"boss_relics":[],"items_purged_floors":[],"is_endless":false,"potions_floor_spawned":[1,2,5,12],"killed_by":"Slime Boss","ascension_level":0}}