{"host":"1bzbl1adcbkdzqlf","time":1613081435,"event":{"mods":["BaseMod","Minty Spire (QoL Compilation)","Slay the Relics Exporter"],"gold_per_floor":[110,124,142,158,172,172,207,207,207,221,254,429,440,497,497,497,497],"floor_reached":16,"language":"ENG","playtime":1085,"items_purged":[],"score":194,"play_id":"f1d878d1-f256-44d5-a0d5-99ed81bc6522","local_time":"20210211161035","is_ascension_mode":true,"campfire_choices":[{"data":"Uppercut","floor":6,"key":"SMITH"},{"floor":8,"key":"REST"},{"floor":15,"key":"REST"}],"circlet_count":0,"master_deck":["AscendersBane","Strike_R","Strike_R","Strike_R","Strike_R","Strike_R","Defend_R","Defend_R","Defend_R","Defend_R","Bash","Flex","Flame Barrier","Uppercut+1","Limit Break","Heavy Blade","Cleave","Thunderclap","Doubt","Rage"],"relics":["Burning Blood","Shuriken","Boot","Bag of Marbles"],"acts_visited":["Exordium"],"potions_floor_usage":[5,7,11,16],"damage_taken":[{"damage":5,"enemies":"Cultist","floor":1,"turns":5},{"damage":7,"enemies":"Small Slimes","floor":2,"turns":3},{"damage":11,"enemies":"2 Louse","floor":3,"turns":3},{"damage":12,"enemies":"Blue Slaver","floor":4,"turns":4},{"damage":30,"enemies":"Lots of Slimes","floor":5,"turns":5},{"damage":40,"enemies":"3 Sentries","floor":7,"turns":11},{"damage":2,"enemies":"2 Fungi Beasts","floor":10,"turns":4},{"damage":35,"enemies":"Lagavulin","floor":11,"turns":4},{"damage":18,"enemies":"3 Louse","floor":13,"turns":3},{"damage":31,"enemies":"The Guardian","floor":16,"turns":8}],"seed_played":"-8802658993450100057","potions_obtained":[{"floor":1,"key":"Regen Potion"},{"floor":5,"key":"SteroidPotion"},{"floor":7,"key":"SteroidPotion"},{"floor":13,"key":"AttackPotion"}],"is_trial":false,"path_per_floor":["M","M","M","M","M","R","E","R","T","M","E","?","M","?","R","B"],"character_chosen":"IRONCLAD","items_purchased":[],"campfire_rested":2,"item_purchase_floors":[],"current_hp_per_floor":[76,75,70,64,54,54,20,44,44,48,19,19,7,7,31,0,0],"gold":497,"neow_bonus":"TEN_PERCENT_HP_BONUS","is_daily":false,"chose_seed":false,"campfire_upgraded":1,"win_rate":0.0,"timestamp":1613081435,"path_taken":["M","M","?","M","M","R","E","R","T","M","E","?","M","?","R","BOSS"],"items_purchased_type":[],"build_version":"2020-12-22","purchased_purges":0,"victory":false,"max_hp_per_floor":[82,82,82,82,82,82,82,82,82,82,82,82,82,82,82,82,82],"card_choices":[{"not_picked":["Metallicize","Headbutt"],"picked":"Flex","floor":1},{"not_picked":["Dark Embrace","Iron Wave"],"picked":"Flame Barrier","floor":2},{"not_picked":["True Grit","Sentinel"],"picked":"Uppercut","floor":3},{"not_picked":["Blood for Blood","Armaments"],"picked":"Limit Break","floor":4},{"not_picked":["Shrug It Off","Perfected Strike"],"picked":"Heavy Blade","floor":5},{"not_picked":["Anger","Dropkick","Power Through"],"picked":"SKIP","floor":7},{"not_picked":["Armaments","Second Wind"],"picked":"Cleave","floor":10},{"not_picked":["Dropkick","Rupture"],"picked":"Thunderclap","floor":11},{"not_picked":["Headbutt","Seeing Red"],"picked":"Rage","floor":13}],"player_experience":447110,"relics_obtained":[{"floor":7,"key":"Shuriken"},{"floor":9,"key":"Boot"},{"floor":11,"key":"Bag of Marbles"}],"event_choices":[{"damage_healed":0,"gold_gain":175,"player_choice":"AGREE","damage_taken":0,"max_hp_gain":0,"max_hp_loss":0,"event_name":"Liars Game","floor":12,"gold_loss":0,"cards_obtained":["Doubt"]},{"damage_healed":0,"gold_gain":57,"player_choice":"Gained Gold","damage_taken":0,"max_hp_gain":0,"max_hp_loss":0,"event_name":"Golden Wing","floor":14,"gold_loss":0}],"is_beta":false,"boss_relics":[],"items_purged_floors":[],"is_endless":false,"potions_floor_spawned":[1,5,7,13],"killed_by":"The Guardian","ascension_level":14}}