{"host":"2yqfi47fogfu1ic4","time":1613076538,"event":{"mods":["AchievementEnabler","BaseMod","Colored Map","Colored Powertips","Highlight Path","Minty Spire (QoL Compilation)","Permanent Neow","Relic Stats","StSLib"],"gold_per_floor":[116,127,13,29,49,49,76,76,76,76,92,111,36,53,53,53,53],"floor_reached":16,"language":"DEU","playtime":1019,"items_purged":["Strike_G"],"score":208,"play_id":"5dea3b04-f306-4bfa-874d-ee8de3973c17","local_time":"20210211214858","is_ascension_mode":true,"campfire_choices":[{"data":"Eviscerate","floor":6,"key":"SMITH"},{"floor":8,"key":"REST"},{"data":"Leg Sweep","floor":10,"key":"SMITH"},{"data":"Noxious Fumes","floor":15,"key":"SMITH"}],"circlet_count":0,"master_deck":["AscendersBane","Strike_G","Strike_G","Strike_G","Strike_G","Defend_G","Defend_G","Defend_G","Defend_G","Defend_G","Survivor","Neutralize","Leg Sweep+1","Blade Dance","Terror","Eviscerate+1","Poisoned Stab","Night Terror","Calculated Gamble","Noxious Fumes+1","Crippling Poison","Blade Dance"],"relics":["Sozu","Toy Ornithopter","Matryoshka"],"acts_visited":["Exordium"],"potions_floor_usage":[],"damage_taken":[{"damage":3,"enemies":"Cultist","floor":1,"turns":4},{"damage":9,"enemies":"Small Slimes","floor":2,"turns":5},{"damage":0,"enemies":"2 Louse","floor":4,"turns":3},{"damage":0,"enemies":"Exordium Wildlife","floor":5,"turns":3},{"damage":42,"enemies":"3 Sentries","floor":7,"turns":10},{"damage":9,"enemies":"Blue Slaver","floor":11,"turns":2},{"damage":8,"enemies":"3 Louse","floor":12,"turns":4},{"damage":0,"enemies":"Looter","floor":14,"turns":2},{"damage":10,"enemies":"Hexaghost","floor":16,"turns":7}],"seed_played":"6200486780994224539","potions_obtained":[],"is_trial":false,"path_per_floor":["M","M","$","M","M","R","E","R","T","R","M","M","$","M","R","B"],"character_chosen":"THE_SILENT","items_purchased":["Terror","Eviscerate"],"campfire_rested":1,"item_purchase_floors":[3,3],"current_hp_per_floor":[56,47,47,47,47,47,5,24,24,24,15,7,7,7,7,0,0],"gold":53,"neow_bonus":"BOSS_RELIC","is_daily":false,"chose_seed":false,"campfire_upgraded":3,"win_rate":0.0,"timestamp":1613076538,"path_taken":["M","M","?","M","M","R","E","R","T","R","?","M","$","M","R","BOSS"],"items_purchased_type":["Card","Card"],"build_version":"2020-12-22","purchased_purges":1,"victory":false,"max_hp_per_floor":[66,66,66,66,66,66,66,66,66,66,66,66,66,66,66,66,66],"relic_stats":{"Sozu":4,"counters":[9,40],"obtain_stats":[{"Sozu":0,"Matryoshka":9,"Toy Ornithopter":7,"Ring of the Snake":0},{"Sozu":0,"Matryoshka":5,"Toy Ornithopter":5,"Ring of the Snake":0},{"Sozu":0,"Matryoshka":25,"Toy Ornithopter":25,"Ring of the Snake":0}],"Toy Ornithopter":0},"card_choices":[{"not_picked":["Predator","Dodge and Roll"],"picked":"Leg Sweep","floor":1},{"not_picked":["Accuracy","Footwork"],"picked":"Blade Dance","floor":2},{"not_picked":["Prepared","Choke"],"picked":"Poisoned Stab","floor":4},{"not_picked":["Crippling Poison","Cloak And Dagger"],"picked":"Night Terror","floor":5},{"not_picked":["Flying Knee","Outmaneuver"],"picked":"Calculated Gamble","floor":7},{"not_picked":["Poisoned Stab","Deflect"],"picked":"Noxious Fumes","floor":11},{"not_picked":["Underhanded Strike","Flying Knee"],"picked":"Crippling Poison","floor":12},{"not_picked":["Underhanded Strike","Eviscerate"],"picked":"Blade Dance","floor":14}],"player_experience":1772134,"relics_obtained":[{"floor":7,"key":"Toy Ornithopter"},{"floor":9,"key":"Matryoshka"}],"event_choices":[],"is_beta":false,"boss_relics":[],"items_purged_floors":[13],"is_endless":false,"potions_floor_spawned":[1,4,5,14],"killed_by":"Hexaghost","ascension_level":20}}