{"host":"4c7oxphrh4ok8x7u","time":1613058609,"event":{"mods":["100% Spire Juice","2.2 Compatiblity","Act Like it!","Arknights","Aspiration","BaseMod","Beaked The Cultist","Better Skull","Better Vampires","BetterRewards","Bossed Relics","Challenge The Spire","Conjunction","Conspire","Custom Start","Dota2Spire","Downfall","Ekko","Evolution","Fiend Mod","Friendly Minions","FruityMod","GifTheSpireLib","Good Game Mod","Halation","Hermit","HololiveMod","Hubris","Hyrulean Relics","Jedi Mod","Jess\u0027s Bottle","Kratos Character Expansion","Minty Spire (QoL Compilation)","MostiFishMod","Permanent Neow","Poor People Problems","Prisma Mod","Quarter Circle Forward PUNCH!","RatMod","Reliquary","Replay The Spire","Robot Space Explorer","SCP261 Mod","Shade Mod","Slay the Relics Exporter","Small Relic Pack","Spicy Shops","Spikes Relics","Spires And Sneckos","StS++","StSLib","Stuff the Spire","The Animator","The Blue Laboratory","The Death Knight","The Edgeheg","The Exalted","The Fake Hero","The Marked","The Necromancer","The Servant 0.9.4","The Trickster","The Wild Card","TheVacant","TheWitcher","Wandering Minibosses","WarShipGirlsR/????R mod"],"gold_per_floor":[99,9,23,42,62,78,104,118,152,169,69,85,85,102,118,118,118,118],"floor_reached":16,"language":"RUS","playtime":603,"items_purged":["animator:IchigoKurosaki"],"score":133,"play_id":"61b483ed-fc2d-4a8c-ba63-94d27d79ba8b","local_time":"20210211185009","is_ascension_mode":false,"campfire_choices":[{"floor":1,"key":"RECALL"},{"data":"champ:EndlessRage","floor":11,"key":"SMITH"}],"circlet_count":0,"master_deck":["champ:Strike","champ:Strike","champ:Strike","champ:Strike","champ:Defend","champ:Defend","champ:Defend","champ:Execute+1","champ:Taunt","champ:GutPunch","champ:EndlessRage+1","champ:AdrenalArmor","champ:CrownThrow","champ:DefensiveShout","champ:FocusedDefense","champ:Defend"],"relics":["champ:ChampionCrown","EVO:Axolotl","DaveBox","REME:ComplimentaryCards","ExusiaiGun","reliquary:ExpiredCoupon","downfall:HeartBlessingRed"],"acts_visited":["Exordium"],"potions_floor_usage":[15],"damage_taken":[{"damage":99,"enemies":"downfall:FleeingMerchant","floor":2,"turns":4},{"damage":20,"enemies":"Jaw Worm","floor":3,"turns":1},{"damage":20,"enemies":"ats:Genji","floor":4,"turns":2},{"damage":5,"enemies":"2 Louse","floor":5,"turns":2},{"damage":47,"enemies":"Gremlin Gang","floor":6,"turns":3},{"damage":2,"enemies":"Blue Slaver","floor":8,"turns":2},{"damage":40,"enemies":"Gremlin Nob","floor":9,"turns":1},{"damage":1,"enemies":"3 Louse","floor":10,"turns":3},{"damage":13,"enemies":"Gremlin Gang","floor":12,"turns":3},{"damage":30,"enemies":"Large Slime","floor":14,"turns":1},{"damage":45,"enemies":"Lots of Slimes","floor":15,"turns":5},{"damage":20,"enemies":"WA_ARCHETYPE_RETAIN","floor":16,"turns":1}],"seed_played":"-5337035768137702178","potions_obtained":[{"floor":4,"key":"jedi:StrikingPotion"},{"floor":10,"key":"Guardian:BlockOnCardUsePotion"},{"floor":15,"key":"SteroidPotion"}],"is_trial":false,"path_per_floor":["R","$","M","M","M","M","T","M","E","M","R","M","?","M","M","B"],"character_chosen":"THE_CHAMP","items_purchased":[],"campfire_rested":0,"item_purchase_floors":[],"current_hp_per_floor":[90,80,80,80,75,58,58,56,56,55,55,47,47,47,12,0,0,0],"gold":118,"neow_bonus":"UPGRADE_CARD","is_daily":false,"chose_seed":false,"campfire_upgraded":1,"win_rate":0.0,"timestamp":1613058609,"path_taken":["R","$","M","M","M","M","T","M","E","M","R","M","?","M","M","BOSS"],"items_purchased_type":[],"build_version":"2020-12-22","purchased_purges":1,"victory":false,"max_hp_per_floor":[90,90,90,90,90,90,90,90,90,90,90,90,90,90,90,90,90,90],"card_choices":[{"not_picked":["champ:BringItOn","champ:StanceDance"],"picked":"champ:GutPunch","floor":2},{"not_picked":["champ:HeartStrike","champ:Endure"],"picked":"champ:EndlessRage","floor":3},{"not_picked":["champ:FanOfKnives","champ:BladeFlurry"],"picked":"champ:AdrenalArmor","floor":4},{"not_picked":["champ:BladeFlurry","champ:Circumvent"],"picked":"champ:CrownThrow","floor":5},{"not_picked":["champ:AdrenalArmor","champ:PreciseThrust"],"picked":"champ:DefensiveShout","floor":6},{"not_picked":["champ:RecklessLeap","champ:IgnorePain","champ:PerfectedStrike"],"picked":"SKIP","floor":8},{"not_picked":["champ:EnragedBash","champ:EnGarde","champ:Circumvent"],"picked":"SKIP","floor":9},{"not_picked":["champ:ShieldSlam","champ:PreemptiveStrike"],"picked":"champ:FocusedDefense","floor":10},{"not_picked":["champ:DefensiveShout","champ:FlashCut","champ:TornadoPunch"],"picked":"SKIP","floor":12},{"not_picked":["champ:PreemptiveStrike","champ:RecklessLeap","champ:BladeFlurry"],"picked":"SKIP","floor":14},{"not_picked":["champ:EnGarde","champ:Shatter","champ:TornadoPunch"],"picked":"SKIP","floor":15}],"player_experience":943106,"relics_obtained":[{"floor":9,"key":"reliquary:ExpiredCoupon"}],"event_choices":[{"cards_removed":["champ:Defend"],"damage_healed":0,"gold_gain":0,"player_choice":"Offered Basic","damage_taken":0,"max_hp_gain":0,"max_hp_loss":0,"event_name":"Bonfire Elementals","floor":13,"gold_loss":0}],"is_beta":false,"boss_relics":[],"items_purged_floors":[2],"is_endless":false,"potions_floor_spawned":[3,4,5,10,15],"killed_by":"WA_ARCHETYPE_RETAIN","ascension_level":0}}