{"host":"mo4d2vii2wc3uyp7","time":1613057752,"event":{"mods":["AchievementEnabler","BaseMod","Colored Map","Highlight Path","Keyboard Shortcuts","Minty Spire (QoL Compilation)","Permanent Neow","Quick Restart","Shop Mod","StSLib","SuperFastMode","everything is the same but u backflip on backflip"],"gold_per_floor":[115,126,138,18,31,65,82,82,82,93,105,131,146,159,159,256,256,272,284,30,40,52,52,62,62,108,128,140,140,152,152,152,152,152],"floor_reached":33,"language":"KOR","playtime":1154,"items_purged":["Strike_G"],"score":282,"play_id":"ae46ef0a-eaf3-4e7f-b2db-24c04a228a4a","local_time":"20210212003552","is_ascension_mode":true,"campfire_choices":[{"floor":15.0,"key":"REST"},{"floor":23.0,"key":"REST"},{"data":"Calculated Gamble","floor":25.0,"key":"SMITH"},{"floor":32,"key":"REST"}],"circlet_count":0,"master_deck":["Strike_G","Strike_G","Strike_G","Strike_G","Defend_G","Defend_G","Defend_G","Defend_G","Survivor","Neutralize","Sucker Punch","Tactician","Prepared","Quick Slash","Footwork","Flechettes","Backstab","Noxious Fumes","Poisoned Stab","Masterful Stab","Bullet Time","Acrobatics","Bane","Calculated Gamble+1","Venomology","Backflip","Slice"],"relics":["Ring of the Snake","Ancient Tea Set","Pear","Gremlin Horn","Bottled Flame","WristBlade","Meat on the Bone","Smiling Mask","Enchiridion","Gambling Chip"],"acts_visited":["Exordium","TheCity"],"potions_floor_usage":[28,30,30,33],"damage_taken":[{"damage":2.0,"enemies":"Jaw Worm","floor":1.0,"turns":5.0},{"damage":0.0,"enemies":"Cultist","floor":2.0,"turns":4.0},{"damage":0.0,"enemies":"Small Slimes","floor":3.0,"turns":4.0},{"damage":0.0,"enemies":"Exordium Wildlife","floor":5.0,"turns":3.0},{"damage":31.0,"enemies":"3 Sentries","floor":6.0,"turns":12.0},{"damage":4.0,"enemies":"Red Slaver","floor":7.0,"turns":4.0},{"damage":0.0,"enemies":"Looter","floor":10.0,"turns":3.0},{"damage":0.0,"enemies":"Lots of Slimes","floor":11.0,"turns":2.0},{"damage":7.0,"enemies":"Lagavulin","floor":12.0,"turns":6.0},{"damage":10.0,"enemies":"Exordium Thugs","floor":13.0,"turns":5.0},{"damage":1.0,"enemies":"Red Slaver","floor":14.0,"turns":2.0},{"damage":11.0,"enemies":"Hexaghost","floor":16.0,"turns":9.0},{"damage":14.0,"enemies":"Chosen","floor":18.0,"turns":5.0},{"damage":26.0,"enemies":"2 Thieves","floor":19.0,"turns":4.0},{"damage":17.0,"enemies":"Shelled Parasite and Fungi","floor":21.0,"turns":6.0},{"damage":27.0,"enemies":"3 Cultists","floor":22.0,"turns":7.0},{"damage":29.0,"enemies":"Snake Plant","floor":24.0,"turns":7.0},{"damage":12.0,"enemies":"Snecko","floor":27.0,"turns":5.0},{"damage":19,"enemies":"Centurion and Healer","floor":28,"turns":8},{"damage":10,"enemies":"Snake Plant","floor":30,"turns":3},{"damage":78,"enemies":"Automaton","floor":33,"turns":12}],"seed_played":"6775148589285078980","potions_obtained":[{"floor":2.0,"key":"Swift Potion"},{"floor":6.0,"key":"SkillPotion"},{"floor":11.0,"key":"BlessingOfTheForge"},{"floor":12.0,"key":"Poison Potion"},{"floor":14.0,"key":"Weak Potion"},{"floor":19.0,"key":"LiquidBronze"},{"floor":21.0,"key":"DistilledChaos"},{"floor":24.0,"key":"Regen Potion"}],"is_trial":false,"path_per_floor":["M","M","M","$","M","E","M","?","T","M","M","E","M","M","R","B",null,"M","M","$","M","M","R","M","R","T","M","M","?","M","T","R","B"],"character_chosen":"THE_SILENT","items_purchased":["Quick Slash","Meat on the Bone"],"campfire_rested":3,"item_purchase_floors":[4,20],"current_hp_per_floor":[68,68,68,68,68,47,43,43,43,43,43,36,26,25,49,38,80,66,40,40,35,20,44,27,27,27,41,34,18,25,25,49,0,0],"gold":152,"neow_bonus":"RANDOM_COMMON_RELIC","is_daily":false,"chose_seed":false,"campfire_upgraded":1,"win_rate":0.0,"timestamp":1613057752,"path_taken":["M","M","M","$","M","E","M","?","T","M","M","E","M","?","R","BOSS","M","M","$","M","M","R","M","R","T","M","?","?","M","?","R","BOSS"],"items_purchased_type":["Card","Relic"],"build_version":"2020-12-22","purchased_purges":1,"victory":false,"max_hp_per_floor":[70,70,70,70,70,80,80,80,80,80,80,80,80,80,80,80,80,80,80,80,80,80,80,80,80,80,80,80,80,80,80,80,80,80],"card_choices":[{"not_picked":["PiercingWail","Underhanded Strike"],"picked":"Sucker Punch","floor":1.0},{"not_picked":["Outmaneuver","Slice"],"picked":"Tactician","floor":2.0},{"not_picked":["Sucker Punch","Catalyst"],"picked":"Prepared","floor":3.0},{"not_picked":["Distraction","Flying Knee"],"picked":"Footwork","floor":5.0},{"not_picked":["Quick Slash","Slice"],"picked":"Flechettes","floor":6.0},{"not_picked":["Poisoned Stab","Blade Dance"],"picked":"Backstab","floor":7.0},{"not_picked":["Predator","Deflect"],"picked":"Noxious Fumes","floor":10.0},{"not_picked":["Concentrate","Eviscerate","Prepared"],"picked":"SKIP","floor":11.0},{"not_picked":["Tools of the Trade","Blade Dance"],"picked":"Poisoned Stab","floor":12.0},{"not_picked":["Tactician","Heel Hook"],"picked":"Masterful Stab","floor":13.0},{"not_picked":["PiercingWail","Distraction","Outmaneuver"],"picked":"SKIP","floor":14.0},{"not_picked":["Corpse Explosion","Glass Knife"],"picked":"Bullet Time","floor":16.0},{"not_picked":["Flying Knee","Poisoned Stab"],"picked":"Acrobatics","floor":18.0},{"not_picked":["PiercingWail+1","Deadly Poison"],"picked":"Bane","floor":19.0},{"not_picked":["Acrobatics","Endless Agony"],"picked":"Calculated Gamble","floor":21.0},{"not_picked":["Bouncing Flask","Finisher","Acrobatics+1"],"picked":"SKIP","floor":22.0},{"not_picked":["Backstab+1","Finisher"],"picked":"Venomology","floor":24.0},{"not_picked":["Quick Slash","Cloak And Dagger"],"picked":"Backflip","floor":27.0},{"not_picked":["Outmaneuver","Flying Knee"],"picked":"Slice","floor":28},{"not_picked":["Cloak And Dagger+1","Masterful Stab","Choke"],"picked":"SKIP","floor":30}],"player_experience":613933,"relics_obtained":[{"floor":6.0,"key":"Pear"},{"floor":9.0,"key":"Gremlin Horn"},{"floor":12.0,"key":"Bottled Flame"},{"floor":26.0,"key":"Smiling Mask"},{"floor":29,"key":"Enchiridion"},{"floor":31,"key":"Gambling Chip"}],"event_choices":[{"cards_removed":["Defend_G"],"damage_healed":0.0,"max_hp_gain":0.0,"max_hp_loss":0.0,"gold_gain":0.0,"event_name":"Bonfire Elementals","player_choice":"Offered Basic","floor":8.0,"gold_loss":0.0,"damage_taken":0.0},{"damage_healed":0,"gold_gain":0,"player_choice":"Obtained Book","damage_taken":16,"max_hp_gain":0,"max_hp_loss":0,"event_name":"Cursed Tome","floor":29,"gold_loss":0}],"is_beta":false,"boss_relics":[{"not_picked":["Cursed Key","Tiny House"],"picked":"WristBlade"}],"items_purged_floors":[4],"is_endless":false,"potions_floor_spawned":[2,6,11,12,14,19,21,24],"killed_by":"Automaton","ascension_level":1}}