{"host":"yrtk68ixj64vhhh3","time":1613003127,"event":{"mods":["2.2 Compatiblity","AchievementEnabler","Aspiration","BaseMod","Better Altar","Better Match","Better Note","Better Silent Start","Better Skull","Better Third Choice","Colored Map","Colored Powertips","Conspire","Dio Mod","Downfall","Energized Spire","Hubris","Infinite Spire","Minty Spire (QoL Compilation)","Prisma Mod","RNG Fix","Random Character Button","Random Character Mod","Reliquary","StSLib","Steal the Spire","Td1madao Mod","The Animator","The Bug Knight","The Mystic","The Poker Player","The Wild Card","TheBandit","TheHero"],"gold_per_floor":[109,129,143,133,133,133,145,171,171,171,171,186,186,201,201,301,301,312,325,325,325,325,351,351,53,125,125,139,216,216,216],"floor_reached":30,"language":"ENG","playtime":3491,"items_purged":["Pain"],"score":300,"play_id":"f3626801-5f2d-43e5-b7e1-e99a92118005","local_time":"20210211132527","is_ascension_mode":false,"campfire_choices":[{"data":"mysticmod:KnowledgePool","floor":6,"key":"SMITH"},{"floor":11,"key":"REST"},{"floor":13,"key":"REST"},{"data":"mysticmod:Discipline","floor":15,"key":"SMITH"},{"floor":24,"key":"REST"},{"floor":27,"key":"REST"}],"circlet_count":0,"master_deck":["mysticmod:Strike_Mystic","mysticmod:Strike_Mystic","mysticmod:Strike_Mystic","mysticmod:Strike_Mystic","mysticmod:Defend_Mystic","mysticmod:Defend_Mystic","mysticmod:Defend_Mystic","mysticmod:Defend_Mystic","mysticmod:ArcaneDodge","mysticmod:ShockingGrasp","mysticmod:KnowledgePool+1","mysticmod:Riposte","mysticmod:PreparedCaster","mysticmod:BulkUp","mysticmod:LightningBolt","infinitespire:UltimateForm","mysticmod:ChargedParry","mysticmod:PureInstinct","mysticmod:LightningBolt","mysticmod:Discipline+1","mysticmod:EnchantedMoulinet","mysticmod:Stoneskin","mysticmod:EbbAndFlow","mysticmod:SuddenClarity","mysticmod:Flurry","Doubt","mysticmod:LightningBolt","hubris:Greed","hubris:Greed"],"relics":["mysticmod:SpellBook","Sundial","Bottled Lightning","Cursed Key","WarpedTongs","Nilry\u0027s Codex","reliquary:NewFriend","aspiration:Nostalgia","sneckomod:SneckoSoul","aspiration:SeaSaltIceCream","animator:TheMissingPiece"],"acts_visited":["Exordium","TheCity"],"potions_floor_usage":[16,16,16,16,16,16],"damage_taken":[{"damage":1,"enemies":"Cultist","floor":1,"turns":3},{"damage":5,"enemies":"Small Slimes","floor":2,"turns":3},{"damage":0,"enemies":"2 Louse","floor":3,"turns":3},{"damage":8,"enemies":"Exordium Thugs","floor":4,"turns":5},{"damage":4,"enemies":"Blue Slaver","floor":7,"turns":3},{"damage":34,"enemies":"HollowMod:MossKnight","floor":8,"turns":17},{"damage":2,"enemies":"Large Slime","floor":12,"turns":9},{"damage":0,"enemies":"Looter","floor":14,"turns":4},{"damage":0,"enemies":"Hexaghost","floor":16,"turns":8},{"damage":29,"enemies":"conspire:FuzzyDice","floor":18,"turns":10},{"damage":10,"enemies":"Spheric Guardian","floor":19,"turns":6},{"damage":6,"enemies":"conspire:Head Lice","floor":23,"turns":9},{"damage":42,"enemies":"Snake Plant","floor":28,"turns":7},{"damage":21,"enemies":"Centurion and Healer","floor":30,"turns":3}],"seed_played":"-2423786285432608477","potions_obtained":[{"floor":7,"key":"DuplicationPotion"},{"floor":8,"key":"bronze:BurnAndBuffPotion"},{"floor":10,"key":"PowerPotion"},{"floor":12,"key":"EntropicBrew"},{"floor":18,"key":"mysticmod:EssenceOfMagic"}],"is_trial":false,"path_per_floor":["M","M","M","M","?","R","M","E","T","?","R","M","R","M","R","B",null,"M","M","?","?","?","E","R","$","T","R","M","T","M"],"character_chosen":"MYSTIC_CLASS","items_purchased":["mysticmod:Flurry","aspiration:Nostalgia"],"campfire_rested":4,"item_purchase_floors":[25,25],"current_hp_per_floor":[76,71,71,63,44,44,40,6,6,6,29,27,50,50,50,50,77,48,38,38,38,22,16,39,39,39,62,20,20,0,0],"gold":216,"neow_bonus":"ONE_RANDOM_RARE_CARD","is_daily":false,"chose_seed":false,"campfire_upgraded":2,"win_rate":0.0,"timestamp":1613003127,"path_taken":["M","M","?","M","?","R","?","E","T","?","R","M","R","M","R","BOSS","M","M","?","?","?","E","R","$","T","R","?","?","M"],"items_purchased_type":["Card","Relic"],"build_version":"2020-12-22","purchased_purges":1,"victory":false,"max_hp_per_floor":[77,77,77,77,77,77,77,77,77,77,77,77,77,77,77,77,77,77,77,77,77,77,77,77,77,77,77,77,77,77,77],"card_choices":[{"not_picked":["mysticmod:IllusionOfCalm","mysticmod:Sideswipe"],"picked":"mysticmod:Riposte","floor":1},{"not_picked":["mysticmod:Riposte","mysticmod:Grapple"],"picked":"mysticmod:PreparedCaster","floor":2},{"not_picked":["mysticmod:SpellRecall","mysticmod:SuddenClarity"],"picked":"mysticmod:BulkUp","floor":3},{"not_picked":["mysticmod:Sideswipe","mysticmod:EarthenWall"],"picked":"mysticmod:LightningBolt","floor":4},{"not_picked":["infinitespire:FutureSight","infinitespire:Gouge"],"picked":"infinitespire:UltimateForm","floor":5},{"not_picked":["mysticmod:Riposte","mysticmod:PureInstinct"],"picked":"mysticmod:ChargedParry","floor":7},{"not_picked":["mysticmod:Snowball","mysticmod:BulkUp"],"picked":"mysticmod:PureInstinct","floor":8},{"not_picked":["mysticmod:Grapple","mysticmod:ComponentsPouch"],"picked":"mysticmod:LightningBolt","floor":12},{"not_picked":["mysticmod:EnergizedRift","mysticmod:TomeOfSpells"],"picked":"mysticmod:Discipline","floor":14},{"not_picked":["mysticmod:Discipline","mysticmod:KnowledgePool"],"picked":"mysticmod:EnchantedMoulinet","floor":16},{"not_picked":["mysticmod:BladeMaster","mysticmod:Fireball"],"picked":"mysticmod:Stoneskin","floor":18},{"not_picked":["mysticmod:Probe","mysticmod:DiviningBlow"],"picked":"mysticmod:EbbAndFlow","floor":19},{"not_picked":["mysticmod:Flourish","mysticmod:PowerSlash"],"picked":"mysticmod:SuddenClarity","floor":23},{"not_picked":["mysticmod:Probe+1","mysticmod:FiveFootStep"],"picked":"mysticmod:LightningBolt","floor":28}],"player_experience":832844,"relics_obtained":[{"floor":8,"key":"Sundial"},{"floor":9,"key":"Bottled Lightning"},{"floor":22,"key":"Nilry\u0027s Codex"},{"floor":23,"key":"reliquary:NewFriend"},{"floor":29,"key":"aspiration:SeaSaltIceCream"}],"event_choices":[{"damage_healed":0,"gold_gain":0,"player_choice":"Got Potions","damage_taken":0,"max_hp_gain":0,"max_hp_loss":0,"event_name":"Lab","floor":10,"gold_loss":0},{"damage_healed":0,"gold_gain":0,"player_choice":"Rummage","damage_taken":0,"relics_obtained":["WarpedTongs"],"max_hp_gain":0,"max_hp_loss":0,"event_name":"Accursed Blacksmith","floor":20,"gold_loss":0,"cards_obtained":["Pain"]},{"damage_healed":0,"gold_gain":0,"player_choice":"Ignored","damage_taken":0,"max_hp_gain":0,"max_hp_loss":0,"event_name":"betterNote:BetterNote","floor":21,"gold_loss":0,"cards_obtained":["PrismaMod:MiyuCheapChannelHeal"]},{"damage_healed":0,"gold_gain":0,"player_choice":"Obtained Book","damage_taken":16,"max_hp_gain":0,"max_hp_loss":0,"event_name":"Cursed Tome","floor":22,"gold_loss":0}],"is_beta":false,"boss_relics":[{"not_picked":["Philosopher\u0027s Stone","hubris:CrackedHourglass"],"picked":"Cursed Key"}],"items_purged_floors":[25],"is_endless":false,"potions_floor_spawned":[7,8,12,18],"killed_by":"Centurion and Healer","ascension_level":0}}