{"host":"1zjc08c6hob33401","time":1613042418,"event":{"mods":["AchievementEnabler","Act Like it!","Aspiration","BaseMod","Downfall","Elementarium","Energized Spire","Evolution","Friendly Minions","Gensokyo","GifTheSpireLib","Hubris","Infinite Spire","Jedi Mod","Menagerie","Minty Spire (QoL Compilation)","Pale of the Ancients","Quick Restart","Reliquary","Replay The Spire","Retaliation","Shop Mod","Spicy Shops","Spire Arcade","StS++","StSLib","Stuff the Spire","The Blue Laboratory","Wandering Minibosses","??????REMEMod"],"gold_per_floor":[117,127,63,63,63,63,95,170,245,264,284,117,117,142,142,214,214,234,214,225,244,244,272,272,272,272,272,272,272,272,285,126,141,141,242,242,253,270,7,7,20,20,20,20,102,113,141,141,167,167,167,167,167],"floor_reached":54,"language":"RUS","playtime":3357,"items_purged":[],"score":1867,"play_id":"9f17159a-242e-43f4-b4a9-414026142bee","local_time":"20210211132018","is_ascension_mode":true,"campfire_choices":[{"data":"Chill","floor":6.0,"key":"SMITH"},{"data":"Zap","floor":13.0,"key":"SMITH"},{"data":"jedi:locknload","floor":15.0,"key":"SMITH"},{"floor":24.0,"key":"REST"},{"floor":27.0,"key":"REST"},{"data":"hubris:PowerSurge","floor":34.0,"key":"SMITH"},{"data":"Creative AI","floor":42.0,"key":"SMITH"},{"data":"hubris:PowerSurge","floor":44.0,"key":"SMITH"},{"data":"Biased Cognition","floor":48.0,"key":"SMITH"},{"data":"infinitespire:Starlight","floor":51.0,"key":"SMITH"}],"circlet_count":0,"master_deck":["AscendersBane","Cold Snap","Compile Driver","Rebound","Barrage","Leap","jedi:BurstFrost","Zap+1","Dualcast","Judgement+1","jedi:sharpshooter","Chill+1","Go for the Eyes","Ball Lightning","StuffTheSpire:Coldhearted","jedi:locknload+1","Biased Cognition+1","StuffTheSpire:Synthwave+1","Elementarium:GildedEssence","Go for the Eyes+1","hubris:PowerSurge+1","infinitespire:Starlight+1","Capacitor","jedi:hex+1","hubris:PowerSurge+1","Leap","Electrodynamics","Creative AI+1","Undo+1","BasicCrystalCard","Coolheaded+1","Gensokyo:ReactiveArmor"],"relics":["Cracked Core","EVO:Axolotl","REME_ComplimentaryCards","DataDisk","StSpp:WoodenPendulum","StuffTheSpire:ColdMirror","jedi:fakemustache","infinitespire:PuzzleCube","energizedSpire:OgreHead","Replay:Baseball","hubris:DisguiseKit","Juzu Bracelet","TheAbacus","Elementarium:ElementariumTrophy","reliquary:Ember","hubris:MysteriousPyramids","StuffTheSpire:SapphireSignet","hubris:ToyBattleship","jedi:Pinwheel"],"acts_visited":["Gensokyo:Gensokyo","Elementarium:Elementarium","Gensokyo:Gensokyoest"],"potions_floor_usage":[],"damage_taken":[{"damage":6.0,"enemies":"Gensokyo:3_Fairies","floor":1.0,"turns":3.0},{"damage":0.0,"enemies":"Gensokyo:Python","floor":2.0,"turns":2.0},{"damage":10.0,"enemies":"Gensokyo:Cirno","floor":7.0,"turns":8.0},{"damage":3.0,"enemies":"Gensokyo:2_Kodama","floor":10.0,"turns":2.0},{"damage":0.0,"enemies":"Gensokyo:2_Rabbits","floor":11.0,"turns":3.0},{"damage":0.0,"enemies":"Gensokyo:Aya","floor":14.0,"turns":3.0},{"damage":35.0,"enemies":"Gensokyo:Kokoro","floor":16.0,"turns":6.0},{"damage":0.0,"enemies":"Elementarium:2_ELEMENTALS","floor":18.0,"turns":3.0},{"damage":0.0,"enemies":"Elementarium:MUD_AND_TAR_GOLEMS","floor":20.0,"turns":2.0},{"damage":3.0,"enemies":"Elementarium:CYCLONE_AND_LIVING_STORMCLOUD","floor":21.0,"turns":3.0},{"damage":40.0,"enemies":"Elementarium:ElementalPortal","floor":23.0,"turns":10.0},{"damage":0.0,"enemies":"Elementarium:3_ELEMENTALS","floor":31.0,"turns":3.0},{"damage":18.0,"enemies":"Elementarium:VoidBeast","floor":33.0,"turns":2.0},{"damage":0.0,"enemies":"Elementarium:GolemEmperor","floor":35.0,"turns":7.0},{"damage":0.0,"enemies":"Gensokyo:3_Boulders","floor":37.0,"turns":3.0},{"damage":0.0,"enemies":"Gensokyo:3_Bats","floor":38.0,"turns":2.0},{"damage":15.0,"enemies":"Gensokyo:Rafflesia","floor":41.0,"turns":4.0},{"damage":17.0,"enemies":"Gensokyo:Sharpion","floor":46.0,"turns":3.0},{"damage":1.0,"enemies":"Gensokyo:Doremy","floor":47.0,"turns":4.0},{"damage":14.0,"enemies":"Gensokyo:Marisa","floor":49.0,"turns":3.0},{"damage":34,"enemies":"Gensokyo:Scarlet_Devils","floor":52,"turns":8},{"damage":35,"enemies":"Gensokyo:Shinki","floor":53,"turns":7}],"seed_played":"-3719137410720931868","potions_obtained":[{"floor":7.0,"key":"blueLaboratory:SystemWipe"},{"floor":11.0,"key":"blueLaboratory:AbyssPotion"},{"floor":16.0,"key":"blueLaboratory:CoolantVial"},{"floor":20.0,"key":"Explosive Potion"},{"floor":33.0,"key":"REME_GoldPotion"},{"floor":35.0,"key":"blueLaboratory:BottledHope"},{"floor":37.0,"key":"Explosive Potion"},{"floor":46.0,"key":"jedi:coolantleak"}],"is_trial":false,"path_per_floor":["M","M","$","?","?","R","E","T","T","M","M","$","R","E","R","B",null,"M","?","M","M","AVR","E","R","?","T","R","T","PTL","PTL","M","$","M","R","B",null,"M","M","$","?","M","R","$","R","T","M","E","R","E","?","R","B","B",null],"character_chosen":"DEFECT","items_purchased":["Crystallizer+1","jedi:fakemustache","hubris:PowerSurge","TheAbacus","hubris:MysteriousPyramids"],"campfire_rested":2,"item_purchase_floors":[3,12,32,32,39],"current_hp_per_floor":[58,58,58,41,59,59,49,49,49,46,46,56,56,56,56,21,59,59,59,59,56,56,26,47,28,28,50,50,50,50,60,70,52,52,62,73,73,73,76,76,61,61,61,61,61,54,63,63,61,61,61,42,22],"gold":167,"neow_bonus":"UPGRADE_CARD","is_daily":false,"chose_seed":false,"campfire_upgraded":8,"win_rate":0.0,"timestamp":1613042418,"path_taken":["M","M","$","?","?","R","E","?","T","M","M","$","R","E","R","BOSS","M","?","M","M","AVR","E","R","?","T","R","?","PTL","PTL","M","$","M","R","BOSS","M","M","$","?","M","R","?","R","T","M","E","R","E","?","R","BOSS","BOSS"],"items_purchased_type":["Card","Relic","Card","Relic","Relic"],"build_version":"2020-12-22","purchased_purges":0,"victory":true,"max_hp_per_floor":[71,71,71,71,71,71,71,71,71,71,71,71,71,71,71,71,71,71,71,71,71,71,71,71,76,76,76,76,76,76,76,76,76,76,76,76,76,76,76,76,76,76,76,76,76,76,76,76,76,76,76,76,76],"card_choices":[{"not_picked":["Stack","Hello World"],"picked":"jedi:sharpshooter","floor":1.0},{"not_picked":["Redo","Doom and Gloom"],"picked":"Chill","floor":2.0},{"not_picked":["StuffTheSpire:NuclearReactor","Stack"],"picked":"Go for the Eyes","floor":7.0},{"not_picked":["Loop","Beam Cell","Barrage","Hologram"],"picked":"Ball Lightning","floor":10.0},{"not_picked":["StuffTheSpire:GlassShard","Hologram","Coolheaded","hubris:DoWhile"],"picked":"StuffTheSpire:Coldhearted","floor":11.0},{"not_picked":["Amplify","Beam Cell","StuffTheSpire:LoadUp","Redo"],"picked":"jedi:locknload","floor":14.0},{"not_picked":["jedi:darknesscall","ReplayRNGCard","REME_ForAll","Multi-Cast"],"picked":"Biased Cognition","floor":16.0},{"not_picked":["jedi:blockon","Skim","jedi:markofdeath","Consume+1"],"picked":"StuffTheSpire:Synthwave+1","floor":18.0},{"not_picked":["Double Energy","StuffTheSpire:NuclearReactor+1","Coolheaded","Chaos"],"picked":"Go for the Eyes+1","floor":20.0},{"not_picked":["Turbo","Hologram","Go for the Eyes","Stack"],"picked":"hubris:PowerSurge","floor":21.0},{"not_picked":["Conserve Battery","Steam","Chill","Crystallizer"],"picked":"Capacitor","floor":23.0},{"not_picked":["Leap+1","Redo","StuffTheSpire:Plugnplay","Compile Driver+1","Dagger Spray"],"picked":"jedi:hex+1","floor":31.0},{"not_picked":["Rebound","Gash","StuffTheSpire:LoadUp","Fission","Backflip"],"picked":"Leap","floor":33.0},{"not_picked":["Seek","StuffTheSpire:EventHorizon","StSpp:Converter","StuffTheSpire:ForEach","Tools of the Trade"],"picked":"Electrodynamics","floor":35.0},{"not_picked":["jedi:blockon","jedi:reiji","jedi:BurstLightning","Panic Button","Rip and Tear","Skewer"],"picked":"SKIP","floor":37.0},{"not_picked":["jedi:BurstFrost+1","StuffTheSpire:Plugnplay","Reprogram","Panic Button","Dagger Spray"],"picked":"Creative AI","floor":38.0},{"not_picked":["BasicCrystalCard","aspiration:Polymerization","REME_Whirling","Scrape","BootSequence+1","StSpp:FiercePoison"],"picked":"SKIP","floor":41.0},{"not_picked":["jedi:reiji","Tempest","Go for the Eyes","StuffTheSpire:NuclearReactor","StuffTheSpire:Python"],"picked":"Undo+1","floor":46.0},{"not_picked":["jedi:sharpshooter","Barrage","Stack","Ball Lightning","ReplayTheSpireMod:Exploit Weakness"],"picked":"BasicCrystalCard","floor":47.0},{"not_picked":["Stack","Aggregate","Leap","Gash","Blur"],"picked":"Coolheaded+1","floor":49.0}],"player_experience":757979,"relics_obtained":[{"floor":7.0,"key":"DataDisk"},{"floor":8.0,"key":"StSpp:WoodenPendulum"},{"floor":9.0,"key":"StuffTheSpire:ColdMirror"},{"floor":14.0,"key":"infinitespire:PuzzleCube"},{"floor":23.0,"key":"Replay:Baseball"},{"floor":26.0,"key":"hubris:DisguiseKit"},{"floor":28.0,"key":"Juzu Bracelet"},{"floor":45.0,"key":"StuffTheSpire:SapphireSignet"},{"floor":47.0,"key":"hubris:ToyBattleship"},{"floor":49.0,"key":"jedi:Pinwheel"}],"event_choices":[{"damage_healed":0.0,"max_hp_gain":0.0,"max_hp_loss":0.0,"gold_gain":0.0,"event_name":"Elementarium:OnrushingOffering","player_choice":"Toss","floor":19.0,"gold_loss":20.0,"damage_taken":0.0,"cards_obtained":["Elementarium:GildedEssence"]},{"damage_healed":0.0,"max_hp_gain":5.0,"max_hp_loss":0.0,"gold_gain":0.0,"event_name":"Elementarium:RadiantAltar","player_choice":"Sacrifice","floor":25.0,"gold_loss":0.0,"damage_taken":24.0}],"is_beta":false,"boss_relics":[{"not_picked":["energizedSpire:SpiderWeb","aspiration:PoetsPen_weak"],"picked":"energizedSpire:OgreHead"},{"not_picked":["Replay:Ancient Bell","hubris:HollowSoul"],"picked":"reliquary:Ember"}],"items_purged_floors":[],"is_endless":false,"potions_floor_spawned":[7,11,16,20,33,35,37,46],"ascension_level":20}}