{"host":"vyjryxuuuxkt43k4","time":1613007823,"event":{"mods":["AchievementEnabler","BaseMod","Colored Map","DeckTracker","Keyboard Shortcuts","Minty Spire (QoL Compilation)","Permanent Neow","Quick Restart","StSLib","SuperFastMode","everything is the same but u backflip on backflip"],"gold_per_floor":[113,113,263,1,12,12,12,12],"floor_reached":7,"language":"KOR","playtime":554,"items_purged":["Doubt"],"score":78,"play_id":"74e91a97-5262-44aa-84e2-6798f534be35","local_time":"20210211104343","is_ascension_mode":true,"campfire_choices":[{"data":"Bullet Time","floor":6,"key":"SMITH"}],"circlet_count":0,"master_deck":["AscendersBane","Strike_G","Strike_G","Strike_G","Strike_G","Defend_G","Defend_G","Defend_G","Defend_G","Defend_G","Survivor","Neutralize","Wraith Form v2","Flying Knee","Bullet Time+1","Dagger Spray","Well Laid Plans"],"relics":["Ring of the Snake","Medical Kit"],"acts_visited":["Exordium"],"potions_floor_usage":[],"damage_taken":[{"damage":4,"enemies":"Cultist","floor":1,"turns":7},{"damage":0,"enemies":"Small Slimes","floor":5,"turns":4},{"damage":62,"enemies":"Lagavulin","floor":7,"turns":11}],"seed_played":"6341896281806780782","potions_obtained":[],"is_trial":false,"path_per_floor":["M","?","?","$","M","R","E"],"character_chosen":"THE_SILENT","items_purchased":["Medical Kit","Dagger Spray"],"campfire_rested":0,"item_purchase_floors":[4,4],"current_hp_per_floor":[55,55,55,55,55,55,0,0],"gold":12,"neow_bonus":"ONE_RANDOM_RARE_CARD","is_daily":false,"chose_seed":false,"campfire_upgraded":1,"win_rate":0.0,"timestamp":1613007823,"path_taken":["M","?","?","$","M","R","E"],"items_purchased_type":["Relic","Card"],"build_version":"2020-12-22","purchased_purges":1,"victory":false,"max_hp_per_floor":[66,66,66,66,66,66,66,66],"card_choices":[{"not_picked":["Acrobatics","Backflip"],"picked":"Flying Knee","floor":1},{"not_picked":["Poisoned Stab","Slice"],"picked":"Well Laid Plans","floor":5}],"player_experience":914166,"relics_obtained":[],"event_choices":[{"damage_healed":0,"gold_gain":0,"cards_transformed":["Strike_G"],"player_choice":"Change","damage_taken":0,"max_hp_gain":0,"max_hp_loss":0,"event_name":"Living Wall","floor":2,"gold_loss":0,"cards_obtained":["Bullet Time"]},{"damage_healed":0,"gold_gain":150,"player_choice":"AGREE","damage_taken":0,"max_hp_gain":0,"max_hp_loss":0,"event_name":"Liars Game","floor":3,"gold_loss":0,"cards_obtained":["Doubt"]}],"is_beta":false,"boss_relics":[],"items_purged_floors":[4],"is_endless":false,"potions_floor_spawned":[],"killed_by":"Lagavulin","ascension_level":20}}