{"host":"xc18ixkpjvqrt8st","time":1613056463,"event":{"mods":["Act Like it!","BaseMod","Better Match","Better Third Choice","Conspire","Downfall","Hallownest","Hermit","Hubris","Minty Spire (QoL Compilation)","Reliquary","Robot Space Explorer","Shop Mod","Spicy Shops","Spire Arcade","StSLib","The Animator","The Edgeheg","The Jungle","The Sage"],"gold_per_floor":[112,112,112,21,21,21,34,81,81,81,111,125,1,28,28,130,130,142,142,153,2,29,29,70,70,70,70,110,110,110,122,122,122,122],"floor_reached":33,"language":"ENG","playtime":2276,"items_purged":[],"score":343,"play_id":"ba8b8183-9f1f-46dc-88c8-e958a3ccb54c","local_time":"20210211091423","is_ascension_mode":true,"campfire_choices":[{"floor":6,"key":"RECALL"},{"floor":10,"key":"REST"},{"floor":15,"key":"REST"},{"floor":23,"key":"REST"},{"floor":27,"key":"REST"},{"floor":29,"key":"REST"},{"floor":32,"key":"REST"}],"circlet_count":0,"master_deck":["animator:Strike_MadokaMagica","animator:Defend_MadokaMagica","animator:Strike","animator:Strike+1","animator:Strike","animator:Defend","animator:Defend","animator:Defend","animator:IrohaTamaki+1","animator:YuiTsuruno","animator:Sebas","animator:Emilia+1","animator:IrohaTamaki","animator:KyokoSakura","animator:NagisaMomoe","animator:LeleiLaLalena","animator:SwordMaiden","animator:Entoma+1","animator:MumenRider","animator:Boros","animator:NarberalGamma","animator:NagisaMomoe","animator:YachiyoNanami","animator:Geryuganshoop","animator:LizardPriest","animator:MamiTomoe"],"relics":["animator:LivingPicture","animator:TheMissingPiece","reliquary:TuningFork","Hallownest:DreamNailRelic","sagemod:Creepy_Carousel","reliquary:PorcupineQuills","Tiny Chest","conspire:SpecialSausage","reliquary:Stiletto","Darkstone Periapt","reliquary:QuartzCube","Boot"],"acts_visited":["Hallownest:Greenpath","TheCity"],"potions_floor_usage":[8,11,24,24],"damage_taken":[{"damage":4,"enemies":"Hallownest:monsterHuskGuard","floor":1,"turns":6},{"damage":6,"enemies":"Hallownest:2_Tiktiks_and_1_Crawlid","floor":7,"turns":5},{"damage":18,"enemies":"Hallownest:eliteMossKnight","floor":8,"turns":11},{"damage":16,"enemies":"Hallownest:eliteCrystalGuardian","floor":11,"turns":5},{"damage":0,"enemies":"Hallownest:2_Baldur","floor":12,"turns":3},{"damage":10,"enemies":"Hallownest:monsterFoolEater","floor":14,"turns":4},{"damage":22,"enemies":"Hallownest:BossHornet","floor":16,"turns":16},{"damage":11,"enemies":"Shell Parasite","floor":18,"turns":5},{"damage":41,"enemies":"3 Byrds","floor":20,"turns":4},{"damage":35,"enemies":"Centurion and Healer","floor":22,"turns":8},{"damage":12,"enemies":"conspire:SneckoGhost","floor":24,"turns":10},{"damage":33,"enemies":"Slavers","floor":28,"turns":6},{"damage":16,"enemies":"Snecko","floor":31,"turns":6},{"damage":79,"enemies":"Automaton","floor":33,"turns":6}],"seed_played":"377276794994049387","potions_obtained":[{"floor":1,"key":"FearPotion"},{"floor":8,"key":"Fruit Juice"},{"floor":20,"key":"Strength Potion"},{"floor":22,"key":"Energy Potion"}],"is_trial":false,"path_per_floor":["M","?","?","$","?","R","M","E","T","R","E","M","$","M","R","B",null,"M","?","M","$","M","R","E","T","T","R","E","R","?","M","R","B"],"character_chosen":"THE_ANIMATOR","items_purchased":["reliquary:TuningFork","animator:Emilia","animator:SwordMaiden","animator:Entoma","reliquary:Stiletto"],"campfire_rested":6,"item_purchase_floors":[4,4,13,13,21],"current_hp_per_floor":[68,68,68,68,68,68,62,49,49,72,57,57,57,47,70,49,79,73,73,40,40,11,35,29,29,29,53,23,47,47,37,61,0,0],"gold":122,"neow_bonus":"TEN_PERCENT_HP_BONUS","is_daily":false,"chose_seed":false,"campfire_upgraded":0,"win_rate":0.0,"timestamp":1613056463,"path_taken":["M","?","?","$","?","R","M","E","T","R","E","M","$","?","R","BOSS","M","?","M","?","M","R","E","?","T","R","E","R","?","?","R","BOSS"],"items_purchased_type":["Relic","Card","Card","Card","Relic"],"build_version":"2020-12-22","purchased_purges":0,"victory":false,"max_hp_per_floor":[72,72,72,72,72,72,72,77,77,77,78,78,78,78,78,79,79,79,79,81,81,81,81,81,81,81,81,81,81,81,82,82,82,82],"card_choices":[{"not_picked":["animator:MumenRider","animator:ShinjiMatou"],"picked":"animator:Sebas","floor":1},{"not_picked":["animator:Assassin","animator:CowGirl"],"picked":"animator:IrohaTamaki","floor":7},{"not_picked":["animator:Tyuule","animator:NarberalGamma"],"picked":"animator:KyokoSakura","floor":8},{"not_picked":["animator:OrikoMikuni","animator:KyokoSakura"],"picked":"animator:NagisaMomoe","floor":11},{"not_picked":["animator:TukaLunaMarceau","animator:Tet"],"picked":"animator:LeleiLaLalena","floor":12},{"not_picked":["animator:YuiTsuruno","animator:OrikoMikuni"],"picked":"animator:MumenRider","floor":14},{"not_picked":["animator:Albedo","animator:Kyubey"],"picked":"animator:Boros","floor":16},{"not_picked":["animator:Spearman","animator:KyokoSakura+1"],"picked":"animator:NarberalGamma","floor":18},{"not_picked":["animator:YuiTsuruno","animator:KyokoSakura"],"picked":"animator:NagisaMomoe","floor":20},{"not_picked":["animator:SuzuneAmano+1","animator:DolaRiku"],"picked":"animator:YachiyoNanami","floor":22},{"not_picked":["animator:SilverFang+1","animator:Genos"],"picked":"animator:Geryuganshoop","floor":24},{"not_picked":["animator:SuzuneAmano","animator:NarberalGamma"],"picked":"animator:LizardPriest","floor":28},{"not_picked":["animator:NagisaMomoe","animator:SuzuneAmano"],"picked":"animator:MamiTomoe","floor":31}],"player_experience":700911,"relics_obtained":[{"floor":8,"key":"sagemod:Creepy_Carousel"},{"floor":9,"key":"reliquary:PorcupineQuills"},{"floor":11,"key":"Tiny Chest"},{"floor":24,"key":"Darkstone Periapt"},{"floor":25,"key":"reliquary:QuartzCube"},{"floor":28,"key":"Boot"}],"event_choices":[{"damage_healed":0,"gold_gain":0,"player_choice":"Upgraded","damage_taken":0,"max_hp_gain":0,"max_hp_loss":0,"event_name":"Upgrade Shrine","floor":19,"gold_loss":0,"cards_upgraded":["animator:Emilia"]},{"damage_healed":0,"gold_gain":0,"player_choice":"Ignored","damage_taken":0,"max_hp_gain":0,"max_hp_loss":0,"event_name":"Transmorgrifier","floor":30,"gold_loss":0}],"is_beta":false,"boss_relics":[{"not_picked":["Black Star","conspire:RoyalGoblet"],"picked":"conspire:SpecialSausage"}],"items_purged_floors":[],"is_endless":false,"potions_floor_spawned":[1,8,20,22],"killed_by":"Automaton","ascension_level":2}}