{"host":"mnpd8gh7cwxsn5kh","time":1613046383,"event":{"mods":["BaseMod","Bestiary","Block Reminder","Colored Map","Colored Powertips","Highlight Path","Minty Spire (QoL Compilation)","Relic Sorter","Relic Stats"],"gold_per_floor":[115,129,129,147,3,3,31,31,108,139,187,210,222,254,266,355,367,398,410,422,448,153,153,71,71,71,71,71,98,98,130,130,205,205,255,270,78,78,123,157,157,190,190,215,215,246,246,246,246,246],"floor_reached":51,"language":"ENG","playtime":4042,"items_purged":["Strike_P","Strike_P"],"score":1282,"play_id":"f50e4845-04c0-41c6-9800-5b9797572647","local_time":"20210211132623","is_ascension_mode":true,"campfire_choices":[{"data":"Eruption","floor":6,"key":"SMITH"},{"data":"Evaluate","floor":8,"key":"SMITH"},{"floor":13,"key":"REST"},{"data":"Wish","floor":15,"key":"SMITH"},{"data":"TalkToTheHand","floor":23,"key":"SMITH"},{"data":"BattleHymn","floor":25,"key":"SMITH"},{"data":"SpiritShield","floor":30,"key":"SMITH"},{"data":"Wallop","floor":32,"key":"SMITH"},{"data":"Blasphemy","floor":41,"key":"SMITH"},{"data":"Alpha","floor":45,"key":"SMITH"},{"data":"SpiritShield","floor":47,"key":"SMITH"},{"data":"Meditate","floor":49,"key":"SMITH"}],"circlet_count":0,"master_deck":["AscendersBane","Strike_P+1","Defend_P","Defend_P","Defend_P","Defend_P","Eruption+1","Vigilance","BowlingBash+1","Evaluate+1","Ragnarok","FearNoEvil","Protect","Wish+1","Meditate+1","FlurryOfBlows","Wallop+1","SpiritShield+1","Protect","TalkToTheHand+1","CutThroughFate","CutThroughFate","BattleHymn+1","BowlingBash+1","EmptyFist","Blasphemy+1","WheelKick+1","BattleHymn","TalkToTheHand+1","Alpha+1","SpiritShield+1"],"relics":["PureWater","Potion Belt","Eternal Feather","MawBank","Coffee Dripper","Whetstone","Vajra","StoneCalendar","Nilry\u0027s Codex","Nunchaku","Ornamental Fan","SacredBark","Anchor","Thread and Needle","Prayer Wheel","Oddly Smooth Stone","CaptainsWheel","Toy Ornithopter"],"acts_visited":["Exordium","TheCity","TheBeyond"],"potions_floor_usage":[7,12,16,29,33,35,42,50,50],"damage_taken":[{"damage":4,"enemies":"Small Slimes","floor":1,"turns":4},{"damage":0,"enemies":"Cultist","floor":2,"turns":2},{"damage":0,"enemies":"Jaw Worm","floor":4,"turns":4},{"damage":26,"enemies":"3 Sentries","floor":7,"turns":11},{"damage":36,"enemies":"Gremlin Nob","floor":10,"turns":3},{"damage":4,"enemies":"Exordium Wildlife","floor":11,"turns":4},{"damage":0,"enemies":"2 Fungi Beasts","floor":12,"turns":3},{"damage":1,"enemies":"Large Slime","floor":14,"turns":9},{"damage":0,"enemies":"Slime Boss","floor":16,"turns":5},{"damage":13,"enemies":"Chosen","floor":18,"turns":6},{"damage":0,"enemies":"Shell Parasite","floor":21,"turns":7},{"damage":16,"enemies":"Book of Stabbing","floor":29,"turns":6},{"damage":22,"enemies":"Gremlin Leader","floor":31,"turns":6},{"damage":1,"enemies":"Champ","floor":33,"turns":10},{"damage":0,"enemies":"3 Darklings","floor":35,"turns":2},{"damage":0,"enemies":"3 Shapes","floor":36,"turns":4},{"damage":0,"enemies":"3 Darklings","floor":39,"turns":4},{"damage":21,"enemies":"Giant Head","floor":40,"turns":8},{"damage":10,"enemies":"Reptomancer","floor":42,"turns":5},{"damage":7,"enemies":"Mind Bloom Boss Battle","floor":44,"turns":7},{"damage":5,"enemies":"Nemesis","floor":46,"turns":5},{"damage":53,"enemies":"Time Eater","floor":50,"turns":13}],"seed_played":"-5331675425762049704","potions_obtained":[{"floor":2,"key":"LiquidBronze"},{"floor":4,"key":"AttackPotion"},{"floor":11,"key":"Explosive Potion"},{"floor":12,"key":"ColorlessPotion"},{"floor":29,"key":"EssenceOfSteel"},{"floor":33,"key":"AttackPotion"},{"floor":35,"key":"BottledMiracle"},{"floor":42,"key":"SpeedPotion"},{"floor":44,"key":"BottledMiracle"}],"is_trial":false,"path_per_floor":["M","M","?","M","$","R","E","R","T","E","M","M","R","M","R","B",null,"M","T","?","M","$","R","$","R","T","?","?","E","R","E","R","B",null,"M","M","$","?","M","E","R","E","T","?","R","E","R","?","R","B",null],"character_chosen":"WATCHER","items_purchased":["FearNoEvil","Vajra","CutThroughFate","BattleHymn","Anchor","BattleHymn"],"campfire_rested":1,"item_purchase_floors":[5,22,22,24,37,37],"current_hp_per_floor":[61,61,72,72,72,72,46,46,46,10,6,6,36,35,44,44,65,52,52,52,52,52,64,64,72,72,72,56,40,52,30,45,44,65,65,65,65,65,65,44,62,52,52,45,63,58,72,72,72,29],"gold":246,"neow_bonus":"TRANSFORM_CARD","is_daily":false,"chose_seed":false,"campfire_upgraded":11,"win_rate":0.0,"timestamp":1613046383,"path_taken":["M","M","?","M","$","R","E","R","T","E","M","?","R","M","R","BOSS","M","?","?","M","$","R","?","R","T","?","?","E","R","E","R","BOSS","M","M","$","?","M","E","R","E","T","?","R","E","R","?","R","BOSS"],"items_purchased_type":["Card","Relic","Card","Card","Relic","Card"],"build_version":"2020-12-22","purchased_purges":2,"victory":true,"max_hp_per_floor":[72,72,72,72,72,72,72,72,72,72,72,72,72,72,72,72,72,72,72,72,72,72,72,72,72,72,72,72,72,72,72,72,72,72,72,72,72,72,72,72,72,72,72,72,72,72,72,72,72,72],"relic_stats":{"Nunchaku":[15],"counters":[22,128],"Ornamental Fan":[112],"Eternal Feather":115,"StoneCalendar":[208],"Prayer Wheel":0,"Whetstone":["BowlingBash","Strike_P"],"MawBank":144,"obtain_stats":[{"Potion Belt":7,"Nilry\u0027s Codex":28,"SacredBark":34,"Vajra":22,"Oddly Smooth Stone":43,"Eternal Feather":9,"StoneCalendar":26,"Thread and Needle":40,"Whetstone":19,"MawBank":10,"Nunchaku":29,"Anchor":37,"CaptainsWheel":44,"Ornamental Fan":31,"Prayer Wheel":42,"Coffee Dripper":17,"PureWater":0,"Toy Ornithopter":46},{"Potion Belt":4,"Nilry\u0027s Codex":11,"SacredBark":14,"Vajra":11,"Oddly Smooth Stone":19,"Eternal Feather":4,"StoneCalendar":11,"Thread and Needle":18,"Whetstone":10,"MawBank":5,"Nunchaku":12,"Anchor":16,"CaptainsWheel":20,"Ornamental Fan":13,"Prayer Wheel":19,"Coffee Dripper":9,"PureWater":0,"Toy Ornithopter":21},{"Potion Belt":21,"Nilry\u0027s Codex":58,"SacredBark":80,"Vajra":58,"Oddly Smooth Stone":103,"Eternal Feather":21,"StoneCalendar":58,"Thread and Needle":98,"Whetstone":51,"MawBank":24,"Nunchaku":64,"Anchor":86,"CaptainsWheel":110,"Ornamental Fan":70,"Prayer Wheel":103,"Coffee Dripper":45,"PureWater":0,"Toy Ornithopter":115}],"Toy Ornithopter":10},"card_choices":[{"not_picked":["FlyingSleeves","Protect"],"picked":"BowlingBash","floor":1},{"not_picked":["Halt","Protect"],"picked":"Evaluate","floor":2},{"not_picked":["ClearTheMind","Protect"],"picked":"Ragnarok","floor":4},{"not_picked":["Evaluate","BowlingBash"],"picked":"Protect","floor":7},{"not_picked":["EmptyBody","Collect"],"picked":"Wish","floor":10},{"not_picked":["CrushJoints","FollowUp"],"picked":"Meditate","floor":11},{"not_picked":["EmptyFist","Adaptation"],"picked":"FlurryOfBlows","floor":12},{"not_picked":["Weave","ClearTheMind"],"picked":"Wallop","floor":14},{"not_picked":["Scrawl","Alpha"],"picked":"SpiritShield","floor":16},{"not_picked":["BowlingBash","ClearTheMind"],"picked":"Protect","floor":18},{"not_picked":["WaveOfTheHand+1","ThirdEye"],"picked":"CutThroughFate","floor":21},{"not_picked":["FlyingSleeves","Omniscience"],"picked":"BowlingBash+1","floor":29},{"not_picked":["SandsOfTime","Nirvana"],"picked":"EmptyFist","floor":31},{"not_picked":["ConjureBlade","Omniscience"],"picked":"Blasphemy","floor":33},{"not_picked":["JustLucky","BowlingBash","FollowUp"],"picked":"SKIP","floor":35},{"not_picked":["Vengeance+1","FollowUp+1"],"picked":"WheelKick+1","floor":36},{"not_picked":["FlyingSleeves","Weave"],"picked":"TalkToTheHand+1","floor":39},{"not_picked":["ClearTheMind","Judgement"],"picked":"Alpha","floor":40},{"not_picked":["EmptyFist+1","FollowUp","BowlingBash"],"picked":"SKIP","floor":42},{"not_picked":["DeceiveReality","Brilliance"],"picked":"SpiritShield","floor":46}],"player_experience":445942,"relics_obtained":[{"floor":7,"key":"Potion Belt"},{"floor":9,"key":"Eternal Feather"},{"floor":10,"key":"MawBank"},{"floor":19,"key":"Whetstone"},{"floor":26,"key":"StoneCalendar"},{"floor":28,"key":"Nilry\u0027s Codex"},{"floor":29,"key":"Nunchaku"},{"floor":31,"key":"Ornamental Fan"},{"floor":40,"key":"Thread and Needle"},{"floor":42,"key":"Prayer Wheel"},{"floor":43,"key":"Oddly Smooth Stone"},{"floor":44,"key":"CaptainsWheel"},{"floor":46,"key":"Toy Ornithopter"}],"event_choices":[{"cards_removed":["WreathOfFlame"],"damage_healed":11,"gold_gain":0,"player_choice":"Offered Uncommon","damage_taken":0,"max_hp_gain":0,"max_hp_loss":0,"event_name":"Bonfire Elementals","floor":3,"gold_loss":0},{"damage_healed":0,"gold_gain":0,"player_choice":"Read","damage_taken":0,"max_hp_gain":0,"max_hp_loss":0,"event_name":"The Library","floor":20,"gold_loss":0,"cards_obtained":["TalkToTheHand"]},{"damage_healed":0,"gold_gain":0,"player_choice":"Ignored","damage_taken":0,"max_hp_gain":0,"max_hp_loss":0,"event_name":"Ghosts","floor":27,"gold_loss":0},{"damage_healed":0,"gold_gain":0,"player_choice":"Obtained Book","damage_taken":16,"max_hp_gain":0,"max_hp_loss":0,"event_name":"Cursed Tome","floor":28,"gold_loss":0},{"damage_healed":0,"gold_gain":0,"player_choice":"Memory 1","damage_taken":0,"max_hp_gain":0,"max_hp_loss":0,"event_name":"SensoryStone","floor":38,"gold_loss":0},{"damage_healed":0,"gold_gain":0,"player_choice":"Fight","damage_taken":0,"max_hp_gain":0,"max_hp_loss":0,"event_name":"MindBloom","floor":44,"gold_loss":0},{"damage_healed":0,"gold_gain":0,"player_choice":"Ignored","damage_taken":0,"max_hp_gain":0,"max_hp_loss":0,"event_name":"Tomb of Lord Red Mask","floor":48,"gold_loss":0}],"is_beta":false,"boss_relics":[{"not_picked":["Calling Bell","Philosopher\u0027s Stone"],"picked":"Coffee Dripper"},{"not_picked":["Velvet Choker","Runic Dome"],"picked":"SacredBark"}],"items_purged_floors":[5,22],"is_endless":false,"potions_floor_spawned":[2,4,11,12,29,33,35,42,44],"ascension_level":13}}