{"host":"1mv6gj0zv8k9e9tz","time":1613056003,"event":{"mods":["AchievementEnabler","BaseMod","Better Third Choice","Colored Map","DeckTracker","Highlight Path","KOR Keyword Fix","Keyboard Shortcuts","Minty Spire (QoL Compilation)","Permanent Neow","Quick Restart","Rare Cards Sparkle","StSLib","SuperFastMode","everything is the same but u backflip on backflip"],"gold_per_floor":[114,114,114,135,57,96,96,127,127,127,207,227,227,245,245,343,406,421,444,458,474,497,497,55,74,74,74,74,74,93,113,113,207,207,232,246,271,292,658,693,693,693,693,714,749,749,749,769,769,769,769,769,79,122,122,122],"floor_reached":55,"language":"KOR","playtime":1970,"items_purged":["Defend_B"],"score":1578,"play_id":"9897b89a-6dc6-4e38-ba0d-122190f65f4f","local_time":"20210212000643","is_ascension_mode":true,"campfire_choices":[{"floor":7.0,"key":"REST"},{"data":"Defragment","floor":10.0,"key":"SMITH"},{"data":"Defragment","floor":13.0,"key":"SMITH"},{"data":"Capacitor","floor":15.0,"key":"SMITH"},{"data":"Defragment","floor":23.0,"key":"SMITH"},{"data":"Buffer","floor":29.0,"key":"SMITH"},{"data":"Dualcast","floor":32.0,"key":"SMITH"},{"data":"Consume","floor":41.0,"key":"SMITH"},{"data":"Coolheaded","floor":47.0,"key":"SMITH"},{"floor":49.0,"key":"RECALL"},{"data":"Capacitor","floor":52.0,"key":"SMITH"}],"circlet_count":0,"master_deck":["AscendersBane","Strike_B+1","Strike_B+1","Strike_B+1","Defend_B","Defend_B","Defend_B","Zap","Dualcast+1","Lockon","Chill","Defragment+1","Capacitor+1","Defragment+1","Cold Snap","Buffer+1","Glacier","Redo+1","Defragment+1","Electrodynamics","Ball Lightning","BootSequence","Coolheaded+1","Consume+1","Echo Form","Madness","Madness","Capacitor+1","Conserve Battery","PanicButton"],"relics":["Cracked Core","NeowsBlessing","Golden Idol","Singing Bowl","Bird Faced Urn","Strawberry","Tiny House","Runic Capacitor","Matryoshka","Cables","Nuclear Battery","Old Coin","Boot","Letter Opener","StoneCalendar","Pen Nib","Medical Kit","Lantern","Blood Vial"],"acts_visited":["TheCity","TheBeyond","TheEnding"],"potions_floor_usage":[54,54],"damage_taken":[{"damage":0.0,"enemies":"Jaw Worm","floor":1.0,"turns":1.0},{"damage":0.0,"enemies":"Small Slimes","floor":4.0,"turns":1.0},{"damage":0.0,"enemies":"Gremlin Nob","floor":6.0,"turns":1.0},{"damage":14.0,"enemies":"3 Sentries","floor":8.0,"turns":12.0},{"damage":2.0,"enemies":"Cultist","floor":12.0,"turns":3.0},{"damage":7.0,"enemies":"Exordium Wildlife","floor":14.0,"turns":3.0},{"damage":23.0,"enemies":"The Guardian","floor":16.0,"turns":10.0},{"damage":14.0,"enemies":"3 Byrds","floor":18.0,"turns":8.0},{"damage":11.0,"enemies":"Shell Parasite","floor":19.0,"turns":9.0},{"damage":8.0,"enemies":"3 Cultists","floor":20.0,"turns":8.0},{"damage":19.0,"enemies":"Snake Plant","floor":21.0,"turns":6.0},{"damage":33.0,"enemies":"Sentry and Sphere","floor":22.0,"turns":8.0},{"damage":0.0,"enemies":"Snecko","floor":25.0,"turns":7.0},{"damage":19.0,"enemies":"Centurion and Healer","floor":30.0,"turns":7.0},{"damage":0.0,"enemies":"Cultist and Chosen","floor":31.0,"turns":4.0},{"damage":0.0,"enemies":"Champ","floor":33.0,"turns":9.0},{"damage":6.0,"enemies":"3 Shapes","floor":35.0,"turns":4.0},{"damage":20.0,"enemies":"3 Darklings","floor":36.0,"turns":4.0},{"damage":18.0,"enemies":"Writhing Mass","floor":37.0,"turns":6.0},{"damage":0.0,"enemies":"Maw","floor":38.0,"turns":7.0},{"damage":12.0,"enemies":"2 Orb Walkers","floor":39.0,"turns":4.0},{"damage":20.0,"enemies":"Nemesis","floor":40.0,"turns":9.0},{"damage":70.0,"enemies":"Jaw Worm Horde","floor":44.0,"turns":6.0},{"damage":0.0,"enemies":"Giant Head","floor":45.0,"turns":8.0},{"damage":16.0,"enemies":"4 Shapes","floor":48.0,"turns":4.0},{"damage":12.0,"enemies":"Donu and Deca","floor":50.0,"turns":8.0},{"damage":84,"enemies":"Shield and Spear","floor":54,"turns":5},{"damage":67,"enemies":"The Heart","floor":55,"turns":2}],"seed_played":"6916037099647381142","potions_obtained":[{"floor":1.0,"key":"SpeedPotion"},{"floor":4.0,"key":"SteroidPotion"},{"floor":14.0,"key":"LiquidBronze"},{"floor":17.0,"key":"DistilledChaos"},{"floor":19.0,"key":"LiquidMemories"},{"floor":22.0,"key":"SkillPotion"},{"floor":30.0,"key":"SpeedPotion"},{"floor":31.0,"key":"LiquidMemories"},{"floor":35.0,"key":"ColorlessPotion"},{"floor":37.0,"key":"Regen Potion"},{"floor":38.0,"key":"FocusPotion"},{"floor":48.0,"key":"Explosive Potion"}],"is_trial":false,"path_per_floor":["M","?","?","M","$","E","R","E","T","R","T","M","R","M","R","B",null,"M","M","M","M","M","R","$","M","T","$","?","R","M","M","R","B",null,"M","M","M","M","?","E","R","?","T","M","E","?","R","M","R","B",null,"R","$","E","B"],"character_chosen":"DEFECT","items_purchased":["Defragment","Runic Capacitor","Matryoshka","Medical Kit","FocusPotion","DuplicationPotion","Conserve Battery","Lantern","PanicButton"],"campfire_rested":1,"item_purchase_floors":[5,24,24,53,53,53,53,53,53],"current_hp_per_floor":[64,43,19,19,19,19,40,28,35,35,35,37,37,34,34,17,69,61,60,60,51,28,28,28,42,42,42,42,42,37,47,47,61,87,93,83,79,91,97,89,89,71,71,27,45,47,47,37,37,41,89,89,89,17,0,0],"gold":122,"neow_bonus":"THREE_ENEMY_KILL","is_daily":false,"chose_seed":false,"campfire_upgraded":9,"win_rate":0.0,"timestamp":1613056003,"path_taken":["M","?","?","?","?","E","R","E","T","R","?","M","R","M","R","BOSS","M","M","M","M","M","R","$","M","T","$","?","R","M","M","R","BOSS","M","M","?","M","?","E","R","?","T","M","E","?","R","M","R","BOSS","R","$","E","BOSS"],"items_purchased_type":["Card","Relic","Relic","Relic","Potion","Potion","Card","Relic","Card"],"build_version":"2020-12-22","purchased_purges":1,"victory":false,"max_hp_per_floor":[71,71,71,71,71,71,71,73,80,80,80,80,80,80,80,80,85,85,87,87,89,89,89,89,91,91,91,91,91,93,93,93,95,95,97,97,99,99,99,99,99,99,99,101,103,105,105,105,105,105,105,105,105,107,107,107],"card_choices":[{"not_picked":["Lockon","Auto Shields","Reinforced Body"],"picked":"SKIP","floor":1.0},{"not_picked":["Auto Shields","Reinforced Body"],"picked":"Lockon","floor":1.0},{"not_picked":["Barrage","Sweeping Beam"],"picked":"Chill","floor":4.0},{"not_picked":["Leap","Sweeping Beam"],"picked":"Capacitor","floor":6.0},{"not_picked":["Reinforced Body","Leap","Genetic Algorithm"],"picked":"Singing Bowl","floor":8.0},{"not_picked":["Streamline","Loop"],"picked":"Defragment","floor":12.0},{"not_picked":["Amplify","Go for the Eyes"],"picked":"Cold Snap","floor":14.0},{"not_picked":["Rainbow","Seek"],"picked":"Buffer","floor":16.0},{"not_picked":["Streamline","Reinforced Body"],"picked":"Glacier","floor":17.0},{"not_picked":["Undo+1","Sweeping Beam"],"picked":"Redo+1","floor":18.0},{"not_picked":["Conserve Battery","Undo","Beam Cell"],"picked":"Singing Bowl","floor":19.0},{"not_picked":["Static Discharge","Hologram"],"picked":"Defragment","floor":20.0},{"not_picked":["Static Discharge","Gash","Go for the Eyes"],"picked":"Singing Bowl","floor":21.0},{"not_picked":["Barrage","Compile Driver"],"picked":"Electrodynamics","floor":22.0},{"not_picked":["Streamline","Redo","Rip and Tear"],"picked":"Singing Bowl","floor":25.0},{"not_picked":["Streamline","Genetic Algorithm","Gash"],"picked":"Singing Bowl","floor":30.0},{"not_picked":["Conserve Battery","Cold Snap"],"picked":"Ball Lightning","floor":31.0},{"not_picked":["Thunder Strike","All For One","Machine Learning"],"picked":"Singing Bowl","floor":33.0},{"not_picked":["Compile Driver","Recycle+1","Sunder+1"],"picked":"Singing Bowl","floor":35.0},{"not_picked":["FTL","Chaos"],"picked":"BootSequence","floor":36.0},{"not_picked":["Steam","Hologram","Turbo"],"picked":"Singing Bowl","floor":37.0},{"not_picked":["Compile Driver","Storm"],"picked":"Coolheaded","floor":38.0},{"not_picked":["Fusion+1","Coolheaded"],"picked":"Consume","floor":39.0},{"not_picked":["Rebound","Scrape+1"],"picked":"Echo Form","floor":40.0},{"not_picked":["Rebound","Steam","Compile Driver"],"picked":"Singing Bowl","floor":44.0},{"not_picked":["Genetic Algorithm+1","BootSequence","Leap"],"picked":"Singing Bowl","floor":45.0},{"not_picked":["Sadistic Nature","Purity","Mind Blast"],"picked":"Singing Bowl","floor":46.0},{"not_picked":["Rebound","Tempest"],"picked":"Capacitor","floor":48.0},{"not_picked":["Stack","Streamline","FTL"],"picked":"Singing Bowl","floor":54}],"player_experience":641882,"relics_obtained":[{"floor":6.0,"key":"Singing Bowl"},{"floor":8.0,"key":"Bird Faced Urn"},{"floor":9.0,"key":"Strawberry"},{"floor":26.0,"key":"Cables"},{"floor":39.0,"key":"Old Coin"},{"floor":40.0,"key":"Boot"},{"floor":43.0,"key":"Letter Opener"},{"floor":43.0,"key":"StoneCalendar"},{"floor":45.0,"key":"Pen Nib"},{"floor":54,"key":"Blood Vial"}],"event_choices":[{"damage_healed":64.0,"max_hp_gain":0.0,"max_hp_loss":71.0,"gold_gain":0.0,"event_name":"betterThird:BetterShining","player_choice":"Upgrade","floor":2.0,"gold_loss":0.0,"damage_taken":21.0,"cards_upgraded":["Strike_B","Strike_B"]},{"damage_healed":0.0,"max_hp_gain":0.0,"max_hp_loss":0.0,"gold_gain":0.0,"event_name":"Golden Idol","player_choice":"Take Damage","floor":3.0,"gold_loss":0.0,"damage_taken":24.0,"relics_obtained":["Golden Idol"]},{"cards_removed":["Strike_B"],"damage_healed":0.0,"max_hp_gain":0.0,"max_hp_loss":0.0,"gold_gain":0.0,"event_name":"Wheel of Change","player_choice":"Card Removal","floor":28.0,"gold_loss":0.0,"damage_taken":0.0},{"damage_healed":0.0,"max_hp_gain":0.0,"max_hp_loss":0.0,"gold_gain":0.0,"event_name":"Mysterious Sphere","player_choice":"Fight","floor":39.0,"gold_loss":0.0,"damage_taken":0.0},{"damage_healed":0.0,"max_hp_gain":0.0,"max_hp_loss":0.0,"gold_gain":0.0,"event_name":"Winding Halls","player_choice":"Embrace Madness","floor":42.0,"gold_loss":0.0,"damage_taken":18.0,"cards_obtained":["Madness","Madness"]},{"damage_healed":0.0,"max_hp_gain":0.0,"max_hp_loss":0.0,"gold_gain":0.0,"event_name":"SensoryStone","player_choice":"Memory 1","floor":46.0,"gold_loss":0.0,"damage_taken":0.0}],"is_beta":false,"boss_relics":[{"not_picked":["Ectoplasm","Cursed Key"],"picked":"Tiny House"},{"not_picked":["SacredBark","Calling Bell"],"picked":"Nuclear Battery"}],"items_purged_floors":[53],"is_endless":false,"potions_floor_spawned":[1,4,14,18,19,22,30,31,35,37,38,48],"killed_by":"The Heart","ascension_level":18}}