{"host":"7ij4m6ehapfophuy","time":1613010842,"event":{"mods":["BaseMod","Bestiary","Curses Come First","Filter the Spire","Minty Spire (QoL Compilation)","Relic Stats","StSLib","ojb\u0027s Better Paths Mod"],"gold_per_floor":[110,35,35,35,46,46,46,46,46,69,81,105,144,156,168,256,268,299,511,535,16,28,28,28,28],"floor_reached":24,"language":"ENG","playtime":780,"items_purged":[],"score":388,"play_id":"f60b5243-b125-44dd-83b2-59f9275196d1","local_time":"20210210213402","is_ascension_mode":true,"campfire_choices":[{"data":"Beam Cell","floor":6,"key":"SMITH"},{"data":"Beam Cell","floor":11,"key":"SMITH"},{"data":"Streamline","floor":15,"key":"SMITH"},{"data":"Reprogram","floor":23,"key":"SMITH"}],"circlet_count":0,"master_deck":["AscendersBane","Strike_B","Strike_B","Strike_B","Strike_B","Defend_B","Defend_B","Defend_B","Defend_B","CurseOfTheBell","Beam Cell+1","Beam Cell+1","Skim","Machine Learning","Streamline+1","Cold Snap","Core Surge","Compile Driver+1","Stack+1","Reprogram+1"],"relics":["Calling Bell","Regal Pillow","Pantograph","Du-Vu Doll","MawBank","Eternal Feather","Cursed Key","Oddly Smooth Stone","Lantern","HandDrill"],"acts_visited":["Exordium","TheCity"],"potions_floor_usage":[12,16,22],"damage_taken":[{"damage":4,"enemies":"2 Louse","floor":1,"turns":3},{"damage":7,"enemies":"Small Slimes","floor":5,"turns":3},{"damage":1,"enemies":"Cultist","floor":10,"turns":3},{"damage":0,"enemies":"Exordium Wildlife","floor":12,"turns":4},{"damage":30,"enemies":"3 Sentries","floor":13,"turns":8},{"damage":13,"enemies":"Slime Boss","floor":16,"turns":7},{"damage":18,"enemies":"2 Thieves","floor":18,"turns":3},{"damage":14,"enemies":"Spheric Guardian","floor":20,"turns":4},{"damage":21,"enemies":"Shelled Parasite and Fungi","floor":22,"turns":5},{"damage":28,"enemies":"Slavers","floor":24,"turns":1}],"seed_played":"6380387770559249336","potions_obtained":[{"floor":1,"key":"SkillPotion"},{"floor":10,"key":"Dexterity Potion"},{"floor":20,"key":"EssenceOfSteel"},{"floor":22,"key":"Fire Potion"}],"is_trial":false,"path_per_floor":["M","?","?","$","M","R","?","$","T","M","R","M","E","$","R","B",null,"M","?","M","$","M","R","E"],"character_chosen":"DEFECT","items_purchased":["Oddly Smooth Stone","Lantern","HandDrill","Strength Potion"],"campfire_rested":0,"item_purchase_floors":[21,21,21,21],"current_hp_per_floor":[60,60,65,65,58,58,58,58,58,57,57,57,27,27,36,48,69,51,51,37,37,16,28,0,0],"gold":28,"neow_bonus":"BOSS_RELIC","is_daily":false,"chose_seed":false,"campfire_upgraded":4,"win_rate":0.0,"timestamp":1613010842,"path_taken":["M","?","?","$","M","R","?","?","T","M","R","?","E","$","R","BOSS","M","?","M","$","M","R","E"],"items_purchased_type":["Relic","Relic","Relic","Potion"],"build_version":"2020-12-22","purchased_purges":0,"victory":false,"max_hp_per_floor":[71,71,76,76,76,76,76,76,76,76,76,76,76,76,76,76,76,76,76,76,76,76,76,76,76],"relic_stats":{"Regal Pillow":0,"counters":[10,41],"Pantograph":25,"Eternal Feather":21,"HandDrill":[8],"MawBank":144,"Cursed Key":0,"obtain_stats":[{"Calling Bell":0,"Du-Vu Doll":0,"Regal Pillow":0,"Lantern":21,"Pantograph":0,"Oddly Smooth Stone":21,"Eternal Feather":13,"HandDrill":21,"Cracked Core":0,"MawBank":9,"Cursed Key":17},{"Calling Bell":0,"Du-Vu Doll":0,"Regal Pillow":0,"Lantern":8,"Pantograph":0,"Oddly Smooth Stone":8,"Eternal Feather":5,"HandDrill":8,"Cracked Core":0,"MawBank":2,"Cursed Key":6},{"Calling Bell":0,"Du-Vu Doll":0,"Regal Pillow":0,"Lantern":35,"Pantograph":0,"Oddly Smooth Stone":35,"Eternal Feather":21,"HandDrill":35,"Cracked Core":0,"MawBank":6,"Cursed Key":28}]},"card_choices":[{"not_picked":["Compile Driver","Self Repair"],"picked":"Beam Cell","floor":1},{"not_picked":["Turbo","Gash"],"picked":"Beam Cell","floor":5},{"not_picked":["Go for the Eyes","Aggregate"],"picked":"Machine Learning","floor":10},{"not_picked":["Melter","Fusion"],"picked":"Streamline","floor":12},{"not_picked":["Hologram","Genetic Algorithm"],"picked":"Cold Snap","floor":13},{"not_picked":["Biased Cognition","Meteor Strike"],"picked":"Core Surge","floor":16},{"not_picked":["Tempest","Chaos"],"picked":"Compile Driver+1","floor":18},{"not_picked":["Darkness","Heatsinks"],"picked":"Stack+1","floor":20},{"not_picked":["Cold Snap","Streamline"],"picked":"Reprogram","floor":22}],"player_experience":1079272,"relics_obtained":[{"floor":0,"key":"Regal Pillow"},{"floor":0,"key":"Pantograph"},{"floor":0,"key":"Du-Vu Doll"},{"floor":9,"key":"MawBank"},{"floor":13,"key":"Eternal Feather"}],"event_choices":[{"cards_removed":["Dualcast"],"damage_healed":0,"gold_gain":0,"player_choice":"Card Removal","damage_taken":0,"max_hp_gain":0,"max_hp_loss":0,"event_name":"The Cleric","floor":2,"gold_loss":75},{"damage_healed":0,"gold_gain":0,"player_choice":"Donut","damage_taken":0,"max_hp_gain":5,"max_hp_loss":0,"event_name":"Big Fish","floor":3,"gold_loss":0},{"damage_healed":0,"gold_gain":0,"cards_transformed":["Zap"],"player_choice":"Change","damage_taken":0,"max_hp_gain":0,"max_hp_loss":0,"event_name":"Living Wall","floor":7,"gold_loss":0,"cards_obtained":["Skim"]},{"damage_healed":0,"gold_gain":200,"player_choice":"Gold","damage_taken":0,"max_hp_gain":0,"max_hp_loss":0,"event_name":"Wheel of Change","floor":19,"gold_loss":0}],"is_beta":false,"boss_relics":[{"not_picked":["Empty Cage","SlaversCollar"],"picked":"Cursed Key"}],"items_purged_floors":[],"is_endless":false,"potions_floor_spawned":[1,10,20,22],"killed_by":"Slavers","ascension_level":20}}