{"host":"vjx32eilbdx7ga3d","time":1613032754,"event":{"mods":["A Penny For Your Troubles","Aspiration","BaseMod","Beaked The Cultist","Bestiary","Better Altar","Better Third Choice","BetterRewards","Bossed Relics","Colored Map","Conspire","Defuse TimeMaze Blight","Energized Spire","Fox Events","GifTheSpireLib","HexUI Lib","Infinite Spire","Minty Spire (QoL Compilation)","Permanent Neow","Relic Sorter","Relic Stats","Reliquary","Replay The Spire","Spikes Relics","StSLib","Stuff the Spire","SuperFastMode","TheWitcher","Trackpad","Wandering Minibosses","[IsaacMod]????"],"gold_per_floor":[215,233,233,287,299,334,334,364,364,398,398,432,432,450,450,554,554,569,569,569,590,590,646,646,665,689,703,737,837,872,890,890,995,995,1015,1315,1327,1346,1363,1408,1408,1448,1448,1505,1505,1550,1566,1601,1667,1675,1675,1686,1704,1729,1740,1890,1890,1890,1916,1993,2017,2017,2046,2053,2063,2063,2088,2088],"floor_reached":67,"language":"ENG","playtime":1826,"items_purged":["Strike_R"],"score":1308,"play_id":"61c92c83-400c-4124-94c3-d6d4d6858ec1","local_time":"20210211103914","is_ascension_mode":true,"campfire_choices":[{"data":"Flex","floor":7,"key":"SMITH"},{"data":"Strike_R","floor":15,"key":"PURGE"},{"data":"Replay:Undeath\u0027s Touch","floor":24,"key":"SMITH"},{"data":"Feed","floor":57,"key":"SMITH"},{"data":"Whirlwind","floor":62,"key":"SMITH"},{"data":"Replay:Undeath\u0027s Touch","floor":66,"key":"SMITH"}],"circlet_count":0,"master_deck":["Strike_R","Strike_R","Strike_R","Defend_R","Defend_R","Defend_R","Defend_R","Bash","Replay:Undeath\u0027s Touch+1","Flex+1","Shrug It Off+1","Twin Strike","ReplayTheSpireMod:Limb From Limb","Power Through","StuffTheSpire:Pyroclast+1","Flex+1","Insight+1","Replay:Undeath\u0027s Touch+1","Heavy Blade+1","Sword Boomerang+1","Battle Trance+1","Feed+1","Trip+1","Whirlwind+1"],"relics":["StuffTheSpire:OccultApparatus","DoctorsRemote","HushsDoor","MoneyPower","SalivaCoin","Replay:Towering Pillar of Hats","PreservedInsect","Toxic Egg 2","energizedSpire:DecayingSkull","Succubus","Replay:Wax Seal","reliquary:Buckler","CrustySpines","StuffTheSpire:PointBlank","reliquary:Aerogel","aspiration:StickyExplosives_weak","Regal Pillow","InkBottle","Vajra","reliquary:WeakTea","conspire:SpecialSausage","foxEvents:LuckyCharm","ReplayTheSpireMod:CursedCoin","trackpad:Mousetrap","Centennial Puzzle","Omamori","reliquary:RoseTintedGlasses"],"acts_visited":["Exordium","TheCity","TheBeyond","Exordium"],"potions_floor_usage":[8,10,14,33,48,67,67],"damage_taken":[{"damage":0,"enemies":"2 Louse","floor":1,"turns":3},{"damage":2,"enemies":"Small Slimes","floor":2,"turns":3},{"damage":1,"enemies":"conspire:RoseBush","floor":5,"turns":2},{"damage":27,"enemies":"Gremlin Nob","floor":6,"turns":4},{"damage":18,"enemies":"Lagavulin","floor":8,"turns":5},{"damage":0,"enemies":"Replay:BlueRogue","floor":10,"turns":2},{"damage":0,"enemies":"3 Sentries","floor":12,"turns":4},{"damage":0,"enemies":"Lots of Slimes","floor":14,"turns":1},{"damage":0,"enemies":"Slime Boss","floor":16,"turns":3},{"damage":0,"enemies":"3 Byrds","floor":18,"turns":3},{"damage":7,"enemies":"Shell Parasite","floor":21,"turns":2},{"damage":8,"enemies":"Book of Stabbing","floor":23,"turns":3},{"damage":2,"enemies":"Centurion and Healer","floor":25,"turns":2},{"damage":0,"enemies":"Sentry and Sphere","floor":27,"turns":1},{"damage":0,"enemies":"conspire:Head Lice","floor":28,"turns":1},{"damage":0,"enemies":"Colosseum Slavers","floor":29,"turns":1},{"damage":0,"enemies":"Colosseum Nobs","floor":29,"turns":2},{"damage":0,"enemies":"Gremlin Leader","floor":30,"turns":2},{"damage":0,"enemies":"Chosen and Byrds","floor":31,"turns":1},{"damage":0,"enemies":"Collector","floor":33,"turns":3},{"damage":0,"enemies":"Orb Walker","floor":35,"turns":1},{"damage":0,"enemies":"3 Darklings","floor":37,"turns":1},{"damage":10,"enemies":"Spire Growth","floor":38,"turns":2},{"damage":0,"enemies":"Jaw Worm Horde","floor":39,"turns":2},{"damage":0,"enemies":"Nightmare","floor":40,"turns":2},{"damage":0,"enemies":"R_Hoarder","floor":42,"turns":2},{"damage":10,"enemies":"beaked:SuperParasite","floor":44,"turns":2},{"damage":12,"enemies":"4 Shapes","floor":46,"turns":1},{"damage":0,"enemies":"Writhing Mass","floor":47,"turns":1},{"damage":0,"enemies":"Nemesis","floor":48,"turns":1},{"damage":13,"enemies":"Replay:Hell Engine","floor":50,"turns":2},{"damage":0,"enemies":"Cultist","floor":52,"turns":1},{"damage":0,"enemies":"2 Louse","floor":53,"turns":1},{"damage":0,"enemies":"Colosseum Slavers","floor":54,"turns":1},{"damage":0,"enemies":"Small Slimes","floor":55,"turns":1},{"damage":0,"enemies":"Gremlin Nob","floor":59,"turns":1},{"damage":0,"enemies":"Lagavulin","floor":61,"turns":1},{"damage":0,"enemies":"Gremlin Nob","floor":63,"turns":1},{"damage":0,"enemies":"Blue Slaver","floor":64,"turns":1},{"damage":0,"enemies":"Exordium Thugs","floor":65,"turns":1},{"damage":137,"enemies":"Delirium","floor":67,"turns":5}],"seed_played":"-1040162890848464283","potions_obtained":[{"floor":5,"key":"Cursed Concoction"},{"floor":6,"key":"AttackPotion"},{"floor":8,"key":"DistilledChaos"},{"floor":10,"key":"Explosive Potion"},{"floor":14,"key":"Swift Potion"},{"floor":19,"key":"foxEvents:VialedCaress"},{"floor":23,"key":"SkillPotion"},{"floor":31,"key":"AttackPotion"},{"floor":33,"key":"Death Potion"},{"floor":42,"key":"Adrenaline Potion"},{"floor":47,"key":"BloodPotion"},{"floor":52,"key":"Toxic Potion"}],"is_trial":false,"path_per_floor":["M","M","?","?","M","E","R","E","T","E","$","E","$","M","R_BF","B",null,"M","?","?","M","$","E","R","M","T","M","E","?","E","M","R_BF","B",null,"M","?","M","M","M","NM","?","E","T","E","AVR","M","M","E","R_BF","B",null,"M","M","?","M","$","R","?","E","T","E","R","E","M","M","R","B"],"character_chosen":"IRONCLAD","items_purchased":["Succubus","ReplayTheSpireMod:CursedCoin"],"campfire_rested":0,"item_purchase_floors":[17,56],"current_hp_per_floor":[80,80,80,65,64,37,37,19,19,19,19,19,19,19,19,19,65,65,55,55,48,48,40,40,38,38,38,38,38,38,38,54,54,55,58,58,58,48,51,54,54,54,54,47,47,35,38,52,52,39,70,70,70,73,76,76,76,76,76,76,76,76,76,76,76,76,0,0],"gold":2088,"neow_bonus":"HUNDRED_GOLD","is_daily":false,"chose_seed":false,"campfire_upgraded":5,"win_rate":0.0,"timestamp":1613032754,"path_taken":["M","M","?","?","M","E","R","E","T","E","$","E","?","M","R_BF","BOSS","M","?","?","M","$","E","R","M","T","?","E","?","E","M","R_BF","BOSS","M","?","?","M","M","NM","?","E","T","E","AVR","M","M","E","R_BF","BOSS","M","M","?","M","$","R","?","E","T","E","R","E","M","M","R","BOSS"],"items_purchased_type":["Relic","Relic"],"build_version":"2020-12-22","purchased_purges":1,"victory":false,"max_hp_per_floor":[80,80,80,80,80,80,80,80,80,80,80,80,80,80,80,80,65,65,55,55,55,55,55,55,55,55,55,55,55,55,55,55,55,55,58,58,58,58,61,64,64,64,64,67,67,67,70,70,70,70,70,70,70,73,76,76,76,76,76,76,76,76,76,76,76,76,76,76],"relic_stats":{"Regal Pillow":0,"Centennial Puzzle":[0],"counters":[41,79],"PreservedInsect":552,"obtain_stats":[{"trackpad:Mousetrap":59,"Regal Pillow":42,"reliquary:Aerogel":30,"Vajra":44,"conspire:SpecialSausage":51,"Burning Blood":0,"aspiration:StickyExplosives_weak":40,"StuffTheSpire:OccultApparatus":3,"Centennial Puzzle":60,"reliquary:Buckler":26,"Succubus":17,"reliquary:RoseTintedGlasses":63,"Toxic Egg 2":12,"Replay:Wax Seal":23,"energizedSpire:DecayingSkull":17,"InkBottle":43,"KeepersGift":0,"DoctorsRemote":28,"Replay:Towering Pillar of Hats":9,"ReplayTheSpireMod:CursedCoin":56,"PreservedInsect":10,"MoneyPower":0,"Omamori":61,"reliquary:WeakTea":48,"SalivaCoin":8,"StuffTheSpire:PointBlank":29,"foxEvents:LuckyCharm":54,"HushsDoor":0,"CrustySpines":29},{"trackpad:Mousetrap":36,"Regal Pillow":26,"reliquary:Aerogel":18,"Vajra":27,"conspire:SpecialSausage":31,"Burning Blood":0,"aspiration:StickyExplosives_weak":25,"StuffTheSpire:OccultApparatus":2,"Centennial Puzzle":36,"reliquary:Buckler":13,"Succubus":9,"reliquary:RoseTintedGlasses":38,"Toxic Egg 2":7,"Replay:Wax Seal":12,"energizedSpire:DecayingSkull":9,"InkBottle":26,"KeepersGift":0,"DoctorsRemote":15,"Replay:Towering Pillar of Hats":5,"ReplayTheSpireMod:CursedCoin":35,"PreservedInsect":6,"MoneyPower":0,"Omamori":37,"reliquary:WeakTea":30,"SalivaCoin":5,"StuffTheSpire:PointBlank":17,"foxEvents:LuckyCharm":34,"HushsDoor":0,"CrustySpines":17},{"trackpad:Mousetrap":70,"Regal Pillow":58,"reliquary:Aerogel":44,"Vajra":60,"conspire:SpecialSausage":65,"Burning Blood":0,"aspiration:StickyExplosives_weak":56,"StuffTheSpire:OccultApparatus":6,"Centennial Puzzle":70,"reliquary:Buckler":37,"Succubus":27,"reliquary:RoseTintedGlasses":72,"Toxic Egg 2":23,"Replay:Wax Seal":35,"energizedSpire:DecayingSkull":27,"InkBottle":58,"KeepersGift":0,"DoctorsRemote":39,"Replay:Towering Pillar of Hats":17,"ReplayTheSpireMod:CursedCoin":69,"PreservedInsect":19,"MoneyPower":0,"Omamori":71,"reliquary:WeakTea":63,"SalivaCoin":17,"StuffTheSpire:PointBlank":42,"foxEvents:LuckyCharm":68,"HushsDoor":0,"CrustySpines":42}],"InkBottle":[5]},"card_choices":[{"not_picked":["StuffTheSpire:Slingshot","Disarm"],"picked":"Replay:Undeath\u0027s Touch","floor":1},{"not_picked":["Anger","Headbutt"],"picked":"Flex","floor":2},{"not_picked":["Infernal Blade","StuffTheSpire:Slingshot"],"picked":"Shrug It Off","floor":5},{"not_picked":["Warcry","True Grit"],"picked":"Twin Strike","floor":6},{"not_picked":["Wild Strike","BarbarianYell"],"picked":"ReplayTheSpireMod:Limb From Limb","floor":8},{"not_picked":["Disarm","Corruption"],"picked":"Power Through","floor":10},{"not_picked":["Cleave","ReplayTheSpireMod:Strike From Hell"],"picked":"StuffTheSpire:Pyroclast","floor":12},{"not_picked":["Anger","Run Through","StuffTheSpire:BloodClot+1"],"picked":"SKIP","floor":14},{"not_picked":["Pommel Strike","StuffTheSpire:RockThrow"],"picked":"Flex+1","floor":18},{"not_picked":["Twin Strike+1","Carnage"],"picked":"Replay:Undeath\u0027s Touch","floor":21},{"not_picked":["conspire:Purge+1","Uppercut"],"picked":"Heavy Blade+1","floor":23},{"not_picked":["Rage+1","Power Through+1","ReplayTheSpireMod:Strike From Hell"],"picked":"SKIP","floor":25},{"not_picked":["Uppercut","Headbutt+1"],"picked":"Sword Boomerang","floor":27},{"not_picked":["Run Through+1","Pommel Strike","Life Link"],"picked":"SKIP","floor":28},{"not_picked":["StuffTheSpire:Incineration","Abandon+1"],"picked":"Battle Trance+1","floor":30},{"not_picked":["Run Through","Sword Boomerang+1","Eclipse+1"],"picked":"SKIP","floor":31},{"not_picked":["Berserk","Exhume+1"],"picked":"Feed","floor":33},{"not_picked":["Anger","Wild Strike","Replay:Undeath\u0027s Touch+1"],"picked":"SKIP","floor":35},{"not_picked":["Havoc+1","Iron Wave+1","Disarm+1"],"picked":"SKIP","floor":37},{"not_picked":["Body Slam+1","StuffTheSpire:Slingshot","Shrug It Off+1"],"picked":"SKIP","floor":38},{"not_picked":["Replay:Undeath\u0027s Touch","Combust+1","Warcry+1"],"picked":"SKIP","floor":39},{"not_picked":["Pommel Strike","True Grit+1","Iron Wave+1"],"picked":"SKIP","floor":40},{"not_picked":["Flash of Steel","Good Instincts+1"],"picked":"Trip+1","floor":41},{"not_picked":["Demonic Infusion+1","StuffTheSpire:Incineration","Ghostly Armor+1"],"picked":"SKIP","floor":42},{"not_picked":["Heavy Blade+1","Run Through+1","True Grit+1"],"picked":"SKIP","floor":44},{"not_picked":["Flex+1","Second Wind+1","True Grit+1"],"picked":"SKIP","floor":46},{"not_picked":["Disarm+1","Flame Barrier+1","Body Slam+1"],"picked":"SKIP","floor":47},{"not_picked":["Rampage","Battle Trance+1","Berserk"],"picked":"SKIP","floor":48},{"not_picked":["Flex+1","Havoc+1","StuffTheSpire:Incineration"],"picked":"SKIP","floor":52},{"not_picked":["Dropkick","Anger","Run Through"],"picked":"SKIP","floor":53},{"not_picked":["Juggernaut","Absolvement","StuffTheSpire:Incineration"],"picked":"SKIP","floor":55},{"not_picked":["ReplayTheSpireMod:Corrosion Curse+1","BarbarianYell+1","Hemokinesis"],"picked":"SKIP","floor":59},{"not_picked":["Rampage","StuffTheSpire:TitanForm"],"picked":"Whirlwind","floor":61},{"not_picked":["Heavy Blade","Perfected Strike","Anger"],"picked":"SKIP","floor":63},{"not_picked":["Heavy Blade","Anger","Iron Wave"],"picked":"SKIP","floor":64},{"not_picked":["Wild Strike","Iron Wave","Reckless Charge"],"picked":"SKIP","floor":65}],"player_experience":455516,"relics_obtained":[{"floor":8,"key":"SalivaCoin"},{"floor":9,"key":"Replay:Towering Pillar of Hats"},{"floor":10,"key":"PreservedInsect"},{"floor":12,"key":"Toxic Egg 2"},{"floor":23,"key":"Replay:Wax Seal"},{"floor":26,"key":"reliquary:Buckler"},{"floor":28,"key":"DoctorsRemote"},{"floor":29,"key":"CrustySpines"},{"floor":29,"key":"StuffTheSpire:PointBlank"},{"floor":30,"key":"reliquary:Aerogel"},{"floor":40,"key":"aspiration:StickyExplosives_weak"},{"floor":42,"key":"Regal Pillow"},{"floor":43,"key":"InkBottle"},{"floor":44,"key":"Vajra"},{"floor":48,"key":"reliquary:WeakTea"},{"floor":54,"key":"foxEvents:LuckyCharm"},{"floor":59,"key":"trackpad:Mousetrap"},{"floor":60,"key":"Centennial Puzzle"},{"floor":61,"key":"Omamori"},{"floor":63,"key":"reliquary:RoseTintedGlasses"}],"event_choices":[{"damage_healed":0,"gold_gain":0,"player_choice":"Insight","damage_taken":0,"max_hp_gain":0,"max_hp_loss":0,"event_name":"betterThird:BetterWriting","floor":20,"gold_loss":0,"cards_obtained":["Insight"]},{"damage_healed":0,"gold_gain":0,"player_choice":"Fight","damage_taken":0,"max_hp_gain":0,"max_hp_loss":0,"event_name":"Colosseum","floor":29,"gold_loss":0},{"damage_healed":0,"gold_gain":0,"player_choice":"Fought Nobs","damage_taken":0,"max_hp_gain":0,"max_hp_loss":0,"event_name":"Colosseum","floor":29,"gold_loss":0},{"damage_healed":0,"gold_gain":0,"player_choice":"Memory 1","damage_taken":0,"max_hp_gain":0,"max_hp_loss":0,"event_name":"SensoryStone","floor":41,"gold_loss":0}],"is_beta":false,"boss_relics":[{"not_picked":["Painkiller Herb","Electric Blood"],"picked":"energizedSpire:DecayingSkull"},{"not_picked":[]},{"not_picked":["Snecko Eye","StuffTheSpire:ModemDavis","StuffTheSpire:RunicConfusion"]},{"not_picked":["Honey Jar","energizedSpire:EnergizedDie"],"picked":"conspire:SpecialSausage"},{"not_picked":[]}],"items_purged_floors":[45],"is_endless":true,"potions_floor_spawned":[5,6,8,10,14,23,25,30,31,33,37,40,42,47,52,53,54,63,64],"killed_by":"Delirium","ascension_level":1}}