{"host":"6xsbn6ynqlzwllfm","time":1613056217,"event":{"mods":["2.2 Compatiblity","BaseMod","Bestiary","Colored Map","Colored Powertips","Curses Come First","Highlight Path","Keyboard Shortcuts","Minty Spire (QoL Compilation)","Relic Stats","Slay the Relics Exporter","StSLib","SuperFastMode"],"gold_per_floor":[113,113,113,123,142,142,172,172,224,262,262,312,312,337,337,423,423,452,452,52,52,71,71,94,94,172,204,230,260,271,299,299,299,299],"floor_reached":33,"language":"ENG","playtime":1538,"items_purged":["Strike_B"],"score":640,"play_id":"b2eb2bab-4dd9-4669-87b3-eca23b396d52","local_time":"20210211101017","is_ascension_mode":true,"campfire_choices":[{"data":"Electrodynamics","floor":6,"key":"SMITH"},{"data":"Self Repair","floor":8,"key":"SMITH"},{"data":"Seek","floor":11,"key":"SMITH"},{"data":"Heatsinks","floor":13,"key":"SMITH"},{"data":"Loop","floor":15,"key":"SMITH"},{"data":"Fission","floor":23,"key":"SMITH"},{"data":"Coolheaded","floor":25,"key":"SMITH"},{"data":"Tempest","floor":32,"key":"SMITH"}],"circlet_count":0,"master_deck":["AscendersBane","Strike_B","Strike_B","Defend_B","Defend_B","Defend_B","Defend_B+1","Zap","Dualcast+1","Self Repair+1","Loop+1","Electrodynamics+1","Tempest+1","Ball Lightning","Heatsinks+1","Seek+1","Coolheaded+1","Fission+1","Leap","BootSequence","Conserve Battery","Skim","Tempest+1"],"relics":["Cracked Core","NeowsBlessing","Art of War","CeramicFish","Calipers","Busted Crown","Gambling Chip","Mercury Hourglass","Gremlin Horn","Bronze Scales","Dead Branch"],"acts_visited":["Exordium","TheCity"],"potions_floor_usage":[7,7,33,33],"damage_taken":[{"damage":0,"enemies":"Small Slimes","floor":1,"turns":1},{"damage":0,"enemies":"2 Louse","floor":4,"turns":1},{"damage":0,"enemies":"Cultist","floor":5,"turns":1},{"damage":8,"enemies":"Gremlin Nob","floor":7,"turns":3},{"damage":17,"enemies":"Lagavulin","floor":10,"turns":6},{"damage":0,"enemies":"3 Louse","floor":14,"turns":1},{"damage":13,"enemies":"The Guardian","floor":16,"turns":11},{"damage":14,"enemies":"Spheric Guardian","floor":18,"turns":4},{"damage":0,"enemies":"3 Byrds","floor":22,"turns":1},{"damage":24,"enemies":"Shelled Parasite and Fungi","floor":24,"turns":5},{"damage":0,"enemies":"Gremlin Leader","floor":27,"turns":4},{"damage":8,"enemies":"Snecko","floor":28,"turns":4},{"damage":4,"enemies":"Slavers","floor":29,"turns":3},{"damage":7,"enemies":"Snake Plant","floor":30,"turns":2},{"damage":0,"enemies":"Centurion and Healer","floor":31,"turns":3},{"damage":78,"enemies":"Automaton","floor":33,"turns":8}],"seed_played":"1474320415262892845","potions_obtained":[{"floor":4,"key":"Swift Potion"},{"floor":5,"key":"LiquidMemories"},{"floor":24,"key":"PowerPotion"},{"floor":27,"key":"GamblersBrew"},{"floor":31,"key":"Fruit Juice"}],"is_trial":false,"path_per_floor":["M","?","?","M","M","R","E","R","T","E","R","?","R","M","R","B",null,"M","?","$","T","M","R","M","R","T","E","M","E","M","M","R","B"],"character_chosen":"DEFECT","items_purchased":["Gambling Chip"],"campfire_rested":0,"item_purchase_floors":[20],"current_hp_per_floor":[64,43,43,43,43,43,42,42,42,35,35,35,35,45,45,42,64,60,60,60,60,70,70,56,56,56,66,68,64,67,71,71,0,0],"gold":299,"neow_bonus":"THREE_ENEMY_KILL","is_daily":false,"chose_seed":false,"campfire_upgraded":8,"win_rate":0.0,"timestamp":1613056217,"path_taken":["M","?","?","?","M","R","E","R","T","E","R","?","R","M","R","BOSS","M","?","$","?","M","R","M","R","T","E","M","E","M","M","R","BOSS"],"items_purchased_type":["Relic"],"build_version":"2020-12-22","purchased_purges":1,"victory":false,"max_hp_per_floor":[71,71,71,71,71,71,71,71,71,71,71,71,71,71,71,71,71,71,71,71,71,71,71,71,71,71,71,71,71,71,71,71,76,76],"relic_stats":{"Busted Crown":16,"Gremlin Horn":[8,8],"counters":[16,58],"CeramicFish":72,"Gambling Chip":[22],"Bronze Scales":[69],"Dead Branch":[17],"Art of War":[23],"obtain_stats":[{"Calipers":10,"Busted Crown":17,"NeowsBlessing":0,"Gremlin Horn":26,"CeramicFish":9,"Gambling Chip":20,"Bronze Scales":27,"Dead Branch":29,"Art of War":7,"Cracked Core":0,"Mercury Hourglass":21},{"Calipers":5,"Busted Crown":7,"NeowsBlessing":0,"Gremlin Horn":10,"CeramicFish":4,"Gambling Chip":8,"Bronze Scales":11,"Dead Branch":13,"Art of War":4,"Cracked Core":0,"Mercury Hourglass":8},{"Calipers":12,"Busted Crown":24,"NeowsBlessing":0,"Gremlin Horn":34,"CeramicFish":6,"Gambling Chip":28,"Bronze Scales":38,"Dead Branch":45,"Art of War":6,"Cracked Core":0,"Mercury Hourglass":28}],"Mercury Hourglass":[127]},"card_choices":[{"not_picked":["Turbo","Go for the Eyes"],"picked":"Self Repair","floor":1},{"not_picked":["Conserve Battery","Redo"],"picked":"Tempest","floor":4},{"not_picked":["Loop","Sweeping Beam"],"picked":"Ball Lightning","floor":5},{"not_picked":["Cold Snap","Compile Driver"],"picked":"Heatsinks","floor":7},{"not_picked":["Gash","Rebound"],"picked":"Seek","floor":10},{"not_picked":["Ball Lightning","Gash"],"picked":"Coolheaded","floor":14},{"not_picked":["Rainbow","Seek"],"picked":"Fission","floor":16},{"not_picked":[],"picked":"Leap","floor":18},{"not_picked":[],"picked":"BootSequence","floor":22},{"not_picked":[],"picked":"Conserve Battery","floor":24},{"not_picked":["Barrage+1"],"picked":"SKIP","floor":27},{"not_picked":[],"picked":"Skim","floor":28},{"not_picked":["Leap"],"picked":"SKIP","floor":29},{"not_picked":[],"picked":"Tempest+1","floor":31}],"player_experience":1462710,"relics_obtained":[{"floor":7,"key":"Art of War"},{"floor":9,"key":"CeramicFish"},{"floor":10,"key":"Calipers"},{"floor":21,"key":"Mercury Hourglass"},{"floor":26,"key":"Gremlin Horn"},{"floor":27,"key":"Bronze Scales"},{"floor":29,"key":"Dead Branch"}],"event_choices":[{"damage_healed":0,"gold_gain":0,"player_choice":"Entered Light","damage_taken":21,"max_hp_gain":0,"max_hp_loss":0,"event_name":"Shining Light","floor":2,"gold_loss":0,"cards_upgraded":["Defend_B","Dualcast"]},{"damage_healed":0,"gold_gain":0,"player_choice":"2 cards matched","damage_taken":0,"max_hp_gain":0,"max_hp_loss":0,"event_name":"Match and Keep!","floor":3,"gold_loss":0,"cards_obtained":["Loop","Electrodynamics"]},{"damage_healed":0,"gold_gain":50,"player_choice":"Pray","damage_taken":0,"max_hp_gain":0,"max_hp_loss":0,"event_name":"Golden Shrine","floor":12,"gold_loss":0},{"cards_removed":["Strike_B"],"damage_healed":0,"gold_gain":0,"player_choice":"Purged","damage_taken":0,"max_hp_gain":0,"max_hp_loss":0,"event_name":"Purifier","floor":19,"gold_loss":0}],"is_beta":false,"boss_relics":[{"not_picked":["Inserter","Philosopher\u0027s Stone"],"picked":"Busted Crown"}],"items_purged_floors":[20],"is_endless":false,"potions_floor_spawned":[4,5,24,27,28,31],"killed_by":"Automaton","ascension_level":20}}