{"host":"og21o26alpnbwmz8","time":1613003289,"event":{"mods":["Act Like it!","Aspiration","BaseMod","Conspire","Downfall","Gensokyo","Halation","Hubris","Jedi Mod","Mimic Mod","Minty Spire (QoL Compilation)","Pale of the Ancients","Reliquary","Replay The Spire","Shop Mod","Spikes Relics","StSLib","The Alterego","The Blue Laboratory","The Poker Player","Waifu the Spire","Yuri Mod"],"gold_per_floor":[119,119,11,47,62,62,62,62,62,4,4,35,35,48,48,145,145,165,198,216,226,254,254,126,126,126,126,126,126],"floor_reached":27,"language":"ENG","playtime":1116,"items_purged":["Violence"],"score":209,"play_id":"70356a38-5403-43cb-83c2-8879e080f9eb","local_time":"20210210192809","is_ascension_mode":false,"metric_token":1426,"campfire_choices":[{"data":"PokerPlayerMod:Raise","floor":6,"key":"SMITH"},{"data":"PokerPlayerMod:TrumpStrike","floor":8,"key":"SMITH"},{"data":"PokerPlayerMod:Sharpen","floor":13,"key":"SMITH"},{"data":"PokerPlayerMod:Mulligan","floor":15,"key":"SMITH"},{"data":"PokerPlayerMod:CardPrinter","floor":23,"key":"SMITH"}],"circlet_count":0,"master_deck":["PokerPlayerMod:Diamond2","PokerPlayerMod:Diamond3","PokerPlayerMod:Diamond4","PokerPlayerMod:Diamond5","PokerPlayerMod:Spade2","PokerPlayerMod:Spade3","PokerPlayerMod:Spade4","PokerPlayerMod:Club2","PokerPlayerMod:Heart2","PokerPlayerMod:TrumpStrike+1","PokerPlayerMod:BadJoker","PokerPlayerMod:Mulligan+1","PokerPlayerMod:Trickery+1","PokerPlayerMod:Sharpen+1","PokerPlayerMod:Raise+1","PokerPlayerMod:Club7","PokerPlayerMod:Club7","PokerPlayerMod:Spade10+","PokerPlayerMod:CardPrinter+1","PokerPlayerMod:FlyingCard","PokerPlayerMod:ClubShade","Gensokyo:ScrapIron","Gensokyo:Shovel","Gensokyo:BlemishedSteel","Gensokyo:TarnishedGold","PokerPlayerMod:Diamond8"],"relics":["PokerPlayerMod:DeckCase","Bronze Scales","reliquary:Boomerang","Replay:Bronze Core","jedi:purplefairy","jedi:ominousloannote"],"acts_visited":["Exordium","Gensokyo:Gensokyo"],"potions_floor_usage":[],"damage_taken":[{"damage":7,"enemies":"Gensokyo:Python","floor":1,"turns":3},{"damage":3,"enemies":"Gensokyo:3_Fairies","floor":5,"turns":3},{"damage":8,"enemies":"Gensokyo:Aya","floor":12,"turns":3},{"damage":0,"enemies":"Gensokyo:2_Kodama","floor":14,"turns":2},{"damage":11,"enemies":"Gensokyo:Reimu","floor":16,"turns":7},{"damage":17,"enemies":"Gensokyo:CosmicMonolith","floor":18,"turns":3},{"damage":10,"enemies":"conspire:MimicChest","floor":19,"turns":5},{"damage":9,"enemies":"Gensokyo:3_Dogs","floor":20,"turns":4},{"damage":0,"enemies":"Gensokyo:3_Gloops","floor":21,"turns":3},{"damage":23,"enemies":"Gensokyo:Mirror_and_Dog","floor":25,"turns":5},{"damage":14,"enemies":"hubris:Merchant","floor":27,"turns":2}],"seed_played":"8684585644645640594","potions_obtained":[{"floor":1,"key":"blueLaboratory:FrostheartPotion"},{"floor":4,"key":"AttackPotion"},{"floor":4,"key":"Reflective Coating"}],"is_trial":false,"path_per_floor":["M","?","$","?","M","R","?","R","T","$","?","E","R","M","R","B",null,"M","?","M","M","COS","R","$","M","T","$"],"character_chosen":"THE_POKER_PLAYER","items_purchased":["PokerPlayerMod:Trickery+1","PokerPlayerMod:Sharpen","PokerPlayerMod:Club7","PokerPlayerMod:Diamond8"],"campfire_rested":0,"item_purchase_floors":[3,3,10,24],"current_hp_per_floor":[45,45,45,45,44,44,44,44,44,44,24,20,20,20,20,15,52,38,30,24,26,26,31,31,10,10,0,0,0],"gold":126,"neow_bonus":"COLORLESS_CARD","is_daily":false,"chose_seed":false,"campfire_upgraded":5,"win_rate":0.0,"timestamp":1613003289,"path_taken":["M","?","$","?","?","R","?","R","T","$","?","E","R","M","R","BOSS","M","?","M","M","COS","R","?","?","T","$"],"items_purchased_type":["Card","Card","Card","Card"],"build_version":"2020-12-22","purchased_purges":1,"victory":false,"max_hp_per_floor":[52,52,52,52,52,52,52,52,52,52,52,52,52,52,52,52,52,52,52,52,52,52,52,52,52,52,52,52,52],"card_choices":[{"not_picked":["PokerPlayerMod:Extraction","PokerPlayerMod:Manipulation","PokerPlayerMod:Spade1"],"picked":"SKIP","floor":1},{"not_picked":["PokerPlayerMod:CardBurn","PokerPlayerMod:Club3"],"picked":"PokerPlayerMod:Raise","floor":5},{"not_picked":["PokerPlayerMod:MagicTrick","PokerPlayerMod:Configure"],"picked":"PokerPlayerMod:Club7","floor":12},{"not_picked":["PokerPlayerMod:Harden","PokerPlayerMod:Club3","PokerPlayerMod:Sharpen"],"picked":"SKIP","floor":14},{"not_picked":["PokerPlayerMod:VarietyAttack","PokerPlayerMod:ItsShowtime"],"picked":"PokerPlayerMod:Spade10+","floor":16},{"not_picked":["PokerPlayerMod:DamnStraight+1","PokerPlayerMod:Spade3"],"picked":"PokerPlayerMod:CardPrinter","floor":18},{"not_picked":["PokerPlayerMod:Heart4","PokerPlayerMod:Diamond3"],"picked":"PokerPlayerMod:FlyingCard","floor":19},{"not_picked":["PokerPlayerMod:Diamond4","PokerPlayerMod:RiskyBet","PokerPlayerMod:Diamond5"],"picked":"SKIP","floor":20},{"not_picked":["PokerPlayerMod:CardBurn","PokerPlayerMod:Heart3"],"picked":"PokerPlayerMod:ClubShade","floor":21},{"not_picked":["PokerPlayerMod:MagicTrick+1","PokerPlayerMod:Club4","PokerPlayerMod:Spade6"],"picked":"SKIP","floor":25},{"not_picked":["PokerPlayerMod:Spade3","PokerPlayerMod:Trickery","PokerPlayerMod:Club1"],"picked":"SKIP","floor":25}],"player_experience":245195,"relics_obtained":[{"floor":9,"key":"Bronze Scales"},{"floor":12,"key":"reliquary:Boomerang"},{"floor":19,"key":"jedi:purplefairy"}],"event_choices":[],"is_beta":false,"boss_relics":[{"not_picked":["SacredBark","halation:Risk"],"picked":"Replay:Bronze Core"}],"items_purged_floors":[24],"is_endless":false,"potions_floor_spawned":[1,12,18],"killed_by":"hubris:Merchant","ascension_level":0}}