{"host":"n95r2z13dwkl182w","time":1613029095,"event":{"mods":["2.2 Compatiblity","AchievementEnabler","BaseMod","Colored Map","Hermit","Marisa£¨Ùöéë¡¡Øª×âÞÞ£©","Minty Spire (QoL Compilation)","StSLib","SuperFastMode","everything is the same but u backflip on backflip"],"gold_per_floor":[11,31,31,31,31,72,72,105,117,304,329,341,353,400,412,548,560,586,598,655,685,717,764,776,818,830,871,902,914,926,965,977,1093,1105,1137,1149,1209,1221,1305,1346,1399,1465,1477,1589,1617,1655,1686,1698,1710,1722],"floor_reached":51,"language":"KOR","playtime":2135,"items_purged":[],"score":1143,"play_id":"95aab298-1e50-4616-8489-5cad65388911","local_time":"20210211163815","is_ascension_mode":true,"campfire_choices":[{"data":"MaximisePower","floor":7.0,"key":"SMITH"},{"floor":12.0,"key":"REST"},{"data":"StarDustReverie","floor":15.0,"key":"SMITH"},{"floor":24,"key":"REST"},{"data":"ManaRampage","floor":30,"key":"SMITH"},{"floor":32,"key":"REST"},{"floor":49,"key":"DIG"}],"circlet_count":0,"master_deck":["Strike_MRS","Strike_MRS","Strike_MRS","Defend_MRS","Defend_MRS","Defend_MRS","Defend_MRS","MasterSpark","UpSweep","MaximisePower+1","GrandCross","Injury","NonDirectionalLaser","StarDustReverie+1","Doubt","Parasite","DoubleSpark","Acceleration","ManaRampage+1","FinalSpark","WitchOfGreed+1","Parasite","Parasite","ManaRampage","JA","Madness","Madness"],"relics":["MiniHakkero","Du-Vu Doll","Bloody Idol","Vajra","MawBank","AmplifyWand","Ice Cream","Black Star","PreservedInsect","Meat on the Bone","Juzu Bracelet","Smiling Mask","Matryoshka","Nunchaku","Darkstone Periapt","Mercury Hourglass","Unceasing Top","Ginger","BreadOfAWashokuLover","SlaversCollar","Torii","CatCart","Regal Pillow","Art of War","Shovel","ShroomBag","Happy Flower","Pear","Orichalcum","Boot","Ornamental Fan"],"acts_visited":["Exordium","TheCity","TheBeyond"],"potions_floor_usage":[23,27,37,37,40,42,45,50],"damage_taken":[{"damage":3.0,"enemies":"Jaw Worm","floor":1.0,"turns":3.0},{"damage":3.0,"enemies":"Small Slimes","floor":2.0,"turns":3.0},{"damage":11.0,"enemies":"Gremlin Nob","floor":6.0,"turns":3.0},{"damage":22.0,"enemies":"3 Sentries","floor":8.0,"turns":5.0},{"damage":0.0,"enemies":"2 Louse","floor":11.0,"turns":2.0},{"damage":13.0,"enemies":"Lagavulin","floor":14.0,"turns":4.0},{"damage":28.0,"enemies":"The Guardian","floor":16.0,"turns":6.0},{"damage":5.0,"enemies":"Chosen","floor":18.0,"turns":4.0},{"damage":5.0,"enemies":"Spheric Guardian","floor":21.0,"turns":3.0},{"damage":23.0,"enemies":"Shelled Parasite and Fungi","floor":22.0,"turns":3.0},{"damage":36,"enemies":"Book of Stabbing","floor":23,"turns":4},{"damage":15,"enemies":"Slavers","floor":25,"turns":4},{"damage":16,"enemies":"Book of Stabbing","floor":27,"turns":3},{"damage":14,"enemies":"Snake Plant","floor":28,"turns":3},{"damage":20,"enemies":"Slavers","floor":31,"turns":3},{"damage":10,"enemies":"Collector","floor":33,"turns":5},{"damage":5,"enemies":"Orb Walker","floor":35,"turns":2},{"damage":16,"enemies":"2 Orb Walkers","floor":37,"turns":3},{"damage":9,"enemies":"Orin","floor":39,"turns":7},{"damage":0,"enemies":"Nemesis","floor":40,"turns":1},{"damage":12,"enemies":"3 Darklings","floor":41,"turns":3},{"damage":1,"enemies":"Giant Head","floor":42,"turns":3},{"damage":10,"enemies":"Jaw Worm Horde","floor":45,"turns":2},{"damage":0,"enemies":"Reptomancer","floor":46,"turns":2},{"damage":17,"enemies":"Spire Growth","floor":47,"turns":3},{"damage":85,"enemies":"Awakened One","floor":50,"turns":8}],"seed_played":"-3258239417207211298","potions_obtained":[{"floor":2.0,"key":"ColorlessPotion"},{"floor":6.0,"key":"GamblersBrew"},{"floor":14.0,"key":"SneckoOil"},{"floor":18.0,"key":"ColorlessPotion"},{"floor":23,"key":"Fruit Juice"},{"floor":25,"key":"BottledSpark"},{"floor":31,"key":"Weak Potion"},{"floor":33,"key":"Energy Potion"},{"floor":39,"key":"DistilledChaos"},{"floor":39,"key":"SteroidPotion"},{"floor":40,"key":"Block Potion"},{"floor":41,"key":"DuplicationPotion"},{"floor":42,"key":"SpeedPotion"}],"is_trial":false,"path_per_floor":["M","M","?","?","$","E","R","E","T","?","M","R","?","E","R","B",null,"M","?","T","M","M","E","R","E","T","E","M","$","R","E","R","B",null,"M","?","?","?","?","E","M","E","T","?","M","E","M","?","R","B",null],"character_chosen":"MARISA","items_purchased":[],"campfire_rested":3,"item_purchase_floors":[],"current_hp_per_floor":[72,69,66,66,66,55,55,33,33,33,33,55,73,60,60,32,75,70,70,75,75,57,36,65,60,65,59,55,60,65,55,80,80,80,80,80,69,74,78,80,73,92,102,102,97,115,105,96,101,39],"gold":1734,"neow_bonus":"THREE_RARE_CARDS","is_daily":false,"chose_seed":false,"campfire_upgraded":3,"win_rate":0.0,"timestamp":1613029095,"path_taken":["M","M","?","?","$","E","R","E","T","?","M","R","?","E","R","BOSS","M","?","?","M","M","E","R","E","T","E","M","$","R","E","R","BOSS","M","?","?","?","?","E","M","E","T","?","M","E","M","?","R","BOSS"],"items_purchased_type":[],"build_version":"2020-12-22","purchased_purges":0,"victory":true,"max_hp_per_floor":[75,75,75,75,75,75,75,75,75,75,75,75,75,75,75,75,75,75,75,75,75,75,80,80,80,80,80,80,80,80,80,80,80,80,80,80,80,80,80,80,80,92,102,102,102,115,115,115,115,115],"card_choices":[{"not_picked":["BigCrunch","UltimateShortwave"],"picked":"MaximisePower","floor":0.0},{"not_picked":["SporeBomb","RefractionSpark"],"picked":"GrandCross","floor":1.0},{"not_picked":["GalacticHalo","AsteroidBelt","MagicChant"],"picked":"SKIP","floor":2.0},{"not_picked":["Acceleration","EnergyRecoil"],"picked":"NonDirectionalLaser","floor":6.0},{"not_picked":["DeepEcoloBomb","GalacticHalo"],"picked":"StarDustReverie","floor":8.0},{"not_picked":["GrandCross","LuminesStrike","WitchLeyline"],"picked":"SKIP","floor":11.0},{"not_picked":["WitchLeyline","SuperPerseids","StarDustReverie"],"picked":"SKIP","floor":14.0},{"not_picked":["IllusionStar","GalacticHalo"],"picked":"DoubleSpark","floor":18.0},{"not_picked":["OrrerysSun+1","WitchLeyline+1","AlicesGift"],"picked":"SKIP","floor":21.0},{"not_picked":["DoubleSpark","RefractionSpark","DeepEcoloBomb"],"picked":"SKIP","floor":22.0},{"not_picked":["AlicesGift","MachineGunSpark"],"picked":"Acceleration","floor":23},{"not_picked":["DarkMatter","OrrerysSun+1"],"picked":"ManaRampage","floor":25},{"not_picked":["ShootingEcho","SporeBomb","OpenUniverse"],"picked":"SKIP","floor":27},{"not_picked":["DoubleSpark","EarthLightRay","Occultation+1"],"picked":"SKIP","floor":28},{"not_picked":["GrandCross","RefractionSpark","ShootTheMoon"],"picked":"SKIP","floor":31},{"not_picked":["BlazingStar","SuperNova"],"picked":"FinalSpark","floor":33},{"not_picked":["DC+1","SporeBomb","GrandCross"],"picked":"SKIP","floor":35},{"not_picked":["MagicAbsorber","6A+1"],"picked":"WitchOfGreed+1","floor":37},{"not_picked":["AsteroidBelt","SprinkleStarSeal","GravityBeat+1"],"picked":"SKIP","floor":40},{"not_picked":["ShootingEcho","NonDirectionalLaser","MaximisePower"],"picked":"SKIP","floor":41},{"not_picked":["WitchLeyline","MagicChant"],"picked":"ManaRampage","floor":42},{"not_picked":["ChargeUpSpray+1","GravityBeat+1","OpenUniverse+1"],"picked":"SKIP","floor":45},{"not_picked":["MagicAbsorber","Acceleration+1"],"picked":"JA","floor":46},{"not_picked":["ChargingUp","BlazeAway","PulseMagic+1"],"picked":"SKIP","floor":47}],"player_experience":71684,"relics_obtained":[{"floor":6.0,"key":"Vajra"},{"floor":8.0,"key":"MawBank"},{"floor":9.0,"key":"AmplifyWand"},{"floor":14.0,"key":"Ice Cream"},{"floor":20.0,"key":"PreservedInsect"},{"floor":23,"key":"Meat on the Bone"},{"floor":23,"key":"Juzu Bracelet"},{"floor":25,"key":"Smiling Mask"},{"floor":25,"key":"Matryoshka"},{"floor":26,"key":"Nunchaku"},{"floor":26,"key":"Darkstone Periapt"},{"floor":27,"key":"Mercury Hourglass"},{"floor":27,"key":"Unceasing Top"},{"floor":31,"key":"Ginger"},{"floor":31,"key":"BreadOfAWashokuLover"},{"floor":37,"key":"Torii"},{"floor":39,"key":"CatCart"},{"floor":40,"key":"Regal Pillow"},{"floor":40,"key":"Art of War"},{"floor":42,"key":"Shovel"},{"floor":42,"key":"ShroomBag"},{"floor":43,"key":"Happy Flower"},{"floor":43,"key":"Pear"},{"floor":46,"key":"Orichalcum"},{"floor":46,"key":"Boot"},{"floor":49,"key":"Ornamental Fan"}],"event_choices":[{"damage_healed":0.0,"max_hp_gain":0.0,"max_hp_loss":0.0,"gold_gain":0.0,"event_name":"Scrap Ooze","player_choice":"Success","floor":3.0,"gold_loss":0.0,"damage_taken":3.0,"relics_obtained":["Du-Vu Doll"]},{"damage_healed":0.0,"max_hp_gain":0.0,"max_hp_loss":0.0,"gold_gain":0.0,"event_name":"Golden Idol","player_choice":"Take Wound","floor":4.0,"gold_loss":0.0,"damage_taken":0.0,"relics_obtained":["Golden Idol"],"cards_obtained":["Injury"]},{"damage_healed":0.0,"max_hp_gain":0.0,"max_hp_loss":0.0,"gold_gain":175.0,"event_name":"Liars Game","player_choice":"AGREE","floor":10.0,"gold_loss":0.0,"damage_taken":0.0,"cards_obtained":["Doubt"]},{"damage_healed":18.0,"max_hp_gain":0.0,"max_hp_loss":0.0,"gold_gain":0.0,"event_name":"Mushrooms_MRS","player_choice":"Healed and dodged fight","floor":13.0,"gold_loss":0.0,"damage_taken":0.0,"cards_obtained":["Parasite"]},{"damage_healed":0.0,"max_hp_gain":0.0,"max_hp_loss":0.0,"gold_gain":0.0,"event_name":"Forgotten Altar","player_choice":"Gave Idol","floor":19.0,"relics_lost":["Golden Idol"],"gold_loss":0.0,"damage_taken":0.0,"relics_obtained":["Bloody Idol"]},{"cards_removed":["Strike_MRS"],"damage_healed":0,"gold_gain":0,"player_choice":"Removed Attack","damage_taken":0,"max_hp_gain":0,"max_hp_loss":0,"event_name":"Falling","floor":36,"gold_loss":0},{"damage_healed":0,"gold_gain":0,"player_choice":"Fight","damage_taken":0,"max_hp_gain":0,"max_hp_loss":0,"event_name":"Mysterious Sphere","floor":37,"gold_loss":0},{"damage_healed":0,"gold_gain":0,"player_choice":"Ignored","damage_taken":0,"max_hp_gain":0,"max_hp_loss":0,"event_name":"Tomb of Lord Red Mask","floor":38,"gold_loss":0},{"damage_healed":0,"gold_gain":0,"player_choice":"Fight","damage_taken":0,"max_hp_gain":0,"max_hp_loss":0,"event_name":"OrinTheCat","floor":39,"gold_loss":0},{"damage_healed":0,"gold_gain":100,"player_choice":"Pray","damage_taken":0,"max_hp_gain":0,"max_hp_loss":0,"event_name":"Golden Shrine","floor":44,"gold_loss":0},{"damage_healed":0,"gold_gain":0,"player_choice":"Embrace Madness","damage_taken":14,"max_hp_gain":0,"max_hp_loss":0,"event_name":"Winding Halls","floor":48,"gold_loss":0,"cards_obtained":["Madness","Madness"]}],"is_beta":false,"boss_relics":[{"not_picked":["Busted Crown","Coffee Dripper"],"picked":"Black Star"},{"not_picked":["Astrolabe","Runic Dome"],"picked":"SlaversCollar"}],"items_purged_floors":[],"is_endless":false,"potions_floor_spawned":[2,6,14,18,23,25,31,33,39,40,42],"ascension_level":1}}