{"host":"jx3f6ezc0g3s9edc","time":1613005580,"event":{"mods":["AchievementEnabler","BaseMod","Bestiary","Colored Map","Highlight Path","Minty Spire (QoL Compilation)","StSLib"],"gold_per_floor":[112,131,206,280,230,242,242,40,40,40,59,88,103,25,25,129,129,149,164,164,182,182,209,209,235,247,113,124,124,137,165,165,263,263,278,296,346,39,54,87,133,164,164,176,176,210,227,241,241,241,241,241,25,56,56],"floor_reached":56,"language":"ENG","playtime":6340,"items_purged":[],"score":1252,"play_id":"5e551ee6-a43c-4467-b044-45fa22e33384","local_time":"20210210200620","is_ascension_mode":false,"campfire_choices":[{"data":"Dualcast","floor":7.0,"key":"SMITH"},{"data":"Apotheosis","floor":10.0,"key":"SMITH"},{"floor":15.0,"key":"REST"},{"data":"Creative AI","floor":24.0,"key":"SMITH"},{"floor":29.0,"key":"REST"},{"floor":32.0,"key":"RECALL"},{"data":"Consume","floor":49.0,"key":"SMITH"},{"data":"Consume","floor":52.0,"key":"SMITH"}],"circlet_count":0,"master_deck":["Strike_B","Defend_B","Defend_B","Defend_B","Zap","Dualcast+1","Hologram","Loop","Ball Lightning","Apotheosis+1","Ball Lightning","Coolheaded","Coolheaded","Consume+1","Doom and Gloom","Creative AI+1","Self Repair+1","Echo Form+1","Beam Cell+1","Glacier","Recycle","Turbo","Redo+1","Cold Snap","Multi-Cast","Go for the Eyes","Redo+1","Aggregate+1","Redo+1","Core Surge","Amplify","Compile Driver+1","Consume+1","Darkness+1","Hologram+1","Seek"],"relics":["Inserter","Matryoshka","Orichalcum","Strawberry","Astrolabe","Thread and Needle","MawBank","Lantern","Frozen Egg 2","Blood Vial","Dream Catcher","Cursed Key","TungstenRod","Bird Faced Urn","Mummified Hand","Girya","Bag of Preparation","StrikeDummy","Anchor","Centennial Puzzle"],"acts_visited":["Exordium","TheCity","TheBeyond","TheEnding"],"potions_floor_usage":[54,55,55],"damage_taken":[{"damage":1.0,"enemies":"Cultist","floor":1.0,"turns":4.0},{"damage":6.0,"enemies":"Jaw Worm","floor":2.0,"turns":4.0},{"damage":1.0,"enemies":"2 Louse","floor":6.0,"turns":3.0},{"damage":2.0,"enemies":"Looter","floor":11.0,"turns":3.0},{"damage":33.0,"enemies":"3 Sentries","floor":12.0,"turns":11.0},{"damage":0.0,"enemies":"Blue Slaver","floor":13.0,"turns":4.0},{"damage":24.0,"enemies":"Slime Boss","floor":16.0,"turns":7.0},{"damage":2.0,"enemies":"Chosen","floor":18.0,"turns":4.0},{"damage":6.0,"enemies":"Shell Parasite","floor":19.0,"turns":5.0},{"damage":28.0,"enemies":"Snake Plant","floor":21.0,"turns":7.0},{"damage":35.0,"enemies":"Book of Stabbing","floor":23.0,"turns":7.0},{"damage":14.0,"enemies":"Centurion and Healer","floor":28.0,"turns":7.0},{"damage":2.0,"enemies":"Cultist and Chosen","floor":30.0,"turns":7.0},{"damage":32.0,"enemies":"Gremlin Leader","floor":31.0,"turns":6.0},{"damage":32.0,"enemies":"Collector","floor":33.0,"turns":9.0},{"damage":0.0,"enemies":"Orb Walker","floor":35.0,"turns":5.0},{"damage":0.0,"enemies":"3 Shapes","floor":36.0,"turns":7.0},{"damage":7.0,"enemies":"Mind Bloom Boss Battle","floor":37.0,"turns":6.0},{"damage":0.0,"enemies":"Writhing Mass","floor":39.0,"turns":9.0},{"damage":11.0,"enemies":"Giant Head","floor":40.0,"turns":7.0},{"damage":43.0,"enemies":"2 Orb Walkers","floor":41.0,"turns":6.0},{"damage":18.0,"enemies":"Reptomancer","floor":42.0,"turns":6.0},{"damage":6.0,"enemies":"Spire Growth","floor":44.0,"turns":4.0},{"damage":17.0,"enemies":"Giant Head","floor":46.0,"turns":9.0},{"damage":20.0,"enemies":"Transient","floor":47.0,"turns":5.0},{"damage":0.0,"enemies":"Maw","floor":48.0,"turns":6.0},{"damage":16.0,"enemies":"Time Eater","floor":50.0,"turns":11.0},{"damage":24,"enemies":"Shield and Spear","floor":54,"turns":7},{"damage":81,"enemies":"The Heart","floor":55,"turns":9}],"seed_played":"5148167197574745109","potions_obtained":[{"floor":1.0,"key":"SteroidPotion"},{"floor":12.0,"key":"Swift Potion"},{"floor":13.0,"key":"Strength Potion"},{"floor":16.0,"key":"Weak Potion"},{"floor":21.0,"key":"EssenceOfDarkness"},{"floor":23.0,"key":"SneckoOil"},{"floor":30.0,"key":"EntropicBrew"},{"floor":31.0,"key":"Energy Potion"},{"floor":36.0,"key":"Fruit Juice"},{"floor":37.0,"key":"Weak Potion"},{"floor":42.0,"key":"AttackPotion"},{"floor":54,"key":"FearPotion"}],"is_trial":false,"path_per_floor":["M","M","?","T","?","M","R","$","T","R","M","E","M","$","R","B",null,"M","M","?","M","?","E","R","T","T","$","M","R","M","E","R","B",null,"M","M","?","$","M","E","?","E","T","M","?","E","M","M","R","B",null,"R","$","E","B",null],"character_chosen":"DEFECT","items_purchased":["Apotheosis","Ball Lightning","Doom and Gloom","Blood Vial","Bird Faced Urn","Seek","Anchor"],"campfire_rested":2,"item_purchase_floors":[8,8,14,27,38,53,53],"current_hp_per_floor":[74,68,57,57,57,56,56,56,56,56,54,28,28,28,52,28,82,82,82,82,74,74,49,49,49,49,49,47,71,81,70,70,50,82,82,87,87,87,87,86,72,87,87,87,87,87,87,87,87,87,87,87,87,87,44],"gold":56,"neow_bonus":"BOSS_RELIC","is_daily":false,"chose_seed":false,"campfire_upgraded":5,"win_rate":0.0,"timestamp":1613005580,"path_taken":["M","?","?","?","?","M","R","$","T","R","M","E","M","?","R","BOSS","M","M","?","M","?","E","R","?","T","$","M","R","M","E","R","BOSS","M","M","?","$","M","E","?","E","T","M","?","E","M","M","R","BOSS","R","$","E","BOSS"],"items_purchased_type":["Card","Card","Card","Relic","Relic","Card","Relic"],"build_version":"2020-12-22","purchased_purges":0,"victory":true,"max_hp_per_floor":[75,75,75,75,75,75,75,75,75,75,75,82,82,82,82,82,82,82,82,82,82,82,82,82,82,82,82,82,82,82,82,82,82,82,82,87,87,87,87,87,87,87,87,87,87,87,87,87,87,87,87,87,87,87,87],"card_choices":[{"not_picked":["Recycle","Sweeping Beam"],"picked":"Hologram","floor":1.0},{"not_picked":["BootSequence","Scrape"],"picked":"Loop","floor":2.0},{"not_picked":["Stack","Hologram"],"picked":"Ball Lightning","floor":6.0},{"not_picked":["Stack","Conserve Battery"],"picked":"Coolheaded","floor":11.0},{"not_picked":["Reprogram","Beam Cell"],"picked":"Coolheaded","floor":12.0},{"not_picked":["Rip and Tear","Chill"],"picked":"Consume","floor":13.0},{"not_picked":["Rainbow","Meteor Strike"],"picked":"Creative AI","floor":16.0},{"not_picked":["Beam Cell","Leap"],"picked":"Glacier","floor":18.0},{"not_picked":["Doom and Gloom","Force Field"],"picked":"Recycle","floor":19.0},{"not_picked":["Auto Shields","Redo+1"],"picked":"Turbo","floor":21.0},{"not_picked":["Echo Form","Sunder","Streamline"],"picked":"SKIP","floor":23.0},{"not_picked":["Conserve Battery","Tempest+1"],"picked":"Redo+1","floor":28.0},{"not_picked":["Hologram","Turbo","Beam Cell"],"picked":"SKIP","floor":30.0},{"not_picked":["Ball Lightning","Recycle"],"picked":"Cold Snap","floor":31.0},{"not_picked":["Biased Cognition+1","Meteor Strike"],"picked":"Multi-Cast","floor":33.0},{"not_picked":["Sweeping Beam+1","Streamline+1"],"picked":"Go for the Eyes","floor":35.0},{"not_picked":["Chill+1","Glacier","Go for the Eyes"],"picked":"SKIP","floor":36.0},{"not_picked":["Go for the Eyes","Rebound+1"],"picked":"Redo+1","floor":37.0},{"not_picked":["Rebound+1","Recycle+1"],"picked":"Aggregate+1","floor":39.0},{"not_picked":["Recycle","Gash"],"picked":"Redo+1","floor":40.0},{"not_picked":["Beam Cell+1","Barrage"],"picked":"Core Surge","floor":41.0},{"not_picked":["Chaos+1","Multi-Cast"],"picked":"Amplify","floor":42.0},{"not_picked":["Gash+1","Cold Snap"],"picked":"Compile Driver+1","floor":44.0},{"not_picked":["Tempest","Loop+1"],"picked":"Consume","floor":46.0},{"not_picked":["Loop+1","Steam+1"],"picked":"Darkness+1","floor":47.0},{"not_picked":["Ball Lightning+1","Scrape"],"picked":"Hologram+1","floor":48.0},{"not_picked":["Conserve Battery","Doom and Gloom+1","Turbo"],"picked":"SKIP","floor":54}],"player_experience":846143,"relics_obtained":[{"floor":4.0,"key":"Matryoshka"},{"floor":9.0,"key":"Orichalcum"},{"floor":12.0,"key":"Strawberry"},{"floor":23.0,"key":"Thread and Needle"},{"floor":25.0,"key":"MawBank"},{"floor":25.0,"key":"Lantern"},{"floor":26.0,"key":"Frozen Egg 2"},{"floor":31.0,"key":"Dream Catcher"},{"floor":37.0,"key":"TungstenRod"},{"floor":40.0,"key":"Mummified Hand"},{"floor":41.0,"key":"Girya"},{"floor":42.0,"key":"Bag of Preparation"},{"floor":46.0,"key":"StrikeDummy"},{"floor":54,"key":"Centennial Puzzle"}],"event_choices":[{"damage_healed":0.0,"max_hp_gain":0.0,"max_hp_loss":0.0,"gold_gain":75.0,"event_name":"World of Goop","player_choice":"Gather Gold","floor":3.0,"gold_loss":0.0,"damage_taken":11.0},{"cards_removed":["Strike_B"],"damage_healed":0.0,"max_hp_gain":0.0,"max_hp_loss":0.0,"gold_gain":0.0,"event_name":"The Cleric","player_choice":"Card Removal","floor":5.0,"gold_loss":50.0,"damage_taken":0.0},{"damage_healed":0.0,"max_hp_gain":0.0,"max_hp_loss":0.0,"gold_gain":0.0,"event_name":"Beggar","player_choice":"Ignored","floor":20.0,"gold_loss":0.0,"damage_taken":0.0},{"damage_healed":0.0,"max_hp_gain":0.0,"max_hp_loss":0.0,"gold_gain":0.0,"event_name":"The Mausoleum","player_choice":"Ignored","floor":22.0,"gold_loss":0.0,"damage_taken":0.0},{"damage_healed":0.0,"max_hp_gain":0.0,"max_hp_loss":0.0,"gold_gain":0.0,"event_name":"MindBloom","player_choice":"Fight","floor":37.0,"gold_loss":0.0,"damage_taken":0.0},{"damage_healed":0.0,"max_hp_gain":0.0,"max_hp_loss":0.0,"gold_gain":0.0,"event_name":"Mysterious Sphere","player_choice":"Fight","floor":41.0,"gold_loss":0.0,"damage_taken":0.0},{"damage_healed":0.0,"max_hp_gain":0.0,"max_hp_loss":0.0,"gold_gain":0.0,"event_name":"SecretPortal","player_choice":"Ignored","floor":45.0,"gold_loss":0.0,"damage_taken":0.0}],"is_beta":false,"boss_relics":[{"not_picked":["SlaversCollar","Pandora\u0027s Box"],"picked":"Astrolabe"},{"not_picked":["Tiny House","SacredBark"],"picked":"Cursed Key"}],"items_purged_floors":[],"is_endless":false,"potions_floor_spawned":[1,12,13,16,21,23,30,31,36,37,40,42,54],"ascension_level":0}}