{"host":"a5csdf9n4csbv6sp","time":1613037064,"event":{"mods":["BaseMod","Minty Spire (QoL Compilation)","Permanent Neow","Relic Stats"],"gold_per_floor":[111,128,24,40,5,5,40,40,86,113,38,66,66,100,100,177,177,194,194,38,38,52,52,81,81,104,117,132,164,164,184,184,184,184],"floor_reached":33,"language":"ENG","playtime":1337,"items_purged":["Strike_B","Strike_B"],"score":672,"play_id":"1386f207-01b9-4ae4-8a1e-25cc2ff17b4e","local_time":"20210211165104","is_ascension_mode":true,"campfire_choices":[{"data":"Defragment","floor":6,"key":"SMITH"},{"data":"Loop","floor":8,"key":"SMITH"},{"data":"Coolheaded","floor":15,"key":"SMITH"},{"data":"Genetic Algorithm","floor":23,"key":"SMITH"},{"floor":25,"key":"REST"},{"floor":30,"key":"REST"},{"data":"Defragment","floor":32,"key":"SMITH"}],"circlet_count":0,"master_deck":["AscendersBane","Strike_B","Strike_B","Defend_B","Defend_B","Defend_B","Defend_B","Zap","Dualcast","CurseOfTheBell","Go for the Eyes+1","Doom and Gloom+1","Defragment+1","Conserve Battery+1","Beam Cell+1","Loop+1","All For One+1","Ball Lightning+1","Coolheaded+1","Rainbow","Hologram+1","Genetic Algorithm+1","Redo","Defragment+1","Multi-Cast","Self Repair","Compile Driver+1","Skim","Hologram","Cold Snap+1"],"relics":["Calling Bell","Bag of Preparation","Molten Egg 2","Du-Vu Doll","PreservedInsect","MealTicket","Dream Catcher","Art of War","Oddly Smooth Stone","Nuclear Battery","Prayer Wheel","Bag of Marbles","Girya"],"acts_visited":["Exordium","TheCity"],"potions_floor_usage":[10,18,33],"damage_taken":[{"damage":1,"enemies":"Cultist","floor":1,"turns":3},{"damage":7,"enemies":"Small Slimes","floor":2,"turns":3},{"damage":0,"enemies":"2 Louse","floor":4,"turns":3},{"damage":18,"enemies":"Lagavulin","floor":7,"turns":5},{"damage":7,"enemies":"Gremlin Nob","floor":10,"turns":3},{"damage":5,"enemies":"3 Sentries","floor":12,"turns":3},{"damage":1,"enemies":"Gremlin Nob","floor":14,"turns":3},{"damage":10,"enemies":"The Guardian","floor":16,"turns":8},{"damage":0,"enemies":"Chosen","floor":18,"turns":3},{"damage":2,"enemies":"3 Byrds","floor":22,"turns":4},{"damage":19,"enemies":"Book of Stabbing","floor":24,"turns":5},{"damage":18,"enemies":"Snake Plant","floor":27,"turns":3},{"damage":6,"enemies":"Sentry and Sphere","floor":28,"turns":5},{"damage":29,"enemies":"Slavers","floor":29,"turns":4},{"damage":6,"enemies":"Centurion and Healer","floor":31,"turns":5},{"damage":49,"enemies":"Collector","floor":33,"turns":8}],"seed_played":"-5360596144569184398","potions_obtained":[{"floor":4,"key":"Strength Potion"},{"floor":7,"key":"LiquidMemories"},{"floor":10,"key":"LiquidBronze"},{"floor":16,"key":"Fire Potion"}],"is_trial":false,"path_per_floor":["M","M","$","M","?","R","E","R","T","E","$","E","?","E","R","B",null,"M","?","$","?","M","R","E","R","T","M","M","E","R","M","R","B"],"character_chosen":"DEFECT","items_purchased":["Defragment","Conserve Battery","Fire Potion"],"campfire_rested":2,"item_purchase_floors":[3,3,20],"current_hp_per_floor":[63,56,56,56,71,71,53,53,53,46,61,56,56,55,55,45,65,65,65,71,71,69,69,50,71,71,53,47,25,46,47,47,0,0],"gold":184,"neow_bonus":"BOSS_RELIC","is_daily":false,"chose_seed":false,"campfire_upgraded":5,"win_rate":0.0,"timestamp":1613037064,"path_taken":["M","M","$","M","?","R","E","R","T","E","$","E","?","E","R","BOSS","M","?","$","?","M","R","E","R","T","M","?","E","R","M","R","BOSS"],"items_purchased_type":["Card","Card","Potion"],"build_version":"2020-12-22","purchased_purges":2,"victory":false,"max_hp_per_floor":[71,71,71,71,71,71,71,71,71,71,71,71,71,71,71,71,71,71,71,71,71,71,71,71,71,71,71,71,71,71,71,71,71,71],"relic_stats":{"Dream Catcher":2,"counters":[16,68],"MealTicket":21,"Prayer Wheel":3,"PreservedInsect":170,"Bag of Preparation":[32],"Art of War":[7],"obtain_stats":[{"Girya":29,"Oddly Smooth Stone":14,"PreservedInsect":7,"Bag of Preparation":0,"Nuclear Battery":17,"Calling Bell":0,"Du-Vu Doll":0,"Dream Catcher":10,"Molten Egg 2":0,"MealTicket":9,"Prayer Wheel":24,"Art of War":12,"Bag of Marbles":26,"Cracked Core":0},{"Girya":14,"Oddly Smooth Stone":7,"PreservedInsect":4,"Bag of Preparation":0,"Nuclear Battery":8,"Calling Bell":0,"Du-Vu Doll":0,"Dream Catcher":5,"Molten Egg 2":0,"MealTicket":4,"Prayer Wheel":11,"Art of War":6,"Bag of Marbles":11,"Cracked Core":0},{"Girya":55,"Oddly Smooth Stone":23,"PreservedInsect":14,"Bag of Preparation":0,"Nuclear Battery":31,"Calling Bell":0,"Du-Vu Doll":0,"Dream Catcher":17,"Molten Egg 2":0,"MealTicket":14,"Prayer Wheel":43,"Art of War":20,"Bag of Marbles":43,"Cracked Core":0}]},"card_choices":[{"not_picked":["Coolheaded","Sunder+1"],"picked":"Go for the Eyes+1","floor":1},{"not_picked":["Force Field","Lockon+1"],"picked":"Doom and Gloom+1","floor":2},{"not_picked":["Streamline+1","Hologram"],"picked":"Beam Cell+1","floor":4},{"not_picked":["Static Discharge","Hologram"],"picked":"Loop","floor":7},{"not_picked":["Lockon+1","Double Energy"],"picked":"All For One+1","floor":10},{"not_picked":["Streamline+1","Thunder Strike+1"],"picked":"Ball Lightning+1","floor":12},{"not_picked":["Go for the Eyes+1","Streamline+1"],"picked":"Coolheaded","floor":14},{"not_picked":["Meteor Strike+1","Core Surge+1"],"picked":"Rainbow","floor":16},{"not_picked":["Lockon+1","Compile Driver+1"],"picked":"Hologram","floor":18},{"not_picked":["Ball Lightning+1","Consume"],"picked":"Genetic Algorithm","floor":22},{"not_picked":["Tempest+1","Melter+1","Ball Lightning+1"],"picked":"SKIP","floor":24},{"not_picked":["Storm","Ball Lightning+1"],"picked":"Redo","floor":25},{"not_picked":["Chaos","Hologram+1"],"picked":"Defragment","floor":27},{"not_picked":["Steam","Leap"],"picked":"Multi-Cast","floor":27},{"not_picked":["Gash+1","Coolheaded"],"picked":"Self Repair","floor":28},{"not_picked":["Doom and Gloom+1","Tempest"],"picked":"Compile Driver+1","floor":28},{"not_picked":["Lockon+1","Thunder Strike+1","Machine Learning"],"picked":"SKIP","floor":29},{"not_picked":["Redo","Rebound+1"],"picked":"Skim","floor":30},{"not_picked":["Steam Power","Steam"],"picked":"Hologram","floor":31},{"not_picked":["Storm","Go for the Eyes+1"],"picked":"Cold Snap+1","floor":31}],"player_experience":1872983,"relics_obtained":[{"floor":0,"key":"Bag of Preparation"},{"floor":0,"key":"Molten Egg 2"},{"floor":0,"key":"Du-Vu Doll"},{"floor":7,"key":"PreservedInsect"},{"floor":9,"key":"MealTicket"},{"floor":10,"key":"Dream Catcher"},{"floor":12,"key":"Art of War"},{"floor":14,"key":"Oddly Smooth Stone"},{"floor":24,"key":"Prayer Wheel"},{"floor":26,"key":"Bag of Marbles"},{"floor":29,"key":"Girya"}],"event_choices":[{"damage_healed":17,"gold_gain":0,"player_choice":"Healed","damage_taken":0,"max_hp_gain":0,"max_hp_loss":0,"event_name":"The Cleric","floor":5,"gold_loss":35},{"damage_healed":0,"gold_gain":0,"player_choice":"Upgraded","damage_taken":0,"max_hp_gain":0,"max_hp_loss":0,"event_name":"Upgrade Shrine","floor":13,"gold_loss":0,"cards_upgraded":["Conserve Battery"]},{"damage_healed":0,"gold_gain":0,"player_choice":"Ignored","damage_taken":0,"max_hp_gain":0,"max_hp_loss":0,"event_name":"The Mausoleum","floor":19,"gold_loss":0},{"damage_healed":0,"gold_gain":0,"player_choice":"Upgraded","damage_taken":0,"max_hp_gain":0,"max_hp_loss":0,"event_name":"Upgrade Shrine","floor":21,"gold_loss":0,"cards_upgraded":["Hologram"]}],"is_beta":false,"boss_relics":[{"not_picked":["Velvet Choker","Runic Dome"],"picked":"Nuclear Battery"}],"items_purged_floors":[11,20],"is_endless":false,"potions_floor_spawned":[4,7,10,16,22,27,28],"killed_by":"Collector","ascension_level":20}}