{"host":"uc8wz0q199a7d901","time":1613008983,"event":{"mods":["2.2 Compatiblity","BaseMod","Colored Map","DeckTracker","Highlight Path","Minty Spire (QoL Compilation)","Permanent Neow","Quick Restart","SuperFastMode"],"gold_per_floor":[12,30,40,56,76,106,106,137,137,166,216,243,243,253,253,253,253],"floor_reached":16,"language":"KOR","playtime":465,"items_purged":[],"score":264,"play_id":"c9898a80-0e36-4cb2-b19e-fe1501297988","local_time":"20210211110303","is_ascension_mode":true,"campfire_choices":[{"data":"Hyperbeam","floor":7.0,"key":"SMITH"},{"data":"Reprogram","floor":13,"key":"SMITH"},{"floor":15,"key":"REST"}],"circlet_count":0,"master_deck":["AscendersBane","Strike_B","Strike_B","Strike_B","Strike_B","Defend_B","Defend_B","Defend_B","Defend_B","Zap","Dualcast","Hyperbeam+1","Coolheaded","Beam Cell","Rebound","Steam","Rip and Tear","Turbo","Reprogram+1","Auto Shields","Stack"],"relics":["Cracked Core","Kunai","Toy Ornithopter","Oddly Smooth Stone","Mummified Hand"],"acts_visited":["Exordium"],"potions_floor_usage":[],"damage_taken":[{"damage":0.0,"enemies":"Cultist","floor":1.0,"turns":2.0},{"damage":0.0,"enemies":"Small Slimes","floor":2.0,"turns":2.0},{"damage":0.0,"enemies":"Jaw Worm","floor":3.0,"turns":3.0},{"damage":3.0,"enemies":"Gremlin Gang","floor":4.0,"turns":2.0},{"damage":0.0,"enemies":"2 Fungi Beasts","floor":5.0,"turns":1.0},{"damage":6.0,"enemies":"Lagavulin","floor":6.0,"turns":7.0},{"damage":5.0,"enemies":"Gremlin Nob","floor":8.0,"turns":3.0},{"damage":31.0,"enemies":"Lagavulin","floor":10.0,"turns":6.0},{"damage":4,"enemies":"3 Sentries","floor":12,"turns":4},{"damage":9,"enemies":"Lots of Slimes","floor":14,"turns":4},{"damage":49,"enemies":"The Guardian","floor":16,"turns":11}],"seed_played":"6176837802991269964","potions_obtained":[{"floor":1.0,"key":"Explosive Potion"},{"floor":4.0,"key":"PowerPotion"},{"floor":5.0,"key":"Energy Potion"},{"floor":8.0,"key":"SkillPotion"}],"is_trial":false,"path_per_floor":["M","M","M","M","M","E","R","E","T","E","?","E","R","M","R","B"],"character_chosen":"DEFECT","items_purchased":[],"campfire_rested":1,"item_purchase_floors":[],"current_hp_per_floor":[64,64,64,61,61,55,55,50,50,24,24,20,20,11,32,0,0],"gold":253,"neow_bonus":"THREE_RARE_CARDS","is_daily":false,"chose_seed":false,"campfire_upgraded":2,"win_rate":0.0,"timestamp":1613008983,"path_taken":["M","M","M","M","M","E","R","E","T","E","?","E","R","M","R","BOSS"],"items_purchased_type":[],"build_version":"2020-12-22","purchased_purges":0,"victory":false,"max_hp_per_floor":[71,71,71,71,71,71,71,71,71,71,71,71,71,71,71,71,71],"card_choices":[{"not_picked":["Creative AI","Multi-Cast"],"picked":"Hyperbeam","floor":0.0},{"not_picked":["Double Energy","Ball Lightning"],"picked":"Coolheaded","floor":1.0},{"not_picked":["Doom and Gloom","Steam"],"picked":"Beam Cell","floor":2.0},{"not_picked":["Barrage","Compile Driver","Reinforced Body"],"picked":"SKIP","floor":3.0},{"not_picked":["Rebound","Coolheaded","Tempest"],"picked":"SKIP","floor":4.0},{"not_picked":["Coolheaded","Tempest"],"picked":"Rebound","floor":4.0},{"not_picked":["Rip and Tear","Rebound"],"picked":"Steam","floor":5.0},{"not_picked":["Blizzard","Compile Driver","Rip and Tear"],"picked":"SKIP","floor":6.0},{"not_picked":["Blizzard","Compile Driver"],"picked":"Rip and Tear","floor":6.0},{"not_picked":["Sweeping Beam","Fusion"],"picked":"Turbo","floor":8.0},{"not_picked":["Barrage","Defragment"],"picked":"Reprogram","floor":10.0},{"not_picked":["Fusion","Recycle"],"picked":"Auto Shields","floor":12},{"not_picked":["Reinforced Body","Hologram"],"picked":"Stack","floor":14}],"player_experience":738777,"relics_obtained":[{"floor":6.0,"key":"Kunai"},{"floor":8.0,"key":"Toy Ornithopter"},{"floor":10.0,"key":"Oddly Smooth Stone"},{"floor":12,"key":"Mummified Hand"}],"event_choices":[{"damage_healed":0.0,"max_hp_gain":0.0,"max_hp_loss":0.0,"gold_gain":50.0,"event_name":"Golden Shrine","player_choice":"Pray","floor":11.0,"gold_loss":0.0,"damage_taken":0.0}],"is_beta":false,"boss_relics":[],"items_purged_floors":[],"is_endless":false,"potions_floor_spawned":[1,4,5,8],"killed_by":"The Guardian","ascension_level":20}}