{"host":"djoj10dqzzvtkauc","time":1613062390,"event":{"mods":["2.2 Compatiblity","BaseMod","Colored Map","DeckTracker","Highlight Path","Keyboard Shortcuts","Marisa£¨Ùöéë¡¡Øª×âÞÞ£©","Minty Spire (QoL Compilation)","Permanent Neow","Quick Restart","Random Character Button","StSLib","SuperFastMode","everything is the same but u backflip on backflip"],"gold_per_floor":[111,126,137,137,62,62,91,29,29,44,8,8,8,20,20,91,91,102,102,6,26,36,36,69,69,69,31,31,45,58,76,76,152,152,163,176,176,176,176],"floor_reached":38,"language":"KOR","playtime":1059,"items_purged":["Strike_G"],"score":693,"play_id":"0e493733-dc11-485f-b397-f43a1ff5e33f","local_time":"20210212015310","is_ascension_mode":true,"campfire_choices":[{"data":"Crippling Poison","floor":6.0,"key":"SMITH"},{"data":"Well Laid Plans","floor":13.0,"key":"SMITH"},{"data":"Dagger Spray","floor":15.0,"key":"SMITH"},{"data":"Backflip","floor":23.0,"key":"SMITH"},{"data":"Accuracy","floor":25.0,"key":"SMITH"},{"data":"Catalyst","floor":32.0,"key":"SMITH"}],"circlet_count":0,"master_deck":["AscendersBane","Strike_G","Strike_G","Defend_G","Defend_G","Defend_G","Defend_G","Defend_G","Survivor","Neutralize","Corpse Explosion","Crippling Poison+1","Dagger Spray+1","Leg Sweep","Catalyst+1","Backflip+1","Well Laid Plans+1","Accuracy+1","Unload","Blade Dance","Deflect","Backstab","Backflip+1","PiercingWail+1","Blur+1","Doubt","Escape Plan","Noxious Fumes","PiercingWail","Caltrops+1","Burst"],"relics":["Ring of the Snake","Ninja Scroll","Kunai","Cursed Key","Gremlin Horn","The Specimen","Sozu"],"acts_visited":["Exordium","TheCity","TheBeyond"],"potions_floor_usage":[],"damage_taken":[{"damage":0.0,"enemies":"2 Louse","floor":1.0,"turns":2.0},{"damage":2.0,"enemies":"Small Slimes","floor":2.0,"turns":3.0},{"damage":1.0,"enemies":"Jaw Worm","floor":3.0,"turns":4.0},{"damage":24.0,"enemies":"3 Sentries","floor":7.0,"turns":5.0},{"damage":0.0,"enemies":"Blue Slaver","floor":10.0,"turns":4.0},{"damage":0.0,"enemies":"Exordium Wildlife","floor":14.0,"turns":2.0},{"damage":16.0,"enemies":"Slime Boss","floor":16.0,"turns":11.0},{"damage":0.0,"enemies":"Chosen","floor":18.0,"turns":5.0},{"damage":0.0,"enemies":"3 Byrds","floor":21.0,"turns":4.0},{"damage":3.0,"enemies":"Centurion and Healer","floor":22.0,"turns":4.0},{"damage":1.0,"enemies":"Book of Stabbing","floor":24.0,"turns":7.0},{"damage":0.0,"enemies":"Chosen and Byrds","floor":29.0,"turns":4.0},{"damage":0.0,"enemies":"Snecko","floor":30.0,"turns":3.0},{"damage":7.0,"enemies":"Snake Plant","floor":31.0,"turns":5.0},{"damage":7.0,"enemies":"Collector","floor":33.0,"turns":8.0},{"damage":3.0,"enemies":"Orb Walker","floor":35.0,"turns":3.0},{"damage":0.0,"enemies":"3 Darklings","floor":36.0,"turns":2.0},{"damage":0,"enemies":"Orin","floor":38,"turns":1}],"seed_played":"-2446832767033510545","potions_obtained":[{"floor":2.0,"key":"ColorlessPotion"},{"floor":10.0,"key":"PowerPotion"},{"floor":16.0,"key":"LiquidMemories"},{"floor":21.0,"key":"Strength Potion"},{"floor":24.0,"key":"Strength Potion"},{"floor":28.0,"key":"LiquidMemories"},{"floor":31.0,"key":"Dexterity Potion"}],"is_trial":false,"path_per_floor":["M","M","M","?","$","R","E","?","T","M","$","?","R","M","R","B",null,"M","?","$","M","M","R","E","R","T","$","?","M","M","M","R","B",null,"M","M","?","?"],"character_chosen":"THE_SILENT","items_purchased":["Well Laid Plans","Deflect","Backstab","Escape Plan"],"campfire_rested":0,"item_purchase_floors":[11,20,20,27],"current_hp_per_floor":[59,57,56,49,49,49,25,25,25,25,25,25,25,25,25,9,52,52,52,52,52,49,49,48,48,48,48,48,48,48,41,41,34,58,55,55,55,55,55],"gold":176,"neow_bonus":"TRANSFORM_CARD","is_daily":false,"chose_seed":false,"campfire_upgraded":6,"win_rate":0.0,"timestamp":1613062390,"path_taken":["M","M","M","?","$","R","E","?","T","M","?","?","R","M","R","BOSS","M","?","?","M","?","R","E","R","T","$","?","M","M","?","R","BOSS","M","M","?","?"],"items_purchased_type":["Card","Card","Card","Card"],"build_version":"2020-12-22","purchased_purges":1,"victory":false,"max_hp_per_floor":[66,66,66,66,66,66,66,66,66,66,66,66,66,66,66,66,66,66,66,66,66,66,66,66,66,66,66,66,66,66,66,66,66,66,66,66,66,66,66],"card_choices":[{"not_picked":["Flying Knee","Deflect"],"picked":"Crippling Poison","floor":1.0},{"not_picked":["Dagger Throw","Bane"],"picked":"Dagger Spray","floor":2.0},{"not_picked":["Predator","Deflect"],"picked":"Leg Sweep","floor":3.0},{"not_picked":["Endless Agony","Corpse Explosion"],"picked":"Catalyst","floor":7.0},{"not_picked":["Sucker Punch","Dagger Spray"],"picked":"Backflip","floor":10.0},{"not_picked":["Skewer","Concentrate"],"picked":"Accuracy","floor":14.0},{"not_picked":["Phantasmal Killer","Grand Finale"],"picked":"Unload","floor":16.0},{"not_picked":["Dagger Throw","Deflect"],"picked":"Blade Dance","floor":18.0},{"not_picked":["Outmaneuver","Flying Knee"],"picked":"Backflip","floor":21.0},{"not_picked":["Acrobatics","Dodge and Roll"],"picked":"PiercingWail+1","floor":22.0},{"not_picked":["Endless Agony","Poisoned Stab"],"picked":"Blur+1","floor":24.0},{"not_picked":["Well Laid Plans+1","Deadly Poison"],"picked":"Noxious Fumes","floor":29.0},{"not_picked":["Quick Slash+1","Expertise"],"picked":"PiercingWail","floor":30.0},{"not_picked":["Distraction","Sucker Punch"],"picked":"Caltrops+1","floor":31.0},{"not_picked":["Night Terror","Bullet Time"],"picked":"Burst","floor":33.0},{"not_picked":["Deflect","Backstab","Prepared"],"picked":"SKIP","floor":35.0},{"not_picked":["Dagger Spray","Prepared","Phantasmal Killer"],"picked":"SKIP","floor":36.0}],"player_experience":232422,"relics_obtained":[{"floor":7.0,"key":"Ninja Scroll"},{"floor":9.0,"key":"Kunai"},{"floor":24.0,"key":"Gremlin Horn"},{"floor":26.0,"key":"The Specimen"}],"event_choices":[{"cards_removed":["Strike_G"],"damage_healed":0.0,"max_hp_gain":0.0,"max_hp_loss":0.0,"gold_gain":0.0,"event_name":"Golden Wing","player_choice":"Card Removal","floor":4.0,"gold_loss":0.0,"damage_taken":7.0},{"damage_healed":0.0,"max_hp_gain":0.0,"max_hp_loss":0.0,"gold_gain":0.0,"event_name":"World of Goop","player_choice":"Left Gold","floor":8.0,"gold_loss":62.0,"damage_taken":0.0},{"damage_healed":0.0,"max_hp_gain":0.0,"max_hp_loss":0.0,"gold_gain":0.0,"event_name":"Dead Adventurer","player_choice":"Searched \u00270\u0027 times","floor":12.0,"gold_loss":0.0,"damage_taken":0.0},{"damage_healed":0.0,"max_hp_gain":0.0,"max_hp_loss":0.0,"gold_gain":0.0,"event_name":"Upgrade Shrine","player_choice":"Upgraded","floor":19.0,"gold_loss":0.0,"damage_taken":0.0,"cards_upgraded":["Backflip"]},{"damage_healed":0.0,"max_hp_gain":0.0,"max_hp_loss":0.0,"gold_gain":0.0,"event_name":"Lab","player_choice":"Got Potions","floor":28.0,"gold_loss":0.0,"damage_taken":0.0},{"damage_healed":0.0,"max_hp_gain":0.0,"max_hp_loss":0.0,"gold_gain":0.0,"event_name":"Mysterious Sphere","player_choice":"Ignored","floor":37.0,"gold_loss":0.0,"damage_taken":0.0},{"damage_healed":0,"gold_gain":0,"player_choice":"Fight","damage_taken":0,"max_hp_gain":0,"max_hp_loss":0,"event_name":"OrinTheCat","floor":38,"gold_loss":0}],"is_beta":false,"boss_relics":[{"not_picked":["Empty Cage","SacredBark"],"picked":"Cursed Key"},{"not_picked":["Astrolabe","Runic Dome"],"picked":"Sozu"}],"items_purged_floors":[5],"is_endless":false,"potions_floor_spawned":[2,10,16,21,24,30,31],"killed_by":"Orin","ascension_level":15}}