{"host":"dt8l0my8qdt1qx2n","time":1613012756,"event":{"mods":["Act Like it!","Arknights","BaseMod","Marisa£®ÏF”Í°°ƒß¿Ì…≥£©","Minty Spire (QoL Compilation)","Reimu£®≤©¿ˆ¡È√Œ£©","Remilia£®¿Ÿ√◊¿Ú—«£©","StSLib","The Servant 0.9.4","Yuyuko","°æ“≈ŒÔø®≈∆°øREMEMod"],"gold_per_floor":[111,122,122,142,142,142,155,2,2,2,64,96,136,158,158,262,262,278,38,60,63,78,108,108,156,156,156,189,207,228,143,143,243,243,266,288,310,327,345,345,361,396,396,33,66,90,106,125,125,155],"floor_reached":51,"language":"ZHS","playtime":3007,"items_purged":["ats:Defend+1"],"score":921,"play_id":"0d712289-7254-438f-97ff-d683774dc812","local_time":"20210211110556","is_ascension_mode":false,"campfire_choices":[{"data":"ScarletCoffin","floor":6.0,"key":"SMITH"},{"data":"ats:Healing Drone","floor":10.0,"key":"SMITH"},{"data":"ats:Part Time Job","floor":15.0,"key":"SMITH"},{"data":"ats:Healing Strengthening","floor":24.0,"key":"SMITH"},{"data":"ats:Demon Strength","floor":27.0,"key":"SMITH"},{"data":"ats:Armor Crushing Shot","floor":32.0,"key":"SMITH"},{"data":"ats:Roar Of Ursus","floor":40,"key":"SMITH"},{"data":"1","floor":49,"key":"LIFT"}],"circlet_count":0,"master_deck":["ats:Strike C+1","ats:Strike G+1","ats:Strike S+1","ats:Armor Crushing Shot+1","ats:Defend+1","ats:Defend+1","ats:Defend+1","ats:Emotion Absorption+1","ats:Healing Drone+1","ScarletCoffin+1","ats:Hook Shot+1","ats:Collapsing Strike+1","ats:Part Time Job+1","ats:Assault Order+1","ats:Healing Strengthening+1","ats:Demon Strength+1","ats:Overload+1","ats:Sashimi Platter+1","ats:Roar Of Ursus+1","ats:Support Order+1","ats:Thorns+1"],"relics":["ats:Sanity","REME_ComplimentaryCards","NeowsBlessing","ats:Ability Aura","REME_ArchaeologicalTools","TentaclePot:ReiMu","Nunchaku","ats:Originium","HornCleat","REME_HandOfSuture","REME_ChargedStone","Bottled Lightning","Matryoshka","Letter Opener","Toy Ornithopter","ats:Hidden Killer","ScarletDevilRocket","MealTicket","Dream Catcher","Runic Pyramid","Gremlin Horn","PreservedInsect","Sundial","Girya","Bag of Marbles","AntiCross"],"acts_visited":["Exordium","TheCity","TheBeyond"],"potions_floor_usage":[38],"damage_taken":[{"damage":0.0,"enemies":"Small Slimes","floor":1.0,"turns":1.0},{"damage":6.0,"enemies":"2 Louse","floor":2.0,"turns":3.0},{"damage":0.0,"enemies":"Jaw Worm","floor":3.0,"turns":1.0},{"damage":18.0,"enemies":"2 Fungi Beasts","floor":4.0,"turns":6.0},{"damage":19.0,"enemies":"Gremlin Gang","floor":7.0,"turns":8.0},{"damage":6.0,"enemies":"Gremlin Nob","floor":11.0,"turns":3.0},{"damage":0.0,"enemies":"Looter","floor":12.0,"turns":4.0},{"damage":1.0,"enemies":"Lagavulin","floor":13.0,"turns":5.0},{"damage":20.0,"enemies":"Large Slime","floor":14.0,"turns":6.0},{"damage":130.0,"enemies":"Slime Boss","floor":16.0,"turns":25.0},{"damage":24.0,"enemies":"Spheric Guardian","floor":18.0,"turns":5.0},{"damage":17.0,"enemies":"Chosen","floor":20.0,"turns":6.0},{"damage":23.0,"enemies":"Snake Plant","floor":21.0,"turns":4.0},{"damage":15.0,"enemies":"Centurion and Healer","floor":22.0,"turns":10.0},{"damage":34.0,"enemies":"REME_1_Revenger","floor":23.0,"turns":7.0},{"damage":56.0,"enemies":"Book of Stabbing","floor":25.0,"turns":8.0},{"damage":28.0,"enemies":"Cultist and Chosen","floor":28.0,"turns":6.0},{"damage":20.0,"enemies":"Snake Plant","floor":29.0,"turns":5.0},{"damage":10.0,"enemies":"3 Cultists","floor":30.0,"turns":5.0},{"damage":87.0,"enemies":"Automaton","floor":33.0,"turns":9.0},{"damage":14,"enemies":"3 Shapes","floor":35,"turns":4},{"damage":4,"enemies":"Orb Walker","floor":36,"turns":4},{"damage":14,"enemies":"Writhing Mass","floor":37,"turns":4},{"damage":21,"enemies":"Spire Growth","floor":38,"turns":4},{"damage":11,"enemies":"3 Darklings","floor":39,"turns":2},{"damage":28,"enemies":"Writhing Mass","floor":41,"turns":4},{"damage":67,"enemies":"Nemesis","floor":42,"turns":3},{"damage":0,"enemies":"Reptomancer","floor":45,"turns":3},{"damage":15,"enemies":"Sphere and 2 Shapes","floor":46,"turns":4},{"damage":20,"enemies":"Maw","floor":47,"turns":7},{"damage":17,"enemies":"Spire Growth","floor":48,"turns":4},{"damage":42,"enemies":"Time Eater","floor":50,"turns":7}],"seed_played":"574259744344780615","potions_obtained":[{"floor":1.0,"key":"DistilledChaos"},{"floor":2.0,"key":"Ancient Potion"},{"floor":4.0,"key":"Block Potion"},{"floor":11.0,"key":"SteroidPotion"},{"floor":13.0,"key":"Ancient Potion"},{"floor":16.0,"key":"BlessingOfTheForge"},{"floor":16.0,"key":"LiquidMemories"},{"floor":23.0,"key":"CultistPotion"},{"floor":28.0,"key":"ats:Burn Small Potion"},{"floor":30.0,"key":"SneckoOil"},{"floor":33.0,"key":"SkillPotion"},{"floor":36,"key":"SteroidPotion"},{"floor":39,"key":"ColorlessPotion"}],"is_trial":false,"path_per_floor":["M","M","M","M","?","R","M","$","T","R","E","M","E","M","R","B",null,"M","$","M","M","M","E","R","E","T","R","M","M","M","?","R","B",null,"M","M","M","M","M","R","M","E","T","$","E","M","M","M","R","B",null],"character_chosen":"DOCTOR_CLASS","items_purchased":["TentaclePot:ReiMu","Matryoshka","Girya"],"campfire_rested":0,"item_purchase_floors":[8,19,44],"current_hp_per_floor":[72,71,71,65,58,58,51,51,51,51,45,59,72,54,54,72,72,70,70,61,52,72,64,64,43,43,43,70,72,72,72,72,61,72,72,72,70,68,68,68,72,52,52,67,72,61,60,57,57,72],"gold":155,"neow_bonus":"THREE_ENEMY_KILL","is_daily":false,"chose_seed":false,"campfire_upgraded":7,"win_rate":0.0,"timestamp":1613012756,"path_taken":["M","M","M","M","?","R","M","$","T","R","E","M","E","M","R","BOSS","M","$","M","M","M","E","R","E","T","R","M","M","M","?","R","BOSS","M","M","M","M","M","R","M","E","T","$","E","M","M","M","R","BOSS"],"items_purchased_type":["Relic","Relic","Relic"],"build_version":"2020-12-22","purchased_purges":1,"victory":true,"max_hp_per_floor":[72,72,72,72,72,72,72,72,72,72,72,72,72,72,72,72,72,72,72,72,72,72,72,72,72,72,72,72,72,72,72,72,72,72,72,72,72,72,72,72,72,72,72,72,72,72,72,72,72,72],"card_choices":[{"not_picked":["ats:Spore Proliferation","ats:Mental Burst"],"picked":"ats:Healing Drone","floor":1.0},{"not_picked":["ats:Curse Doll","ats:Leaping Hammer"],"picked":"ats:Hook Shot","floor":2.0},{"not_picked":["ats:Defend Order","ats:Very Hot Blade","ats:Curse Doll"],"picked":"SKIP","floor":3.0},{"not_picked":["ats:Serious Mode","ats:Shadow Raid"],"picked":"ats:Collapsing Strike","floor":4.0},{"not_picked":["ats:Shadow Raid","ats:Cat Scratch","ats:Very Hot Blade"],"picked":"SKIP","floor":7.0},{"not_picked":["ats:Neurotoxin","ats:Thermite Blade"],"picked":"ats:Part Time Job","floor":11.0},{"not_picked":["ats:Powerful Strike","ats:Cat Scratch"],"picked":"ats:Assault Order","floor":12.0},{"not_picked":["ats:Very Hot Blade","ats:Flexible Camouflage","ats:Cat Scratch"],"picked":"SKIP","floor":13.0},{"not_picked":["ats:Healing Drone","ats:Apocalypse"],"picked":"ats:Healing Strengthening","floor":14.0},{"not_picked":["ats:Leaping Hammer","ats:Hook Shot+1","ats:Sword Rain"],"picked":"SKIP","floor":18.0},{"not_picked":["ats:Shell Defense+1","ats:Guardian Obelisk+1"],"picked":"ats:Demon Strength","floor":20.0},{"not_picked":["ats:Very Hot Blade","ats:Flexible Camouflage+1","ats:Explosion Area Strengthen"],"picked":"SKIP","floor":21.0},{"not_picked":["ats:Explosion Area Strengthen","ats:Revitalization","ats:Closed Bolt Burst Fire"],"picked":"SKIP","floor":22.0},{"not_picked":["ats:Explosion Area Strengthen","ats:Flame Of Heaven","ats:Healing Drone"],"picked":"SKIP","floor":23.0},{"not_picked":["ats:Leaping Hammer+1","ats:Fractured Body","ats:Cat Scratch"],"picked":"SKIP","floor":25.0},{"not_picked":["ats:Flexible Camouflage+1","ats:Powerful Strike"],"picked":"ats:Overload","floor":28.0},{"not_picked":["ats:Hammer On","ats:Beaten Up"],"picked":"ats:Sashimi Platter","floor":29.0},{"not_picked":["ats:Poison Spread+1","ats:Hammer On","ats:Apocalypse"],"picked":"SKIP","floor":30.0},{"not_picked":["ats:Wolf Pack","ats:Soul Rend"],"picked":"ats:Roar Of Ursus","floor":33.0},{"not_picked":["ats:Consecutive Shot Auto","ats:Hammer On+1","ats:Beaten Up+1"],"picked":"SKIP","floor":35},{"not_picked":["ats:Defend Order+1","ats:Closed Bolt Burst Fire+1"],"picked":"ats:Support Order+1","floor":36},{"not_picked":["ats:Poison Spread","ats:Red Shift","ats:Song Of Battle"],"picked":"SKIP","floor":37},{"not_picked":["ats:Flexible Camouflage","ats:Encircling Forest+1","ats:Very Hot Blade"],"picked":"SKIP","floor":38},{"not_picked":["ats:Sashimi Platter","ats:Cat Scratch","ats:Assault Order"],"picked":"SKIP","floor":39},{"not_picked":["ats:Curse Doll","ats:Absolute Focus","ats:Beaten Up"],"picked":"SKIP","floor":41},{"not_picked":["ats:Assault Order+1","ats:Steam Pump","ats:Automatic Cover"],"picked":"SKIP","floor":42},{"not_picked":["ats:Shadow Raid","ats:Explosion Area Strengthen+1"],"picked":"ats:Thorns+1","floor":45},{"not_picked":["ats:Hammer On+1","ats:Ambush","ats:Encircling Forest+1"],"picked":"SKIP","floor":46},{"not_picked":["ats:Sword Rain+1","ats:Revitalization+1","ats:Poison Spread+1"],"picked":"SKIP","floor":47},{"not_picked":["ats:Burning Ground","ats:Rapid Magazine","ats:Steam Pump"],"picked":"SKIP","floor":48}],"player_experience":165647,"relics_obtained":[{"floor":7.0,"key":"ats:Ability Aura"},{"floor":7.0,"key":"REME_ArchaeologicalTools"},{"floor":9.0,"key":"Nunchaku"},{"floor":11.0,"key":"ats:Originium"},{"floor":11.0,"key":"HornCleat"},{"floor":13.0,"key":"ats:Originium"},{"floor":13.0,"key":"REME_HandOfSuture"},{"floor":18.0,"key":"Bottled Lightning"},{"floor":23.0,"key":"ats:Originium"},{"floor":23.0,"key":"Letter Opener"},{"floor":25.0,"key":"ats:Originium"},{"floor":25.0,"key":"Toy Ornithopter"},{"floor":26.0,"key":"ats:Hidden Killer"},{"floor":26.0,"key":"ScarletDevilRocket"},{"floor":28.0,"key":"MealTicket"},{"floor":42,"key":"Gremlin Horn"},{"floor":43,"key":"PreservedInsect"},{"floor":43,"key":"Sundial"},{"floor":45,"key":"Bag of Marbles"},{"floor":48,"key":"AntiCross"}],"event_choices":[{"cards_removed":["ats:Strike V"],"damage_healed":0.0,"max_hp_gain":0.0,"max_hp_loss":0.0,"gold_gain":0.0,"event_name":"Golden Wing","player_choice":"Card Removal","floor":5.0,"gold_loss":0.0,"damage_taken":7.0},{"damage_healed":0.0,"max_hp_gain":0.0,"max_hp_loss":0.0,"gold_gain":0.0,"event_name":"Addict","player_choice":"Obtained Relic","floor":31.0,"gold_loss":85.0,"damage_taken":0.0,"relics_obtained":["Dream Catcher"]}],"is_beta":false,"boss_relics":[{"not_picked":["REME_LowDesire","REME_DemonsWealth"],"picked":"REME_ChargedStone"},{"not_picked":["Snecko Eye","SacredBark"],"picked":"Runic Pyramid"}],"items_purged_floors":[44],"is_endless":false,"potions_floor_spawned":[1,2,4,7,12,16,21,23,28,30,33,36,37,39,45,48],"ascension_level":0}}