{"host":"rmsq46plbpwfbxcc","time":1613031302,"event":{"mods":["AchievementEnabler","BaseMod","Colored Map","Colored Powertips","DeckTracker","KOR Keyword Fix","Minty Spire (QoL Compilation)","Permanent Neow","Quick Restart","SuperFastMode"],"gold_per_floor":[112,112,126,136,156,186,186,219,219,246,246,246,13,42,54,140,152,176,188,212,224,27,55,55,55,55,86,97,97,147,160,160,236,236,247,260,277,292,310,339,339,359,359,359,359,359,147,157,157,157],"floor_reached":51,"language":"KOR","playtime":1676,"items_purged":["Strike_G","Defend_G","Strike_G"],"score":1561,"play_id":"04668380-42ee-47bf-85de-00a8825230c8","local_time":"20210211171502","is_ascension_mode":true,"campfire_choices":[{"data":"Terror","floor":7.0,"key":"SMITH"},{"data":"Neutralize","floor":12.0,"key":"SMITH"},{"data":"Finisher","floor":15.0,"key":"SMITH"},{"data":"Blade Dance","floor":24.0,"key":"SMITH"},{"data":"Cloak And Dagger","floor":29.0,"key":"SMITH"},{"data":"Accuracy","floor":32.0,"key":"SMITH"},{"floor":41.0,"key":"REST"},{"data":"Envenom","floor":44.0,"key":"SMITH"},{"floor":46,"key":"REST"},{"data":"Adrenaline","floor":49,"key":"SMITH"}],"circlet_count":0,"master_deck":["AscendersBane","Strike_G","Defend_G","Defend_G","Survivor","Neutralize+1","Phantasmal Killer+1","Dagger Throw+1","Flechettes+1","Terror+1","Finisher+1","Backflip","Tactician","CurseOfTheBell","Blade Dance+1","Cloak And Dagger+1","Shame","Blade Dance+1","Accuracy+1","Envenom+1","Well Laid Plans+1","Calculated Gamble+1","Adrenaline+1"],"relics":["Astrolabe","Incense Burner","MealTicket","Bag of Preparation","Blue Candle","Nunchaku","MawBank","Calling Bell","Bag of Marbles","Kunai","TungstenRod","Tingsha","Blood Vial","Snake Skull","Orichalcum","Sozu","Boot","Du-Vu Doll"],"acts_visited":["Exordium","TheCity","TheBeyond"],"potions_floor_usage":[],"damage_taken":[{"damage":5.0,"enemies":"2 Louse","floor":1.0,"turns":2.0},{"damage":0.0,"enemies":"Small Slimes","floor":3.0,"turns":3.0},{"damage":7.0,"enemies":"Jaw Worm","floor":4.0,"turns":3.0},{"damage":3.0,"enemies":"Exordium Wildlife","floor":5.0,"turns":2.0},{"damage":29.0,"enemies":"3 Sentries","floor":6.0,"turns":8.0},{"damage":0.0,"enemies":"Lagavulin","floor":8.0,"turns":4.0},{"damage":4.0,"enemies":"3 Sentries","floor":10.0,"turns":8.0},{"damage":10.0,"enemies":"Lagavulin","floor":14.0,"turns":3.0},{"damage":0.0,"enemies":"Slime Boss","floor":16.0,"turns":4.0},{"damage":18.0,"enemies":"Shell Parasite","floor":18.0,"turns":3.0},{"damage":7.0,"enemies":"3 Byrds","floor":20.0,"turns":5.0},{"damage":0.0,"enemies":"Book of Stabbing","floor":23.0,"turns":3.0},{"damage":15.0,"enemies":"Slavers","floor":27.0,"turns":4.0},{"damage":2.0,"enemies":"Centurion and Healer","floor":28.0,"turns":4.0},{"damage":3.0,"enemies":"Snecko","floor":31.0,"turns":4.0},{"damage":20.0,"enemies":"Collector","floor":33.0,"turns":3.0},{"damage":23.0,"enemies":"3 Darklings","floor":35.0,"turns":5.0},{"damage":15.0,"enemies":"3 Shapes","floor":36.0,"turns":4.0},{"damage":32.0,"enemies":"Jaw Worm Horde","floor":37.0,"turns":3.0},{"damage":17.0,"enemies":"Transient","floor":38.0,"turns":6.0},{"damage":7.0,"enemies":"3 Darklings","floor":39.0,"turns":5.0},{"damage":1.0,"enemies":"Giant Head","floor":40.0,"turns":4.0},{"damage":10.0,"enemies":"4 Shapes","floor":42.0,"turns":4.0},{"damage":0,"enemies":"Transient","floor":48,"turns":6},{"damage":48,"enemies":"Time Eater","floor":50,"turns":5}],"seed_played":"-7056683649418122148","potions_obtained":[{"floor":1.0,"key":"Poison Potion"},{"floor":4.0,"key":"CultistPotion"},{"floor":5.0,"key":"FairyPotion"},{"floor":16.0,"key":"PowerPotion"},{"floor":33.0,"key":"Explosive Potion"}],"is_trial":false,"path_per_floor":["M","?","M","M","M","E","R","E","T","E","?","R","$","E","R","B",null,"M","$","M","?","$","E","R","?","T","E","M","R","?","M","R","B",null,"M","M","M","M","M","E","R","M","T","R","?","R","$","M","R","B",null],"character_chosen":"THE_SILENT","items_purchased":["Nunchaku","Blade Dance","Cloak And Dagger","Adrenaline"],"campfire_rested":2,"item_purchase_floors":[13,22,22,47],"current_hp_per_floor":[54,47,47,40,37,8,8,8,8,4,9,9,24,14,14,14,57,39,54,47,47,62,62,62,62,62,49,49,49,49,48,48,30,61,40,27,21,6,1,2,23,15,15,15,15,36,51,53,53,7],"gold":157,"neow_bonus":"BOSS_RELIC","is_daily":false,"chose_seed":false,"campfire_upgraded":8,"win_rate":0.0,"timestamp":1613031302,"path_taken":["M","?","M","M","M","E","R","E","T","E","?","R","$","E","R","BOSS","M","$","M","?","$","E","R","?","T","E","M","R","?","?","R","BOSS","M","M","M","M","M","E","R","M","T","R","?","R","$","M","R","BOSS"],"items_purchased_type":["Relic","Card","Card","Card"],"build_version":"2020-12-22","purchased_purges":3,"victory":true,"max_hp_per_floor":[66,66,66,66,66,66,66,66,66,66,71,71,71,71,71,71,71,71,71,71,71,71,71,71,71,71,71,71,71,71,71,71,71,71,71,71,71,71,71,71,71,71,71,71,71,71,71,71,71,71],"card_choices":[{"not_picked":["Expertise","Eviscerate","Distraction"],"picked":"SKIP","floor":1.0},{"not_picked":["Flying Knee","Concentrate","Predator"],"picked":"SKIP","floor":3.0},{"not_picked":["Flying Knee","Expertise"],"picked":"Terror","floor":4.0},{"not_picked":["Flying Knee","Backflip"],"picked":"Finisher","floor":5.0},{"not_picked":["Dagger Throw","Dodge and Roll","Corpse Explosion"],"picked":"SKIP","floor":6.0},{"not_picked":["Eviscerate","Dagger Throw"],"picked":"Backflip","floor":8.0},{"not_picked":["Crippling Poison","Flying Knee"],"picked":"Tactician","floor":10.0},{"not_picked":["Backflip","Leg Sweep","Riddle With Holes"],"picked":"SKIP","floor":14.0},{"not_picked":["Corpse Explosion","Quick Slash","Backflip"],"picked":"SKIP","floor":18.0},{"not_picked":["Slice","Skewer","Catalyst"],"picked":"SKIP","floor":20.0},{"not_picked":["Bane","Sucker Punch","Concentrate"],"picked":"SKIP","floor":23.0},{"not_picked":["Sucker Punch","Slice+1"],"picked":"Blade Dance+1","floor":27.0},{"not_picked":["Heel Hook","Flechettes","Crippling Poison"],"picked":"SKIP","floor":28.0},{"not_picked":["Dodge and Roll","PiercingWail"],"picked":"Accuracy","floor":31.0},{"not_picked":["Night Terror","Die Die Die"],"picked":"Envenom","floor":33.0},{"not_picked":["Flying Knee","Endless Agony+1"],"picked":"Well Laid Plans+1","floor":35.0},{"not_picked":["Slice","Reflex","Prepared+1"],"picked":"SKIP","floor":36.0},{"not_picked":["Flying Knee","Infinite Blades"],"picked":"Calculated Gamble+1","floor":37.0},{"not_picked":["Flying Knee","Quick Slash+1","Bane+1"],"picked":"SKIP","floor":38.0},{"not_picked":["Masterful Stab","Eviscerate","Poisoned Stab"],"picked":"SKIP","floor":39.0},{"not_picked":["Flechettes","Heel Hook","Backflip"],"picked":"SKIP","floor":40.0},{"not_picked":["Deflect","Dodge and Roll+1","Deadly Poison"],"picked":"SKIP","floor":42.0},{"not_picked":["Caltrops","Blade Dance","Eviscerate"],"picked":"SKIP","floor":48}],"player_experience":686299,"relics_obtained":[{"floor":6.0,"key":"Incense Burner"},{"floor":8.0,"key":"MealTicket"},{"floor":9.0,"key":"Bag of Preparation"},{"floor":10.0,"key":"Blue Candle"},{"floor":14.0,"key":"MawBank"},{"floor":17.0,"key":"Bag of Marbles"},{"floor":17.0,"key":"Kunai"},{"floor":17.0,"key":"TungstenRod"},{"floor":23.0,"key":"Tingsha"},{"floor":26.0,"key":"Snake Skull"},{"floor":27.0,"key":"Orichalcum"},{"floor":40.0,"key":"Boot"},{"floor":43.0,"key":"Du-Vu Doll"}],"event_choices":[{"cards_removed":["Defend_G"],"damage_healed":0.0,"max_hp_gain":0.0,"max_hp_loss":0.0,"gold_gain":0.0,"event_name":"Golden Wing","player_choice":"Card Removal","floor":2.0,"gold_loss":0.0,"damage_taken":7.0},{"damage_healed":0.0,"max_hp_gain":5.0,"max_hp_loss":0.0,"gold_gain":0.0,"event_name":"Big Fish","player_choice":"Donut","floor":11.0,"gold_loss":0.0,"damage_taken":0.0},{"damage_healed":0.0,"max_hp_gain":0.0,"max_hp_loss":0.0,"gold_gain":0.0,"event_name":"Cursed Tome","player_choice":"Ignored","floor":21.0,"gold_loss":0.0,"damage_taken":0.0},{"damage_healed":0.0,"max_hp_gain":0.0,"max_hp_loss":0.0,"gold_gain":0.0,"event_name":"Addict","player_choice":"Stole Relic","floor":25.0,"gold_loss":0.0,"damage_taken":0.0,"relics_obtained":["Blood Vial"],"cards_obtained":["Shame"]},{"damage_healed":0.0,"max_hp_gain":0.0,"max_hp_loss":0.0,"gold_gain":50.0,"event_name":"Nest","player_choice":"Stole From Cult","floor":30.0,"gold_loss":0.0,"damage_taken":0.0},{"damage_healed":0,"gold_gain":0,"player_choice":"Ignored","damage_taken":0,"max_hp_gain":0,"max_hp_loss":0,"event_name":"Mysterious Sphere","floor":45,"gold_loss":0}],"is_beta":false,"boss_relics":[{"not_picked":["HoveringKite","Velvet Choker"],"picked":"Calling Bell"},{"not_picked":["Fusion Hammer","Runic Pyramid"],"picked":"Sozu"}],"items_purged_floors":[13,22,47],"is_endless":false,"potions_floor_spawned":[1,4,5,16,23,33,36,38,40],"ascension_level":18}}