{"host":"qm1va34thld9e1ze","time":1613045567,"event":{"mods":["BaseMod","BetterRewards","Colored Powertips","Downfall","Hubris","Infinite Spire","Minty Spire (QoL Compilation)","Quick Restart","Replay The Spire","StSLib","everything is the same but u backflip on backflip"],"gold_per_floor":[119,119,94,144,159,159,192,207,234,234,234,249,267,284,284,384,384,397,397,397,408,408,408,421,421,421,435,445,295,305,325,325,422,422,442,442,459,304,304,304,304,304],"floor_reached":41,"language":"ENG","playtime":7909,"items_purged":["downfall:Bewildered"],"score":420,"play_id":"78d0bfcc-fa64-42ee-83e4-bc32ba1af305","local_time":"20210211131247","is_ascension_mode":false,"campfire_choices":[{"data":"Gash","floor":6,"key":"SMITH"},{"floor":11,"key":"REST"},{"floor":15,"key":"REST"},{"floor":23,"key":"REST"},{"floor":25,"key":"REST"},{"floor":32,"key":"REST"},{"floor":40,"key":"REST"}],"circlet_count":0,"master_deck":["Strike_B","Strike_B","Strike_B","Strike_B","Defend_B","Defend_B+1","Defend_B","Defend_B+1","Zap","Dualcast","Streamline+1","Gash+1","Streamline","Darkness","Steam","Auto Shields","Ball Lightning","Redo","Machine Learning","Sweeping Beam","Redo+1","infinitespire:Gouge+1","BootSequence+1","Redo","Redo+1","Leap","ReplayGash","Conserve Battery+1","Blind","Zap","Self Repair+1","Conserve Battery+1"],"relics":["Cracked Core","Bronze Scales","hubris:TenFootPole","Oddly Smooth Stone","War Paint","Honey Jar","sneckomod:BabySnecko","Juzu Bracelet","infinitespire:CheckeredPen","Raider\u0027s Mask","hubris:HollowSoul","Prayer Wheel","Membership Card"],"acts_visited":["Exordium","TheCity","TheBeyond"],"potions_floor_usage":[14,16,16,24,33,33,33,41],"damage_taken":[{"damage":0,"enemies":"Small Slimes","floor":1,"turns":2},{"damage":6,"enemies":"Cultist","floor":5,"turns":3},{"damage":14,"enemies":"Replay:BlueRogue","floor":7,"turns":5},{"damage":6,"enemies":"Jaw Worm","floor":8,"turns":2},{"damage":0,"enemies":"Exordium Thugs","floor":12,"turns":4},{"damage":9,"enemies":"2 Fungi Beasts","floor":13,"turns":2},{"damage":2,"enemies":"Large Slime","floor":14,"turns":5},{"damage":29,"enemies":"Slime Boss","floor":16,"turns":8},{"damage":10,"enemies":"Spheric Guardian","floor":18,"turns":3},{"damage":0,"enemies":"Chosen","floor":21,"turns":4},{"damage":21,"enemies":"3 Cultists","floor":24,"turns":4},{"damage":12,"enemies":"Snecko","floor":27,"turns":4},{"damage":12,"enemies":"Shelled Parasite and Fungi","floor":28,"turns":4},{"damage":0,"enemies":"Chosen and Byrds","floor":30,"turns":3},{"damage":0,"enemies":"Centurion and Healer","floor":31,"turns":4},{"damage":19,"enemies":"hubris:MusketHawk","floor":33,"turns":7},{"damage":8,"enemies":"Orb Walker","floor":35,"turns":3},{"damage":14,"enemies":"3 Shapes","floor":37,"turns":4},{"damage":27,"enemies":"Giant Head","floor":41,"turns":6}],"seed_played":"-1596261757564667474","potions_obtained":[{"floor":1,"key":"champ:CounterPotion"},{"floor":7,"key":"EssenceOfSteel"},{"floor":13,"key":"SkillPotion"},{"floor":21,"key":"champ:CounterPotion"},{"floor":24,"key":"FocusPotion"},{"floor":27,"key":"DuplicationPotion"},{"floor":31,"key":"bronze:BurnAndBuffPotion"},{"floor":35,"key":"DistilledChaos"}],"is_trial":false,"path_per_floor":["M","?","$","?","M","R","E","M","T","T","R","M","M","M","R","B",null,"M","?","?","M","AVR","R","M","R","T","M","M","$","M","M","R","B",null,"M","?","M","$","?","R","E"],"character_chosen":"DEFECT","items_purchased":["Gash","Raider\u0027s Mask","Membership Card"],"campfire_rested":6,"item_purchase_floors":[3,29,38],"current_hp_per_floor":[75,75,75,75,69,69,55,49,49,49,71,71,62,60,75,46,75,65,65,65,65,65,75,54,75,75,63,51,51,51,51,73,54,75,67,67,53,53,53,75,0,0],"gold":304,"neow_bonus":"RANDOM_COMMON_RELIC","is_daily":false,"chose_seed":false,"campfire_upgraded":1,"win_rate":0.0,"timestamp":1613045567,"path_taken":["M","?","?","?","?","R","E","M","T","?","R","M","M","M","R","BOSS","M","?","?","M","AVR","R","M","R","T","M","M","$","M","M","R","BOSS","M","?","M","?","?","R","E"],"items_purchased_type":["Card","Relic","Relic"],"build_version":"2020-12-22","purchased_purges":1,"victory":false,"max_hp_per_floor":[75,75,75,75,75,75,75,75,75,75,75,75,75,75,75,75,75,75,75,75,75,75,75,75,75,75,75,75,75,75,75,75,75,75,75,75,75,75,75,75,75,75],"card_choices":[{"not_picked":["Compile Driver","Turbo"],"picked":"Leap","floor":1},{"not_picked":["BasicCrystalCard","Hologram"],"picked":"Streamline","floor":5},{"not_picked":["BasicCrystalCard","Compile Driver"],"picked":"Darkness","floor":7},{"not_picked":["ReplaySolidLightProjector","ReplayTheSpireMod:GoodbyeWorld"],"picked":"Steam","floor":8},{"not_picked":["ReplayTheSpireMod:Reroute Power","Skim"],"picked":"Auto Shields","floor":12},{"not_picked":["hubris:DoWhile","Panic Button"],"picked":"Ball Lightning","floor":13},{"not_picked":["Cold Snap","Compile Driver"],"picked":"Redo","floor":14},{"not_picked":["hubris:Prefetch","Hyperbeam"],"picked":"Machine Learning","floor":16},{"not_picked":["Storm","Reinforced Body","Turbo"],"picked":"Sweeping Beam","floor":18},{"not_picked":["Reinforced Body","Force Field","Storm"],"picked":"Redo+1","floor":21},{"not_picked":["Rebound+1","Skim+1","Ball Lightning"],"picked":"BootSequence+1","floor":24},{"not_picked":["Panic Button","Tempest+1","Steam Power"],"picked":"Redo","floor":27},{"not_picked":["Creative AI","Ball Lightning","Static Discharge"],"picked":"Redo+1","floor":28},{"not_picked":["Skim","White Noise","Ball Lightning+1"],"picked":"Leap","floor":30},{"not_picked":["Streamline","Panic Button","Coolheaded+1"],"picked":"ReplayGash","floor":31},{"not_picked":["Fission","Core Surge","Buffer"],"picked":"ReplayTheSpireMod:Fabricate Wheel","floor":33},{"not_picked":["Sunder+1","Steam","Leap+1"],"picked":"Conserve Battery+1","floor":35},{"not_picked":["BootSequence","Hologram","Turbo+1"],"picked":"Self Repair+1","floor":37},{"not_picked":["ReplayTheSpireMod:Reroute Power+1","Beam Cell","Hologram+1"],"picked":"Conserve Battery+1","floor":37}],"player_experience":256309,"relics_obtained":[{"floor":7,"key":"hubris:TenFootPole"},{"floor":9,"key":"Oddly Smooth Stone"},{"floor":10,"key":"War Paint"},{"floor":26,"key":"infinitespire:CheckeredPen"}],"event_choices":[{"damage_healed":0,"gold_gain":50,"player_choice":"Gained Gold","damage_taken":0,"max_hp_gain":0,"max_hp_loss":0,"event_name":"Golden Wing","floor":4,"gold_loss":0},{"damage_healed":0,"gold_gain":0,"player_choice":"2 cards matched","damage_taken":0,"max_hp_gain":0,"max_hp_loss":0,"event_name":"Match and Keep!","floor":36,"gold_loss":0,"cards_obtained":["Blind","Zap"]},{"damage_healed":0,"gold_gain":0,"player_choice":"Upgraded","damage_taken":0,"max_hp_gain":0,"max_hp_loss":0,"event_name":"Upgrade Shrine","floor":39,"gold_loss":0,"cards_upgraded":["infinitespire:Gouge"]}],"is_beta":false,"boss_relics":[{"not_picked":["hubris:Stopwatch","SlaversCollar"],"picked":"Honey Jar"},{"not_picked":["Inserter","ReplayTheSpireMod:SealedPack"],"picked":"hubris:HollowSoul"}],"items_purged_floors":[22],"is_endless":false,"potions_floor_spawned":[1,7,13,21,24,27,31,35],"killed_by":"Giant Head","ascension_level":0}}