{"host":"o5jvvi5yapo90aia","time":1613040364,"event":{"mods":["BaseMod","CapriCore","Minty Spire (QoL Compilation)","MostiFishMod","Prisma Mod","Spicy Shops","StSLib","TestMod","The Immortal","Yakumo Yukari mod","【人物mod】游戏王New YuGiOh mod","【功能Mod】Neow奖励"],"gold_per_floor":[118,118,134,152,171,197,29,58,58,78,106,127,145,156,156,156,156],"floor_reached":16,"language":"ZHS","playtime":399,"items_purged":[],"score":398,"play_id":"3cbfce6f-be73-465d-bae5-ffff331cfdf6","local_time":"20210211184604","is_ascension_mode":true,"campfire_choices":[{"data":"Strike_P","floor":15,"key":"PURGE"}],"circlet_count":0,"master_deck":["AscendersBane","Strike_P","Strike_P","Strike_P","Defend_P","Defend_P","Defend_P","Defend_P","Eruption+1","Vigilance","BowlingBash","MostiFishMod:Adaptation+1","MentalFortress"],"relics":["DaveBox","testmod-TestBox","HereWithMe","ThornShield","testmod-Recursion","SynthV:TestCard","testmod-Motorcycle","Technique","Molten Egg 2","testmod-Déjàvu","Odd Mushroom"],"acts_visited":["Exordium"],"potions_floor_usage":[8],"damage_taken":[{"damage":0.0,"enemies":"Small Slimes","floor":1.0,"turns":2.0},{"damage":0.0,"enemies":"Cultist","floor":3.0,"turns":2.0},{"damage":2.0,"enemies":"2 Louse","floor":4.0,"turns":2.0},{"damage":0.0,"enemies":"2 Fungi Beasts","floor":5.0,"turns":2.0},{"damage":0.0,"enemies":"Gremlin Nob","floor":6.0,"turns":3.0},{"damage":0,"enemies":"Lagavulin","floor":8,"turns":3},{"damage":0,"enemies":"3 Louse","floor":10,"turns":2},{"damage":0,"enemies":"Gremlin Nob","floor":11,"turns":2},{"damage":0,"enemies":"The Mushroom Lair","floor":12,"turns":2},{"damage":0,"enemies":"Exordium Thugs","floor":13,"turns":2},{"damage":0,"enemies":"Blue Slaver","floor":14,"turns":1},{"damage":32,"enemies":"The Guardian","floor":16,"turns":6}],"seed_played":"-3295979464674211576","potions_obtained":[{"floor":2.0,"key":"Regen Potion"},{"floor":2.0,"key":"Fire Potion"},{"floor":5.0,"key":"Swift Potion"},{"floor":8,"key":"Ancient Potion"}],"is_trial":false,"path_per_floor":["M","?","M","M","M","E","$","E","T","M","E","?","M","M","R","B"],"character_chosen":"WATCHER","items_purchased":["Technique"],"campfire_rested":0,"item_purchase_floors":[7],"current_hp_per_floor":[62,62,63,62,63,64,64,65,65,66,67,68,68,68,68,36,36],"gold":156,"neow_bonus":"BOSS_RELIC","is_daily":false,"chose_seed":false,"campfire_upgraded":0,"win_rate":0.0,"timestamp":1613040364,"path_taken":["M","?","M","?","M","E","$","E","T","M","E","?","M","M","R","BOSS"],"items_purchased_type":["Relic"],"build_version":"2020-12-22","purchased_purges":0,"victory":false,"max_hp_per_floor":[68,68,68,68,68,68,68,68,68,68,68,68,68,68,68,68,68],"card_choices":[{"not_picked":["FlyingSleeves","ThirdEye","Crescendo"],"picked":"SKIP","floor":1.0},{"not_picked":["Pray","CrushJoints","SashWhip","MostiFishMod:Clarity","Swivel"],"picked":"SKIP","floor":3.0},{"not_picked":["ClearTheMind","BowlingBash","LikeWater","MostiFishMod:ScryFuture","SashWhip"],"picked":"SKIP","floor":4.0},{"not_picked":["ClearTheMind","LikeWater","MostiFishMod:ScryFuture","SashWhip"],"picked":"BowlingBash","floor":4.0},{"not_picked":["FlurryOfBlows","Crescendo","Fasting2","ClearTheMind","Vengeance"],"picked":"SKIP","floor":5.0},{"not_picked":["FlurryOfBlows","Crescendo","Fasting2","ClearTheMind","Vengeance"],"picked":"SKIP","floor":5.0},{"not_picked":["SandsOfTime","Tantrum","EmptyBody","SashWhip"],"picked":"MostiFishMod:Adaptation","floor":6.0},{"not_picked":["FlyingSleeves+1","Protect","EmptyBody","PathToVictory","Vengeance"],"picked":"SKIP","floor":8},{"not_picked":["SashWhip+1","CrushJoints+1","FollowUp+1","Evaluate"],"picked":"MentalFortress","floor":10},{"not_picked":["MostiFishMod:Adaptation","CutThroughFate+1","ClearTheMind","Halt","Consecrate+1"],"picked":"SKIP","floor":11},{"not_picked":["MentalFortress","FollowUp+1","FlurryOfBlows+1","FlyingSleeves+1","SashWhip+1"],"picked":"SKIP","floor":13},{"not_picked":["Study","SashWhip+1","MostiFishMod:FlowState","FlurryOfBlows+1","Vengeance"],"picked":"SKIP","floor":14}],"player_experience":1520885,"relics_obtained":[{"floor":1.0,"key":"SynthV:TestCard"},{"floor":6.0,"key":"testmod-Motorcycle"},{"floor":8,"key":"Molten Egg 2"},{"floor":11,"key":"testmod-Déjàvu"},{"floor":12,"key":"Odd Mushroom"}],"event_choices":[{"damage_healed":0.0,"max_hp_gain":0.0,"max_hp_loss":0.0,"gold_gain":0.0,"event_name":"Lab","player_choice":"Got Potions","floor":2.0,"gold_loss":0.0,"damage_taken":0.0},{"damage_healed":0,"gold_gain":0,"player_choice":"Fought Mushrooms","damage_taken":0,"max_hp_gain":0,"max_hp_loss":0,"event_name":"Mushrooms","floor":12,"gold_loss":0}],"is_beta":false,"boss_relics":[],"items_purged_floors":[],"is_endless":false,"potions_floor_spawned":[4,5,8,13],"killed_by":"The Guardian","ascension_level":20}}