{"host":"8is2j71l4wmybkoi","time":1613040296,"event":{"mods":["AchievementEnabler","BaseMod","Colored Map","Minty Spire (QoL Compilation)","Rare Cards Sparkle","StSLib","SuperFastMode"],"gold_per_floor":[116,129,140,181,181,181,209,209,209,235,235,273,273,273,273,348,348,390,50,50,50,50,105,105,123,123,154,79,79,126,167,167,246,246,322,335,85,129,148,178,178],"floor_reached":40,"language":"KOR","playtime":1951,"items_purged":["Strike_P"],"score":851,"play_id":"f52ac573-d867-43e5-9160-4762d4e2a697","local_time":"20210211194456","is_ascension_mode":true,"campfire_choices":[{"data":"Eruption","floor":6,"key":"SMITH"},{"data":"DeusExMachina","floor":8,"key":"SMITH"},{"data":"CrushJoints","floor":11,"key":"SMITH"},{"data":"Wish","floor":13,"key":"SMITH"},{"data":"Halt","floor":15,"key":"SMITH"},{"data":"Scrawl","floor":24,"key":"SMITH"},{"floor":29,"key":"REST"},{"data":"Adaptation","floor":32,"key":"SMITH"}],"circlet_count":0,"master_deck":["AscendersBane","Eruption+1","Vigilance","DeusExMachina+1","CrushJoints+1","Wish+1","CarveReality","Pray","Halt+1","Scrawl+1","EmptyFist+1","ThirdEye+1","FearNoEvil+1","CutThroughFate+1","Adaptation+1","Ghostly+1","Ghostly+1","Ghostly+1","Prostrate+1","Prostrate+1","Perseverance+1","Omniscience+1","EmptyMind+1","DevaForm","Meditate+1","EmptyMind+1"],"relics":["PureWater","Blue Candle","Letter Opener","Pocketwatch","Astrolabe","Toxic Egg 2","Damaru","Question Card","HornCleat","Empty Cage","Pantograph"],"acts_visited":["Exordium","TheCity","TheBeyond"],"potions_floor_usage":[4,7,16,35,40],"damage_taken":[{"damage":0,"enemies":"Cultist","floor":1,"turns":3},{"damage":5,"enemies":"2 Louse","floor":2,"turns":2},{"damage":0,"enemies":"Small Slimes","floor":3,"turns":2},{"damage":16,"enemies":"2 Fungi Beasts","floor":4,"turns":4},{"damage":22,"enemies":"3 Sentries","floor":7,"turns":8},{"damage":17,"enemies":"Lagavulin","floor":10,"turns":5},{"damage":3,"enemies":"Blue Slaver","floor":12,"turns":2},{"damage":13,"enemies":"Hexaghost","floor":16,"turns":5},{"damage":7,"enemies":"Shell Parasite","floor":18,"turns":3},{"damage":4,"enemies":"Gremlin Leader","floor":23,"turns":5},{"damage":4,"enemies":"2 Thieves","floor":25,"turns":3},{"damage":15,"enemies":"Book of Stabbing","floor":27,"turns":4},{"damage":3,"enemies":"Shelled Parasite and Fungi","floor":30,"turns":6},{"damage":0,"enemies":"Cultist and Chosen","floor":31,"turns":4},{"damage":0,"enemies":"Champ","floor":33,"turns":5},{"damage":0,"enemies":"3 Darklings","floor":35,"turns":5},{"damage":3,"enemies":"Orb Walker","floor":36,"turns":4},{"damage":0,"enemies":"Spire Growth","floor":38,"turns":4},{"damage":0,"enemies":"4 Shapes","floor":39,"turns":4},{"damage":35,"enemies":"Nemesis","floor":40,"turns":7}],"seed_played":"1803391519396313816","potions_obtained":[{"floor":2,"key":"LiquidBronze"},{"floor":3,"key":"StancePotion"},{"floor":10,"key":"Block Potion"},{"floor":16,"key":"SmokeBomb"},{"floor":18,"key":"FearPotion"},{"floor":31,"key":"SneckoOil"},{"floor":36,"key":"LiquidBronze"},{"floor":38,"key":"Energy Potion"}],"is_trial":false,"path_per_floor":["M","M","M","M","?","R","E","R","T","E","R","M","R","?","R","B",null,"M","$","?","?","?","E","R","M","T","E","$","R","M","M","R","B",null,"M","M","$","M","M","E"],"character_chosen":"WATCHER","items_purchased":["Adaptation","Toxic Egg 2","Pantograph"],"campfire_rested":1,"item_purchase_floors":[19,19,37],"current_hp_per_floor":[61,56,56,40,62,62,40,40,40,23,23,20,20,20,20,7,53,46,46,46,34,34,30,30,26,26,11,11,21,18,18,18,18,30,30,27,27,27,27,0,0],"gold":178,"neow_bonus":"TRANSFORM_CARD","is_daily":false,"chose_seed":false,"campfire_upgraded":7,"win_rate":0.0,"timestamp":1613040296,"path_taken":["M","M","?","M","?","R","E","R","T","E","R","M","R","?","R","BOSS","M","$","?","?","?","E","R","M","T","E","?","R","M","?","R","BOSS","M","M","$","M","M","E"],"items_purchased_type":["Card","Relic","Relic"],"build_version":"2020-12-22","purchased_purges":1,"victory":false,"max_hp_per_floor":[68,68,68,68,68,68,68,68,68,68,68,68,68,68,68,68,68,68,68,68,34,34,34,34,34,34,34,34,34,34,34,34,34,34,34,34,34,34,34,34,34],"card_choices":[{"not_picked":["ThirdEye","Consecrate","Vengeance"],"picked":"SKIP","floor":1},{"not_picked":["FollowUp","Protect"],"picked":"CrushJoints","floor":2},{"not_picked":["Collect","FlyingSleeves"],"picked":"Wish","floor":3},{"not_picked":["PathToVictory","Protect","Swivel"],"picked":"SKIP","floor":4},{"not_picked":["Wireheading","DeceiveReality"],"picked":"CarveReality","floor":7},{"not_picked":["Wireheading","CarveReality"],"picked":"Pray","floor":10},{"not_picked":["Worship","ThirdEye"],"picked":"Halt","floor":12},{"not_picked":["Blasphemy","Vault"],"picked":"Scrawl","floor":16},{"not_picked":["BowlingBash","PathToVictory"],"picked":"CutThroughFate+1","floor":18},{"not_picked":["Crescendo+1","Study"],"picked":"Prostrate+1","floor":23},{"not_picked":["Adaptation+1","Consecrate"],"picked":"Prostrate+1","floor":25},{"not_picked":["Conclude","BowlingBash","DeceiveReality+1"],"picked":"Perseverance+1","floor":27},{"not_picked":["Consecrate+1","ReachHeaven","BattleHymn"],"picked":"Omniscience+1","floor":30},{"not_picked":["FlurryOfBlows","Conclude+1","Swivel+1"],"picked":"EmptyMind+1","floor":31},{"not_picked":["Establishment","Devotion","Omniscience+1"],"picked":"DevaForm","floor":33},{"not_picked":["Crescendo+1","Perseverance+1","Prostrate+1"],"picked":"Meditate+1","floor":35},{"not_picked":["CrushJoints","Meditate+1","Vengeance+1","LikeWater"],"picked":"SKIP","floor":36},{"not_picked":["Pray+1","ClearTheMind+1","EmptyMind+1","WaveOfTheHand+1"],"picked":"SKIP","floor":38},{"not_picked":["Pray+1","ClearTheMind+1","WaveOfTheHand+1"],"picked":"EmptyMind+1","floor":38},{"not_picked":["WheelKick","FlurryOfBlows","FollowUp+1","Perseverance+1"],"picked":"SKIP","floor":39}],"player_experience":1135045,"relics_obtained":[{"floor":7,"key":"Blue Candle"},{"floor":9,"key":"Letter Opener"},{"floor":10,"key":"Pocketwatch"},{"floor":23,"key":"Damaru"},{"floor":26,"key":"Question Card"},{"floor":27,"key":"HornCleat"}],"event_choices":[{"damage_healed":22,"gold_gain":0,"player_choice":"Banana","damage_taken":0,"max_hp_gain":0,"max_hp_loss":0,"event_name":"Big Fish","floor":5,"gold_loss":0},{"damage_healed":0,"gold_gain":0,"player_choice":"Ignored","damage_taken":0,"max_hp_gain":0,"max_hp_loss":0,"event_name":"Liars Game","floor":14,"gold_loss":0},{"damage_healed":0,"gold_gain":0,"player_choice":"Became a Ghost","damage_taken":0,"max_hp_gain":0,"max_hp_loss":34,"event_name":"Ghosts","floor":21,"gold_loss":0,"cards_obtained":["Ghostly","Ghostly","Ghostly"]},{"cards_removed":["Defend_P"],"damage_healed":0,"gold_gain":0,"player_choice":"Elegance","damage_taken":0,"max_hp_gain":0,"max_hp_loss":0,"event_name":"Back to Basics","floor":22,"gold_loss":0}],"is_beta":false,"boss_relics":[{"not_picked":["SacredBark","Ectoplasm"],"picked":"Astrolabe"},{"not_picked":["Calling Bell","Coffee Dripper"],"picked":"Empty Cage"}],"items_purged_floors":[28],"is_endless":false,"potions_floor_spawned":[2,3,10,16,18,23,31,36,38],"killed_by":"Nemesis","ascension_level":15}}