{"host":"vt6dr1xq3iy14a3e","time":1613058207,"event":{"mods":["AchievementEnabler","BaseMod","Colored Map","DeckTracker","Minty Spire (QoL Compilation)","Replay The Spire","StSLib","SuperFastMode"],"gold_per_floor":[115,133,151,151,164,197,197,197,197,212,285,297,308,308,308,319,319,319,319],"floor_reached":18,"language":"KOR","playtime":818,"items_purged":[],"score":232,"play_id":"b3a6ca0b-8f70-40df-8f33-5c38589a49c6","local_time":"20210212004327","is_ascension_mode":true,"campfire_choices":[{"data":"Dark Embrace","floor":9.0,"key":"SMITH"},{"floor":15.0,"key":"REST"},{"floor":17,"key":"REST"}],"circlet_count":0,"master_deck":["AscendersBane","Strike_R","Strike_R","Defend_R","Defend_R","Defend_R","Bash","Carnage","Flex","Dark Embrace+1","ReplayTheSpireMod:Strike From Hell","Evolve","Thunderclap","Cleave","ReplayTheSpireMod:Muscle Training","Shrug It Off"],"relics":["Burning Blood","Mercury Hourglass","Mummified Hand"],"acts_visited":["Exordium"],"potions_floor_usage":[18,18],"damage_taken":[{"damage":14.0,"enemies":"Jaw Worm","floor":1.0,"turns":6.0},{"damage":0.0,"enemies":"2 Louse","floor":2.0,"turns":2.0},{"damage":7.0,"enemies":"Small Slimes","floor":3.0,"turns":3.0},{"damage":17.0,"enemies":"Looter","floor":5.0,"turns":3.0},{"damage":35.0,"enemies":"3 Sentries","floor":6.0,"turns":9.0},{"damage":14.0,"enemies":"Blue Slaver","floor":10.0,"turns":4.0},{"damage":10.0,"enemies":"Gremlin Gang","floor":12.0,"turns":4.0},{"damage":17.0,"enemies":"Exordium Wildlife","floor":13.0,"turns":3.0},{"damage":16,"enemies":"Blue Slaver","floor":16,"turns":3},{"damage":61,"enemies":"Fading Forest","floor":18,"turns":12}],"seed_played":"-1900438428361422039","potions_obtained":[{"floor":2.0,"key":"BloodPotion"},{"floor":5.0,"key":"Strength Potion"},{"floor":12.0,"key":"BlessingOfTheForge"},{"floor":16,"key":"Weak Potion"}],"is_trial":false,"path_per_floor":["M","M","M","?","M","E","PTL","PTL","R","M","T","M","M","?","R","M","R","B"],"character_chosen":"IRONCLAD","items_purchased":[],"campfire_rested":2,"item_purchase_floors":[],"current_hp_per_floor":[60,66,65,65,67,38,38,38,38,30,30,26,15,15,35,25,45,0,0],"gold":319,"neow_bonus":"REMOVE_TWO","is_daily":false,"chose_seed":false,"campfire_upgraded":1,"win_rate":0.0,"timestamp":1613058207,"path_taken":["M","M","M","?","M","E","PTL","PTL","R","M","T","M","M","?","R","M","R","BOSS"],"items_purchased_type":[],"build_version":"2020-12-22","purchased_purges":0,"victory":false,"max_hp_per_floor":[68,68,68,68,68,68,68,68,68,68,68,68,68,68,68,68,68,68,68],"card_choices":[{"not_picked":["Pommel Strike","Headbutt"],"picked":"Carnage","floor":1.0},{"not_picked":["Heavy Blade","Hemokinesis"],"picked":"Flex","floor":2.0},{"not_picked":["Perfected Strike","Body Slam"],"picked":"Dark Embrace","floor":3.0},{"not_picked":["Defy Death","Anger"],"picked":"ReplayTheSpireMod:Strike From Hell","floor":5.0},{"not_picked":["Metallicize","Exhume"],"picked":"Evolve","floor":6.0},{"not_picked":["Heavy Blade","Cleave"],"picked":"Thunderclap","floor":10.0},{"not_picked":["True Grit","Warcry"],"picked":"Cleave","floor":12.0},{"not_picked":["Warcry","Perfected Strike"],"picked":"ReplayTheSpireMod:Muscle Training","floor":13.0},{"not_picked":["ReplayReversal","Perfected Strike"],"picked":"Shrug It Off","floor":16}],"player_experience":1063037,"relics_obtained":[{"floor":6.0,"key":"Mercury Hourglass"},{"floor":11.0,"key":"Mummified Hand"}],"event_choices":[{"cards_removed":["Strike_R"],"damage_healed":0.0,"max_hp_gain":0.0,"max_hp_loss":0.0,"gold_gain":0.0,"event_name":"Living Wall","player_choice":"Forget","floor":4.0,"gold_loss":0.0,"damage_taken":0.0}],"is_beta":false,"boss_relics":[],"items_purged_floors":[],"is_endless":false,"potions_floor_spawned":[2,5,12,16],"killed_by":"Fading Forest","ascension_level":20}}