{"host":"jgqxb38yl0c1w101","time":1613002666,"event":{"mods":["2.2 Compatiblity","AchievementEnabler","BaseMod","Colored Map","Downfall","Highlight Path","Hubris","Minty Spire (QoL Compilation)","Monster B Gone","Random Character Button","Relic Stats","Replay The Spire","StSLib"],"gold_per_floor":[99,110,130,130,130,130,130,145,172,72,92,110,137,157,171,276,276,176,193,193,210,230,230,298,298,326,226,253,270,286,116,129,233,233,233,252,270,12,62,76,99,126,145,159,185,185,185,198,211,211,211,239,44,44,44,44,44],"floor_reached":56,"language":"ENG","playtime":6586,"items_purged":["Defend_G","Defend_G","Strike_G"],"score":919,"play_id":"434f0eb9-2b1e-4d91-af62-d45b586fb8b1","local_time":"20210210191746","is_ascension_mode":true,"campfire_choices":[{"floor":1.0,"key":"RECALL"},{"floor":10.0,"key":"REST"},{"data":"Cloak And Dagger","floor":18.0,"key":"SMITH"},{"data":"ReplayReversal","floor":23.0,"key":"SMITH"},{"data":"Masterful Stab","floor":27.0,"key":"SMITH"},{"data":"Hidden Blade","floor":35.0,"key":"SMITH"},{"floor":46.0,"key":"REST"},{"data":"1","floor":54,"key":"LIFT"}],"circlet_count":0,"master_deck":["Strike_G","Strike_G","Strike_G","Strike_G","Defend_G","Defend_G+1","Defend_G","Survivor","Neutralize+1","Distraction+1","Dagger Spray","Sucker Punch","Footwork","Escape Plan","Blur","Cloak And Dagger+1","Hidden Blade+1","Dagger Throw","Replay:Bag of Tricks+1","Backstab+1","ReplayReversal+1","hubris:Counter+1","Blur+1","Masterful Stab+1","ReplayTheSpireMod:From All Sides+1","Accuracy+1","Unload+1","Dagger Throw+1","Blade Dance+1","Parasite","Backstab+1","Predator+1"],"relics":["Ring of the Snake","Golden Egg","Kunai","downfall:HeartBlessingRed","hubris:PeanutButter","hubris:TerracottaHorce","downfall:HeartBlessingGreen","Pear","Toy Ornithopter","downfall:HeartBlessingBlue","War Paint","SlaversCollar","Happy Flower","Calipers","Orichalcum","Girya","Smiling Mask","Oddly Smooth Stone","Lee\u0027s Waffle"],"acts_visited":["Exordium","TheCity","TheBeyond","TheEnding"],"potions_floor_usage":[52,55,56],"damage_taken":[{"damage":4.0,"enemies":"Small Slimes","floor":2.0,"turns":4.0},{"damage":0.0,"enemies":"Cultist","floor":3.0,"turns":4.0},{"damage":4.0,"enemies":"Jaw Worm","floor":8.0,"turns":4.0},{"damage":35.0,"enemies":"Gremlin Nob","floor":9.0,"turns":5.0},{"damage":10.0,"enemies":"Exordium Wildlife","floor":11.0,"turns":5.0},{"damage":0.0,"enemies":"3 Louse","floor":12.0,"turns":2.0},{"damage":16.0,"enemies":"3 Sentries","floor":13.0,"turns":10.0},{"damage":0.0,"enemies":"2 Fungi Beasts","floor":14.0,"turns":1.0},{"damage":0.0,"enemies":"Gremlin Gang","floor":15.0,"turns":3.0},{"damage":22.0,"enemies":"WA_ARCHETYPE_RETAIN","floor":16.0,"turns":28.0},{"damage":0.0,"enemies":"Spheric Guardian","floor":19.0,"turns":3.0},{"damage":0.0,"enemies":"Cultist and Chosen","floor":21.0,"turns":6.0},{"damage":10.0,"enemies":"3 Cultists","floor":22.0,"turns":6.0},{"damage":5.0,"enemies":"Replay:Snechameleon","floor":26.0,"turns":5.0},{"damage":5.0,"enemies":"Slavers","floor":28.0,"turns":5.0},{"damage":0.0,"enemies":"Snake Plant","floor":29.0,"turns":4.0},{"damage":0.0,"enemies":"Sentry and Sphere","floor":30.0,"turns":4.0},{"damage":0.0,"enemies":"downfall:FleeingMerchant","floor":31.0,"turns":4.0},{"damage":0.0,"enemies":"Shelled Parasite and Fungi","floor":32.0,"turns":4.0},{"damage":0.0,"enemies":"IC_MUSHROOM_ARCHETYPE","floor":33.0,"turns":7.0},{"damage":0.0,"enemies":"Orb Walker","floor":36.0,"turns":3.0},{"damage":0.0,"enemies":"3 Shapes","floor":37.0,"turns":4.0},{"damage":0.0,"enemies":"downfall:FleeingMerchant","floor":38.0,"turns":4.0},{"damage":0.0,"enemies":"downfall:FleeingMerchant","floor":39.0,"turns":5.0},{"damage":28.0,"enemies":"Writhing Mass","floor":40.0,"turns":6.0},{"damage":12.0,"enemies":"Reptomancer","floor":42.0,"turns":6.0},{"damage":0.0,"enemies":"Maw","floor":43.0,"turns":7.0},{"damage":3.0,"enemies":"4 Shapes","floor":44.0,"turns":6.0},{"damage":9.0,"enemies":"Nemesis","floor":45.0,"turns":5.0},{"damage":0.0,"enemies":"Writhing Mass","floor":48.0,"turns":5.0},{"damage":18.0,"enemies":"Spire Growth","floor":49.0,"turns":6.0},{"damage":10,"enemies":"DF_ARCHETYPE_ORBS","floor":50,"turns":16},{"damage":72,"enemies":"downfall:CharBossMerchant","floor":52,"turns":13},{"damage":64,"enemies":"downfall:NeowBoss","floor":55,"turns":27},{"damage":53,"enemies":"downfall:NeowBossFinal","floor":56,"turns":11}],"seed_played":"4525056800251182110","potions_obtained":[{"floor":2.0,"key":"sneckomod:MuddlingPotion"},{"floor":9.0,"key":"Energy Potion"},{"floor":11.0,"key":"LiquidMemories"},{"floor":13.0,"key":"SpeedPotion"},{"floor":14.0,"key":"Ancient Potion"},{"floor":21.0,"key":"Swift Potion"},{"floor":26.0,"key":"Adrenaline Potion"},{"floor":32.0,"key":"Energy Potion"},{"floor":33.0,"key":"BlessingOfTheForge"},{"floor":36.0,"key":"Adrenaline Potion"},{"floor":40.0,"key":"Weak Potion"},{"floor":43.0,"key":"Swift Potion"},{"floor":47.0,"key":"PowerPotion"},{"floor":47.0,"key":"Toxic Potion"},{"floor":47.0,"key":"Venom Potion"}],"is_trial":false,"path_per_floor":["R","M","M","?","?","?","T","M","E","R","M","M","E","M","M","B",null,"R","M","?","M","M","R","T","T","E","R","E","M","M","$","M","B",null,"R","M","M","$","?","M","T","E","M","M","E","R","?","M","M","B",null,"E","$","R","B","B"],"character_chosen":"THE_SILENT","items_purchased":["Accuracy","Happy Flower","Lee\u0027s Waffle"],"campfire_rested":2,"item_purchase_floors":[31,38,53],"current_hp_per_floor":[77,73,73,73,73,73,73,69,34,57,47,47,31,31,31,9,60,60,60,60,60,50,50,50,60,55,65,70,70,70,70,70,70,90,90,90,90,90,90,67,67,60,60,57,48,77,77,77,59,49,85,18,104,104,45,0,0],"gold":44,"neow_bonus":"TEN_PERCENT_HP_BONUS","is_daily":false,"chose_seed":false,"campfire_upgraded":4,"win_rate":0.0,"timestamp":1613002666,"path_taken":["R","M","M","?","?","?","T","?","E","R","M","M","E","M","M","BOSS","R","M","?","M","M","R","T","?","E","R","E","M","M","$","M","BOSS","R","M","M","$","?","M","T","E","M","M","E","R","?","M","M","BOSS","E","$","R","BOSS","BOSS"],"items_purchased_type":["Card","Relic","Relic"],"build_version":"2020-12-22","purchased_purges":3,"victory":false,"max_hp_per_floor":[77,77,77,77,77,77,77,77,77,77,77,77,77,77,77,77,77,77,77,77,77,77,77,77,87,87,97,97,97,97,97,97,97,97,97,97,97,97,97,97,97,97,97,97,97,97,97,97,97,97,97,97,104,104,104,104,104],"relic_stats":{"Lee\u0027s Waffle":86,"Happy Flower":[37],"counters":[35,238],"Kunai":[192],"War Paint":["Blur","Defend_G"],"Orichalcum":[24],"Smiling Mask":75,"obtain_stats":[{"Golden Egg":7,"Girya":42,"Lee\u0027s Waffle":53,"Pear":25,"Calipers":39,"downfall:HeartBlessingRed":10,"Happy Flower":38,"Oddly Smooth Stone":52,"downfall:HeartBlessingGreen":18,"War Paint":28,"Orichalcum":41,"Smiling Mask":45,"hubris:TerracottaHorce":17,"SlaversCollar":34,"downfall:HeartBlessingBlue":27,"hubris:PeanutButter":13,"Kunai":9,"Toy Ornithopter":26,"Ring of the Snake":0},{"Golden Egg":2,"Girya":26,"Lee\u0027s Waffle":33,"Pear":13,"Calipers":24,"downfall:HeartBlessingRed":4,"Happy Flower":23,"Oddly Smooth Stone":33,"downfall:HeartBlessingGreen":10,"War Paint":15,"Orichalcum":25,"Smiling Mask":29,"hubris:TerracottaHorce":10,"SlaversCollar":20,"downfall:HeartBlessingBlue":14,"hubris:PeanutButter":7,"Kunai":4,"Toy Ornithopter":14,"Ring of the Snake":0},{"Golden Egg":8,"Girya":142,"Lee\u0027s Waffle":200,"Pear":81,"Calipers":130,"downfall:HeartBlessingRed":17,"Happy Flower":125,"Oddly Smooth Stone":200,"downfall:HeartBlessingGreen":66,"War Paint":91,"Orichalcum":136,"Smiling Mask":160,"hubris:TerracottaHorce":66,"SlaversCollar":114,"downfall:HeartBlessingBlue":86,"hubris:PeanutButter":34,"Kunai":17,"Toy Ornithopter":86,"Ring of the Snake":0}],"Toy Ornithopter":35,"Ring of the Snake":[70]},"card_choices":[{"not_picked":["ReplayTheSpireMod:Shiv Toss","Outmaneuver"],"picked":"Distraction","floor":2.0},{"not_picked":["Outmaneuver","Flying Knee"],"picked":"Dagger Spray","floor":3.0},{"not_picked":["Slice","Acrobatics"],"picked":"Sucker Punch","floor":8.0},{"not_picked":["Night Terror","Acrobatics"],"picked":"Footwork","floor":9.0},{"not_picked":["Accuracy","Tactician"],"picked":"Escape Plan","floor":11.0},{"not_picked":["Setup","Choke"],"picked":"Blur","floor":12.0},{"not_picked":["Noxious Fumes","hubris:Sniper"],"picked":"Cloak And Dagger","floor":13.0},{"not_picked":["Finisher","Reflex"],"picked":"Hidden Blade","floor":14.0},{"not_picked":["Skewer","Fluid Movement"],"picked":"Dagger Throw","floor":15.0},{"not_picked":["Poison Darts","Die Die Die"],"picked":"Replay:Bag of Tricks","floor":16.0},{"not_picked":["Deflect","hubris:TrickCloak"],"picked":"Backstab+1","floor":19.0},{"not_picked":["Backflip+1","Cloak And Dagger"],"picked":"hubris:Counter+1","floor":21.0},{"not_picked":["Escape Plan","Blade Dance"],"picked":"Blur","floor":22.0},{"not_picked":["Draining Mist","Deadly Poison"],"picked":"Masterful Stab","floor":26.0},{"not_picked":["Outmaneuver","ReplayTheSpireMod:The Works","Poisoned Stab"],"picked":"SKIP","floor":28.0},{"not_picked":["hubris:TrickCloak","hubris:SlightOfHand+1","Blur"],"picked":"SKIP","floor":29.0},{"not_picked":["Backflip","Slice","Hidden Blade"],"picked":"SKIP","floor":30.0},{"not_picked":["Slice","Backflip"],"picked":"ReplayTheSpireMod:From All Sides","floor":31.0},{"not_picked":["Dagger Spray","Replay:Poison Smokescreen+1","Prepared"],"picked":"SKIP","floor":32.0},{"not_picked":["Atom Bomb","Die Die Die"],"picked":"Unload","floor":33.0},{"not_picked":["Prepared+1","Outmaneuver+1","Poisoned Stab"],"picked":"SKIP","floor":36.0},{"not_picked":["hubris:Sniper+1","Quick Slash"],"picked":"Dagger Throw+1","floor":37.0},{"not_picked":["Setup","Quick Slash","Prepared"],"picked":"SKIP","floor":38.0},{"not_picked":["Bullet Time","Deadly Poison","Deflect"],"picked":"SKIP","floor":40.0},{"not_picked":["Deflect+1","Poisoned Stab+1","Eviscerate"],"picked":"SKIP","floor":42.0},{"not_picked":["hubris:TrickCloak","Bane+1"],"picked":"Blade Dance+1","floor":43.0},{"not_picked":["Outmaneuver","PiercingWail","Dodge and Roll+1"],"picked":"SKIP","floor":44.0},{"not_picked":["PiercingWail+1","Dodge and Roll","hubris:Counter"],"picked":"SKIP","floor":45.0},{"not_picked":["Poisoned Stab","Underhanded Strike+1","Deflect"],"picked":"SKIP","floor":48.0},{"not_picked":["Acrobatics","Night Terror"],"picked":"Backstab+1","floor":49.0},{"not_picked":["Prepared","ReplayTheSpireMod:Exploit Weakness"],"picked":"Predator+1","floor":52}],"player_experience":187147,"relics_obtained":[{"floor":7.0,"key":"Golden Egg"},{"floor":9.0,"key":"Kunai"},{"floor":13.0,"key":"hubris:PeanutButter"},{"floor":25.0,"key":"Pear"},{"floor":26.0,"key":"Toy Ornithopter"},{"floor":28.0,"key":"War Paint"},{"floor":39.0,"key":"Calipers"},{"floor":41.0,"key":"Orichalcum"},{"floor":42.0,"key":"Girya"},{"floor":45.0,"key":"Smiling Mask"},{"floor":52,"key":"Oddly Smooth Stone"}],"event_choices":[{"damage_healed":0.0,"max_hp_gain":0.0,"max_hp_loss":0.0,"gold_gain":0.0,"event_name":"The Library","player_choice":"Read","floor":20.0,"gold_loss":0.0,"damage_taken":0.0,"cards_obtained":["ReplayReversal"]},{"damage_healed":0.0,"max_hp_gain":0.0,"max_hp_loss":0.0,"gold_gain":0.0,"event_name":"Lab","player_choice":"Got Potions","floor":47.0,"gold_loss":0.0,"damage_taken":0.0}],"is_beta":false,"boss_relics":[{"not_picked":["Runic Dome","Runic Pyramid"],"picked":"hubris:TerracottaHorce"},{"not_picked":["Sozu","hubris:VirtuousBlindfold"],"picked":"SlaversCollar"}],"items_purged_floors":[31,38,53],"is_endless":false,"potions_floor_spawned":[2,9,11,13,14,21,26,32,33,36,37,40,43],"killed_by":"downfall:NeowBossFinal","ascension_level":2}}