{"host":"yans4pr1zf0lm9bx","time":1613079664,"event":{"mods":["AchievementEnabler","BaseMod","Minty Spire (QoL Compilation)","Replay The Spire","Shop Mod","StSLib","SuperFastMode","slay the spire mod where everything is the same but ironclad has a cowboy hat"],"gold_per_floor":[111,29,29,42,42,69,69,86,112,140,159,159,187,26,26,124,124,143,67,117,57,80,80,113,113,113,159,188,306,85,109,109,213,213,244,269,104,104,129,129,129,175,175,220,254,254,311,77,77,97,97],"floor_reached":50,"language":"ENG","playtime":3088,"items_purged":["Strike_G","Normality","CommonCold","Replay:Hysterical Blindness"],"score":1171,"play_id":"d0e48633-61a2-4405-ae3a-3105a494856c","local_time":"20210211164104","is_ascension_mode":true,"campfire_choices":[{"data":"Survivor","floor":7,"key":"SMITH"},{"data":"Envenom","floor":12,"key":"SMITH"},{"data":"Prepared","floor":15,"key":"SMITH"},{"data":"Tools of the Trade","floor":23,"key":"SMITH"},{"floor":25,"key":"REST"},{"floor":32,"key":"RECALL"},{"data":"Acrobatics","floor":40,"key":"SMITH"},{"data":"Reflex","floor":46,"key":"SMITH"},{"data":"Hidden Blade","floor":49,"key":"SMITH"}],"circlet_count":0,"master_deck":["Strike_G","Strike_G","Strike_G","Defend_G","Defend_G","Defend_G","Defend_G","Defend_G","Survivor+1","Neutralize","Blur+1","ReplayTheSpireMod:Scrap Shanks","PiercingWail","Bullet Time+1","Reflex+1","Prepared+1","Acrobatics+1","Envenom+1","Cloak And Dagger","Footwork","Deflect","Tools of the Trade+1","Noxious Fumes","Fluid Movement","Accuracy+1","Dagger Throw","Shame","Escape Plan","Underhanded Strike","Hidden Blade+1","Infinite Blades","Replay:Bootleg Shield Generator","Parasite","Fluid Movement+1","Poisoned Stab+1","Flechettes+1","Accuracy","Blade Dance","Deflect+1"],"relics":["Ring of the Snake","NeowsBlessing","Akabeko","HornCleat","Letter Opener","WristBlade","Ring of Greed","ReplayTheSpireMod:Ring of Collecting","Tiny Chest","Replay:Bandana","Orichalcum","Bird Faced Urn","Ring of Peace","Lantern","Tingsha","The Courier","MerchantsRug","Coffee Dripper","ReplayTheSpireMod:Ring of Challenge","ReplayTheSpireMod:TigerMarble","Replay:Baseball","ReplayTheSpireMod:Ring of Addiction","Potion Belt","Toy Ornithopter","Ginger","Du-Vu Doll","Byrd Skull","ClockworkSouvenir"],"acts_visited":["Exordium","TheCity","TheBeyond"],"potions_floor_usage":[10,22,24,29,29,33,36,42,50],"damage_taken":[{"damage":0,"enemies":"Small Slimes","floor":1,"turns":1},{"damage":0,"enemies":"Cultist","floor":4,"turns":1},{"damage":0,"enemies":"Lagavulin","floor":6,"turns":1},{"damage":0,"enemies":"2 Louse","floor":8,"turns":2},{"damage":18,"enemies":"Gremlin Nob","floor":10,"turns":5},{"damage":5,"enemies":"Lots of Slimes","floor":11,"turns":6},{"damage":3,"enemies":"Replay:BlueRogue","floor":13,"turns":9},{"damage":9,"enemies":"Hexaghost","floor":16,"turns":11},{"damage":0,"enemies":"Shell Parasite","floor":18,"turns":3},{"damage":13,"enemies":"3 Byrds","floor":22,"turns":6},{"damage":41,"enemies":"Gremlin Leader","floor":24,"turns":7},{"damage":0,"enemies":"Book of Stabbing","floor":27,"turns":4},{"damage":0,"enemies":"Centurion and Healer","floor":28,"turns":6},{"damage":0,"enemies":"Colosseum Slavers","floor":29,"turns":4},{"damage":0,"enemies":"Colosseum Nobs","floor":29,"turns":7},{"damage":0,"enemies":"Snake Plant","floor":31,"turns":5},{"damage":9,"enemies":"Pondfish","floor":33,"turns":7},{"damage":0,"enemies":"Orb Walker","floor":35,"turns":5},{"damage":9,"enemies":"3 Darklings","floor":36,"turns":5},{"damage":0,"enemies":"Giant Head","floor":42,"turns":6},{"damage":0,"enemies":"Reptomancer","floor":44,"turns":5},{"damage":0,"enemies":"Jaw Worm Horde","floor":45,"turns":3},{"damage":0,"enemies":"R_Hoarder","floor":47,"turns":4},{"damage":102,"enemies":"Awakened One","floor":50,"turns":6}],"seed_played":"-1649530262912669686","potions_obtained":[{"floor":1,"key":"SteroidPotion"},{"floor":6,"key":"SpeedPotion"},{"floor":10,"key":"Swift Potion"},{"floor":27,"key":"LifebloodPotion"},{"floor":28,"key":"SneckoOil"},{"floor":36,"key":"Fire Potion"},{"floor":43,"key":"Regen Potion"},{"floor":43,"key":"FearPotion"},{"floor":43,"key":"Weak Potion"},{"floor":45,"key":"Adrenaline Potion"}],"is_trial":false,"path_per_floor":["M","$","?","M","?","E","R","M","T","E","M","R","E","$","R","B",null,"M","$","?","?","M","R","E","R","T","E","M","?","$","M","R","B",null,"M","M","$","?","T","R","?","E","T","E","M","R","E","$","R","B"],"character_chosen":"THE_SILENT","items_purchased":["ReplayTheSpireMod:Scrap Shanks","Footwork","Deflect","Fluid Movement","BargainBundle","MerchantsRug","Explosive Potion","ColorlessPotion","ColorlessPotion","Infinite Blades","Replay:Bootleg Shield Generator","Accuracy","ClockworkSouvenir"],"campfire_rested":1,"item_purchase_floors":[2,14,14,19,30,30,30,30,30,30,30,37,48],"current_hp_per_floor":[70,70,70,70,70,70,70,70,70,52,47,47,44,44,44,35,61,61,61,61,61,48,48,7,28,28,42,54,70,70,70,70,63,68,70,65,65,65,65,65,70,70,70,70,70,70,68,68,68,0,0],"gold":97,"neow_bonus":"THREE_ENEMY_KILL","is_daily":false,"chose_seed":false,"campfire_upgraded":7,"win_rate":0.0,"timestamp":1613079664,"path_taken":["M","$","?","?","?","E","R","M","T","E","M","R","E","$","R","BOSS","M","$","?","?","M","R","E","R","T","E","M","?","$","M","R","BOSS","M","M","$","?","?","R","?","E","T","E","?","R","E","$","R","BOSS"],"items_purchased_type":["Card","Card","Card","Card","Relic","Relic","Potion","Potion","Potion","Card","Card","Card","Relic"],"build_version":"2020-12-22","purchased_purges":4,"victory":false,"max_hp_per_floor":[70,70,70,70,70,70,70,70,70,70,70,70,70,70,70,70,70,70,70,70,70,70,70,70,70,70,70,70,70,70,70,70,70,70,70,70,70,70,70,70,70,70,70,70,70,70,68,68,68,66,66],"card_choices":[{"not_picked":["Predator","Bane"],"picked":"Blur","floor":1},{"not_picked":["Riddle With Holes","Quick Slash"],"picked":"ReplayTheSpireMod:Speed Training","floor":4},{"not_picked":["Sucker Punch","Underhanded Strike"],"picked":"Reflex","floor":6},{"not_picked":["Dagger Throw","PiercingWail"],"picked":"Prepared","floor":8},{"not_picked":["Draining Mist","Dagger Throw"],"picked":"Acrobatics","floor":10},{"not_picked":["Well Laid Plans","Cloak And Dagger"],"picked":"Envenom","floor":11},{"not_picked":["Setup","Bane"],"picked":"Cloak And Dagger","floor":13},{"not_picked":["Corpse Explosion","Grand Finale"],"picked":"Tools of the Trade","floor":16},{"not_picked":["Sucker Punch","PiercingWail"],"picked":"Noxious Fumes","floor":18},{"not_picked":["Underhanded Strike+1","Flying Knee+1"],"picked":"Accuracy+1","floor":22},{"not_picked":["Skewer","Flying Knee+1"],"picked":"Dagger Throw","floor":24},{"not_picked":["Endless Agony","Deadly Poison"],"picked":"Escape Plan","floor":27},{"not_picked":["Flying Knee","Dagger Throw"],"picked":"Underhanded Strike","floor":28},{"not_picked":["Dagger Spray","Corpse Explosion"],"picked":"Hidden Blade","floor":29},{"not_picked":["Flying Knee","Dagger Spray+1"],"picked":"Fluid Movement+1","floor":31},{"not_picked":["Deadly Poison","Underhanded Strike"],"picked":"Poisoned Stab+1","floor":35},{"not_picked":["Heel Hook","Dagger Spray+1"],"picked":"Flechettes+1","floor":36},{"not_picked":["Deflect","Blur+1","Setup"],"picked":"SKIP","floor":42},{"not_picked":["All Out Attack+1","Riddle With Holes+1"],"picked":"Blade Dance","floor":44},{"not_picked":["Flechettes+1","Unload"],"picked":"Deflect+1","floor":45},{"not_picked":["Underhanded Strike","Poisoned Stab","Flying Knee+1"],"picked":"SKIP","floor":47}],"player_experience":287543,"relics_obtained":[{"floor":6,"key":"Akabeko"},{"floor":10,"key":"HornCleat"},{"floor":13,"key":"Letter Opener"},{"floor":20,"key":"Ring of Greed"},{"floor":20,"key":"ReplayTheSpireMod:Ring of Collecting"},{"floor":20,"key":"Tiny Chest"},{"floor":20,"key":"Replay:Bandana"},{"floor":24,"key":"Orichalcum"},{"floor":26,"key":"Bird Faced Urn"},{"floor":26,"key":"Ring of Peace"},{"floor":27,"key":"Lantern"},{"floor":29,"key":"Tingsha"},{"floor":29,"key":"The Courier"},{"floor":39,"key":"ReplayTheSpireMod:Ring of Challenge"},{"floor":39,"key":"ReplayTheSpireMod:TigerMarble"},{"floor":42,"key":"Replay:Baseball"},{"floor":43,"key":"ReplayTheSpireMod:Ring of Addiction"},{"floor":43,"key":"Potion Belt"},{"floor":43,"key":"Toy Ornithopter"},{"floor":43,"key":"Ginger"},{"floor":44,"key":"Du-Vu Doll"},{"floor":47,"key":"Byrd Skull"}],"event_choices":[{"damage_healed":0,"gold_gain":0,"cards_transformed":["Strike_G"],"player_choice":"Transformed","damage_taken":0,"max_hp_gain":0,"max_hp_loss":0,"event_name":"Transmorgrifier","floor":3,"gold_loss":0,"cards_obtained":["PiercingWail"]},{"damage_healed":0,"gold_gain":0,"player_choice":"Fight","damage_taken":0,"max_hp_gain":0,"max_hp_loss":0,"event_name":"Colosseum","floor":29,"gold_loss":0},{"damage_healed":0,"gold_gain":0,"player_choice":"Fought Nobs","damage_taken":0,"max_hp_gain":0,"max_hp_loss":0,"event_name":"Colosseum","floor":29,"gold_loss":0},{"damage_healed":0,"gold_gain":0,"player_choice":"Forge","damage_taken":0,"max_hp_gain":0,"max_hp_loss":0,"event_name":"Accursed Blacksmith","floor":38,"gold_loss":0,"cards_upgraded":["Blur"]},{"damage_healed":5,"gold_gain":0,"player_choice":"Full Heal","damage_taken":0,"max_hp_gain":0,"max_hp_loss":0,"event_name":"Wheel of Change","floor":41,"gold_loss":0}],"is_beta":false,"boss_relics":[{"not_picked":["Pandora\u0027s Box","Tiny House"],"picked":"WristBlade"},{"not_picked":["Snecko Eye","Velvet Choker"],"picked":"Coffee Dripper"}],"items_purged_floors":[14,30,37,48],"is_endless":false,"potions_floor_spawned":[1,6,10,27,28,29,31,36,45],"killed_by":"Awakened One","ascension_level":5}}