{"host":"zwezhz46a5cjkxff","time":1613027260,"event":{"mods":["AchievementEnabler","BaseMod","Colored Map","Colored Powertips","DeckTracker","Hermit","Marisa????????","Minty Spire (QoL Compilation)","Permanent Neow","Quick Restart","Rare Cards Sparkle","Relic Stats","Robot Space Explorer","StSLib","SuperFastMode","The Hierophant","The Servant 0.9.4","Weighted Paths","slay the spire mod where everything is the same but ironclad has a cowboy hat"],"gold_per_floor":[109,184,184,184,195,229,229,258,258,258,269,285,54,81,81,186,186,175,201,41,41,69,78,78,78],"floor_reached":24,"language":"ENG","playtime":863,"items_purged":["Clumsy","Strike_G"],"score":235,"play_id":"f85957c4-0e1e-43ac-9823-a2a8f11432c0","local_time":"20210211010740","is_ascension_mode":true,"campfire_choices":[{"floor":7,"key":"REST"},{"floor":10,"key":"RECALL"},{"floor":15,"key":"REST"},{"floor":23,"key":"REST"}],"circlet_count":0,"master_deck":["Strike_G","Strike_G","Strike_G","Strike_G","Defend_G","Defend_G","Defend_G","Defend_G","Defend_G","Survivor","Neutralize","Envenom","Blade Dance","Cloak And Dagger","Blade Dance","Choke","After Image","Blur","Venomology","CurseOfTheBell","Terror","Footwork","Caltrops","Infinite Blades"],"relics":["Ring of the Snake","Art of War","Ninja Scroll","Dream Catcher","Meat on the Bone","TheAbacus","Odd Mushroom","Calling Bell","CeramicFish","Pantograph","Pocketwatch","MutagenicStrength"],"acts_visited":["Exordium","TheCity"],"potions_floor_usage":[14,18,24],"damage_taken":[{"damage":9,"enemies":"Small Slimes","floor":1,"turns":4},{"damage":0,"enemies":"2 Louse","floor":5,"turns":3},{"damage":15,"enemies":"Lagavulin","floor":6,"turns":5},{"damage":31,"enemies":"Gremlin Nob","floor":8,"turns":4},{"damage":5,"enemies":"Jaw Worm","floor":11,"turns":3},{"damage":0,"enemies":"Blue Slaver","floor":12,"turns":1},{"damage":13,"enemies":"The Mushroom Lair","floor":14,"turns":4},{"damage":47,"enemies":"Slime Boss","floor":16,"turns":13},{"damage":28,"enemies":"2 Thieves","floor":18,"turns":4},{"damage":3,"enemies":"Chosen","floor":19,"turns":5},{"damage":35,"enemies":"Snake Plant","floor":22,"turns":5},{"damage":39,"enemies":"Slavers","floor":24,"turns":3}],"seed_played":"-5021017030812283445","potions_obtained":[{"floor":5,"key":"SmokeBomb"},{"floor":12,"key":"ColorlessPotion"},{"floor":22,"key":"ColorlessPotion"}],"is_trial":false,"path_per_floor":["M","?","?","T","M","E","R","E","T","R","M","M","$","?","R","B",null,"M","M","$","?","M","R","E"],"character_chosen":"THE_SILENT","items_purchased":["TheAbacus","Footwork"],"campfire_rested":3,"item_purchase_floors":[13,20],"current_hp_per_floor":[61,50,43,43,43,28,49,18,18,18,25,37,37,36,57,22,70,42,39,39,39,16,37,0,0],"gold":78,"neow_bonus":"THREE_RARE_CARDS","is_daily":false,"chose_seed":false,"campfire_upgraded":0,"win_rate":0.0,"timestamp":1613027260,"path_taken":["M","?","?","?","M","E","R","E","T","R","M","M","?","?","R","BOSS","M","M","$","?","M","R","E"],"items_purchased_type":["Relic","Card"],"build_version":"2020-12-22","purchased_purges":2,"victory":false,"max_hp_per_floor":[70,70,70,70,70,70,70,70,70,70,70,70,70,70,70,70,70,70,70,70,70,70,70,70,70],"relic_stats":{"Dream Catcher":3,"TheAbacus":[42],"counters":[12,54],"CeramicFish":36,"Pantograph":0,"Art of War":[1],"obtain_stats":[{"Calling Bell":17,"Dream Catcher":6,"TheAbacus":13,"Ninja Scroll":4,"CeramicFish":17,"Pantograph":17,"MutagenicStrength":21,"Art of War":3,"Odd Mushroom":14,"Ring of the Snake":0,"Meat on the Bone":8,"Pocketwatch":17},{"Calling Bell":8,"Dream Catcher":3,"TheAbacus":6,"Ninja Scroll":1,"CeramicFish":8,"Pantograph":8,"MutagenicStrength":10,"Art of War":1,"Odd Mushroom":7,"Ring of the Snake":0,"Meat on the Bone":4,"Pocketwatch":8},{"Calling Bell":37,"Dream Catcher":12,"TheAbacus":20,"Ninja Scroll":4,"CeramicFish":37,"Pantograph":37,"MutagenicStrength":46,"Art of War":4,"Odd Mushroom":24,"Ring of the Snake":0,"Meat on the Bone":16,"Pocketwatch":37}],"Ring of the Snake":[24],"Meat on the Bone":60,"Pocketwatch":[12]},"card_choices":[{"not_picked":["Doppelganger","Storm of Steel"],"picked":"Envenom","floor":0},{"not_picked":["Caltrops","Flechettes"],"picked":"Blade Dance","floor":1},{"not_picked":["Dagger Spray","Deflect","Prepared"],"picked":"SKIP","floor":5},{"not_picked":["Deadly Poison","Poisoned Stab"],"picked":"Cloak And Dagger","floor":6},{"not_picked":["Backstab","Slice"],"picked":"Blade Dance","floor":8},{"not_picked":["Riddle With Holes","Concentrate"],"picked":"Choke","floor":11},{"not_picked":["Flechettes","Poisoned Stab"],"picked":"After Image","floor":12},{"not_picked":["Concentrate","Outmaneuver"],"picked":"Blur","floor":15},{"not_picked":["Die Die Die","Doppelganger"],"picked":"Venomology","floor":16},{"not_picked":["Flying Knee","Slice+1","Escape Plan"],"picked":"SKIP","floor":18},{"not_picked":["Backflip","Tactician"],"picked":"Terror","floor":19},{"not_picked":["Backflip","Finisher+1"],"picked":"Caltrops","floor":22},{"not_picked":["Dash","After Image"],"picked":"Infinite Blades","floor":23}],"player_experience":97405,"relics_obtained":[{"floor":4,"key":"Ninja Scroll"},{"floor":6,"key":"Dream Catcher"},{"floor":8,"key":"Meat on the Bone"},{"floor":14,"key":"Odd Mushroom"},{"floor":17,"key":"CeramicFish"},{"floor":17,"key":"Pantograph"},{"floor":17,"key":"Pocketwatch"}],"event_choices":[{"damage_healed":0,"gold_gain":75,"player_choice":"Gather Gold","damage_taken":11,"max_hp_gain":0,"max_hp_loss":0,"event_name":"World of Goop","floor":2,"gold_loss":0},{"damage_healed":0,"gold_gain":0,"player_choice":"Success","damage_taken":7,"relics_obtained":["Art of War"],"max_hp_gain":0,"max_hp_loss":0,"event_name":"Scrap Ooze","floor":3,"gold_loss":0},{"damage_healed":0,"gold_gain":0,"player_choice":"Fought Mushrooms","damage_taken":0,"max_hp_gain":0,"max_hp_loss":0,"event_name":"Mushrooms","floor":14,"gold_loss":0},{"damage_healed":0,"gold_gain":0,"player_choice":"Inject Mutagens","damage_taken":0,"relics_obtained":["MutagenicStrength"],"max_hp_gain":0,"max_hp_loss":0,"event_name":"Drug Dealer","floor":21,"gold_loss":0}],"is_beta":false,"boss_relics":[{"not_picked":["SacredBark","Fusion Hammer"],"picked":"Calling Bell"}],"items_purged_floors":[13,20],"is_endless":false,"potions_floor_spawned":[5,12,22],"killed_by":"Slavers","ascension_level":3}}