{"host":"fhwr1fuluf6086fh","time":1613070015,"event":{"mods":["2.2 Compatiblity","Act Like it!","BaseMod","Colored Map","Downfall","Elementarium","Minty Spire (QoL Compilation)","StSLib"],"gold_per_floor":[99,111,123,223,241,253,253,266,2,2,35,35,35,61,73,177,177,77,88,98,8,27,45,45,71,91,106,106,138,138,46,59,154,154,154,166,186,204,217,251,251,251,151,151,167,167,38,86,104,104],"floor_reached":51,"language":"ENG","playtime":8250,"items_purged":["hexamod:Strike","hexamod:Strike"],"score":808,"play_id":"5a8b4733-dbdc-48b9-8965-ee71833173ff","local_time":"20210211140015","is_ascension_mode":false,"campfire_choices":[{"data":"hexamod:Float","floor":1.0,"key":"SMITH"},{"data":"hexamod:ThermalTransfer","floor":10.0,"key":"SMITH"},{"data":"expansioncontent:DashGenerateEvil","floor":13.0,"key":"SMITH"},{"data":"hexamod:ThermalTransfer","floor":18.0,"key":"SMITH"},{"data":"hexamod:GhostflameBarrier","floor":28.0,"key":"SMITH"},{"data":"hexamod:SoulSteal","floor":30.0,"key":"SMITH"},{"floor":35,"key":"RECALL"},{"floor":43,"key":"REST"},{"floor":46,"key":"REST"}],"circlet_count":0,"master_deck":["hexamod:Strike","hexamod:Defend","hexamod:Defend","hexamod:Defend","hexamod:Defend","hexamod:Sear","hexamod:Float+1","hexamod:ExtraCrispy","hexamod:HeatMetal","hexamod:DynamicBlow","hexamod:GhostOfSpireFuture","hexamod:BurningTouch","hexamod:ThermalTransfer+1","hexamod:FirstSeal","expansioncontent:DashGenerateEvil+1","hexamod:ThermalTransfer+1","hexamod:Hexaguard","hexamod:GhostflameBarrier+1","hexamod:TimeOfNeed","hexamod:ThermalTransfer+1","hexamod:BurningTouch","hexamod:Hexaguard+1","hexamod:CatchUp+1","hexamod:Hexaguard+1","hexamod:ExtraCrispy+1","hexamod:Incineration+1","hexamod:ExtraCrispy+1","hexamod:SoulSteal+1","hexamod:Again+1","hexamod:RainOfEmbers","hexamod:EmpoweredFlame+1","hexamod:SearingWound","hexamod:ShieldOfDarkness","hexamod:ThermalTransfer+1","hexamod:NightmareGuise","hexamod:ThermalTransfer+1","hexamod:PhantomFireball","hexamod:VolcanoVisage","hexamod:RadiantFlame","hexamod:PhantomCloak","Master of Strategy","hexamod:Incineration","hexamod:NightmareGuise","hexamod:AdvancingGuard+1"],"relics":["hexamod:SpiritBrand","Toy Ornithopter","Bottled Flame","MealTicket","hexamod:MatchstickCase","Philosopher\u0027s Stone","downfall:HeartBlessingGreen","Ornamental Fan","hexamod:InflammatoryLetter","Kunai","Fusion Hammer","Matryoshka","Blood Vial","Letter Opener","downfall:HeartBlessingRed","Pocketwatch"],"acts_visited":["Exordium","TheCity","TheBeyond"],"potions_floor_usage":[38,48,50,50,50],"damage_taken":[{"damage":0.0,"enemies":"2 Louse","floor":2.0,"turns":2.0},{"damage":0.0,"enemies":"Cultist","floor":3.0,"turns":4.0},{"damage":3.0,"enemies":"Jaw Worm","floor":5.0,"turns":4.0},{"damage":5.0,"enemies":"3 Louse","floor":6.0,"turns":4.0},{"damage":6.0,"enemies":"Exordium Thugs","floor":8.0,"turns":5.0},{"damage":0.0,"enemies":"downfall:FleeingMerchant","floor":9.0,"turns":4.0},{"damage":11.0,"enemies":"Gremlin Nob","floor":11.0,"turns":4.0},{"damage":4.0,"enemies":"Lagavulin","floor":14.0,"turns":6.0},{"damage":0.0,"enemies":"Large Slime","floor":15.0,"turns":5.0},{"damage":4.0,"enemies":"IC_STATUS_ARCHETYPE","floor":16.0,"turns":6.0},{"damage":6.0,"enemies":"Spheric Guardian","floor":19.0,"turns":5.0},{"damage":10.0,"enemies":"Shell Parasite","floor":20.0,"turns":5.0},{"damage":3.0,"enemies":"downfall:FleeingMerchant","floor":21.0,"turns":4.0},{"damage":0.0,"enemies":"Chosen and Byrds","floor":22.0,"turns":5.0},{"damage":0.0,"enemies":"Centurion and Healer","floor":23.0,"turns":6.0},{"damage":10.0,"enemies":"Book of Stabbing","floor":25.0,"turns":6.0},{"damage":0.0,"enemies":"Cultist and Chosen","floor":26.0,"turns":4.0},{"damage":0.0,"enemies":"3 Cultists","floor":27.0,"turns":4.0},{"damage":0.0,"enemies":"Slavers","floor":29.0,"turns":6.0},{"damage":14.0,"enemies":"downfall:FleeingMerchant","floor":31.0,"turns":4.0},{"damage":0.0,"enemies":"Snake Plant","floor":32.0,"turns":3.0},{"damage":40.0,"enemies":"SI_MIRROR_ARCHETYPE","floor":33.0,"turns":10.0},{"damage":0,"enemies":"3 Shapes","floor":36,"turns":3},{"damage":0,"enemies":"Orb Walker","floor":37,"turns":3},{"damage":1,"enemies":"Spire Growth","floor":38,"turns":3},{"damage":3,"enemies":"Sphere and 2 Shapes","floor":39,"turns":5},{"damage":41,"enemies":"Giant Head","floor":40,"turns":10},{"damage":6,"enemies":"Writhing Mass","floor":45,"turns":5},{"damage":0,"enemies":"downfall:FleeingMerchant","floor":47,"turns":1},{"damage":2,"enemies":"2 Orb Walkers","floor":48,"turns":5},{"damage":0,"enemies":"Jaw Worm Horde","floor":49,"turns":4},{"damage":72,"enemies":"DF_ARCHETYPE_ORBS","floor":50,"turns":8}],"seed_played":"3372622454507449757","potions_obtained":[{"floor":2.0,"key":"Swift Potion"},{"floor":3.0,"key":"champ:CounterPotion"},{"floor":14.0,"key":"hexamod:SoulburnPotion"},{"floor":15.0,"key":"Swift Potion"},{"floor":16.0,"key":"Dexterity Potion"},{"floor":23.0,"key":"Block Potion"},{"floor":32.0,"key":"Explosive Potion"},{"floor":37,"key":"sneckomod:MuddlingPotion"},{"floor":40,"key":"Slimebound:ThreeZeroPotion"},{"floor":49,"key":"champ:CounterPotion"}],"is_trial":false,"path_per_floor":["R","M","M","?","M","M","T","M","$","R","E","?","R","E","M","B",null,"R","M","M","$","M","M","T","E","M","M","R","E","R","$","M","B",null,"R","M","M","M","M","E","T","?","R","?","M","R","$","?","M","B",null],"character_chosen":"THE_SPIRIT","items_purchased":["hexamod:FirstSeal","expansioncontent:DashGenerateEvil","hexamod:RainOfEmbers","hexamod:PhantomCloak","PowerPotion","Master of Strategy","hexamod:Incineration"],"campfire_rested":2,"item_purchase_floors":[9,9,31,47,47,47,47],"current_hp_per_floor":[77,77,77,77,74,69,69,63,63,63,59,59,59,60,67,70,77,77,77,74,77,77,77,77,74,77,77,77,77,77,63,70,35,77,77,77,77,77,74,40,40,40,63,63,66,77,77,77,77,12],"gold":104,"neow_bonus":"TEN_PERCENT_HP_BONUS","is_daily":false,"chose_seed":false,"campfire_upgraded":6,"win_rate":0.0,"timestamp":1613070015,"path_taken":["R","M","M","?","M","M","T","M","$","R","E","?","R","E","M","BOSS","R","M","M","?","?","M","T","E","M","M","R","E","R","?","M","BOSS","R","M","M","M","M","E","T","?","R","?","?","R","$","?","M","BOSS"],"items_purchased_type":["Card","Card","Card","Card","Potion","Card","Card"],"build_version":"2020-12-22","purchased_purges":2,"victory":true,"max_hp_per_floor":[77,77,77,77,77,77,77,77,77,77,77,77,77,77,77,77,77,77,77,77,77,77,77,77,77,77,77,77,77,77,77,77,77,77,77,77,77,77,77,77,77,77,77,77,77,77,77,77,77,77],"card_choices":[{"not_picked":["hexamod:NightmareGuise","hexamod:DynamicBlow"],"picked":"hexamod:ExtraCrispy","floor":2.0},{"not_picked":["hexamod:ShieldOfDarkness","hexamod:StepThrough"],"picked":"hexamod:HeatMetal","floor":3.0},{"not_picked":["hexamod:GhostLash","hexamod:Firestarter"],"picked":"hexamod:DynamicBlow","floor":5.0},{"not_picked":["hexamod:BacktrackSmack","hexamod:NightmareStrike"],"picked":"hexamod:GhostOfSpireFuture","floor":6.0},{"not_picked":["hexamod:GhostShield","hexamod:CatchUp"],"picked":"hexamod:BurningTouch","floor":8.0},{"not_picked":["hexamod:UnleashSpirits","hexamod:Incineration"],"picked":"hexamod:ThermalTransfer","floor":9.0},{"not_picked":["hexamod:BurningTouch","hexamod:BacktrackSmack"],"picked":"hexamod:ThermalTransfer","floor":11.0},{"not_picked":["hexamod:DynamicBlow","hexamod:HeatMetal"],"picked":"hexamod:Hexaguard","floor":14.0},{"not_picked":["hexamod:AdvancingGuard","hexamod:SpectersWail"],"picked":"hexamod:GhostflameBarrier","floor":15.0},{"not_picked":["hexamod:TimeWarp","hexamod:ParanormalForm"],"picked":"hexamod:TimeOfNeed","floor":16.0},{"not_picked":["hexamod:DynamicBlow+1","hexamod:FourthSeal"],"picked":"hexamod:ThermalTransfer+1","floor":19.0},{"not_picked":["hexamod:PhantomFireball","hexamod:Rewind"],"picked":"hexamod:BurningTouch","floor":20.0},{"not_picked":["hexamod:RetreatToShadows+1","hexamod:NightmareStrike"],"picked":"hexamod:Hexaguard+1","floor":21.0},{"not_picked":["hexamod:Rewind","hexamod:HeatCrush+1"],"picked":"hexamod:CatchUp+1","floor":22.0},{"not_picked":["hexamod:EtherealExpedition+1","hexamod:StepThrough"],"picked":"hexamod:Hexaguard+1","floor":23.0},{"not_picked":["hexamod:Rewind+1","hexamod:NightmareGuise+1"],"picked":"hexamod:ExtraCrispy+1","floor":25.0},{"not_picked":["hexamod:NightmareGuise+1","hexamod:CatchUp"],"picked":"hexamod:Incineration+1","floor":26.0},{"not_picked":["hexamod:Hexaguard","hexamod:HeatMetal"],"picked":"hexamod:ExtraCrispy+1","floor":27.0},{"not_picked":["hexamod:FourthSeal","hexamod:NightmareStrike"],"picked":"hexamod:SoulSteal","floor":29.0},{"not_picked":["hexamod:SpectersWail+1","hexamod:ThermalTransfer"],"picked":"hexamod:Again+1","floor":31.0},{"not_picked":["hexamod:Rewind","hexamod:InspiringFlames"],"picked":"hexamod:EmpoweredFlame+1","floor":32.0},{"not_picked":["hexamod:UnlimitedPower","hexamod:HexaLevel"],"picked":"hexamod:SearingWound","floor":33.0},{"not_picked":["hexamod:HauntingEcho+1","hexamod:BurningTouch"],"picked":"hexamod:ShieldOfDarkness","floor":36},{"not_picked":["hexamod:NightmareStrike+1","hexamod:Hexaguard"],"picked":"hexamod:ThermalTransfer+1","floor":37},{"not_picked":["hexamod:SecondSeal","hexamod:EtherealExpedition","hexamod:HeatMetal"],"picked":"SKIP","floor":38},{"not_picked":["hexamod:SecondSeal","hexamod:InspiringFlames"],"picked":"hexamod:NightmareGuise","floor":39},{"not_picked":["hexamod:HauntingEcho+1","hexamod:BacktrackSmack"],"picked":"hexamod:ThermalTransfer+1","floor":40},{"not_picked":["hexamod:SwordOfDarkness","hexamod:Firestarter+1"],"picked":"hexamod:VolcanoVisage","floor":45},{"not_picked":["hexamod:Hexaguard","hexamod:SwordOfDarkness"],"picked":"hexamod:RadiantFlame","floor":47},{"not_picked":["hexamod:GhostLash+1","hexamod:RadiantFlame"],"picked":"hexamod:NightmareGuise","floor":48},{"not_picked":["hexamod:RetreatToShadows","hexamod:Incineration+1"],"picked":"hexamod:AdvancingGuard+1","floor":49}],"player_experience":939991,"relics_obtained":[{"floor":7.0,"key":"Toy Ornithopter"},{"floor":11.0,"key":"Bottled Flame"},{"floor":12.0,"key":"MealTicket"},{"floor":14.0,"key":"hexamod:MatchstickCase"},{"floor":24.0,"key":"Ornamental Fan"},{"floor":25.0,"key":"hexamod:InflammatoryLetter"},{"floor":29.0,"key":"Kunai"},{"floor":40,"key":"Matryoshka"},{"floor":41,"key":"Blood Vial"},{"floor":41,"key":"Letter Opener"},{"floor":48,"key":"Pocketwatch"}],"event_choices":[{"damage_healed":0.0,"max_hp_gain":0.0,"max_hp_loss":0.0,"gold_gain":0.0,"event_name":"Wheel of Change","player_choice":"Relic","floor":12.0,"gold_loss":0.0,"damage_taken":0.0},{"damage_healed":0,"gold_gain":0,"player_choice":"Fight","damage_taken":0,"max_hp_gain":0,"max_hp_loss":0,"event_name":"Mysterious Sphere","floor":48,"gold_loss":0}],"is_beta":false,"boss_relics":[{"not_picked":["Snecko Eye","Runic Pyramid"],"picked":"Philosopher\u0027s Stone"},{"not_picked":["hexamod:UnbrokenSoul","Black Star"],"picked":"Fusion Hammer"}],"items_purged_floors":[21,47],"is_endless":false,"potions_floor_spawned":[2,3,14,15,16,23,25,26,27,32,37,40,49],"ascension_level":0}}