{"host":"42xf941fomyavgzy","time":1613015835,"event":{"mods":["Act Like it!","Astrologer","BaseMod","Colored Map","Minty Spire (QoL Compilation)","Shop Mod","StSLib","SuperFastMode","The Cursed"],"gold_per_floor":[113,130,147,160,180,215,215,248,248,273,285,297,328,367,379,493,505,531,543,543],"floor_reached":19,"language":"JPN","playtime":748,"items_purged":[],"score":280,"play_id":"ca2d6a64-88a9-4a90-9e14-4aedcf54c70e","local_time":"20210211125715","is_ascension_mode":true,"campfire_choices":[{"data":"Wallop","floor":7,"key":"SMITH"},{"floor":11,"key":"REST"},{"data":"CrushJoints","floor":15,"key":"SMITH"}],"circlet_count":0,"master_deck":["Strike_P","Strike_P","Strike_P","Strike_P","Defend_P","Defend_P","Defend_P","Defend_P","Eruption","Vigilance","SashWhip","Worship","CutThroughFate","Wallop+1","ReachHeaven","Protect","ThirdEye","DevaForm+1","FlurryOfBlows","CrushJoints+1","Scrawl","WheelKick"],"relics":["Runic Dome","Bird Faced Urn","Art of War","Letter Opener","MawBank","CloakClasp","Runic Pyramid"],"acts_visited":["Exordium","TheCity"],"potions_floor_usage":[8,10,18,19],"damage_taken":[{"damage":0,"enemies":"Small Slimes","floor":1,"turns":3},{"damage":0,"enemies":"Cultist","floor":2,"turns":3},{"damage":0,"enemies":"Jaw Worm","floor":3,"turns":2},{"damage":3,"enemies":"Blue Slaver","floor":4,"turns":3},{"damage":6,"enemies":"2 Fungi Beasts","floor":5,"turns":3},{"damage":23,"enemies":"3 Sentries","floor":6,"turns":7},{"damage":30,"enemies":"Lagavulin","floor":8,"turns":3},{"damage":0,"enemies":"Gremlin Nob","floor":10,"turns":4},{"damage":6,"enemies":"Red Slaver","floor":13,"turns":3},{"damage":9,"enemies":"Lagavulin","floor":14,"turns":3},{"damage":7,"enemies":"Hexaghost","floor":16,"turns":8},{"damage":19,"enemies":"2 Thieves","floor":18,"turns":3},{"damage":51,"enemies":"Masked Bandits","floor":19,"turns":3}],"seed_played":"-8487824493278243","potions_obtained":[{"floor":2,"key":"Weak Potion"},{"floor":4,"key":"SmokeBomb"},{"floor":6,"key":"Dexterity Potion"},{"floor":16,"key":"LiquidBronze"},{"floor":18,"key":"Dexterity Potion"}],"is_trial":false,"path_per_floor":["M","M","M","M","M","E","R","E","T","E","R","?","M","E","R","B",null,"M","?"],"character_chosen":"WATCHER","items_purchased":[],"campfire_rested":1,"item_purchase_floors":[],"current_hp_per_floor":[72,72,72,69,63,40,40,10,10,10,31,31,25,16,16,11,57,40,0,0],"gold":543,"neow_bonus":"BOSS_RELIC","is_daily":false,"chose_seed":false,"campfire_upgraded":2,"win_rate":0.0,"timestamp":1613015835,"path_taken":["M","M","M","M","M","E","R","E","T","E","R","?","M","E","R","BOSS","M","?"],"items_purchased_type":[],"build_version":"2020-12-22","purchased_purges":0,"victory":false,"max_hp_per_floor":[72,72,72,72,72,72,72,72,72,72,72,72,72,72,72,72,72,72,72,72],"card_choices":[{"not_picked":["PathToVictory","Weave"],"picked":"SashWhip","floor":1},{"not_picked":["EmptyBody","Meditate"],"picked":"Worship","floor":2},{"not_picked":["Crescendo","FlyingSleeves"],"picked":"CutThroughFate","floor":3},{"not_picked":["WaveOfTheHand","Crescendo"],"picked":"Wallop","floor":4},{"not_picked":["Conclude","FlurryOfBlows"],"picked":"ReachHeaven","floor":5},{"not_picked":["Wish","Halt"],"picked":"Protect","floor":6},{"not_picked":["FlyingSleeves","Prostrate"],"picked":"ThirdEye","floor":8},{"not_picked":["Study","FlyingSleeves"],"picked":"DevaForm","floor":10},{"not_picked":["JustLucky","ReachHeaven"],"picked":"FlurryOfBlows","floor":13},{"not_picked":["Swivel","Crescendo"],"picked":"CrushJoints","floor":14},{"not_picked":["DevaForm","DeusExMachina"],"picked":"Scrawl","floor":16},{"not_picked":["Study","CutThroughFate"],"picked":"WheelKick","floor":18}],"player_experience":467270,"relics_obtained":[{"floor":6,"key":"Bird Faced Urn"},{"floor":8,"key":"Art of War"},{"floor":9,"key":"Letter Opener"},{"floor":10,"key":"MawBank"},{"floor":14,"key":"CloakClasp"}],"event_choices":[{"damage_healed":0,"gold_gain":0,"player_choice":"Grow","damage_taken":0,"max_hp_gain":0,"max_hp_loss":0,"event_name":"Living Wall","floor":12,"gold_loss":0,"cards_upgraded":["DevaForm"]},{"damage_healed":0,"gold_gain":0,"player_choice":"Fought Bandits","damage_taken":0,"max_hp_gain":0,"max_hp_loss":0,"event_name":"Masked Bandits","floor":19,"gold_loss":0}],"is_beta":false,"boss_relics":[{"not_picked":["Snecko Eye","Coffee Dripper"],"picked":"Runic Pyramid"}],"items_purged_floors":[],"is_endless":false,"potions_floor_spawned":[2,4,6,16,18],"killed_by":"Masked Bandits","ascension_level":5}}