{"host":"b6y7xm5pwpiq42ks","time":1613010594,"event":{"mods":["AchievementEnabler","BaseMod","Highlight Path","Minty Spire (QoL Compilation)","Permanent Neow","Quick Restart"],"gold_per_floor":[112,129,146,146,146,146,174,139,139,158,169,199,199,217,217,217,217],"floor_reached":16,"language":"ENG","playtime":767,"items_purged":[],"score":129,"play_id":"97badc44-ea9d-4317-a214-cac5197a1603","local_time":"20210210182954","is_ascension_mode":true,"campfire_choices":[{"floor":6.0,"key":"REST"},{"floor":15,"key":"REST"}],"circlet_count":0,"master_deck":["Strike_R","Strike_R","Strike_R","Strike_R+1","Strike_R","Defend_R","Defend_R","Defend_R+1","Defend_R","Bash","Dual Wield","Headbutt","Battle Trance","Brutality","Shrug It Off","Twin Strike","Havoc","Pommel Strike"],"relics":["Burning Blood","Juzu Bracelet","Pear","Thread and Needle","Happy Flower","Omamori"],"acts_visited":["Exordium"],"potions_floor_usage":[],"damage_taken":[{"damage":2.0,"enemies":"Small Slimes","floor":1.0,"turns":4.0},{"damage":7.0,"enemies":"2 Louse","floor":2.0,"turns":3.0},{"damage":9.0,"enemies":"Jaw Worm","floor":3.0,"turns":3.0},{"damage":59.0,"enemies":"3 Sentries","floor":7.0,"turns":11.0},{"damage":13.0,"enemies":"3 Louse","floor":10.0,"turns":4.0},{"damage":9.0,"enemies":"Looter","floor":11.0,"turns":4.0},{"damage":16,"enemies":"Gremlin Nob","floor":12,"turns":4},{"damage":22,"enemies":"Exordium Wildlife","floor":14,"turns":4},{"damage":0,"enemies":"The Guardian","floor":16,"turns":1}],"seed_played":"-5146362337385757491","potions_obtained":[{"floor":2.0,"key":"PowerPotion"},{"floor":3.0,"key":"Swift Potion"},{"floor":7.0,"key":"Regen Potion"},{"floor":14,"key":"Swift Potion"}],"is_trial":false,"path_per_floor":["M","M","M","?","?","R","E","?","T","M","M","E","?","M","R","B"],"character_chosen":"IRONCLAD","items_purchased":[],"campfire_rested":2,"item_purchase_floors":[],"current_hp_per_floor":[80,79,76,79,61,88,35,57,57,50,47,37,37,21,48,48,48],"gold":217,"neow_bonus":"RANDOM_COMMON_RELIC","is_daily":false,"chose_seed":false,"campfire_upgraded":0,"win_rate":0.0,"timestamp":1613010594,"path_taken":["M","M","M","?","?","R","E","?","T","M","M","E","?","M","R","BOSS"],"items_purchased_type":[],"build_version":"2020-12-22","purchased_purges":0,"victory":false,"max_hp_per_floor":[80,80,80,90,90,90,90,90,90,90,90,90,90,90,90,90,90],"card_choices":[{"not_picked":["Cleave","Burning Pact"],"picked":"Dual Wield","floor":1.0},{"not_picked":["Clash","Shrug It Off"],"picked":"Headbutt","floor":2.0},{"not_picked":["Sentinel","Blood for Blood"],"picked":"Battle Trance","floor":3.0},{"not_picked":["Dark Embrace","Shrug It Off"],"picked":"Brutality","floor":7.0},{"not_picked":["Sword Boomerang","Sever Soul"],"picked":"Shrug It Off","floor":10.0},{"not_picked":["Warcry","Armaments"],"picked":"Twin Strike","floor":11.0},{"not_picked":["Dual Wield","Entrench"],"picked":"Havoc","floor":12},{"not_picked":["Body Slam","True Grit"],"picked":"Pommel Strike","floor":14}],"player_experience":103502,"relics_obtained":[{"floor":7.0,"key":"Thread and Needle"},{"floor":9.0,"key":"Happy Flower"},{"floor":12,"key":"Omamori"}],"event_choices":[{"damage_healed":0.0,"max_hp_gain":0.0,"max_hp_loss":0.0,"gold_gain":0.0,"event_name":"Scrap Ooze","player_choice":"Success","floor":4.0,"gold_loss":0.0,"damage_taken":7.0,"relics_obtained":["Pear"]},{"damage_healed":0.0,"max_hp_gain":0.0,"max_hp_loss":0.0,"gold_gain":0.0,"event_name":"Shining Light","player_choice":"Entered Light","floor":5.0,"gold_loss":0.0,"damage_taken":18.0,"cards_upgraded":["Defend_R","Strike_R"]},{"damage_healed":22.0,"max_hp_gain":0.0,"max_hp_loss":0.0,"gold_gain":0.0,"event_name":"The Cleric","player_choice":"Healed","floor":8.0,"gold_loss":35.0,"damage_taken":0.0},{"damage_healed":0,"gold_gain":0,"player_choice":"Ignored","damage_taken":0,"max_hp_gain":0,"max_hp_loss":0,"event_name":"Golden Wing","floor":13,"gold_loss":0}],"is_beta":false,"boss_relics":[],"items_purged_floors":[],"is_endless":false,"potions_floor_spawned":[2,3,7,14],"killed_by":"The Guardian","ascension_level":3}}