{"host":"4so6zk3ni2nu7g2c","time":1613053294,"event":{"mods":["Act Like it!","BaseMod","Gensokyo","Hallownest","Marisa£®ÏF”Í°°ƒß¿Ì…≥£©","Minty Spire (QoL Compilation)","Prisma Mod","Quick Restart","Remilia£®¿Ÿ√◊¿Ú—«£©","Replay The Spire","Shop Mod","StSLib","The Bug Knight"],"gold_per_floor":[110,38,56,56,56,84,84,184,264,264,584,610,610,623,623,718,718,737,122,134,447,297,297,297,497,497],"floor_reached":25,"language":"ZHS","playtime":882,"items_purged":[],"score":320,"play_id":"92ed14b6-a0de-4bcf-9ebf-d59707b0c3b5","local_time":"20210211222134","is_ascension_mode":true,"campfire_choices":[{"data":"HollowMod:PogoStrike","floor":7.0,"key":"SMITH"},{"data":"HollowMod:CycloneSlash","floor":10.0,"key":"SMITH"},{"data":"HollowMod:HuntersJournal","floor":13.0,"key":"SMITH"},{"data":"HollowMod:GoodIntentions","floor":15.0,"key":"SMITH"},{"floor":23,"key":"REST"}],"circlet_count":0,"master_deck":["HollowMod:NailStrikeStart","HollowMod:NailStrikeStart","HollowMod:NailStrikeStart","HollowMod:NailStrikeStart","HollowMod:QuickDashStart","HollowMod:QuickDashStart","HollowMod:QuickDashStart","HollowMod:QuickDashStart","HollowMod:FocusHealStart","HollowMod:PogoStrike+1","HollowMod:CloakDash","HollowMod:CloakDash","HollowMod:CycloneSlash+1","HollowMod:HuntersJournal+1","HollowMod:GoodIntentions+1","HollowMod:SlysStrikes","Gensokyo:BlemishedSteel","HollowMod:SlysStrikes","HollowMod:CloakDash"],"relics":["HollowMod:VesselMask","NeowsBlessing","Gensokyo:Justice","Oddly Smooth Stone","Chameleon Ring","HollowMod:QueensCombRelic","Tiny Chest","Sozu","DollysMirror","Chemical X","Frozen Eye","Strawberry","HollowMod:StagPassRelic"],"acts_visited":["Gensokyo:Gensokyo","Gensokyo:Gensokyoer"],"potions_floor_usage":[16,16,16],"damage_taken":[{"damage":0.0,"enemies":"Gensokyo:3_Fairies","floor":1.0,"turns":1.0},{"damage":0.0,"enemies":"Gensokyo:Python","floor":3.0,"turns":2.0},{"damage":0.0,"enemies":"Gensokyo:Aya","floor":6.0,"turns":2.0},{"damage":3.0,"enemies":"Gensokyo:2_Kodama","floor":11.0,"turns":3.0},{"damage":0.0,"enemies":"Gensokyo:Cirno","floor":12.0,"turns":4.0},{"damage":0.0,"enemies":"Gensokyo:2_Rabbits","floor":14.0,"turns":3.0},{"damage":49,"enemies":"Gensokyo:Yukari","floor":16,"turns":10},{"damage":1,"enemies":"Gensokyo:Chomper","floor":18,"turns":4},{"damage":33,"enemies":"Gensokyo:3_Dogs","floor":20,"turns":6},{"damage":28,"enemies":"Gensokyo:Wraith","floor":21,"turns":5},{"damage":35,"enemies":"Gensokyo:Koishi","floor":25,"turns":4}],"seed_played":"5300227522742957944","potions_obtained":[{"floor":3.0,"key":"FearPotion"},{"floor":6.0,"key":"Venom Potion"},{"floor":12.0,"key":"Cursed Concoction"},{"floor":14.0,"key":"Ancient Potion"}],"is_trial":false,"path_per_floor":["M","COS","M","?","?","E","R","?","T","R","M","E","R","M","R","B",null,"M","COS","M","M","?","R","?","E"],"character_chosen":"THE_BUGKNIGHT","items_purchased":[],"campfire_rested":1,"item_purchase_floors":[],"current_hp_per_floor":[75,75,75,75,75,75,75,75,75,75,72,50,50,50,50,5,50,49,49,17,4,4,21,21,0,0],"gold":497,"neow_bonus":"THREE_ENEMY_KILL","is_daily":false,"chose_seed":false,"campfire_upgraded":4,"win_rate":0.0,"timestamp":1613053294,"path_taken":["M","COS","M","?","?","E","R","?","T","R","M","E","R","?","R","BOSS","M","COS","M","M","?","R","?","E"],"items_purchased_type":[],"build_version":"2020-12-22","purchased_purges":0,"victory":false,"max_hp_per_floor":[75,75,75,75,75,75,75,75,75,75,75,50,50,50,50,50,50,50,50,50,57,57,57,57,57,57],"card_choices":[{"not_picked":["HollowMod:ShadowDash","HollowMod:CrystalDash","HollowMod:SoulVessel"],"picked":"SKIP","floor":1.0},{"not_picked":["HollowMod:FastStrike","HollowMod:SiblingsShadow"],"picked":"HollowMod:CloakDash","floor":3.0},{"not_picked":["HollowMod:NewJinnsSoul","HollowMod:CornifersMapStart"],"picked":"HollowMod:CloakDash","floor":4.0},{"not_picked":["HollowMod:SoulSplash","HollowMod:LordofShades"],"picked":"HollowMod:CloakDash","floor":4.0},{"not_picked":["HollowMod:HowlingWraiths","HollowMod:SoulStrike"],"picked":"HollowMod:CycloneSlash","floor":6.0},{"not_picked":["HollowMod:HeavyBlow","HollowMod:ShadowDash","HollowMod:NewLittleFool"],"picked":"SKIP","floor":11.0},{"not_picked":["HollowMod:HeavyBlow","HollowMod:MonarchWings"],"picked":"HollowMod:HuntersJournal","floor":12.0},{"not_picked":["HollowMod:PureVessel","HollowMod:TaintedHusks"],"picked":"HollowMod:GoodIntentions","floor":14.0},{"not_picked":["HollowMod:AwokenDreamNail","HollowMod:ZotesMagnificence"],"picked":"HollowMod:SlysStrikes","floor":16},{"not_picked":["HollowMod:HuntersJournal","HollowMod:HeavyBlow","HollowMod:DungDefenderAura"],"picked":"SKIP","floor":18},{"not_picked":["HollowMod:LifebloodCocoon+1","HollowMod:DoubleDash","HollowMod:SiblingsShadow+1"],"picked":"SKIP","floor":20},{"not_picked":["HollowMod:SoulShaman","HollowMod:NewJinnsSoul"],"picked":"HollowMod:CloakDash","floor":21}],"player_experience":419403,"relics_obtained":[{"floor":6.0,"key":"Oddly Smooth Stone"},{"floor":9.0,"key":"Chameleon Ring"},{"floor":12.0,"key":"Tiny Chest"}],"event_choices":[],"is_beta":false,"boss_relics":[{"not_picked":["Painkiller Herb","Cursed Key"],"picked":"Sozu"}],"items_purged_floors":[],"is_endless":false,"potions_floor_spawned":[3,6,12,14,18,20],"killed_by":"Gensokyo:Koishi","ascension_level":3}}