{"host":"81iaqqr1ryudmr11","time":1613078758,"event":{"mods":["BaseMod","Highlight Path","Minty Spire (QoL Compilation)","Relic Stats"],"gold_per_floor":[130,170,208,208,208,262,262,299,351,443,39,39,77,77,77,207,207,244,284,345,384,48,48,113,113,113],"floor_reached":25,"language":"ENG","playtime":1799,"items_purged":["Strike_R","Strike_R"],"score":301,"play_id":"359bcc19-883d-4d29-8033-5ce33f524b3e","local_time":"20210211222558","is_ascension_mode":true,"campfire_choices":[{"floor":7.0,"key":"REST"},{"data":"HandOfGreed","floor":15.0,"key":"SMITH"},{"floor":23,"key":"REST"}],"circlet_count":0,"master_deck":["Strike_R","Strike_R","Defend_R","Defend_R","Defend_R","Defend_R","Bash","HandOfGreed+1","Flame Barrier","True Grit","Dark Embrace+1","Double Tap","Rampage+1","Shrug It Off","Metallicize+1"],"relics":["Burning Blood","Frozen Egg 2","Boot","Oddly Smooth Stone","Shovel","Fusion Hammer","Toy Ornithopter"],"acts_visited":["Exordium","TheCity"],"potions_floor_usage":[21,25],"damage_taken":[{"damage":1.0,"enemies":"Cultist","floor":1.0,"turns":4.0},{"damage":0.0,"enemies":"Small Slimes","floor":2.0,"turns":3.0},{"damage":3.0,"enemies":"2 Louse","floor":3.0,"turns":3.0},{"damage":35.0,"enemies":"Lagavulin","floor":6.0,"turns":6.0},{"damage":24.0,"enemies":"Gremlin Gang","floor":8.0,"turns":6.0},{"damage":21.0,"enemies":"3 Sentries","floor":10.0,"turns":8.0},{"damage":8.0,"enemies":"Red Slaver","floor":13.0,"turns":3.0},{"damage":60.0,"enemies":"Slime Boss","floor":16.0,"turns":11.0},{"damage":22.0,"enemies":"Shell Parasite","floor":18.0,"turns":5.0},{"damage":0.0,"enemies":"Chosen","floor":19.0,"turns":4.0},{"damage":33.0,"enemies":"3 Cultists","floor":20.0,"turns":6.0},{"damage":25,"enemies":"Centurion and Healer","floor":21,"turns":7},{"damage":12,"enemies":"Shelled Parasite and Fungi","floor":24,"turns":8},{"damage":39,"enemies":"Gremlin Leader","floor":25,"turns":6}],"seed_played":"-5134716522333305956","potions_obtained":[{"floor":1.0,"key":"Strength Potion"},{"floor":2.0,"key":"SteroidPotion"},{"floor":13.0,"key":"Explosive Potion"},{"floor":16.0,"key":"SteroidPotion"},{"floor":18.0,"key":"LiquidMemories"},{"floor":19.0,"key":"Energy Potion"},{"floor":21,"key":"Strength Potion"}],"is_trial":false,"path_per_floor":["M","M","M","?","?","E","R","M","T","E","$","?","M","$","R","B",null,"M","M","M","M","$","R","M","E"],"character_chosen":"IRONCLAD","items_purchased":["Shovel","Dark Embrace+1","Metallicize+1","Toy Ornithopter"],"campfire_rested":2,"item_purchase_floors":[11,11,22,22],"current_hp_per_floor":[56,62,65,65,58,29,53,35,35,20,20,80,78,78,78,24,66,50,56,29,10,10,34,28,0,0],"gold":113,"neow_bonus":"RANDOM_COLORLESS_2","is_daily":false,"chose_seed":false,"campfire_upgraded":1,"win_rate":0.0,"timestamp":1613078758,"path_taken":["M","M","M","?","?","E","R","M","T","E","$","?","M","$","R","BOSS","M","M","?","M","$","R","M","E"],"items_purchased_type":["Relic","Card","Card","Relic"],"build_version":"2020-12-22","purchased_purges":2,"victory":false,"max_hp_per_floor":[80,80,80,80,80,80,80,80,80,80,80,80,80,80,80,80,80,80,80,80,80,80,80,80,80,80],"relic_stats":{"Shovel":0,"counters":[14,80],"Boot":[3],"obtain_stats":[{"Shovel":11,"Oddly Smooth Stone":10,"Fusion Hammer":17,"Frozen Egg 2":6,"Boot":9,"Burning Blood":0,"Toy Ornithopter":22},{"Shovel":6,"Oddly Smooth Stone":6,"Fusion Hammer":8,"Frozen Egg 2":4,"Boot":5,"Burning Blood":0,"Toy Ornithopter":12},{"Shovel":30,"Oddly Smooth Stone":30,"Fusion Hammer":44,"Frozen Egg 2":16,"Boot":22,"Burning Blood":0,"Toy Ornithopter":66}],"Burning Blood":78,"Toy Ornithopter":5},"card_choices":[{"not_picked":["Thinking Ahead","Violence"],"picked":"HandOfGreed","floor":0.0},{"not_picked":["Thunderclap","Fire Breathing"],"picked":"Flame Barrier","floor":1.0},{"not_picked":["Sword Boomerang","Headbutt"],"picked":"True Grit","floor":2.0},{"not_picked":["Sword Boomerang","Sever Soul","Twin Strike"],"picked":"SKIP","floor":3.0},{"not_picked":["Pummel","Infernal Blade","Thunderclap"],"picked":"SKIP","floor":6.0},{"not_picked":["Disarm","Twin Strike","Burning Pact"],"picked":"SKIP","floor":8.0},{"not_picked":["Wild Strike","Dual Wield"],"picked":"Rampage","floor":10.0},{"not_picked":["Heavy Blade","Flex","Perfected Strike"],"picked":"SKIP","floor":13.0},{"not_picked":["Immolate","Feed"],"picked":"Double Tap","floor":16.0},{"not_picked":["Cleave","Flex","Dual Wield"],"picked":"SKIP","floor":18.0},{"not_picked":["Heavy Blade","Uppercut","Pommel Strike"],"picked":"SKIP","floor":19.0},{"not_picked":["Sword Boomerang","Sever Soul"],"picked":"Rampage+1","floor":20.0},{"not_picked":["Body Slam","Cleave"],"picked":"Shrug It Off","floor":21},{"not_picked":["Dropkick","Thunderclap","Iron Wave"],"picked":"SKIP","floor":24}],"player_experience":179730,"relics_obtained":[{"floor":6.0,"key":"Frozen Egg 2"},{"floor":9.0,"key":"Boot"},{"floor":10.0,"key":"Oddly Smooth Stone"}],"event_choices":[{"damage_healed":0.0,"max_hp_gain":0.0,"max_hp_loss":0.0,"gold_gain":0.0,"event_name":"Golden Idol","player_choice":"Ignored","floor":4.0,"gold_loss":0.0,"damage_taken":0.0},{"cards_removed":["Strike_R"],"damage_healed":0.0,"max_hp_gain":0.0,"max_hp_loss":0.0,"gold_gain":0.0,"event_name":"Golden Wing","player_choice":"Card Removal","floor":5.0,"gold_loss":0.0,"damage_taken":7.0},{"cards_removed":["Rampage"],"damage_healed":60.0,"max_hp_gain":0.0,"max_hp_loss":0.0,"gold_gain":0.0,"event_name":"Bonfire Elementals","player_choice":"Offered Uncommon","floor":12.0,"gold_loss":0.0,"damage_taken":0.0}],"is_beta":false,"boss_relics":[{"not_picked":["Calling Bell","Runic Pyramid"],"picked":"Fusion Hammer"}],"items_purged_floors":[11,22],"is_endless":false,"potions_floor_spawned":[1,2,13,16,18,19,21],"killed_by":"Gremlin Leader","ascension_level":8}}