{"host":"51f0ad793vly1w6u","time":1613045164,"event":{"mods":["BaseMod","Colored Map","DeckTracker","Minty Spire (QoL Compilation)","StSLib","SuperFastMode"],"gold_per_floor":[119,119,129,148,73,73,88,106,130,142,174,174,190,265,265,265,265],"floor_reached":16,"language":"KOR","playtime":286,"items_purged":[],"score":208,"play_id":"0a858c9e-c208-46b5-a9d7-42d1148317e1","local_time":"20210211210604","is_ascension_mode":true,"campfire_choices":[{"data":"Tactician","floor":6.0,"key":"SMITH"},{"data":"Skewer","floor":12.0,"key":"SMITH"},{"floor":15.0,"key":"REST"}],"circlet_count":0,"master_deck":["AscendersBane","Strike_G","Strike_G","Strike_G","Strike_G","Defend_G","Defend_G","Defend_G","Defend_G","Survivor","Neutralize","Masterful Stab","Tactician+1","Dagger Spray","Skewer+1","Leg Sweep"],"relics":["Ring of the Snake","Centennial Puzzle","Orichalcum","Vajra"],"acts_visited":["Exordium"],"potions_floor_usage":[16],"damage_taken":[{"damage":4.0,"enemies":"Small Slimes","floor":1.0,"turns":5.0},{"damage":0.0,"enemies":"Cultist","floor":3.0,"turns":4.0},{"damage":0.0,"enemies":"Jaw Worm","floor":4.0,"turns":5.0},{"damage":6.0,"enemies":"Looter","floor":7.0,"turns":3.0},{"damage":3.0,"enemies":"Blue Slaver","floor":8.0,"turns":3.0},{"damage":6.0,"enemies":"Gremlin Gang","floor":10.0,"turns":5.0},{"damage":14.0,"enemies":"Gremlin Nob","floor":11.0,"turns":4.0},{"damage":4.0,"enemies":"Large Slime","floor":13.0,"turns":5.0},{"damage":31,"enemies":"The Guardian","floor":16,"turns":12}],"seed_played":"-9146042193946027385","potions_obtained":[{"floor":4.0,"key":"Block Potion"},{"floor":7.0,"key":"DistilledChaos"},{"floor":10.0,"key":"GamblersBrew"}],"is_trial":false,"path_per_floor":["M","?","M","M","?","R","M","M","T","M","E","R","M","?","R","B"],"character_chosen":"THE_SILENT","items_purchased":[],"campfire_rested":1,"item_purchase_floors":[],"current_hp_per_floor":[55,55,55,55,55,55,49,46,46,40,26,26,22,11,30,0,0],"gold":265,"neow_bonus":"RANDOM_COMMON_RELIC","is_daily":false,"chose_seed":false,"campfire_upgraded":2,"win_rate":0.0,"timestamp":1613045164,"path_taken":["M","?","M","?","?","R","M","M","T","M","E","R","M","?","R","BOSS"],"items_purchased_type":[],"build_version":"2020-12-22","purchased_purges":0,"victory":false,"max_hp_per_floor":[66,66,66,66,66,66,66,66,66,66,66,66,66,66,66,66,66],"card_choices":[{"not_picked":["Underhanded Strike","Sucker Punch"],"picked":"Masterful Stab","floor":1.0},{"not_picked":["Outmaneuver","Deflect","Endless Agony"],"picked":"SKIP","floor":3.0},{"not_picked":["Underhanded Strike","PiercingWail"],"picked":"Tactician","floor":4.0},{"not_picked":["Bane","Wraith Form v2"],"picked":"Dagger Spray","floor":7.0},{"not_picked":["Quick Slash","Cloak And Dagger","Poisoned Stab"],"picked":"SKIP","floor":8.0},{"not_picked":["Dagger Spray","Tactician"],"picked":"Skewer","floor":10.0},{"not_picked":["Well Laid Plans","Flying Knee"],"picked":"Leg Sweep","floor":11.0},{"not_picked":["Underhanded Strike","Dagger Throw","Setup"],"picked":"SKIP","floor":13.0}],"player_experience":1457820,"relics_obtained":[{"floor":9.0,"key":"Orichalcum"},{"floor":11.0,"key":"Vajra"}],"event_choices":[{"cards_removed":["Strike_G"],"damage_healed":0.0,"max_hp_gain":0.0,"max_hp_loss":0.0,"gold_gain":0.0,"event_name":"Purifier","player_choice":"Purged","floor":2.0,"gold_loss":0.0,"damage_taken":0.0},{"cards_removed":["Defend_G"],"damage_healed":0.0,"max_hp_gain":0.0,"max_hp_loss":0.0,"gold_gain":0.0,"event_name":"The Cleric","player_choice":"Card Removal","floor":5.0,"gold_loss":75.0,"damage_taken":0.0},{"damage_healed":0.0,"max_hp_gain":0.0,"max_hp_loss":0.0,"gold_gain":75.0,"event_name":"World of Goop","player_choice":"Gather Gold","floor":14.0,"gold_loss":0.0,"damage_taken":11.0}],"is_beta":false,"boss_relics":[],"items_purged_floors":[],"is_endless":false,"potions_floor_spawned":[4,7,10],"killed_by":"The Guardian","ascension_level":20}}