{"host":"xi9hztp74zq5zdao","time":1613085309,"event":{"mods":["2.2 Compatiblity","BaseMod","Colored Map","Googly Eyes","Minty Spire (QoL Compilation)","Relic Sorter","StSLib","The Gatherer","everything is the same but u backflip on backflip"],"gold_per_floor":[116,116,127,147,166,191,203,241,280,305,328,340,371,403,415,427,427,427],"floor_reached":16,"language":"ENG","playtime":1187,"items_purged":[],"score":116,"play_id":"bc2538db-1f8b-4edb-b044-65581dc02443","local_time":"20210211181509","is_ascension_mode":false,"metric_token":593,"campfire_choices":[{"data":"Gatherer:FlowerWhip","floor":7,"key":"SMITH"},{"data":"Gatherer:FlowerPower","floor":12,"key":"SMITH"},{"data":"Gatherer:MiningStrike","floor":15,"key":"SMITH"}],"circlet_count":0,"master_deck":["Gatherer:Strike_Gatherer","Gatherer:Strike_Gatherer","Gatherer:Strike_Gatherer","Gatherer:Strike_Gatherer","Gatherer:Defend_Gatherer","Gatherer:Defend_Gatherer","Gatherer:Defend_Gatherer","Gatherer:Defend_Gatherer","Gatherer:Defend_Gatherer","Gatherer:Centralize","Gatherer:FlowerWhip+1","Gatherer:VenomBarrier","Gatherer:FeelingFine","Gatherer:Pollute","Gatherer:MiningStrike+1","Gatherer:Photoscythe","Gatherer:FlowerShield","Gatherer:FlowerPower+1","Gatherer:EnergyBasket","Gatherer:Duplicator"],"relics":["Gatherer:AlchemyBag","MawBank","Tiny Chest","Oddly Smooth Stone"],"acts_visited":["Exordium"],"potions_floor_usage":[5,16],"damage_taken":[{"damage":6,"enemies":"2 Louse","floor":1,"turns":3},{"damage":1,"enemies":"Cultist","floor":3,"turns":4},{"damage":1,"enemies":"Jaw Worm","floor":4,"turns":3},{"damage":5,"enemies":"Looter","floor":5,"turns":4},{"damage":14,"enemies":"Lagavulin","floor":6,"turns":6},{"damage":17,"enemies":"3 Sentries","floor":8,"turns":9},{"damage":1,"enemies":"Blue Slaver","floor":10,"turns":4},{"damage":0,"enemies":"Large Slime","floor":11,"turns":9},{"damage":6,"enemies":"Red Slaver","floor":13,"turns":4},{"damage":0,"enemies":"3 Louse","floor":14,"turns":1},{"damage":28,"enemies":"Slime Boss","floor":16,"turns":8}],"seed_played":"1498920082534824393","potions_obtained":[{"floor":1,"key":"DistilledChaos"},{"floor":3,"key":"ColorlessPotion"},{"floor":5,"key":"ColorlessPotion"},{"floor":10,"key":"ColorlessPotion"}],"is_trial":false,"path_per_floor":["M","?","M","M","M","E","R","E","T","M","M","R","M","M","R","B"],"character_chosen":"THE_GATHERER","items_purchased":[],"campfire_rested":0,"item_purchase_floors":[],"current_hp_per_floor":[73,73,72,71,66,52,52,35,35,34,34,34,28,28,28,0,0,0],"gold":427,"neow_bonus":"TEN_PERCENT_HP_BONUS","is_daily":false,"chose_seed":false,"campfire_upgraded":3,"win_rate":0.0,"timestamp":1613085309,"path_taken":["M","?","M","M","M","E","R","E","T","M","?","R","?","M","R","BOSS"],"items_purchased_type":[],"build_version":"2020-12-22","purchased_purges":0,"victory":false,"max_hp_per_floor":[79,79,79,79,79,79,79,79,79,79,79,79,79,79,79,79,79,79],"card_choices":[{"not_picked":["Gatherer:TacticalStrike","Gatherer:AcidicSpray"],"picked":"Gatherer:VenomBarrier","floor":1},{"not_picked":["Gatherer:CarefulStrike","Gatherer:AcidicSpray"],"picked":"Gatherer:Pollute","floor":3},{"not_picked":["Gatherer:FinishingStrike","Gatherer:AromaProtection"],"picked":"Gatherer:MiningStrike","floor":4},{"not_picked":["Gatherer:CollectorsShot","Gatherer:PotentialSlash","Gatherer:RecipeChange"],"picked":"SKIP","floor":5},{"not_picked":["Gatherer:Duality","Gatherer:Enchant"],"picked":"Gatherer:Photoscythe","floor":6},{"not_picked":["Gatherer:FlowerPower","Gatherer:Misfortune"],"picked":"Gatherer:FlowerShield","floor":8},{"not_picked":["Gatherer:ScherryThrow","Gatherer:WoolGloves","Gatherer:WitheringStrike"],"picked":"SKIP","floor":10},{"not_picked":["Gatherer:Enchant","Gatherer:Frenzy"],"picked":"Gatherer:FlowerPower","floor":11},{"not_picked":["Gatherer:CollectorsShot","Gatherer:Herbalism"],"picked":"Gatherer:EnergyBasket","floor":13},{"not_picked":["Gatherer:CarefulStrike","Gatherer:FragileHammer"],"picked":"Gatherer:Duplicator","floor":14}],"player_experience":1241456,"relics_obtained":[{"floor":6,"key":"MawBank"},{"floor":8,"key":"Tiny Chest"},{"floor":9,"key":"Oddly Smooth Stone"}],"event_choices":[{"damage_healed":0,"gold_gain":0,"cards_transformed":["Gatherer:Strike_Gatherer"],"player_choice":"Transformed","damage_taken":0,"max_hp_gain":0,"max_hp_loss":0,"event_name":"Transmorgrifier","floor":2,"gold_loss":0,"cards_obtained":["Gatherer:FeelingFine"]}],"is_beta":false,"boss_relics":[],"items_purged_floors":[],"is_endless":false,"potions_floor_spawned":[1,3,5,10,11,13],"killed_by":"Slime Boss","ascension_level":0}}