{"host":"vyiqbz5w606ur92t","time":1613018853,"event":{"mods":["BaseMod","Downfall","Minty Spire (QoL Compilation)","StSLib"],"gold_per_floor":[99,166,203,203,268,330,401,514,561,639,706,606,650,699,747,855,855,855,901,901,451,501,567,590,675,711,779,679,521,530,581,626,756,756,756,779,807,894,929,929,929,838,862,889,569,617,637,668,683,683,683,751,279,288,288,288],"floor_reached":57,"language":"ENG","playtime":7112,"items_purged":["sneckomod:Strike"],"score":2235,"play_id":"42773f83-b89c-43a1-8c62-9513768d3703","local_time":"20210211044733","is_ascension_mode":true,"campfire_choices":[{"data":"HandOfGreed","floor":1,"key":"SMITH"},{"data":"sneckomod:SerpentMind","floor":12,"key":"SMITH"},{"floor":18,"key":"RECALL"},{"data":"sneckomod:PureSnecko","floor":28,"key":"SMITH"},{"data":"sneckomod:Mudshield","floor":35,"key":"SMITH"},{"data":"sneckomod:SoulDraw","floor":40,"key":"SMITH"}],"circlet_count":0,"master_deck":["sneckomod:TailWhip","sneckomod:SnekBite","sneckomod:Unknown","HandOfGreed+1","sneckomod:SoulDraw+1","sneckomod:Rotation","sneckomod:SlitherStrike","sneckomod:QuickMove","sneckomod:SerpentMind+1","sneckomod:UnknownWeak","sneckomod:QuickBite","sneckomod:Rotation","sneckomod:Nope","sneckomod:PureSnecko+1","sneckomod:UnlimitedRolls","sneckomod:DiceBlock","expansioncontent:DashGenerateEvil+1","sneckomod:UnknownVulnerable","sneckomod:UnknownCommonSkill","sneckomod:SnakeSap+1","sneckomod:SerpentIdol","sneckomod:UnknownClassGREEN","sneckomod:UnknownExhaust","sneckomod:UnknownCommonAttack","sneckomod:UnknownUncommonAttack","sneckomod:UnknownRareSkill","sneckomod:QuickBite+1","sneckomod:UnendingSupply","Whirlwind+1","sneckomod:DefensiveFlair","sneckomod:Mudshield+1","sneckomod:DangerNoodle+1","sneckomod:Unknown2Cost+1","sneckomod:Nope+1","sneckomod:UnknownX+1","Spot Weakness+1","sneckomod:UnknownDraw","sneckomod:SoulCleanse+1","expansioncontent:StudyTheSpire","sneckomod:SoulDraw+1","sneckomod:SoulRoll+1","sneckomod:PureSnecko+1","sneckomod:CheapStock","Burning Pact"],"relics":["sneckomod:SneckoSoul","InkBottle","CeramicFish","Meat on the Bone","downfall:HeartBlessingGreen","Snecko Eye","PreservedInsect","hexamod:CandleOfCauterizing","Guardian:PocketSentry","Tiny Chest","downfall:HeartBlessingRed","Oddly Smooth Stone","Molten Egg 2","bronze:MakeshiftBattery","Thread and Needle","downfall:HeartBlessingBlue","Anchor","Gremlin Horn","Art of War","Toolbox","champ:DuelingGlove"],"acts_visited":["Exordium","TheCity","TheBeyond","TheEnding"],"potions_floor_usage":[8,13,13,16,23,31,33],"damage_taken":[{"damage":0,"enemies":"Small Slimes","floor":2,"turns":4},{"damage":0,"enemies":"Cultist","floor":3,"turns":2},{"damage":2,"enemies":"2 Louse","floor":5,"turns":4},{"damage":14,"enemies":"Exordium Thugs","floor":6,"turns":6},{"damage":10,"enemies":"3 Sentries","floor":8,"turns":6},{"damage":3,"enemies":"Blue Slaver","floor":9,"turns":4},{"damage":1,"enemies":"Exordium Wildlife","floor":10,"turns":3},{"damage":12,"enemies":"Lagavulin","floor":11,"turns":5},{"damage":0,"enemies":"Exordium Thugs","floor":13,"turns":2},{"damage":2,"enemies":"Blue Slaver","floor":14,"turns":3},{"damage":5,"enemies":"Gremlin Gang","floor":15,"turns":4},{"damage":8,"enemies":"IC_STATUS_ARCHETYPE","floor":16,"turns":4},{"damage":8,"enemies":"Shell Parasite","floor":19,"turns":3},{"damage":10,"enemies":"downfall:FleeingMerchant","floor":21,"turns":4},{"damage":10,"enemies":"Spheric Guardian","floor":22,"turns":5},{"damage":0,"enemies":"Gremlin Leader","floor":23,"turns":4},{"damage":0,"enemies":"Slavers","floor":25,"turns":5},{"damage":6,"enemies":"Centurion and Healer","floor":27,"turns":2},{"damage":0,"enemies":"downfall:FleeingMerchant","floor":29,"turns":3},{"damage":1,"enemies":"Sentry and Sphere","floor":31,"turns":3},{"damage":24,"enemies":"Snake Plant","floor":32,"turns":2},{"damage":7,"enemies":"DF_ARCHETYPE_CLAW","floor":33,"turns":5},{"damage":0,"enemies":"Orb Walker","floor":36,"turns":2},{"damage":0,"enemies":"3 Darklings","floor":37,"turns":3},{"damage":0,"enemies":"2 Orb Walkers","floor":38,"turns":3},{"damage":0,"enemies":"Jaw Worm Horde","floor":39,"turns":3},{"damage":0,"enemies":"Spire Growth","floor":43,"turns":3},{"damage":0,"enemies":"Transient","floor":44,"turns":5},{"damage":6,"enemies":"Sphere and 2 Shapes","floor":46,"turns":3},{"damage":15,"enemies":"Jaw Worm Horde","floor":47,"turns":2},{"damage":0,"enemies":"Giant Head","floor":48,"turns":3},{"damage":0,"enemies":"Transient","floor":49,"turns":5},{"damage":4,"enemies":"SI_POISON_ARCHETYPE","floor":50,"turns":3},{"damage":8,"enemies":"downfall:CharBossMerchant","floor":52,"turns":4},{"damage":0,"enemies":"downfall:NeowBoss","floor":55,"turns":5},{"damage":10,"enemies":"downfall:NeowBossFinal","floor":56,"turns":6}],"seed_played":"-2096480177387282644","potions_obtained":[{"floor":3,"key":"PowerPotion"},{"floor":4,"key":"Weak Potion"},{"floor":4,"key":"LiquidMemories"},{"floor":10,"key":"Energy Potion"},{"floor":14,"key":"PowerPotion"},{"floor":15,"key":"Slimebound:ThreeZeroPotion"},{"floor":19,"key":"SkillPotion"},{"floor":27,"key":"Block Potion"},{"floor":32,"key":"Regen Potion"},{"floor":37,"key":"Ancient Potion"}],"is_trial":false,"path_per_floor":["R","M","M","?","M","M","T","E","M","M","E","R","M","M","M","B",null,"R","M","?","$","M","E","T","E","?","M","R","$","R","M","M","B",null,"R","M","M","?","M","R","T","R","M","M","$","M","M","E","M","B",null,"E","$","R","B","B",null],"character_chosen":"THE_SNECKO","items_purchased":["PreservedInsect","expansioncontent:DashGenerateEvil","sneckomod:UnknownVulnerable","Oddly Smooth Stone","Molten Egg 2","sneckomod:QuickBite+1","sneckomod:UnendingSupply","Anchor","expansioncontent:StudyTheSpire","Toolbox","champ:DuelingGlove","sneckomod:CheapStock"],"campfire_rested":0,"item_purchase_floors":[21,21,21,29,29,29,29,45,45,53,53,53],"current_hp_per_floor":[57,57,57,57,55,41,41,31,28,27,15,15,27,37,44,48,80,80,72,64,64,54,54,54,54,54,48,48,48,48,47,35,54,81,81,84,84,84,84,84,84,94,94,94,94,88,88,88,88,84,98,90,90,90,90,80],"gold":288,"neow_bonus":"RANDOM_COLORLESS_2","is_daily":false,"chose_seed":false,"campfire_upgraded":5,"win_rate":0.0,"timestamp":1613018853,"path_taken":["R","M","M","?","M","M","T","E","M","M","E","R","M","?","M","BOSS","R","M","?","?","M","E","T","E","?","M","R","$","R","?","M","BOSS","R","M","M","?","M","R","T","R","M","M","$","M","M","E","M","BOSS","E","$","R","BOSS","BOSS"],"items_purchased_type":["Relic","Card","Card","Relic","Relic","Card","Card","Relic","Card","Relic","Relic","Card"],"build_version":"2020-12-22","purchased_purges":1,"victory":true,"max_hp_per_floor":[90,90,90,90,90,90,90,90,90,90,90,90,90,90,90,90,90,90,90,90,90,90,90,90,90,90,90,90,90,90,90,90,90,90,90,93,93,93,93,93,93,103,103,103,103,103,103,103,103,103,103,103,103,103,103,103],"card_choices":[{"not_picked":["Secret Technique","Mayhem"],"picked":"HandOfGreed","floor":0},{"not_picked":["sneckomod:UnknownStrength","sneckomod:UnknownBlock"],"picked":"sneckomod:SoulDraw","floor":2},{"not_picked":["sneckomod:MixItUp","sneckomod:DiceCrush"],"picked":"sneckomod:Rotation","floor":3},{"not_picked":["sneckomod:SoulRoll","sneckomod:ImprovisedAttack"],"picked":"sneckomod:SlitherStrike","floor":5},{"not_picked":["sneckomod:IronFang","sneckomod:Nope"],"picked":"sneckomod:QuickMove","floor":6},{"not_picked":["sneckomod:Rotation","sneckomod:UnknownCommonSkill"],"picked":"sneckomod:SerpentMind","floor":8},{"not_picked":["sneckomod:TrashToTreasure","sneckomod:MixItUp"],"picked":"sneckomod:UnknownWeak","floor":9},{"not_picked":["sneckomod:RainOfDice","sneckomod:DiceCrush"],"picked":"sneckomod:QuickBite","floor":10},{"not_picked":["sneckomod:Mudshield","sneckomod:UnknownStrength"],"picked":"sneckomod:UnknownX","floor":11},{"not_picked":["sneckomod:QuickBite","sneckomod:UnknownBlock"],"picked":"sneckomod:Rotation","floor":13},{"not_picked":["sneckomod:UnknownCommonAttack","sneckomod:RainOfDice"],"picked":"sneckomod:Nope","floor":14},{"not_picked":["sneckomod:QuickBite","sneckomod:RainOfDice"],"picked":"sneckomod:PureSnecko","floor":15},{"not_picked":["sneckomod:UnknownRareSkill","sneckomod:UnknownBoss"],"picked":"sneckomod:UnlimitedRolls","floor":16},{"not_picked":["sneckomod:IronFang","sneckomod:SoulDraw"],"picked":"sneckomod:UnknownClassRED+1","floor":19},{"not_picked":["sneckomod:UnknownUncommonAttack+1","sneckomod:Unknown0Cost"],"picked":"sneckomod:DiceBlock","floor":21},{"not_picked":["sneckomod:UnknownStrike","sneckomod:DiceBoulder"],"picked":"sneckomod:UnknownCommonSkill","floor":22},{"not_picked":["sneckomod:MasterEye","sneckomod:Cheat"],"picked":"sneckomod:SnakeSap+1","floor":23},{"not_picked":["sneckomod:RainOfDice","sneckomod:UnknownClassGREEN"],"picked":"sneckomod:SerpentIdol","floor":25},{"not_picked":["sneckomod:IronFang+1","sneckomod:MixItUp","sneckomod:Nope"],"picked":"SKIP","floor":27},{"not_picked":["sneckomod:UnknownColorless+1","sneckomod:UnknownClassRED"],"picked":"sneckomod:UnknownRareSkill","floor":29},{"not_picked":["sneckomod:UnendingSupply+1","sneckomod:Nope"],"picked":"sneckomod:DefensiveFlair","floor":31},{"not_picked":["sneckomod:RainOfDice+1","sneckomod:UnknownColorless"],"picked":"sneckomod:Mudshield","floor":32},{"not_picked":["sneckomod:UnknownBoss","sneckomod:Cheat"],"picked":"sneckomod:DangerNoodle+1","floor":33},{"not_picked":["sneckomod:Unknown1Cost+1","sneckomod:ImprovisedAttack+1"],"picked":"sneckomod:Unknown2Cost+1","floor":36},{"not_picked":["sneckomod:UnknownExhaust+1","sneckomod:Unknown1Cost+1"],"picked":"sneckomod:Nope+1","floor":37},{"not_picked":["sneckomod:Memorize+1","sneckomod:IronFang+1"],"picked":"sneckomod:UnknownX+1","floor":38},{"not_picked":["sneckomod:IronFang+1","sneckomod:QuickMove","sneckomod:UnknownExhaust"],"picked":"SKIP","floor":39},{"not_picked":["sneckomod:QuickBite+1","sneckomod:Transmogrify"],"picked":"sneckomod:UnknownDraw","floor":43},{"not_picked":["sneckomod:RainOfDice+1","sneckomod:UnknownCommonSkill"],"picked":"sneckomod:SoulCleanse+1","floor":44},{"not_picked":["sneckomod:ImprovisedGuard","sneckomod:RainOfDice+1"],"picked":"sneckomod:SoulDraw+1","floor":46},{"not_picked":["sneckomod:UnknownUncommonSkill+1","sneckomod:IronFang+1"],"picked":"sneckomod:SoulRoll+1","floor":47},{"not_picked":["sneckomod:SoulCleanse","sneckomod:UnknownBlock","sneckomod:SoulRoll"],"picked":"SKIP","floor":48},{"not_picked":["sneckomod:UnknownDraw","sneckomod:QuickBite+1","sneckomod:DiceCrush+1"],"picked":"SKIP","floor":49},{"not_picked":["sneckomod:UnknownStrength+1","sneckomod:SoulCleanse"],"picked":"sneckomod:PureSnecko+1","floor":52}],"player_experience":1734410,"relics_obtained":[{"floor":7,"key":"InkBottle"},{"floor":8,"key":"CeramicFish"},{"floor":11,"key":"Meat on the Bone"},{"floor":23,"key":"hexamod:CandleOfCauterizing"},{"floor":24,"key":"Guardian:PocketSentry"},{"floor":25,"key":"Tiny Chest"},{"floor":38,"key":"Thread and Needle"},{"floor":48,"key":"Gremlin Horn"},{"floor":52,"key":"Art of War"}],"event_choices":[{"damage_healed":0,"gold_gain":0,"player_choice":"Got Potions","damage_taken":0,"max_hp_gain":0,"max_hp_loss":0,"event_name":"Lab","floor":4,"gold_loss":0},{"damage_healed":0,"gold_gain":0,"player_choice":"Fight","damage_taken":0,"max_hp_gain":0,"max_hp_loss":0,"event_name":"Mysterious Sphere","floor":38,"gold_loss":0}],"is_beta":false,"boss_relics":[{"not_picked":["Runic Dome","Fusion Hammer"],"picked":"Snecko Eye"},{"not_picked":["expansioncontent:StudyCardRelic","Velvet Choker"],"picked":"bronze:MakeshiftBattery"}],"items_purged_floors":[21],"is_endless":false,"potions_floor_spawned":[3,5,10,11,14,15,19,22,27,31,32,37,38,43,44,52],"ascension_level":6}}