{"host":"gin1e6e6f2y0ngxx","time":1613063637,"event":{"mods":["AchievementEnabler","Act Like it!","BaseMod","Downfall","Hallownest","Infinite Spire","Minty Spire (QoL Compilation)","StSLib","The Bug Knight","The Cursed","The Hierophant","The Necromancer","The Runesmith","TheWitcher"],"gold_per_floor":[114,114,127,142,158,189,189,203,250,268,286,301,318,164,164,268,268,286,286,300,315,112,112,112,130,130,130,155,169,169,184,184,184,184],"floor_reached":33,"language":"ENG","playtime":2720,"items_purged":[],"score":300,"play_id":"44f29664-8cb7-4f58-80d4-4fcdbf95cb7f","local_time":"20210211071357","is_ascension_mode":false,"campfire_choices":[{"floor":7,"key":"REST"},{"floor":15,"key":"REST"},{"data":"Runesmith:CreatorForm","floor":23,"key":"SMITH"},{"data":"Runesmith:Firestorm","floor":27,"key":"SMITH"},{"data":"Runesmith:CraftPrismatica","floor":30,"key":"SMITH"},{"data":"Runesmith:PoweredAnvil","floor":32,"key":"SMITH"}],"circlet_count":0,"master_deck":["Runesmith:Strike_RS","Runesmith:Strike_RS+1","Runesmith:Strike_RS","Runesmith:Strike_RS","Runesmith:Defend_RS","Runesmith:Defend_RS","Runesmith:Defend_RS","Runesmith:Defend_RS","Runesmith:CraftFirestone","Runesmith:Fortify","Runesmith:Grindstone+1","Runesmith:Firestorm+1","Runesmith:ShiftingStrike","Runesmith:CraftObretio","Runesmith:CreatorForm+1","Runesmith:GoWithTheFlow","Runesmith:EarthShield","Runesmith:EnergizedChisel","Runesmith:BackupBattery","Runesmith:CraftMedicinae","Runesmith:EarthShield","Runesmith:CraftProtectio","Runesmith:Repurpose","Runesmith:ArcReactor","Runesmith:CraftSpiculum","Runesmith:CraftPrismatica+1","Runesmith:StaticCage+1","infinitespire:Execution","infinitespire:Fortify","Runesmith:ChiselStab","Runesmith:CraftVitae","Runesmith:BackupBattery","downfall:Bewildered","Runesmith:OneForEveryone+1","Runesmith:Reinforce+1","Runesmith:Malloc+1","Runesmith:PoweredAnvil+1"],"relics":["Runesmith:BrokenRuby","Question Card","MealTicket","Orrery","Coffee Dripper","CaptainsWheel","Happy Flower","sneckomod:BabySnecko","Whetstone","Runesmith:MiniCore"],"acts_visited":["Exordium","TheCity"],"potions_floor_usage":[12,28,28],"damage_taken":[{"damage":0,"enemies":"Small Slimes","floor":1,"turns":4},{"damage":0,"enemies":"Cultist","floor":3,"turns":4},{"damage":0,"enemies":"2 Louse","floor":4,"turns":5},{"damage":4,"enemies":"Large Slime","floor":5,"turns":5},{"damage":37,"enemies":"Lagavulin","floor":6,"turns":7},{"damage":16,"enemies":"Exordium Thugs","floor":8,"turns":8},{"damage":9,"enemies":"Looter","floor":10,"turns":4},{"damage":3,"enemies":"Red Slaver","floor":11,"turns":7},{"damage":3,"enemies":"2 Fungi Beasts","floor":12,"turns":6},{"damage":19,"enemies":"Gremlin Gang","floor":13,"turns":8},{"damage":12,"enemies":"Hexaghost","floor":16,"turns":11},{"damage":15,"enemies":"Shell Parasite","floor":18,"turns":12},{"damage":9,"enemies":"Chosen","floor":20,"turns":8},{"damage":8,"enemies":"Snecko","floor":21,"turns":9},{"damage":15,"enemies":"Centurion and Healer","floor":25,"turns":8},{"damage":26,"enemies":"Slavers","floor":28,"turns":7},{"damage":9,"enemies":"Snake Plant","floor":29,"turns":5},{"damage":23,"enemies":"Cultist and Chosen","floor":31,"turns":10},{"damage":5,"enemies":"Collector","floor":33,"turns":2}],"seed_played":"-258743492237614488","potions_obtained":[{"floor":8,"key":"bronze:BurnAndBuffPotion"},{"floor":10,"key":"hexamod:SoulburnPotion"},{"floor":11,"key":"Weak Potion"},{"floor":21,"key":"sneckomod:MuddlingPotion"},{"floor":25,"key":"ColorlessPotion"},{"floor":31,"key":"hexamod:SoulburnPotion"}],"is_trial":false,"path_per_floor":["M","?","M","M","M","E","R","M","T","M","M","M","M","$","R","B",null,"M","AVR","M","M","$","R","?","M","T","R","E","M","R","M","R","B"],"character_chosen":"RUNESMITH_CLASS","items_purchased":["Orrery","Happy Flower","Runesmith:BackupBattery"],"campfire_rested":2,"item_purchase_floors":[14,22,22],"current_hp_per_floor":[77,77,77,77,73,36,59,43,43,34,31,28,9,24,47,35,77,66,66,60,54,69,69,69,55,55,55,31,25,25,5,5,0,0],"gold":184,"neow_bonus":"TEN_PERCENT_HP_BONUS","is_daily":false,"chose_seed":false,"campfire_upgraded":4,"win_rate":0.0,"timestamp":1613063637,"path_taken":["M","?","M","M","?","E","R","M","T","M","M","M","M","$","R","BOSS","M","AVR","M","M","$","R","?","M","T","R","E","M","R","M","R","BOSS"],"items_purchased_type":["Relic","Relic","Card"],"build_version":"2020-12-22","purchased_purges":0,"victory":false,"max_hp_per_floor":[77,77,77,77,77,77,77,77,77,77,77,77,77,77,77,77,77,77,77,77,77,77,77,77,77,77,77,77,77,77,77,77,77,77],"card_choices":[{"not_picked":["Runesmith:Repurpose","Runesmith:StaticCage"],"picked":"Runesmith:Grindstone","floor":1},{"not_picked":["Runesmith:Overpower","Runesmith:Discharge"],"picked":"Runesmith:Firestorm","floor":3},{"not_picked":["Runesmith:Repurpose","Runesmith:LastStand"],"picked":"Runesmith:ShiftingStrike","floor":4},{"not_picked":["Runesmith:NanitesCloud","Runesmith:HammerThrow"],"picked":"Runesmith:CraftObretio","floor":5},{"not_picked":["Runesmith:Electrocute","Runesmith:Grindstone"],"picked":"Runesmith:CreatorForm","floor":6},{"not_picked":["Runesmith:Reinforce","Runesmith:CraftVitae","Runesmith:HammerThrow"],"picked":"Runesmith:GoWithTheFlow","floor":8},{"not_picked":["Runesmith:HammerThrow","Runesmith:StaticCage","Runesmith:Reinforce"],"picked":"Runesmith:EarthShield","floor":10},{"not_picked":["Runesmith:CraftVitae","Runesmith:ChargedHammer","Runesmith:StaticCage"],"picked":"Runesmith:EnergizedChisel","floor":11},{"not_picked":["Runesmith:NegativeSpace","Runesmith:HeatExchange","Runesmith:CraftProtectio"],"picked":"Runesmith:BackupBattery","floor":12},{"not_picked":["Runesmith:StaticCage","Runesmith:EarthShield","Runesmith:HammerThrow"],"picked":"Runesmith:CraftMedicinae","floor":13},{"not_picked":["Runesmith:Permafrost","Runesmith:RuneHurl","Runesmith:PerfectChisel"],"picked":"Runesmith:EarthShield","floor":14},{"not_picked":["Runesmith:Discharge","Runesmith:RuneHurl","Runesmith:FieryHammer"],"picked":"Runesmith:CraftProtectio","floor":14},{"not_picked":["Runesmith:RuneHurl","Runesmith:ChiselStab","Runesmith:EnergizedChisel"],"picked":"Runesmith:Repurpose","floor":14},{"not_picked":["Runesmith:Overpower","Runesmith:Malloc","Runesmith:Repurpose"],"picked":"Runesmith:ArcReactor","floor":14},{"not_picked":["Runesmith:Permafrost","Runesmith:EnergizedChisel","Runesmith:GrandSlam"],"picked":"Runesmith:CraftSpiculum","floor":14},{"not_picked":["Runesmith:Duplicate","Runesmith:ArcReactor","Runesmith:FissionHammer"],"picked":"Runesmith:CraftPrismatica","floor":16},{"not_picked":["Runesmith:Overpower","Runesmith:BackupBattery","Runesmith:FieryHammer"],"picked":"Runesmith:StaticCage+1","floor":18},{"not_picked":["Runesmith:Firewall","Runesmith:HammerThrow","Runesmith:UnstableHammer+1"],"picked":"Runesmith:ChiselStab","floor":20},{"not_picked":["Runesmith:MakeshiftArmor","Runesmith:ShiftingStrike","Runesmith:CraftProtectio"],"picked":"Runesmith:CraftVitae","floor":21},{"not_picked":["Runesmith:GoWithTheFlow","Runesmith:Supernova","Runesmith:UnstableHammer+1"],"picked":"Runesmith:OneForEveryone","floor":25},{"not_picked":["Runesmith:ShiftingStrike","Runesmith:HammerThrow+1","Runesmith:EarthShield"],"picked":"Runesmith:Reinforce+1","floor":28},{"not_picked":["Runesmith:EnergizedChisel","Runesmith:HeatedChisel+1","Runesmith:EarthShield"],"picked":"Runesmith:Malloc+1","floor":29},{"not_picked":["Runesmith:Attraction+1","Runesmith:Accelerate","Runesmith:Repurpose"],"picked":"Runesmith:PoweredAnvil","floor":31}],"player_experience":179405,"relics_obtained":[{"floor":6,"key":"Question Card"},{"floor":9,"key":"MealTicket"},{"floor":26,"key":"Whetstone"},{"floor":28,"key":"Runesmith:MiniCore"}],"event_choices":[{"damage_healed":0,"gold_gain":0,"player_choice":"Upgraded","damage_taken":0,"max_hp_gain":0,"max_hp_loss":0,"event_name":"Upgrade Shrine","floor":2,"gold_loss":0,"cards_upgraded":["Runesmith:Grindstone"]}],"is_beta":false,"boss_relics":[{"not_picked":["Runic Dome","SacredBark"],"picked":"Coffee Dripper"}],"items_purged_floors":[],"is_endless":false,"potions_floor_spawned":[8,10,11,21,25,31],"killed_by":"Collector","ascension_level":0}}