{"host":"85rg8sallz0lemh6","time":1613087096,"event":{"mods":["BaseMod","Bestiary","Colored Powertips","Highlight Path","Minty Spire (QoL Compilation)","Quick Restart"],"gold_per_floor":[110,110,128,303,303,333,333,392,392,392,423,438,454,470,470,567,567,567],"floor_reached":17,"language":"ENG","playtime":772,"items_purged":[],"score":219,"play_id":"3b3e2dae-2b43-4780-8958-05610de85374","local_time":"20210211174456","is_ascension_mode":true,"campfire_choices":[{"data":"Zap","floor":7,"key":"SMITH"},{"data":"Dualcast","floor":10,"key":"SMITH"},{"floor":15,"key":"REST"}],"circlet_count":0,"master_deck":["Strike_B","Strike_B","Strike_B","Defend_B","Defend_B","Defend_B","Defend_B","Zap+1","Dualcast+1","Ball Lightning","Self Repair","Doubt","Sweeping Beam","Cold Snap","Reboot","Ball Lightning","Doom and Gloom","Echo Form"],"relics":["Cracked Core","NeowsBlessing","Sundial","Tiny Chest","Boot","Bag of Marbles","InkBottle","Black Star"],"acts_visited":["Exordium","TheCity"],"potions_floor_usage":[8,16,16],"damage_taken":[{"damage":0,"enemies":"Jaw Worm","floor":1,"turns":1},{"damage":0,"enemies":"2 Louse","floor":3,"turns":1},{"damage":0,"enemies":"Lagavulin","floor":6,"turns":1},{"damage":30,"enemies":"Gremlin Nob","floor":8,"turns":4},{"damage":32,"enemies":"Gremlin Nob","floor":11,"turns":4},{"damage":0,"enemies":"Small Slimes","floor":12,"turns":2},{"damage":6,"enemies":"Exordium Wildlife","floor":13,"turns":3},{"damage":7,"enemies":"2 Fungi Beasts","floor":14,"turns":2},{"damage":19,"enemies":"Hexaghost","floor":16,"turns":8}],"seed_played":"-3595493522149673413","potions_obtained":[{"floor":6,"key":"SteroidPotion"},{"floor":11,"key":"Explosive Potion"},{"floor":12,"key":"EntropicBrew"},{"floor":13,"key":"SkillPotion"},{"floor":16,"key":"FearPotion"}],"is_trial":false,"path_per_floor":["M","?","M","?","?","E","R","?","T","R","E","M","M","M","R","B",null],"character_chosen":"DEFECT","items_purchased":[],"campfire_rested":1,"item_purchase_floors":[],"current_hp_per_floor":[75,68,68,68,65,65,65,42,42,42,17,17,18,18,40,28,75,75],"gold":567,"neow_bonus":"THREE_ENEMY_KILL","is_daily":false,"chose_seed":false,"campfire_upgraded":2,"win_rate":0.0,"timestamp":1613087096,"path_taken":["M","?","M","?","?","E","R","?","T","R","E","M","?","M","R","BOSS"],"items_purchased_type":[],"build_version":"2020-12-22","purchased_purges":0,"victory":false,"max_hp_per_floor":[75,75,75,75,75,75,75,75,75,75,75,75,75,75,75,75,75,75],"card_choices":[{"not_picked":["Static Discharge","Turbo"],"picked":"Ball Lightning","floor":1},{"not_picked":["Barrage","Chaos"],"picked":"Self Repair","floor":3},{"not_picked":["Heatsinks","Self Repair"],"picked":"Sweeping Beam","floor":6},{"not_picked":["Reprogram","Compile Driver"],"picked":"Cold Snap","floor":8},{"not_picked":["Genetic Algorithm","Gash","Reboot"],"picked":"SKIP","floor":11},{"not_picked":["Genetic Algorithm","Gash"],"picked":"Reboot","floor":11},{"not_picked":["Streamline","White Noise"],"picked":"Ball Lightning","floor":12},{"not_picked":["Conserve Battery","Heatsinks","Steam"],"picked":"SKIP","floor":13},{"not_picked":["Redo","Stack"],"picked":"Doom and Gloom","floor":14},{"not_picked":["Seek","Core Surge"],"picked":"Echo Form","floor":16}],"player_experience":96742,"relics_obtained":[{"floor":6,"key":"Tiny Chest"},{"floor":8,"key":"Boot"},{"floor":9,"key":"Bag of Marbles"},{"floor":11,"key":"InkBottle"}],"event_choices":[{"cards_removed":["Strike_B"],"damage_healed":0,"gold_gain":0,"player_choice":"Card Removal","damage_taken":7,"max_hp_gain":0,"max_hp_loss":0,"event_name":"Golden Wing","floor":2,"gold_loss":0},{"damage_healed":0,"gold_gain":175,"player_choice":"AGREE","damage_taken":0,"max_hp_gain":0,"max_hp_loss":0,"event_name":"Liars Game","floor":4,"gold_loss":0,"cards_obtained":["Doubt"]},{"damage_healed":0,"gold_gain":0,"player_choice":"Success","damage_taken":3,"relics_obtained":["Sundial"],"max_hp_gain":0,"max_hp_loss":0,"event_name":"Scrap Ooze","floor":5,"gold_loss":0},{"damage_healed":0,"gold_gain":0,"player_choice":"Searched \u00271\u0027 times","damage_taken":0,"max_hp_gain":0,"max_hp_loss":0,"event_name":"Dead Adventurer","floor":8,"gold_loss":0}],"is_beta":false,"boss_relics":[{"not_picked":["Coffee Dripper","Inserter"],"picked":"Black Star"}],"items_purged_floors":[],"is_endless":false,"potions_floor_spawned":[6,11,12,13,16],"ascension_level":3}}