{"host":"7jl4uf745pjtflnx","time":1613011606,"event":{"mods":["BaseMod","BetterRewards","Hubris","Minty Spire (QoL Compilation)","Reliquary","Replay The Spire","StSLib","SuperFastMode","The Construct"],"gold_per_floor":[111,130,130,130,130,164,164,192,241,271,288,315,335,355,355,452,452,472,199,199,216,235,262,289,324,396,426,516,516,541,560,560,662,662,673,673,379,379,392,392,417,446,446,464,499,517,546,347,347,347,347,347,16,45,45],"floor_reached":56,"language":"ENG","playtime":15825,"items_purged":["Strike_B","Strike_B","Strike_B","Strike_B","Defend_B","Defend_B","Looming Evil","Defend_B"],"score":3296,"play_id":"f2b90d18-0236-4be7-96c4-3df05b294ac4","local_time":"20210210214646","is_ascension_mode":true,"campfire_choices":[{"data":"hubris:EnhanceAbility","floor":7,"key":"SMITH"},{"floor":15,"key":"RECALL"},{"data":"Chill","floor":29,"key":"SMITH"},{"data":"Loop","floor":32,"key":"SMITH"},{"data":"Defragment","floor":40,"key":"SMITH"},{"data":"Defragment","floor":49,"key":"SMITH"},{"data":"Defragment","floor":52,"key":"SMITH"}],"circlet_count":0,"master_deck":["AscendersBane","Defend_B","Zap","Dualcast","hubris:EnhanceAbility+1","FIFO Queue","Defragment+1","Leap","Coolheaded","Conserve Battery+1","Capacitor+1","Glacier","Chill+1","Conserve Battery+1","Cold Snap","Consume+1","Mayhem","Capacitor","Cold Snap","Flash of Steel","Conserve Battery+1","Double Energy","BootSequence","ReplayRNGCard","Loop+1","Coolheaded+1","Chaos","Amplify","CurseOfTheBell","Storm","ReplayTheSpireMod:Calculation Training","Barrage","hubris:PowerSurge+1","Defragment+1","Ball Lightning","Cold Snap","Hello World","hubris:PowerSurge","Electrodynamics","FIFO Queue+1","Specialist","Finesse","ReplayTheSpireMod:Calculation Training","Loop","Self Repair","Defragment+1","Loop","Reinforced Body"],"relics":["Cracked Core","Chemical X","hubris:CrystalStatue","construct:FoamFinger","reliquary:ShortFuse","Orrery","Membership Card","Garlic","hubris:Towel","Dream Catcher","TungstenRod","Replay:Bottled Eggs","reliquary:RoseTintedGlasses","Calling Bell","Replay:Baseball","Cables","WingedGreaves","Replay:Frozen Program","War Paint","Carrot","Prayer Wheel","reliquary:FerryPass","reliquary:BoilingFlask","hubris:MysteriousPyramids","hubris:BallOfYels","Mummified Hand","hubris:Backtick","hubris:SoftwareUpdate","PreservedInsect","Quantum Egg","Toy Ornithopter","Happy Flower","Symbiotic Virus","Pantograph","Bottled Tornado","ReplayTheSpireMod:CursedCoin","reliquary:LoveEmittingDiode","Replay:Antivirus Software","reliquary:NewFriend","ReplayTheSpireMod:Lightbulb"],"acts_visited":["Exordium","TheCity","TheBeyond","TheEnding"],"potions_floor_usage":[23,55,55],"damage_taken":[{"damage":0,"enemies":"Cultist","floor":1,"turns":5},{"damage":0,"enemies":"Small Slimes","floor":2,"turns":4},{"damage":0,"enemies":"Lagavulin","floor":6,"turns":9},{"damage":0,"enemies":"3 Sentries","floor":8,"turns":11},{"damage":2,"enemies":"Gremlin Nob","floor":10,"turns":4},{"damage":0,"enemies":"2 Louse","floor":11,"turns":2},{"damage":0,"enemies":"3 Sentries","floor":12,"turns":7},{"damage":0,"enemies":"Exordium Thugs","floor":13,"turns":5},{"damage":0,"enemies":"Lots of Slimes","floor":14,"turns":6},{"damage":0,"enemies":"The Guardian","floor":16,"turns":12},{"damage":0,"enemies":"Spheric Guardian","floor":18,"turns":6},{"damage":0,"enemies":"Shell Parasite","floor":21,"turns":4},{"damage":0,"enemies":"Snake Plant","floor":22,"turns":3},{"damage":0,"enemies":"Replay:Snechameleon","floor":23,"turns":4},{"damage":0,"enemies":"Book of Stabbing","floor":24,"turns":6},{"damage":0,"enemies":"Slavers","floor":25,"turns":5},{"damage":0,"enemies":"Gremlin Leader","floor":27,"turns":5},{"damage":0,"enemies":"Slavers","floor":30,"turns":3},{"damage":0,"enemies":"Centurion and Healer","floor":31,"turns":3},{"damage":11,"enemies":"hubris:MusketHawk","floor":33,"turns":4},{"damage":0,"enemies":"Orb Walker","floor":35,"turns":2},{"damage":0,"enemies":"3 Darklings","floor":39,"turns":2},{"damage":0,"enemies":"R_Hoarder","floor":41,"turns":3},{"damage":0,"enemies":"Reptomancer","floor":42,"turns":3},{"damage":0,"enemies":"Spire Growth","floor":44,"turns":3},{"damage":1,"enemies":"Nemesis","floor":45,"turns":3},{"damage":0,"enemies":"Jaw Worm Horde","floor":46,"turns":3},{"damage":0,"enemies":"Reptomancer","floor":47,"turns":3},{"damage":0,"enemies":"Time Eater","floor":50,"turns":4},{"damage":0,"enemies":"Shield and Spear","floor":54,"turns":2},{"damage":0,"enemies":"The Heart","floor":55,"turns":5}],"seed_played":"13790389871312417","potions_obtained":[{"floor":11,"key":"Ancient Potion"},{"floor":24,"key":"Languid Potion"},{"floor":31,"key":"PotionOfCapacity"}],"is_trial":false,"path_per_floor":["M","M","?","?","?","E","R","E","T","E","M","E","M","M","R","B",null,"M","$","?","M","M","E","E","E","T","E","?","R","E","M","R","B",null,"M","?","$","?","M","R","E","E","T","M","E","M","E","$","R","B",null,"R","$","E","B",null],"character_chosen":"DEFECT","items_purchased":["hubris:EnhanceAbility","FIFO Queue","Defragment","Chemical X","hubris:CrystalStatue","Leap","PowerPotion","Coolheaded","construct:FoamFinger","Conserve Battery","Capacitor+1","reliquary:ShortFuse","Orrery","Consume","Membership Card","Mayhem","Capacitor","Cold Snap","Garlic","Flash of Steel","FocusPotion","Conserve Battery","Storm","Replay:Frozen Program","War Paint","PreservedInsect","Quantum Egg","ReplayTheSpireMod:CursedCoin","reliquary:LoveEmittingDiode","Defragment","Replay:Antivirus Software","Loop","Reinforced Body","reliquary:NewFriend"],"campfire_rested":0,"item_purchase_floors":[0,0,0,0,0,0,0,0,0,0,0,0,0,0,0,0,0,0,0,0,0,0,19,19,19,37,37,48,48,48,48,53,53,53],"current_hp_per_floor":[21,21,21,21,75,75,75,75,75,73,73,73,73,73,73,73,75,75,75,75,75,75,75,75,75,75,75,58,58,58,58,58,47,68,68,64,64,64,64,64,64,64,64,64,63,63,70,70,70,75,75,75,75,75,75],"gold":45,"neow_bonus":"","is_daily":false,"chose_seed":false,"campfire_upgraded":6,"win_rate":0.0,"timestamp":1613011606,"path_taken":["M","M","?","?","?","E","R","E","T","E","?","E","?","M","R","BOSS","M","$","?","M","M","E","E","E","T","E","?","R","E","M","R","BOSS","M","?","$","?","M","R","E","E","T","M","E","M","E","$","R","BOSS","R","$","E","BOSS"],"items_purchased_type":["Card","Card","Card","Relic","Relic","Card","Potion","Card","Relic","Card","Card","Relic","Relic","Card","Relic","Card","Card","Card","Relic","Card","Potion","Card","Card","Relic","Relic","Relic","Relic","Relic","Relic","Card","Relic","Card","Card","Relic"],"build_version":"2020-12-22","purchased_purges":8,"victory":true,"max_hp_per_floor":[75,75,75,75,75,75,75,75,75,75,75,75,75,75,75,75,75,75,75,75,75,75,75,75,75,75,75,75,75,75,75,75,75,75,75,75,75,75,75,75,75,75,75,75,75,75,75,75,75,75,75,75,75,75,75],"card_choices":[{"not_picked":["Streamline","Compile Driver"],"picked":"Glacier","floor":0},{"not_picked":["Redo","Rebound"],"picked":"Chill","floor":0},{"not_picked":["Stack","Leap"],"picked":"Conserve Battery","floor":0},{"not_picked":["Machine Learning","Auto Shields"],"picked":"Cold Snap","floor":0},{"not_picked":["Capacitor","Stack","Panic Button"],"picked":"SKIP","floor":1},{"not_picked":["FTL","Doom and Gloom"],"picked":"Double Energy","floor":2},{"not_picked":["Cold Snap","Genetic Algorithm"],"picked":"BootSequence","floor":6},{"not_picked":["Stack","Redo"],"picked":"ReplayRNGCard","floor":8},{"not_picked":["Consume","BasicCrystalCard","Recycle"],"picked":"SKIP","floor":10},{"not_picked":["Fusion","ReplayGash"],"picked":"Loop","floor":11},{"not_picked":["Sweeping Beam","Doom and Gloom","hubris:SpecializedCircuitry"],"picked":"SKIP","floor":12},{"not_picked":["Steam","Panic Button"],"picked":"Coolheaded","floor":13},{"not_picked":["BasicCrystalCard","ReplayTheSpireMod:System Scan"],"picked":"Chaos","floor":14},{"not_picked":["Core Surge","hubris:DoWhile"],"picked":"Amplify","floor":16},{"not_picked":["Steam","Scrape","Go for the Eyes"],"picked":"SKIP","floor":18},{"not_picked":["BasicCrystalCard","Cold Snap"],"picked":"ReplayTheSpireMod:Calculation Training","floor":21},{"not_picked":["Panic Button","Beam Cell"],"picked":"Barrage","floor":22},{"not_picked":["Steam","Stack"],"picked":"ReplayTheSpireMod:Fabricate Wheel","floor":23},{"not_picked":["Gash","Steam"],"picked":"hubris:PowerSurge+1","floor":24},{"not_picked":["Buffer","ReplayTheSpireMod:Repulse+1"],"picked":"Defragment","floor":25},{"not_picked":["Redo","Conserve Battery+1","Gash"],"picked":"SKIP","floor":27},{"not_picked":["Doom and Gloom","Steam"],"picked":"Ball Lightning","floor":28},{"not_picked":["Leap","Panic Button"],"picked":"Cold Snap","floor":28},{"not_picked":["Leap","Stack"],"picked":"Hello World","floor":28},{"not_picked":["hubris:Ukulele","Sweeping Beam"],"picked":"hubris:PowerSurge","floor":30},{"not_picked":["Beam Cell","Redo","Go for the Eyes"],"picked":"SKIP","floor":31},{"not_picked":["Stack+1","Panic Button+1","Streamline"],"picked":"SKIP","floor":31},{"not_picked":["Core Surge","ReplayRNGCard"],"picked":"Electrodynamics","floor":33},{"not_picked":["Rebound+1","Steam"],"picked":"FIFO Queue+1","floor":35},{"not_picked":["Skim","Streamline","Coolheaded"],"picked":"SKIP","floor":35},{"not_picked":["Poisoned Strike","Replay:Parry"],"picked":"Specialist","floor":36},{"not_picked":["Replay:Sssssssssstrike","Replay:Sssssssssshield"],"picked":"Finesse","floor":36},{"not_picked":["Aggregate","Rebound+1"],"picked":"ReplayTheSpireMod:Calculation Training","floor":39},{"not_picked":["Ball Lightning","Redo","Stack"],"picked":"SKIP","floor":39},{"not_picked":["Fusion","ReplayGash","Streamline"],"picked":"SKIP","floor":41},{"not_picked":["Streamline","Thunder Strike"],"picked":"Loop","floor":42},{"not_picked":["Leap","Gash","Beam Cell"],"picked":"SKIP","floor":44},{"not_picked":["Ball Lightning","Undo+1","Beam Cell+1"],"picked":"SKIP","floor":44},{"not_picked":["Leap+1","Consume"],"picked":"Self Repair","floor":45},{"not_picked":["Skim","Coolheaded","ReplaySolidLightProjector"],"picked":"SKIP","floor":46},{"not_picked":["ReplaySolidLightProjector","Chill","Cold Snap"],"picked":"SKIP","floor":46},{"not_picked":["Redo","Steam Power","Hologram+1"],"picked":"SKIP","floor":47},{"not_picked":["Leap+1","Blizzard+1","Reprogram"],"picked":"SKIP","floor":54}],"player_experience":817168,"relics_obtained":[{"floor":6,"key":"Dream Catcher"},{"floor":8,"key":"TungstenRod"},{"floor":10,"key":"Replay:Bottled Eggs"},{"floor":12,"key":"reliquary:RoseTintedGlasses"},{"floor":17,"key":"Replay:Baseball"},{"floor":17,"key":"Cables"},{"floor":17,"key":"WingedGreaves"},{"floor":23,"key":"Carrot"},{"floor":24,"key":"reliquary:FerryPass"},{"floor":25,"key":"reliquary:BoilingFlask"},{"floor":26,"key":"hubris:MysteriousPyramids"},{"floor":27,"key":"hubris:BallOfYels"},{"floor":30,"key":"Mummified Hand"},{"floor":41,"key":"Toy Ornithopter"},{"floor":42,"key":"Happy Flower"},{"floor":43,"key":"Symbiotic Virus"},{"floor":45,"key":"Pantograph"},{"floor":47,"key":"Bottled Tornado"},{"floor":54,"key":"ReplayTheSpireMod:Lightbulb"}],"event_choices":[{"damage_healed":0,"gold_gain":0,"player_choice":"Ignored","damage_taken":0,"max_hp_gain":0,"max_hp_loss":0,"event_name":"Shining Light","floor":4,"gold_loss":0},{"damage_healed":54,"gold_gain":0,"player_choice":"Full Heal","damage_taken":0,"max_hp_gain":0,"max_hp_loss":0,"event_name":"Wheel of Change","floor":5,"gold_loss":0},{"damage_healed":0,"gold_gain":0,"player_choice":"Memory 2","damage_taken":5,"max_hp_gain":0,"max_hp_loss":0,"event_name":"SensoryStone","floor":36,"gold_loss":0},{"damage_healed":0,"gold_gain":0,"player_choice":"Bought 0 Potions","damage_taken":0,"max_hp_gain":0,"max_hp_loss":0,"event_name":"The Woman in Blue","floor":38,"gold_loss":0}],"is_beta":false,"boss_relics":[{"not_picked":["Busted Crown","ReplayTheSpireMod:DimensionalGlitch"],"picked":"Calling Bell"},{"not_picked":["Snecko Eye","hubris:HollowSoul"],"picked":"hubris:Backtick"}],"items_purged_floors":[0,0,0,0,19,37,48,53],"is_endless":false,"potions_floor_spawned":[2,6,10,11,21,22,24,30,31,44,45,47,54],"ascension_level":12}}