{"host":"6xghz2lkudss8si6","time":1613040420,"event":{"mods":["AchievementEnabler","BaseMod","Colored Map","DeckTracker","Minty Spire (QoL Compilation)","Quick Restart","StSLib","SuperFastMode"],"gold_per_floor":[114,114,114,134,161,161,175,175,175,175,199,239,259,282,282,378,378,401,45,65,81,81,81,102,102,126,126,167,188,204,129,129,224,224,240,140,154,172,172,172,205,205,232,232,247,247,281,297,297,297],"floor_reached":51,"language":"KOR","playtime":3518,"items_purged":["Strike_G","Strike_G"],"score":1447,"play_id":"bf1eda01-aac4-4b46-b64a-dde2fa9df4b0","local_time":"20210211194700","is_ascension_mode":true,"campfire_choices":[{"floor":6,"key":"REST"},{"data":"Blade Dance","floor":8,"key":"SMITH"},{"data":"Finisher","floor":10,"key":"SMITH"},{"data":"Blade Dance","floor":15,"key":"SMITH"},{"data":"A Thousand Cuts","floor":23,"key":"SMITH"},{"data":"Backflip","floor":25,"key":"SMITH"},{"data":"Cloak And Dagger","floor":27,"key":"SMITH"},{"floor":32,"key":"REST"},{"data":"After Image","floor":40,"key":"SMITH"},{"data":"Blade Dance","floor":42,"key":"SMITH"},{"data":"Burst","floor":44,"key":"SMITH"},{"data":"Defend_G","floor":46,"key":"SMITH"},{"floor":49,"key":"REST"}],"circlet_count":0,"master_deck":["AscendersBane","Strike_G","Strike_G","Defend_G","Defend_G","Defend_G+1","Defend_G","Defend_G+1","Survivor+1","Neutralize+1","Blade Dance+1","Slice","Finisher+1","Flying Knee","Blade Dance+1","Crippling Poison","A Thousand Cuts+1","Burst+1","Infinite Blades","Blade Dance+1","Cloak And Dagger+1","Backflip+1","After Image+1","Cloak And Dagger+1","Prepared+1","Tools of the Trade","Writhe","Blur"],"relics":["Ring of the Snake","Art of War","Golden Idol","Centennial Puzzle","Pear","Vajra","Sozu","InkBottle","Strawberry","Paper Crane","Busted Crown","Orichalcum","War Paint","Ornamental Fan"],"acts_visited":["Exordium","TheCity","TheBeyond"],"potions_floor_usage":[12,33,50],"damage_taken":[{"damage":3,"enemies":"Cultist","floor":1,"turns":4},{"damage":1,"enemies":"Jaw Worm","floor":4,"turns":3},{"damage":2,"enemies":"Small Slimes","floor":7,"turns":4},{"damage":4,"enemies":"2 Fungi Beasts","floor":11,"turns":3},{"damage":13,"enemies":"3 Sentries","floor":12,"turns":8},{"damage":0,"enemies":"Large Slime","floor":13,"turns":2},{"damage":1,"enemies":"Lots of Slimes","floor":14,"turns":4},{"damage":1,"enemies":"Slime Boss","floor":16,"turns":7},{"damage":7,"enemies":"3 Byrds","floor":18,"turns":3},{"damage":11,"enemies":"Spheric Guardian","floor":20,"turns":3},{"damage":9,"enemies":"Centurion and Healer","floor":21,"turns":4},{"damage":0,"enemies":"3 Cultists","floor":24,"turns":3},{"damage":19,"enemies":"Gremlin Leader","floor":28,"turns":4},{"damage":6,"enemies":"Snecko","floor":29,"turns":4},{"damage":2,"enemies":"Snake Plant","floor":30,"turns":4},{"damage":30,"enemies":"Champ","floor":33,"turns":9},{"damage":0,"enemies":"Orb Walker","floor":35,"turns":2},{"damage":0,"enemies":"3 Shapes","floor":37,"turns":7},{"damage":4,"enemies":"Jaw Worm Horde","floor":38,"turns":4},{"damage":0,"enemies":"Giant Head","floor":41,"turns":5},{"damage":2,"enemies":"Spire Growth","floor":45,"turns":4},{"damage":7,"enemies":"Reptomancer","floor":47,"turns":5},{"damage":0,"enemies":"Maw","floor":48,"turns":7},{"damage":35,"enemies":"Awakened One","floor":50,"turns":14}],"seed_played":"1158744754257494582","potions_obtained":[{"floor":1,"key":"LiquidBronze"},{"floor":7,"key":"Block Potion"},{"floor":14,"key":"Block Potion"}],"is_trial":false,"path_per_floor":["M","?","?","M","T","R","M","R","T","R","M","E","M","M","R","B",null,"M","$","M","M","?","R","M","R","T","R","E","M","M","?","R","B",null,"M","$","M","M","?","R","E","R","T","R","M","R","E","M","R","B",null],"character_chosen":"THE_SILENT","items_purchased":["InkBottle"],"campfire_rested":3,"item_purchase_floors":[19],"current_hp_per_floor":[56,36,13,12,12,31,29,29,39,39,35,22,22,21,21,20,62,55,55,44,35,35,35,35,35,42,42,23,17,15,15,39,9,65,65,65,65,61,78,78,78,78,78,78,76,76,69,69,83,48],"gold":297,"neow_bonus":"RANDOM_COMMON_RELIC","is_daily":false,"chose_seed":false,"campfire_upgraded":10,"win_rate":0.0,"timestamp":1613040420,"path_taken":["M","?","?","M","?","R","M","R","T","R","M","E","M","M","R","BOSS","M","$","M","M","?","R","M","R","T","R","E","M","M","?","R","BOSS","M","$","M","M","?","R","E","R","T","R","M","R","E","M","R","BOSS"],"items_purchased_type":["Relic"],"build_version":"2020-12-22","purchased_purges":2,"victory":true,"max_hp_per_floor":[66,66,66,66,66,66,66,66,76,76,76,76,76,76,76,76,76,76,76,76,76,76,76,76,76,83,83,83,83,83,83,83,83,83,83,83,83,83,83,83,83,83,83,83,83,83,83,83,83,83],"card_choices":[{"not_picked":["Heel Hook","Eviscerate"],"picked":"Blade Dance","floor":1},{"not_picked":["Dodge and Roll","Sucker Punch"],"picked":"Slice","floor":4},{"not_picked":["Quick Slash","Deflect"],"picked":"Finisher","floor":7},{"not_picked":["Flying Knee","Prepared","Deadly Poison"],"picked":"SKIP","floor":11},{"not_picked":["Prepared","Deadly Poison"],"picked":"Flying Knee","floor":11},{"not_picked":["Dagger Throw","Bouncing Flask"],"picked":"Blade Dance","floor":12},{"not_picked":["Endless Agony","Sucker Punch"],"picked":"Crippling Poison","floor":13},{"not_picked":["Underhanded Strike","Prepared"],"picked":"A Thousand Cuts","floor":14},{"not_picked":["A Thousand Cuts","Doppelganger"],"picked":"Burst","floor":16},{"not_picked":["Well Laid Plans","Backflip"],"picked":"Infinite Blades","floor":18},{"not_picked":["Riddle With Holes+1","Eviscerate"],"picked":"Blade Dance","floor":20},{"not_picked":["Prepared","Caltrops"],"picked":"Cloak And Dagger","floor":21},{"not_picked":["Dodge and Roll","Concentrate"],"picked":"Backflip","floor":24},{"not_picked":["Prepared","Endless Agony"],"picked":"After Image","floor":28},{"not_picked":["Backstab+1","All Out Attack"],"picked":"Cloak And Dagger","floor":29},{"not_picked":["Sucker Punch","Choke"],"picked":"Prepared+1","floor":30},{"not_picked":["Glass Knife","Venomology"],"picked":"Tools of the Trade","floor":33},{"not_picked":["Expertise"],"picked":"SKIP","floor":35},{"not_picked":["Dodge and Roll"],"picked":"SKIP","floor":37},{"not_picked":["Dodge and Roll"],"picked":"SKIP","floor":37},{"not_picked":["Reflex"],"picked":"SKIP","floor":38},{"not_picked":["Sucker Punch+1"],"picked":"SKIP","floor":41},{"not_picked":["Quick Slash+1"],"picked":"SKIP","floor":45},{"not_picked":[],"picked":"Blur","floor":47},{"not_picked":["Noxious Fumes+1"],"picked":"SKIP","floor":48}],"player_experience":221222,"relics_obtained":[{"floor":5,"key":"Centennial Puzzle"},{"floor":9,"key":"Pear"},{"floor":12,"key":"Vajra"},{"floor":26,"key":"Strawberry"},{"floor":28,"key":"Paper Crane"},{"floor":41,"key":"Orichalcum"},{"floor":43,"key":"War Paint"},{"floor":47,"key":"Ornamental Fan"}],"event_choices":[{"damage_healed":0,"gold_gain":0,"player_choice":"Entered Light","damage_taken":20,"max_hp_gain":0,"max_hp_loss":0,"event_name":"Shining Light","floor":2,"gold_loss":0,"cards_upgraded":["Neutralize","Survivor"]},{"damage_healed":0,"gold_gain":0,"player_choice":"Take Damage","damage_taken":23,"relics_obtained":["Golden Idol"],"max_hp_gain":0,"max_hp_loss":0,"event_name":"Golden Idol","floor":3,"gold_loss":0},{"damage_healed":0,"gold_gain":0,"player_choice":"Ignored","damage_taken":0,"max_hp_gain":0,"max_hp_loss":0,"event_name":"Cursed Tome","floor":22,"gold_loss":0},{"cards_removed":["Strike_G"],"damage_healed":0,"gold_gain":0,"player_choice":"Gave Gold","damage_taken":0,"max_hp_gain":0,"max_hp_loss":0,"event_name":"Beggar","floor":31,"gold_loss":75},{"damage_healed":17,"gold_gain":0,"player_choice":"Writhe","damage_taken":0,"max_hp_gain":0,"max_hp_loss":0,"event_name":"Winding Halls","floor":39,"gold_loss":0,"cards_obtained":["Writhe"]}],"is_beta":false,"boss_relics":[{"not_picked":["Philosopher\u0027s Stone","Pandora\u0027s Box"],"picked":"Sozu"},{"not_picked":["Snecko Eye","SlaversCollar"],"picked":"Busted Crown"}],"items_purged_floors":[19,36],"is_endless":false,"potions_floor_spawned":[1,7,14,18,28,33,35,38],"ascension_level":19}}