{"host":"nlbr7nnijupf3yfg","time":1613084973,"event":{"mods":["AchievementEnabler","BaseMod","Colored Powertips","Hubris","Minty Spire (QoL Compilation)","Replay The Spire","StSLib","SuperFastMode"],"gold_per_floor":[117,117,117,6,26,65,65,108,108,148,148,169,169,213,213,336,336,361,361,361,384,233,271,291,291,291,291,291,291],"floor_reached":28,"language":"ENG","playtime":452,"items_purged":["Strike_R"],"score":416,"play_id":"c6aba5ac-d559-45f5-87cb-4b3d9b059d63","local_time":"20210211180933","is_ascension_mode":true,"campfire_choices":[{"data":"Clash","floor":7,"key":"SMITH"},{"floor":11,"key":"REST"},{"data":"Carnage","floor":15,"key":"SMITH"},{"floor":25,"key":"REST"}],"circlet_count":0,"master_deck":["Bash","Clash+1","Havoc+1","Cleave","Carnage+1","Twin Strike","Sword Boomerang","Offering","Clothesline","Uppercut","Impervious","Entrench","Rage","Barricade","Warcry","Thunderclap","A Thousand Cuts","Rupture","Infernal Blade","Headbutt+1"],"relics":["Burning Blood","NeowsBlessing","Golden Idol","Anchor","hubris:Teleporter","Pantograph","Toy Ornithopter","hubris:Towel","FossilizedHelix","Pandora\u0027s Box","Lantern","hubris:Reverence","Meat on the Bone","Dead Branch"],"acts_visited":["Exordium","TheCity"],"potions_floor_usage":[23,24],"damage_taken":[{"damage":0,"enemies":"2 Louse","floor":1,"turns":1},{"damage":0,"enemies":"Small Slimes","floor":5,"turns":1},{"damage":0,"enemies":"3 Sentries","floor":6,"turns":1},{"damage":27,"enemies":"Replay:BlueRogue","floor":8,"turns":4},{"damage":5,"enemies":"Gremlin Nob","floor":10,"turns":3},{"damage":0,"enemies":"Jaw Worm","floor":12,"turns":1},{"damage":15,"enemies":"3 Sentries","floor":14,"turns":4},{"damage":39,"enemies":"The Guardian","floor":16,"turns":7},{"damage":16,"enemies":"Spheric Guardian","floor":18,"turns":4},{"damage":17,"enemies":"2 Thieves","floor":21,"turns":4},{"damage":12,"enemies":"Gremlin Leader","floor":23,"turns":7},{"damage":39,"enemies":"Shelled Parasite and Fungi","floor":24,"turns":5},{"damage":52,"enemies":"Book of Stabbing","floor":28,"turns":4}],"seed_played":"6795123131439906236","potions_obtained":[{"floor":1,"key":"LiquidMemories"},{"floor":6,"key":"Strength Potion"},{"floor":12,"key":"Toxic Potion"}],"is_trial":false,"path_per_floor":["M","?","?","$","M","E","R","E","T","E","R","M","?","E","R","B",null,"M","?","?","M","$","E","M","R","T","T","E"],"character_chosen":"IRONCLAD","items_purchased":["Havoc+1","Lantern"],"campfire_rested":2,"item_purchase_floors":[4,22],"current_hp_per_floor":[78,78,58,58,64,70,70,49,49,50,74,80,80,71,71,47,72,62,62,62,51,51,50,22,46,46,46,0,0],"gold":291,"neow_bonus":"THREE_ENEMY_KILL","is_daily":false,"chose_seed":false,"campfire_upgraded":2,"win_rate":0.0,"timestamp":1613084973,"path_taken":["M","?","?","$","M","E","R","E","T","E","R","M","?","E","R","BOSS","M","?","?","M","?","E","M","R","T","?","E"],"items_purchased_type":["Card","Relic"],"build_version":"2020-12-22","purchased_purges":1,"victory":false,"max_hp_per_floor":[80,80,80,80,80,80,80,80,80,80,80,80,80,80,80,80,80,80,80,80,80,80,80,80,80,80,80,80,80],"card_choices":[{"not_picked":["Carnage","Clothesline"],"picked":"Clash","floor":1},{"not_picked":["Abandon","Replay:Undeath\u0027s Touch"],"picked":"Cleave","floor":5},{"not_picked":["Heavy Blade","Run Through","ReplayReversal"],"picked":"SKIP","floor":6},{"not_picked":["Combust","Bludgeon"],"picked":"Carnage","floor":8},{"not_picked":["Flex","Shrug It Off"],"picked":"Twin Strike","floor":10},{"not_picked":["ReplayReversal","Feel No Pain"],"picked":"Sword Boomerang","floor":12},{"not_picked":["Defy Death","Anger","Iron Wave"],"picked":"SKIP","floor":14},{"not_picked":["Replay:Many Hands","Double Tap"],"picked":"Offering","floor":16},{"not_picked":["Intimidate","Blood for Blood"],"picked":"Thunderclap","floor":18},{"not_picked":["Combust+1","Shrug It Off"],"picked":"Infernal Blade","floor":21},{"not_picked":["Ghostly Armor","Sever Soul+1"],"picked":"Headbutt+1","floor":23},{"not_picked":["Thunderclap","Clothesline","Twin Strike"],"picked":"SKIP","floor":24}],"player_experience":52437,"relics_obtained":[{"floor":6,"key":"Anchor"},{"floor":8,"key":"hubris:Teleporter"},{"floor":9,"key":"Pantograph"},{"floor":10,"key":"Toy Ornithopter"},{"floor":14,"key":"FossilizedHelix"},{"floor":23,"key":"hubris:Reverence"},{"floor":26,"key":"Meat on the Bone"},{"floor":27,"key":"Dead Branch"}],"event_choices":[{"cards_removed":["Defend_R"],"damage_healed":0,"gold_gain":0,"player_choice":"Forget","damage_taken":0,"max_hp_gain":0,"max_hp_loss":0,"event_name":"Living Wall","floor":2,"gold_loss":0},{"damage_healed":0,"gold_gain":0,"player_choice":"Take Damage","damage_taken":20,"relics_obtained":["Golden Idol"],"max_hp_gain":0,"max_hp_loss":0,"event_name":"Golden Idol","floor":3,"gold_loss":0},{"damage_healed":0,"gold_gain":0,"player_choice":"Read","damage_taken":0,"max_hp_gain":0,"max_hp_loss":0,"event_name":"The Library","floor":19,"gold_loss":0,"cards_obtained":["A Thousand Cuts"]}],"is_beta":false,"boss_relics":[{"not_picked":["Painkiller Herb","Calling Bell"],"picked":"Pandora\u0027s Box"}],"items_purged_floors":[4],"is_endless":false,"potions_floor_spawned":[1,6,12,18,21],"killed_by":"Book of Stabbing","ascension_level":9}}