{"host":"prxrhpgaxnj4om9r","time":1613043541,"event":{"mods":["AchievementEnabler","BaseMod","DeckTracker","Keyboard Shortcuts","Minty Spire (QoL Compilation)"],"gold_per_floor":[119,119,136,147,222,222,255,255,278,290,300,312,312,336,336,441,441,454,473,166,166,166,166,10,24,49,78,78,95,95,95,95,196,196,206,220,220,220,231,231,231],"floor_reached":40,"language":"KOR","playtime":1372,"items_purged":[],"score":431,"play_id":"4a0c0442-76c2-4b6a-b515-56aebbca5b79","local_time":"20210211203901","is_ascension_mode":false,"campfire_choices":[{"floor":6,"key":"REST"},{"floor":8,"key":"RECALL"},{"data":"Tantrum","floor":13,"key":"SMITH"},{"data":"CutThroughFate","floor":15,"key":"SMITH"},{"floor":23,"key":"REST"},{"data":"Adaptation","floor":28,"key":"SMITH"},{"data":"Omniscience","floor":32,"key":"SMITH"}],"circlet_count":0,"master_deck":["Strike_P","Strike_P","Strike_P","Defend_P","Defend_P","Defend_P","Eruption+1","Vigilance","ReachHeaven","FearNoEvil","Tantrum+1","Evaluate","CutThroughFate+1","BowlingBash","Omniscience+1","EmptyBody+1","TalkToTheHand","Ragnarok","Perseverance","Adaptation+1","FollowUp","ThirdEye","Ragnarok","Scrawl","CrushJoints+1","CutThroughFate","Pray+1"],"relics":["PureWater","Bag of Preparation","Darkstone Periapt","Ancient Tea Set","SlaversCollar","ClockworkSouvenir","Enchiridion","Smiling Mask","Orichalcum","PreservedInsect","InkBottle","Black Star"],"acts_visited":["Exordium","TheCity","TheBeyond"],"potions_floor_usage":[7,12,12,33,33,33,35],"damage_taken":[{"damage":0,"enemies":"2 Louse","floor":1,"turns":2},{"damage":0,"enemies":"Small Slimes","floor":3,"turns":2},{"damage":22,"enemies":"Jaw Worm","floor":4,"turns":2},{"damage":0,"enemies":"Lagavulin","floor":7,"turns":2},{"damage":0,"enemies":"2 Fungi Beasts","floor":10,"turns":2},{"damage":0,"enemies":"Looter","floor":11,"turns":1},{"damage":0,"enemies":"Exordium Wildlife","floor":12,"turns":2},{"damage":14,"enemies":"Slime Boss","floor":16,"turns":4},{"damage":15,"enemies":"Spheric Guardian","floor":18,"turns":3},{"damage":10,"enemies":"3 Byrds","floor":19,"turns":4},{"damage":0,"enemies":"Snecko","floor":25,"turns":3},{"damage":6,"enemies":"Book of Stabbing","floor":27,"turns":2},{"damage":0,"enemies":"Sentry and Sphere","floor":29,"turns":1},{"damage":5,"enemies":"Collector","floor":33,"turns":3},{"damage":5,"enemies":"Orb Walker","floor":35,"turns":3},{"damage":8,"enemies":"3 Darklings","floor":36,"turns":6},{"damage":58,"enemies":"Sphere and 2 Shapes","floor":39,"turns":5},{"damage":14,"enemies":"Reptomancer","floor":40,"turns":1}],"seed_played":"5693619057101116051","potions_obtained":[{"floor":1,"key":"StancePotion"},{"floor":4,"key":"FearPotion"},{"floor":7,"key":"SkillPotion"},{"floor":16,"key":"FearPotion"},{"floor":27,"key":"Energy Potion"},{"floor":29,"key":"Strength Potion"},{"floor":35,"key":"Fruit Juice"}],"is_trial":false,"path_per_floor":["M","?","M","M","?","R","E","R","T","M","M","M","R","T","R","B",null,"M","M","$","?","?","R","$","M","T","E","R","M","?","?","R","B",null,"M","M","?","?","M","E"],"character_chosen":"WATCHER","items_purchased":["ClockworkSouvenir","Ragnarok","Orichalcum"],"campfire_rested":2,"item_purchase_floors":[20,20,24],"current_hp_per_floor":[72,65,65,43,32,53,53,53,53,53,53,53,53,53,53,39,72,57,47,47,31,31,52,52,52,52,46,46,46,46,46,46,41,72,72,64,64,64,6,0,0],"gold":231,"neow_bonus":"UPGRADE_CARD","is_daily":false,"chose_seed":false,"campfire_upgraded":4,"win_rate":0.0,"timestamp":1613043541,"path_taken":["M","?","M","M","?","R","E","R","T","M","M","M","R","?","R","BOSS","M","M","$","?","?","R","?","M","T","E","R","?","?","?","R","BOSS","M","M","?","?","M","E"],"items_purchased_type":["Relic","Card","Relic"],"build_version":"2020-12-22","purchased_purges":0,"victory":false,"max_hp_per_floor":[72,72,72,72,72,72,72,72,72,72,72,72,72,72,72,72,72,72,72,72,72,72,72,72,72,72,72,72,72,72,72,72,72,72,77,77,77,77,77,77,77],"card_choices":[{"not_picked":["LikeWater","JustLucky"],"picked":"ReachHeaven","floor":1},{"not_picked":["Conclude","FlurryOfBlows"],"picked":"FearNoEvil","floor":3},{"not_picked":["FollowUp","Meditate"],"picked":"Tantrum","floor":4},{"not_picked":["PathToVictory","FlyingSleeves"],"picked":"Evaluate","floor":7},{"not_picked":["JustLucky","FlyingSleeves"],"picked":"CutThroughFate","floor":10},{"not_picked":["ThirdEye","Crescendo"],"picked":"BowlingBash","floor":11},{"not_picked":["Vengeance","ClearTheMind"],"picked":"Protect","floor":12},{"not_picked":["Establishment","Blasphemy"],"picked":"Omniscience","floor":16},{"not_picked":["Protect","CrushJoints"],"picked":"EmptyBody+1","floor":18},{"not_picked":["ClearTheMind","EmptyFist"],"picked":"TalkToTheHand","floor":19},{"not_picked":["BowlingBash","ClearTheMind"],"picked":"Perseverance","floor":25},{"not_picked":["ThirdEye","FlyingSleeves"],"picked":"Adaptation","floor":27},{"not_picked":["ReachHeaven","Conclude"],"picked":"FollowUp","floor":29},{"not_picked":["Alpha","Devotion"],"picked":"Scrawl","floor":33},{"not_picked":["Swivel+1","FlurryOfBlows"],"picked":"CrushJoints+1","floor":35},{"not_picked":["Conclude","EmptyBody"],"picked":"CutThroughFate","floor":36},{"not_picked":["WreathOfFlame","FollowUp+1"],"picked":"Pray+1","floor":39}],"player_experience":380785,"relics_obtained":[{"floor":7,"key":"Darkstone Periapt"},{"floor":14,"key":"Ancient Tea Set"},{"floor":21,"key":"Enchiridion"},{"floor":26,"key":"PreservedInsect"},{"floor":27,"key":"InkBottle"}],"event_choices":[{"damage_healed":0,"gold_gain":0,"player_choice":"Success","damage_taken":7,"relics_obtained":["Bag of Preparation"],"max_hp_gain":0,"max_hp_loss":0,"event_name":"Scrap Ooze","floor":2,"gold_loss":0},{"damage_healed":0,"gold_gain":75,"player_choice":"Gather Gold","damage_taken":11,"max_hp_gain":0,"max_hp_loss":0,"event_name":"World of Goop","floor":5,"gold_loss":0},{"damage_healed":0,"gold_gain":0,"player_choice":"Obtained Book","damage_taken":16,"max_hp_gain":0,"max_hp_loss":0,"event_name":"Cursed Tome","floor":21,"gold_loss":0},{"damage_healed":0,"gold_gain":0,"player_choice":"Opened","damage_taken":0,"relics_obtained":["Smiling Mask"],"max_hp_gain":0,"max_hp_loss":0,"event_name":"The Mausoleum","floor":22,"gold_loss":0},{"damage_healed":0,"gold_gain":0,"player_choice":"Ignored","damage_taken":0,"max_hp_gain":0,"max_hp_loss":0,"event_name":"Beggar","floor":30,"gold_loss":0},{"damage_healed":0,"gold_gain":0,"cards_transformed":["Defend_P","Strike_P"],"player_choice":"Became Test Subject","damage_taken":0,"max_hp_gain":0,"max_hp_loss":0,"event_name":"Drug Dealer","floor":31,"gold_loss":0,"cards_obtained":["ThirdEye","Ragnarok"]},{"damage_healed":0,"gold_gain":0,"player_choice":"Ignored","damage_taken":0,"max_hp_gain":0,"max_hp_loss":0,"event_name":"Tomb of Lord Red Mask","floor":37,"gold_loss":0},{"cards_removed":["Protect"],"damage_healed":0,"gold_gain":0,"player_choice":"Removed Skill","damage_taken":0,"max_hp_gain":0,"max_hp_loss":0,"event_name":"Falling","floor":38,"gold_loss":0}],"is_beta":false,"boss_relics":[{"not_picked":["Philosopher\u0027s Stone","Runic Dome"],"picked":"SlaversCollar"},{"not_picked":["HolyWater","Tiny House"],"picked":"Black Star"}],"items_purged_floors":[],"is_endless":false,"potions_floor_spawned":[1,4,7,16,27,29,35],"killed_by":"Reptomancer","ascension_level":0}}