{"host":"6qo42zgaknezulyg","time":1613036109,"event":{"mods":["2.2 Compatiblity","BaseMod","CapriCore","Colored Map","Faster Ascension Climbing","Highlight Path","Keyboard Shortcuts","Minty Spire (QoL Compilation)","Permanent Neow","Quick Restart","StSLib","SuperFastMode","The Immortal"],"gold_per_floor":[111,111,127,138,154,184,184,109,109,129,129,109,109,140,140,213,213,213,128,128,128,28,28,28,28,28,28,28,28,28,28,28,28,28,28,28,28,28,28,28,28,28,28,28,28,28,28,28,28,28,28],"floor_reached":52,"language":"ENG","playtime":3521,"items_purged":["MokouMod:Strike","MokouMod:HouraiForge"],"score":1761,"play_id":"d3b1b85b-44a5-4ad5-aa72-89080b912d07","local_time":"20210211183509","is_ascension_mode":true,"campfire_choices":[{"floor":7.0,"key":"REST"},{"data":"MokouMod:FusionFlare","floor":11.0,"key":"SMITH"},{"data":"MokouMod:RisingSunBarrier","floor":13.0,"key":"SMITH"},{"data":"MokouMod:IllusoryBattlefield","floor":15.0,"key":"SMITH"},{"data":"MokouMod:FujiyamaVolcano","floor":23.0,"key":"SMITH"},{"floor":29.0,"key":"REST"},{"data":"MokouMod:SpontaneousHumanCombustion","floor":32.0,"key":"SMITH"},{"floor":40.0,"key":"REST"},{"floor":42.0,"key":"REST"},{"floor":45.0,"key":"REST"},{"floor":49.0,"key":"REST"}],"circlet_count":0,"master_deck":["AscendersBane","MokouMod:Defend","MokouMod:Defend","MokouMod:Defend+1","MokouMod:Defend","MokouMod:CrimsonArmoury","MokouMod:FlamingFireTalons+1","MokouMod:IllusoryBattlefield+1","MokouMod:FusionFlare+1","MokouMod:RisingSunBarrier+1","MokouMod:SpontaneousHumanCombustion+1","MokouMod:BurningDraft+1","MokouMod:SubterraneanCore+1","MokouMod:RadiantBlade","MokouMod:FujiyamaVolcano+1","MokouMod:Overheat+1","MokouMod:CrimsonArmoury","MokouMod:BurningDraft","MokouMod:RisingSunBarrier+1"],"relics":["MokouMod:PhoenixFeather","Turnip","Du-Vu Doll","StoneCalendar","Ectoplasm","Blue Candle","Regal Pillow","MawBank","Fusion Hammer","Toy Ornithopter","Kunai"],"acts_visited":["Exordium","TheCity","TheBeyond"],"potions_floor_usage":[51],"damage_taken":[{"damage":11.0,"enemies":"Jaw Worm","floor":1.0,"turns":6.0},{"damage":6.0,"enemies":"Cultist","floor":3.0,"turns":3.0},{"damage":1.0,"enemies":"2 Louse","floor":4.0,"turns":3.0},{"damage":8.0,"enemies":"Blue Slaver","floor":5.0,"turns":4.0},{"damage":18.0,"enemies":"Gremlin Nob","floor":6.0,"turns":4.0},{"damage":4.0,"enemies":"Exordium Wildlife","floor":10.0,"turns":3.0},{"damage":10.0,"enemies":"Lagavulin","floor":14.0,"turns":5.0},{"damage":9.0,"enemies":"The Guardian","floor":16.0,"turns":11.0},{"damage":3.0,"enemies":"Spheric Guardian","floor":18.0,"turns":3.0},{"damage":2.0,"enemies":"Chosen","floor":20.0,"turns":5.0},{"damage":9.0,"enemies":"Slavers","floor":24.0,"turns":4.0},{"damage":18.0,"enemies":"Snake Plant","floor":25.0,"turns":2.0},{"damage":0.0,"enemies":"Snecko","floor":27.0,"turns":2.0},{"damage":23.0,"enemies":"Shelled Parasite and Fungi","floor":28.0,"turns":2.0},{"damage":6.0,"enemies":"Centurion and Healer","floor":30.0,"turns":3.0},{"damage":0.0,"enemies":"Snake Plant","floor":31.0,"turns":2.0},{"damage":58.0,"enemies":"Automaton","floor":33.0,"turns":8.0},{"damage":0.0,"enemies":"3 Darklings","floor":35.0,"turns":1.0},{"damage":0.0,"enemies":"3 Shapes","floor":37.0,"turns":1.0},{"damage":14.0,"enemies":"3 Darklings","floor":38.0,"turns":3.0},{"damage":3.0,"enemies":"Spire Growth","floor":39.0,"turns":4.0},{"damage":56.0,"enemies":"Reptomancer","floor":41.0,"turns":6.0},{"damage":69.0,"enemies":"4 Shapes","floor":44.0,"turns":3.0},{"damage":17.0,"enemies":"Writhing Mass","floor":46.0,"turns":8.0},{"damage":10.0,"enemies":"Transient","floor":48.0,"turns":6.0},{"damage":39.0,"enemies":"Donu and Deca","floor":50.0,"turns":10.0},{"damage":30,"enemies":"Time Eater","floor":51,"turns":15}],"seed_played":"7127248882585149034","potions_obtained":[{"floor":3.0,"key":"Ancient Potion"},{"floor":10.0,"key":"LiquidBronze"},{"floor":12.0,"key":"Fruit Juice"},{"floor":14.0,"key":"Block Potion"},{"floor":24.0,"key":"DuplicationPotion"},{"floor":37.0,"key":"ColorlessPotion"},{"floor":38.0,"key":"AttackPotion"},{"floor":44.0,"key":"Strength Potion"}],"is_trial":false,"path_per_floor":["M","?","M","M","M","E","R","$","T","M","R","?","R","E","R","B",null,"M","?","M","?","$","R","E","M","T","M","M","R","M","M","R","B",null,"M","?","M","M","M","R","E","R","T","M","R","M","$","M","R","B","B",null],"character_chosen":"MKU","items_purchased":[],"campfire_rested":6,"item_purchase_floors":[],"current_hp_per_floor":[57,37,31,30,22,4,24,24,24,20,20,25,25,15,15,6,56,53,53,51,51,51,51,42,24,24,24,1,37,31,31,31,18,59,59,59,59,45,42,73,17,53,53,9,45,28,28,18,54,20,18],"gold":28,"neow_bonus":"TRANSFORM_TWO_CARDS","is_daily":false,"chose_seed":false,"campfire_upgraded":5,"win_rate":0.0,"timestamp":1613036109,"path_taken":["M","?","M","M","M","E","R","$","T","M","R","?","R","E","R","BOSS","M","?","M","?","?","R","E","M","T","M","M","R","?","M","R","BOSS","M","?","M","M","M","R","E","R","T","M","R","M","?","M","R","BOSS","BOSS"],"items_purchased_type":[],"build_version":"2020-12-22","purchased_purges":2,"victory":true,"max_hp_per_floor":[68,68,68,68,68,68,68,68,68,68,68,73,73,73,73,73,73,73,73,73,73,73,73,73,73,73,73,73,73,73,73,73,73,73,73,73,73,73,73,73,73,73,73,73,73,73,73,73,73,73,73],"card_choices":[{"not_picked":["MokouMod:FujiyamaVolcano","MokouMod:Overheat","MokouMod:RoaringFlare"],"picked":"SKIP","floor":1.0},{"not_picked":["MokouMod:IcarusDive","MokouMod:FujiyamaVolcano"],"picked":"MokouMod:IllusoryBattlefield","floor":3.0},{"not_picked":["MokouMod:BlazingComet","MokouMod:IndiscriminateIgnition","MokouMod:EternalBurstReactor"],"picked":"SKIP","floor":4.0},{"not_picked":["MokouMod:FlickeringFlame","MokouMod:Burn"],"picked":"MokouMod:HouraiForge","floor":5.0},{"not_picked":["MokouMod:Meltdown","MokouMod:Firecracker"],"picked":"MokouMod:FusionFlare","floor":6.0},{"not_picked":["MokouMod:TemporalFireSeal","MokouMod:HeartofFire"],"picked":"MokouMod:RisingSunBarrier","floor":10.0},{"not_picked":["MokouMod:FujiyamaVolcano","MokouMod:AdaptivePyromancy","MokouMod:IllusoryBattlefield"],"picked":"SKIP","floor":14.0},{"not_picked":["MokouMod:BurningHiddenBullet","MokouMod:EnchantingBambooForest"],"picked":"MokouMod:SpontaneousHumanCombustion","floor":16.0},{"not_picked":["MokouMod:IndiscriminateIgnition","MokouMod:TemporalFireSeal"],"picked":"MokouMod:BurningDraft+1","floor":18.0},{"not_picked":["MokouMod:InfernalWave","MokouMod:CrimsonFlare"],"picked":"MokouMod:SubterraneanCore+1","floor":20.0},{"not_picked":["MokouMod:Trailblazer","MokouMod:FlareStarter","MokouMod:IgnitionBlast"],"picked":"SKIP","floor":24.0},{"not_picked":["MokouMod:FujiyamaVolcano","MokouMod:EternalBurstReactor","MokouMod:SearingShot"],"picked":"SKIP","floor":25.0},{"not_picked":["MokouMod:ScorchingColumn","MokouMod:FujiyamaVolcano+1","MokouMod:IllusoryBattlefield"],"picked":"SKIP","floor":27.0},{"not_picked":["MokouMod:Cataclysm","MokouMod:FujiyamaVolcano","MokouMod:EternalBurstReactor"],"picked":"SKIP","floor":28.0},{"not_picked":["MokouMod:Cataclysm","MokouMod:FujiyamaVolcano","MokouMod:EternalBurstReactor"],"picked":"SKIP","floor":28.0},{"not_picked":["MokouMod:IndiscriminateIgnition","MokouMod:BurningHiddenBullet","MokouMod:Scorch"],"picked":"SKIP","floor":30.0},{"not_picked":["MokouMod:FujiyamaVolcano+1","MokouMod:Sear"],"picked":"MokouMod:Overheat+1","floor":31.0},{"not_picked":["MokouMod:FlareStarter","MokouMod:Sear","MokouMod:SearingShot"],"picked":"SKIP","floor":35.0},{"not_picked":["MokouMod:Meltdown","MokouMod:FlareStarter"],"picked":"MokouMod:CrimsonArmoury","floor":37.0},{"not_picked":["MokouMod:IgnitionBlast","MokouMod:BlazingComet","MokouMod:Burn"],"picked":"SKIP","floor":38.0},{"not_picked":["MokouMod:IgneousBlow","MokouMod:ScorchingColumn"],"picked":"MokouMod:BurningDraft","floor":39.0},{"not_picked":["MokouMod:Trailblazer","MokouMod:Extinguish","MokouMod:IndiscriminateIgnition"],"picked":"SKIP","floor":41.0},{"not_picked":["MokouMod:Singe","MokouMod:Ember","MokouMod:BurningDraft"],"picked":"SKIP","floor":44.0},{"not_picked":["MokouMod:Trailblazer","MokouMod:ScorchingColumn"],"picked":"MokouMod:RisingSunBarrier+1","floor":46.0},{"not_picked":["MokouMod:ScorchingColumn","MokouMod:AdaptivePyromancy","MokouMod:Sear"],"picked":"SKIP","floor":48.0}],"player_experience":729314,"relics_obtained":[{"floor":6.0,"key":"Turnip"},{"floor":9.0,"key":"Du-Vu Doll"},{"floor":14.0,"key":"StoneCalendar"},{"floor":24.0,"key":"Regal Pillow"},{"floor":26.0,"key":"MawBank"},{"floor":41.0,"key":"Toy Ornithopter"},{"floor":43.0,"key":"Kunai"}],"event_choices":[{"damage_healed":0.0,"max_hp_gain":0.0,"max_hp_loss":0.0,"gold_gain":0.0,"event_name":"Shining Light","player_choice":"Entered Light","floor":2.0,"gold_loss":0.0,"damage_taken":20.0,"cards_upgraded":["MokouMod:Defend","MokouMod:FlamingFireTalons"]},{"damage_healed":0.0,"max_hp_gain":0.0,"max_hp_loss":0.0,"gold_gain":0.0,"event_name":"The Woman in Blue","player_choice":"Bought 1 Potion","floor":12.0,"gold_loss":0.0,"damage_taken":0.0},{"damage_healed":0.0,"max_hp_gain":0.0,"max_hp_loss":0.0,"gold_gain":0.0,"event_name":"Addict","player_choice":"Obtained Relic","floor":19.0,"gold_loss":85.0,"damage_taken":0.0,"relics_obtained":["Blue Candle"]},{"damage_healed":0.0,"max_hp_gain":0.0,"max_hp_loss":0.0,"gold_gain":0.0,"cards_transformed":["MokouMod:Strike","MokouMod:Strike"],"event_name":"Drug Dealer","player_choice":"Became Test Subject","floor":21.0,"gold_loss":0.0,"damage_taken":0.0,"cards_obtained":["MokouMod:RadiantBlade","MokouMod:FujiyamaVolcano"]},{"cards_removed":["MokouMod:HeatSpark"],"damage_healed":0.0,"max_hp_gain":0.0,"max_hp_loss":0.0,"gold_gain":0.0,"event_name":"Bonfire Elementals","player_choice":"Offered Basic","floor":36.0,"gold_loss":0.0,"damage_taken":0.0}],"is_beta":false,"boss_relics":[{"not_picked":["Velvet Choker","Astrolabe"],"picked":"Ectoplasm"},{"not_picked":["Runic Pyramid","Philosopher\u0027s Stone"],"picked":"Fusion Hammer"}],"items_purged_floors":[8,22],"is_endless":false,"potions_floor_spawned":[3,10,14,16,18,24,25,30,37,38,44,46,48],"ascension_level":20}}