{"host":"alk2ftu785mujiir","time":1613077323,"event":{"mods":["BaseMod","Bossed Relics","Colored Map","Downfall","Minty Spire (QoL Compilation)","StSLib"],"gold_per_floor":[0,20,95,125,125,125,196,46,4,4,0,33,33,45,65,165,165,165,184,198,198,198,232,305,332,332,232,232,6,6,31,47,143,143,143,161,161,173,173,218,241,276,294,294,328,328,338,364,379,379],"floor_reached":51,"language":"ENG","playtime":2389,"items_purged":["Slimebound:Tackle"],"score":966,"play_id":"a22463ba-2811-492f-9b19-c29117db7b97","local_time":"20210211160203","is_ascension_mode":true,"campfire_choices":[{"data":"Apotheosis","floor":1.0,"key":"SMITH"},{"data":"Slimebound:GrowthPunch","floor":10.0,"key":"SMITH"},{"data":"expansioncontent:YouAreMine","floor":13.0,"key":"SMITH"},{"data":"Slimebound:MassFeed","floor":18.0,"key":"SMITH"},{"data":"Slimebound:Split","floor":27,"key":"SMITH"},{"data":"Slimebound:LevelUp","floor":30,"key":"SMITH"},{"data":"Slimebound:Darklings","floor":35,"key":"SMITH"},{"data":"Slimebound:LivingWall","floor":44,"key":"SMITH"},{"floor":46,"key":"DIG"}],"circlet_count":0,"master_deck":["Slimebound:Defend_Slimebound+1","Slimebound:Defend_Slimebound+1","Slimebound:Defend_Slimebound+1","Slimebound:Defend_Slimebound+1","Slimebound:Split+1","Slimebound:CorrosiveSpit","Apotheosis+1","Slimebound:HauntingLick","Slimebound:GoopSpray","expansioncontent:YouAreMine+1","Slimebound:SplitLeeching","Slimebound:GrowthPunch+1","Slimebound:LivingWall+1","Slimebound:SplitSpecialist","Slimebound:SplitAcid","Slimebound:SlimeSpikes","Slimebound:MassFeed+1","Slimebound:SplitAcid","Slimebound:MassFeed","Slimebound:Prepare+1","Slimebound:Tackle+1","Slimebound:Tackle+1","Slimebound:Tackle+1","Slimebound:LevelUp+1","Slimebound:Equalize+1","Slimebound:Darklings+1","expansioncontent:Chronoboost","Slimebound:SplitSpecialist+1","Slimebound:Recollect+1","Parasite","Slimebound:MegaLick"],"relics":["Slimebound:AbsorbEndCombat","Turnip","StoneCalendar","Letter Opener","Ice Cream","Astrolabe","Nunchaku","Slimebound:SlimedSkullRelic","HornCleat","Dead Branch","downfall:HeartBlessingGreen","Membership Card","Ginger","Sozu","Slimebound:SlimedTailRelic","Oddly Smooth Stone","Kunai","Shovel","PreservedInsect","Ancient Tea Set"],"acts_visited":["Exordium","TheCity","TheBeyond"],"potions_floor_usage":[23,29,33,38,40],"damage_taken":[{"damage":1.0,"enemies":"2 Louse","floor":2.0,"turns":3.0},{"damage":2.0,"enemies":"downfall:FleeingMerchant","floor":8.0,"turns":4.0},{"damage":3.0,"enemies":"downfall:FleeingMerchant","floor":9.0,"turns":4.0},{"damage":9.0,"enemies":"downfall:FleeingMerchant","floor":11.0,"turns":4.0},{"damage":11.0,"enemies":"3 Sentries","floor":12.0,"turns":6.0},{"damage":0.0,"enemies":"Small Slimes","floor":14.0,"turns":3.0},{"damage":0.0,"enemies":"Cultist","floor":15.0,"turns":4.0},{"damage":0.0,"enemies":"SI_SHIV_ARCHETYPE","floor":16.0,"turns":7.0},{"damage":0.0,"enemies":"3 Byrds","floor":19.0,"turns":2.0},{"damage":0.0,"enemies":"3 Cultists","floor":20.0,"turns":3.0},{"damage":22,"enemies":"Slavers","floor":23,"turns":4},{"damage":8,"enemies":"Book of Stabbing","floor":25,"turns":6},{"damage":4,"enemies":"downfall:FleeingMerchant","floor":29,"turns":4},{"damage":24,"enemies":"Slavers","floor":31,"turns":4},{"damage":0,"enemies":"Snake Plant","floor":32,"turns":4},{"damage":41,"enemies":"DF_ARCHETYPE_CLAW","floor":33,"turns":7},{"damage":0,"enemies":"Orb Walker","floor":36,"turns":2},{"damage":0,"enemies":"3 Shapes","floor":38,"turns":2},{"damage":10,"enemies":"2 Orb Walkers","floor":40,"turns":3},{"damage":21,"enemies":"Nemesis","floor":42,"turns":5},{"damage":6,"enemies":"3 Darklings","floor":43,"turns":3},{"damage":16,"enemies":"Giant Head","floor":45,"turns":6},{"damage":0,"enemies":"Maw","floor":47,"turns":6},{"damage":6,"enemies":"Nemesis","floor":48,"turns":5},{"damage":6,"enemies":"Writhing Mass","floor":49,"turns":5},{"damage":9,"enemies":"WA_ARCHETYPE_DIVINITY","floor":50,"turns":9}],"seed_played":"8507477806189301353","potions_obtained":[{"floor":2.0,"key":"Slimebound:SlimedPotion"},{"floor":12.0,"key":"SteroidPotion"},{"floor":15.0,"key":"sneckomod:MuddlingPotion"},{"floor":16.0,"key":"BlessingOfTheForge"},{"floor":19.0,"key":"Block Potion"},{"floor":25,"key":"EntropicBrew"},{"floor":31,"key":"DuplicationPotion"}],"is_trial":false,"path_per_floor":["R","M","?","?","?","T","T","$","$","R","$","E","R","M","M","B",null,"R","M","M","?","?","E","T","E","?","R","?","$","R","E","M","B",null,"R","M","?","M","?","?","T","E","M","R","E","R","M","E","M","B",null],"character_chosen":"SLIMEBOUND","items_purchased":["expansioncontent:YouAreMine","Slimebound:SplitLeeching","Slimebound:LivingWall","Membership Card","Slimebound:LevelUp"],"campfire_rested":0,"item_purchase_floors":[8,8,9,29,29],"current_hp_per_floor":[65,65,65,65,65,65,65,65,64,64,60,57,57,59,61,65,65,65,77,89,89,89,81,81,81,81,81,81,83,83,61,83,62,101,101,105,105,105,105,100,100,87,81,81,83,83,89,95,91,90],"gold":379,"neow_bonus":"RANDOM_COLORLESS_2","is_daily":false,"chose_seed":false,"campfire_upgraded":8,"win_rate":0.0,"timestamp":1613077323,"path_taken":["R","M","?","?","?","?","T","?","$","R","$","E","R","?","M","BOSS","R","M","M","?","?","E","T","E","?","R","?","$","R","E","M","BOSS","R","M","?","M","?","?","T","E","M","R","E","R","M","E","M","BOSS"],"items_purchased_type":["Card","Card","Card","Relic","Card"],"build_version":"2020-12-22","purchased_purges":1,"victory":true,"max_hp_per_floor":[65,65,65,65,65,65,65,65,65,65,65,65,65,65,65,65,65,65,77,89,89,89,97,97,97,97,97,97,97,97,97,101,101,101,101,105,105,105,105,105,105,109,109,109,109,109,109,109,109,109],"card_choices":[{"not_picked":["Sadistic Nature","Violence"],"picked":"Apotheosis","floor":0.0},{"not_picked":["Slimebound:LeechEnergy","Slimebound:ComboTackle"],"picked":"Slimebound:HauntingLick","floor":2.0},{"not_picked":["Slimebound:Schlurp","Slimebound:SplitMire"],"picked":"Slimebound:GoopSpray","floor":8.0},{"not_picked":["Slimebound:Repurpose","Slimebound:RejuvenatingLick"],"picked":"Slimebound:GrowthPunch","floor":9.0},{"not_picked":["Slimebound:Prepare","Slimebound:GrowthPunch"],"picked":"Slimebound:SplitSpecialist","floor":11.0},{"not_picked":["Slimebound:Prepare","Slimebound:GoopSpray"],"picked":"Slimebound:SplitAcid","floor":12.0},{"not_picked":["Slimebound:SplitBruiser","Slimebound:SplitLeeching"],"picked":"Slimebound:SlimeSpikes","floor":14.0},{"not_picked":["Slimebound:DisruptingSlam","Slimebound:SlimeBrawl","Slimebound:Schlurp"],"picked":"SKIP","floor":15.0},{"not_picked":["Slimebound:Darklings","Slimebound:CheckThePlaybook"],"picked":"Slimebound:MassFeed","floor":16.0},{"not_picked":["Slimebound:LivingWall","Slimebound:Schlurp+1","Slimebound:SlimeTap"],"picked":"SKIP","floor":19.0},{"not_picked":["Slimebound:ComboTackle","Slimebound:GoopSpray"],"picked":"Slimebound:SplitAcid","floor":20.0},{"not_picked":["Slimebound:Repurpose","Slimebound:Replication"],"picked":"Slimebound:MassFeed","floor":23},{"not_picked":["Slimebound:GoopSpray","Slimebound:HungryTackle+1"],"picked":"Slimebound:Prepare+1","floor":25},{"not_picked":["Slimebound:LeechingTouch","Slimebound:GoopSpray","Slimebound:SplitLeeching"],"picked":"SKIP","floor":29},{"not_picked":["Slimebound:LivingWall","Slimebound:HauntingLick+1"],"picked":"Slimebound:Equalize+1","floor":31},{"not_picked":["Slimebound:LeechingTouch","Slimebound:LeechEnergy","Slimebound:SplitAcid"],"picked":"SKIP","floor":32},{"not_picked":["Slimebound:Recycling","Slimebound:OneTwoCombo"],"picked":"Slimebound:Darklings","floor":33},{"not_picked":["Slimebound:SplitBruiser","Slimebound:PressTheAttack","Slimebound:DivideAndConquer+1"],"picked":"SKIP","floor":36},{"not_picked":["expansioncontent:YouAreMine","expansioncontent:LastStand"],"picked":"expansioncontent:Chronoboost","floor":37},{"not_picked":["Slimebound:FlameTackle+1","Slimebound:PressTheAttack","Slimebound:SpikyOuterGoop"],"picked":"SKIP","floor":38},{"not_picked":["Slimebound:Dissolve","Slimebound:SplitLeeching+1"],"picked":"Slimebound:SplitSpecialist+1","floor":40},{"not_picked":["Slimebound:FinishingTackle+1","Slimebound:SplitLeeching+1","Slimebound:Schlurp"],"picked":"SKIP","floor":42},{"not_picked":["Slimebound:SlimeSpikes+1","Slimebound:FlameTackle+1","Slimebound:SplitAcid+1"],"picked":"SKIP","floor":43},{"not_picked":["Slimebound:RejuvenatingLick","Slimebound:RollThrough+1"],"picked":"Slimebound:Recollect+1","floor":45},{"not_picked":["Slimebound:FinishingTackle+1","Slimebound:LeechingTouch","Slimebound:SlimeBrawl+1"],"picked":"SKIP","floor":47},{"not_picked":["Slimebound:Chomp+1","Slimebound:HauntingLick","Slimebound:LeechEnergy"],"picked":"SKIP","floor":48},{"not_picked":["Slimebound:SplitAcid","Slimebound:ComboTackle"],"picked":"Slimebound:MegaLick","floor":49}],"player_experience":1824240,"relics_obtained":[{"floor":6.0,"key":"StoneCalendar"},{"floor":7.0,"key":"Letter Opener"},{"floor":12.0,"key":"Ice Cream"},{"floor":23,"key":"Slimebound:SlimedSkullRelic"},{"floor":24,"key":"HornCleat"},{"floor":25,"key":"Dead Branch"},{"floor":31,"key":"Ginger"},{"floor":40,"key":"Slimebound:SlimedTailRelic"},{"floor":41,"key":"Oddly Smooth Stone"},{"floor":42,"key":"Kunai"},{"floor":45,"key":"Shovel"},{"floor":46,"key":"PreservedInsect"},{"floor":48,"key":"Ancient Tea Set"}],"event_choices":[{"damage_healed":0,"gold_gain":0,"player_choice":"Fight","damage_taken":0,"max_hp_gain":0,"max_hp_loss":0,"event_name":"Mysterious Sphere","floor":40,"gold_loss":0}],"is_beta":false,"boss_relics":[{"not_picked":["Slimebound:AbsorbEndCombatUpgraded","Snecko Eye"],"picked":"Astrolabe"},{"not_picked":["Tiny House","Runic Pyramid"],"picked":"Sozu"}],"items_purged_floors":[29],"is_endless":false,"potions_floor_spawned":[2,12,15,16,19,25,31,32,42,45,47],"ascension_level":2}}