{"host":"cb9xh4d0ss8ax8yb","time":1613047812,"event":{"mods":["100% Spire Juice","BaseMod","Good Game Mod","Jess\u0027s Bottle","Minty Spire (QoL Compilation)","StSLib","The Dragon Tamer","The Gatherer"],"gold_per_floor":[117,117,117,128,141,141,152,182,182,212,222,222,237,255,255,255,255,255],"floor_reached":16,"language":"KOR","playtime":1062,"items_purged":[],"score":137,"play_id":"3c4e92a0-41b8-49fc-9e20-a4361ca9e2bc","local_time":"20210211215012","is_ascension_mode":true,"metric_token":541,"campfire_choices":[{"data":"Gatherer:Centralize","floor":6,"key":"SMITH"},{"data":"Gatherer:AcidicSpray","floor":12,"key":"SMITH"},{"floor":15,"key":"REST"}],"circlet_count":0,"master_deck":["Gatherer:Strike_Gatherer","Gatherer:Strike_Gatherer","Gatherer:Strike_Gatherer","Gatherer:Strike_Gatherer","Gatherer:Strike_Gatherer","Gatherer:Defend_Gatherer","Gatherer:Defend_Gatherer","Gatherer:Defend_Gatherer","Gatherer:Defend_Gatherer","Gatherer:Centralize+1","Gatherer:FlowerWhip","Gatherer:Liquidism","Gatherer:QuickSynthesis","Gatherer:DrugPower","Gatherer:ScherryThrow","Gatherer:FruitForce","Gatherer:Duplicator","Gatherer:AcidicSpray+1","Gatherer:QuickSynthesis","Gatherer:FlowerBeam"],"relics":["Gatherer:AlchemyBag","REME:ComplimentaryCards","Lantern","Bottled Lightning","The Courier","Sundial"],"acts_visited":["Exordium"],"potions_floor_usage":[7,8,8,16,16],"damage_taken":[{"damage":0,"enemies":"Jaw Worm","floor":1,"turns":2},{"damage":0,"enemies":"Cultist","floor":4,"turns":3},{"damage":2,"enemies":"2 Louse","floor":5,"turns":2},{"damage":0,"enemies":"Blue Slaver","floor":7,"turns":3},{"damage":14,"enemies":"Lagavulin","floor":8,"turns":4},{"damage":5,"enemies":"Gremlin Nob","floor":10,"turns":3},{"damage":31,"enemies":"Exordium Thugs","floor":11,"turns":5},{"damage":7,"enemies":"Exordium Wildlife","floor":13,"turns":2},{"damage":7,"enemies":"2 Fungi Beasts","floor":14,"turns":2},{"damage":28,"enemies":"Hexaghost","floor":16,"turns":7}],"seed_played":"-9048613391528720785","potions_obtained":[{"floor":1,"key":"Block Potion"},{"floor":3,"key":"Poison Potion"},{"floor":3,"key":"Dexterity Potion"},{"floor":7,"key":"CultistPotion"},{"floor":13,"key":"ColorlessPotion"}],"is_trial":false,"path_per_floor":["M","?","?","M","M","R","M","E","T","E","M","R","M","M","R","B"],"character_chosen":"THE_GATHERER","items_purchased":[],"campfire_rested":1,"item_purchase_floors":[],"current_hp_per_floor":[72,65,65,65,63,63,63,53,53,48,17,17,10,3,25,0,0,0],"gold":255,"neow_bonus":"RANDOM_COMMON_RELIC","is_daily":false,"chose_seed":false,"campfire_upgraded":2,"win_rate":0.0,"timestamp":1613047812,"path_taken":["M","?","?","M","M","R","M","E","T","E","M","R","M","M","R","BOSS"],"items_purchased_type":[],"build_version":"2020-12-22","purchased_purges":0,"victory":false,"max_hp_per_floor":[72,72,72,72,72,72,72,76,76,76,76,76,76,76,76,76,76,76],"card_choices":[{"not_picked":["Gatherer:Pollute","Gatherer:EnergyBasket"],"picked":"Gatherer:QuickSynthesis","floor":1},{"not_picked":["Gatherer:Frenzy","Gatherer:WoolGloves"],"picked":"Gatherer:DrugPower","floor":4},{"not_picked":["Gatherer:BalancedGrowth","Gatherer:TreeGrowth","Gatherer:Frenzy"],"picked":"SKIP","floor":5},{"not_picked":["Gatherer:Polymorphism","Gatherer:Convert"],"picked":"Gatherer:ScherryThrow","floor":7},{"not_picked":["Gatherer:Solidify","Gatherer:ColorfulGarden"],"picked":"Gatherer:FruitForce","floor":8},{"not_picked":["Gatherer:FeelingFine","Gatherer:BambuSword"],"picked":"Gatherer:Duplicator","floor":10},{"not_picked":["Gatherer:AlchemyTrial","Gatherer:CollectorsShot"],"picked":"Gatherer:AcidicSpray","floor":11},{"not_picked":["Gatherer:FlowerPower","Gatherer:BambuSword"],"picked":"Gatherer:QuickSynthesis","floor":13},{"not_picked":["Gatherer:ScherryThrow","Gatherer:CollectorsShot"],"picked":"Gatherer:FlowerBeam","floor":14}],"player_experience":467402,"relics_obtained":[{"floor":8,"key":"Bottled Lightning"},{"floor":9,"key":"The Courier"},{"floor":10,"key":"Sundial"}],"event_choices":[{"cards_removed":["Gatherer:Defend_Gatherer"],"damage_healed":0,"gold_gain":0,"player_choice":"Card Removal","damage_taken":7,"max_hp_gain":0,"max_hp_loss":0,"event_name":"Golden Wing","floor":2,"gold_loss":0},{"damage_healed":0,"gold_gain":0,"player_choice":"Got Potions","damage_taken":0,"max_hp_gain":0,"max_hp_loss":0,"event_name":"Lab","floor":3,"gold_loss":0}],"is_beta":false,"boss_relics":[],"items_purged_floors":[],"is_endless":false,"potions_floor_spawned":[1,7,13],"killed_by":"Hexaghost","ascension_level":4}}