{"host":"cy3pd5cut10e7v8y","time":1613060680,"event":{"mods":["AchievementEnabler","Act Like it!","BaseMod","Colored Map","Colored Powertips","Koishi","Minty Spire (QoL Compilation)","StSLib","The Animator","Waifu the Spire"],"gold_per_floor":[110,60,60,73,90,120,120,120,146,146,221,231,231,246,246,345,345,359,375,32,59,59,86,86,104,104,139,157,157,173,184,184,281,281,298,309,324,335,385,385,385,385],"floor_reached":41,"language":"ENG","playtime":2623,"items_purged":["Strike_P"],"score":485,"play_id":"f36cfb2b-95b1-4c5f-8271-d43bf79b33f9","local_time":"20210211172440","is_ascension_mode":false,"campfire_choices":[{"data":"Eruption","floor":8,"key":"SMITH"},{"data":"DeusExMachina","floor":15,"key":"SMITH"},{"data":"Conclude","floor":24,"key":"SMITH"},{"data":"Judgement","floor":29,"key":"SMITH"},{"floor":32,"key":"REST"},{"data":"DevaForm","floor":40,"key":"SMITH"}],"circlet_count":0,"master_deck":["Strike_P","Strike_P","Defend_P","Defend_P","Defend_P","Eruption+1","Vigilance","Conclude+1","EmptyMind","DeusExMachina+1","Indignation","DeusExMachina","JustLucky","Scrawl+1","CutThroughFate","FollowUp+1","Crescendo+1","Judgement+1","ReachHeaven+1","DevaForm+1","ClearTheMind+1","SandsOfTime+1"],"relics":["HolyWater","NeowsBlessing","Smiling Mask","Gremlin Horn","Bag of Preparation","Vajra","Lee\u0027s Waffle","Red Mask","Oddly Smooth Stone","Molten Egg 2","Black Star","Calipers"],"acts_visited":["Exordium","TheCity","TheBeyond"],"potions_floor_usage":[6,16,19,21,41],"damage_taken":[{"damage":0,"enemies":"Small Slimes","floor":1,"turns":1},{"damage":0,"enemies":"2 Louse","floor":4,"turns":1},{"damage":0,"enemies":"Jaw Worm","floor":5,"turns":1},{"damage":14,"enemies":"3 Sentries","floor":6,"turns":3},{"damage":0,"enemies":"3 Louse","floor":12,"turns":1},{"damage":10,"enemies":"Lots of Slimes","floor":14,"turns":2},{"damage":8,"enemies":"Slime Boss","floor":16,"turns":6},{"damage":8,"enemies":"Spheric Guardian","floor":18,"turns":3},{"damage":7,"enemies":"Chosen","floor":19,"turns":2},{"damage":0,"enemies":"Masked Bandits","floor":21,"turns":1},{"damage":0,"enemies":"Gremlin Leader","floor":23,"turns":1},{"damage":6,"enemies":"Centurion and Healer","floor":25,"turns":2},{"damage":22,"enemies":"Slavers","floor":27,"turns":3},{"damage":0,"enemies":"Snecko","floor":28,"turns":3},{"damage":0,"enemies":"Snake Plant","floor":30,"turns":1},{"damage":0,"enemies":"Centurion and Healer","floor":31,"turns":2},{"damage":24,"enemies":"Champ","floor":33,"turns":7},{"damage":0,"enemies":"Orb Walker","floor":35,"turns":2},{"damage":0,"enemies":"3 Darklings","floor":36,"turns":2},{"damage":0,"enemies":"Maw","floor":37,"turns":4},{"damage":13,"enemies":"Spire Growth","floor":38,"turns":4},{"damage":0,"enemies":"Mind Bloom Boss Battle","floor":39,"turns":2},{"damage":78,"enemies":"Nemesis","floor":41,"turns":8}],"seed_played":"-4342119853603453909","potions_obtained":[{"floor":5,"key":"LiquidBronze"},{"floor":6,"key":"FearPotion"},{"floor":16,"key":"Weak Potion"},{"floor":21,"key":"Fruit Juice"},{"floor":28,"key":"FairyPotion"},{"floor":30,"key":"Ancient Potion"},{"floor":33,"key":"Block Potion"}],"is_trial":false,"path_per_floor":["M","?","?","M","M","E","?","R","T","?","?","M","?","M","R","B",null,"M","M","$","?","?","E","R","M","T","E","M","R","M","M","R","B",null,"M","M","M","M","?","R","E"],"character_chosen":"WATCHER","items_purchased":["Vajra","Lee\u0027s Waffle"],"campfire_rested":1,"item_purchase_floors":[20,20],"current_hp_per_floor":[72,72,60,60,60,46,70,70,70,70,59,59,59,49,49,41,72,64,57,79,84,84,84,84,78,78,56,56,56,56,56,81,57,84,84,84,84,71,71,71,20,20],"gold":385,"neow_bonus":"THREE_ENEMY_KILL","is_daily":false,"chose_seed":false,"campfire_upgraded":5,"win_rate":0.0,"timestamp":1613060680,"path_taken":["M","?","?","M","M","E","?","R","T","?","?","?","?","M","R","BOSS","M","M","?","?","?","E","R","M","T","E","M","R","?","M","R","BOSS","M","?","M","M","?","R","E"],"items_purchased_type":["Relic","Relic"],"build_version":"2020-12-22","purchased_purges":1,"victory":false,"max_hp_per_floor":[72,72,72,72,72,72,72,72,72,72,72,72,72,72,72,72,72,72,72,79,84,84,84,84,84,84,84,84,84,84,84,84,84,84,84,84,84,84,84,84,84,84],"card_choices":[{"not_picked":["Consecrate","WreathOfFlame"],"picked":"Conclude","floor":1},{"not_picked":["EmptyBody","PathToVictory","FlurryOfBlows"],"picked":"SKIP","floor":4},{"not_picked":["EmptyBody","CrushJoints"],"picked":"EmptyMind","floor":5},{"not_picked":["CrushJoints","PathToVictory"],"picked":"DeusExMachina","floor":6},{"not_picked":["Consecrate","Meditate"],"picked":"Indignation","floor":12},{"not_picked":["PathToVictory","Protect"],"picked":"JustLucky","floor":14},{"not_picked":["ConjureBlade","Ragnarok"],"picked":"Scrawl","floor":16},{"not_picked":["Consecrate","Protect"],"picked":"CutThroughFate","floor":18},{"not_picked":["SignatureMove","ThirdEye"],"picked":"FollowUp+1","floor":19},{"not_picked":["ThirdEye+1","EmptyMind","DeceiveReality"],"picked":"SKIP","floor":23},{"not_picked":["ThirdEye+1","EmptyMind","DeceiveReality"],"picked":"SKIP","floor":23},{"not_picked":["SashWhip","Evaluate"],"picked":"Crescendo+1","floor":25},{"not_picked":["Weave+1","CrushJoints+1"],"picked":"Judgement","floor":27},{"not_picked":["CrushJoints+1","EmptyBody","Protect"],"picked":"SKIP","floor":28},{"not_picked":["Protect","InnerPeace"],"picked":"ReachHeaven+1","floor":30},{"not_picked":["ThirdEye+1","CutThroughFate+1","Crescendo"],"picked":"SKIP","floor":31},{"not_picked":["Vault","Brilliance+1"],"picked":"DevaForm","floor":33},{"not_picked":["DeceiveReality+1","Indignation","Pray+1"],"picked":"SKIP","floor":35},{"not_picked":["Pray","WheelKick+1","Consecrate+1"],"picked":"SKIP","floor":36},{"not_picked":["Protect+1","PathToVictory+1"],"picked":"ClearTheMind+1","floor":37},{"not_picked":["Perseverance","ThirdEye"],"picked":"SandsOfTime+1","floor":38}],"player_experience":195119,"relics_obtained":[{"floor":6,"key":"Gremlin Horn"},{"floor":9,"key":"Bag of Preparation"},{"floor":21,"key":"Red Mask"},{"floor":23,"key":"Oddly Smooth Stone"},{"floor":27,"key":"Molten Egg 2"},{"floor":39,"key":"Calipers"}],"event_choices":[{"cards_removed":["Defend_P"],"damage_healed":0,"gold_gain":0,"player_choice":"Card Removal","damage_taken":0,"max_hp_gain":0,"max_hp_loss":0,"event_name":"The Cleric","floor":2,"gold_loss":50},{"damage_healed":0,"gold_gain":0,"player_choice":"Success","damage_taken":12,"relics_obtained":["Smiling Mask"],"max_hp_gain":0,"max_hp_loss":0,"event_name":"Scrap Ooze","floor":3,"gold_loss":0},{"damage_healed":24,"gold_gain":0,"player_choice":"Banana","damage_taken":0,"max_hp_gain":0,"max_hp_loss":0,"event_name":"Big Fish","floor":7,"gold_loss":0},{"cards_removed":["Strike_P"],"damage_healed":0,"gold_gain":0,"player_choice":"Forget","damage_taken":0,"max_hp_gain":0,"max_hp_loss":0,"event_name":"Living Wall","floor":10,"gold_loss":0},{"damage_healed":0,"gold_gain":75,"player_choice":"Gather Gold","damage_taken":11,"max_hp_gain":0,"max_hp_loss":0,"event_name":"World of Goop","floor":11,"gold_loss":0},{"damage_healed":0,"gold_gain":0,"player_choice":"1 cards matched","damage_taken":0,"max_hp_gain":0,"max_hp_loss":0,"event_name":"Match and Keep!","floor":13,"gold_loss":0,"cards_obtained":["DeusExMachina"]},{"damage_healed":0,"gold_gain":0,"player_choice":"Fought Bandits","damage_taken":0,"max_hp_gain":0,"max_hp_loss":0,"event_name":"Masked Bandits","floor":21,"gold_loss":0},{"damage_healed":0,"gold_gain":0,"player_choice":"Upgraded","damage_taken":0,"max_hp_gain":0,"max_hp_loss":0,"event_name":"Upgrade Shrine","floor":22,"gold_loss":0,"cards_upgraded":["Scrawl"]},{"damage_healed":0,"gold_gain":0,"player_choice":"Fight","damage_taken":0,"max_hp_gain":0,"max_hp_loss":0,"event_name":"MindBloom","floor":39,"gold_loss":0}],"is_beta":false,"boss_relics":[{"not_picked":["Velvet Choker","SlaversCollar"],"picked":"HolyWater"},{"not_picked":["Runic Dome","Runic Pyramid"],"picked":"Black Star"}],"items_purged_floors":[20],"is_endless":false,"potions_floor_spawned":[5,6,16,21,28,30,33,38,39],"killed_by":"Nemesis","ascension_level":0}}