{"host":"April","time":1613037030,"event":{"mods":["BaseMod","Minty Spire (QoL Compilation)"],"gold_per_floor":[112,112,129,4,15,15,42,42,87,112,130,159,215,234,234,332,332,350,449,469,469,559,559,145,165,216,228,273,134,150,150,150],"floor_reached":31,"language":"ENG","playtime":2214,"items_purged":["Pain"],"score":287,"play_id":"6daee5e7-bd5d-417b-a3b7-c337dd49d8b9","local_time":"20210211015030","is_ascension_mode":true,"campfire_choices":[{"data":"Zap","floor":6.0,"key":"SMITH"},{"floor":15.0,"key":"REST"},{"data":"Creative AI","floor":23.0,"key":"SMITH"},{"data":"Rainbow","floor":27.0,"key":"SMITH"}],"circlet_count":0,"master_deck":["Strike_B","Strike_B","Strike_B","Strike_B","Defend_B","Defend_B","Defend_B","Defend_B+1","Zap+1","Dualcast","Parasite","Barrage","FTL","Conserve Battery","Amplify","Rainbow+1","Auto Shields","Cold Snap","Undo+1","Skim","Creative AI+1","CurseOfTheBell","Compile Driver","Capacitor","Amplify","Steam","Defragment+1"],"relics":["Cracked Core","Turnip","WarpedTongs","Nunchaku","Lantern","Juzu Bracelet","Akabeko","Ancient Tea Set","Calling Bell","War Paint","Blue Candle","Unceasing Top","InkBottle","Lee\u0027s Waffle","MawBank","Centennial Puzzle","Happy Flower"],"acts_visited":["Exordium","TheCity"],"potions_floor_usage":[30],"damage_taken":[{"damage":1.0,"enemies":"2 Louse","floor":1.0,"turns":2.0},{"damage":8.0,"enemies":"Cultist","floor":3.0,"turns":4.0},{"damage":0.0,"enemies":"Small Slimes","floor":5.0,"turns":2.0},{"damage":13.0,"enemies":"3 Sentries","floor":7.0,"turns":6.0},{"damage":6.0,"enemies":"Gremlin Nob","floor":10.0,"turns":3.0},{"damage":6.0,"enemies":"3 Louse","floor":11.0,"turns":3.0},{"damage":6.0,"enemies":"Lagavulin","floor":12.0,"turns":5.0},{"damage":12.0,"enemies":"Lagavulin Event","floor":13.0,"turns":5.0},{"damage":0.0,"enemies":"Blue Slaver","floor":14.0,"turns":3.0},{"damage":11.0,"enemies":"The Guardian","floor":16.0,"turns":9.0},{"damage":16.0,"enemies":"Shell Parasite","floor":18.0,"turns":8.0},{"damage":3.0,"enemies":"Spheric Guardian","floor":20.0,"turns":5.0},{"damage":14.0,"enemies":"Centurion and Healer","floor":25.0,"turns":6.0},{"damage":90.0,"enemies":"Gremlin Leader","floor":28.0,"turns":17.0},{"damage":2,"enemies":"Snecko","floor":30,"turns":7},{"damage":26,"enemies":"Cultist and Chosen","floor":31,"turns":4}],"seed_played":"-1173125171499983071","potions_obtained":[{"floor":5.0,"key":"FairyPotion"},{"floor":7.0,"key":"EssenceOfSteel"},{"floor":10.0,"key":"LiquidBronze"},{"floor":12.0,"key":"PowerPotion"},{"floor":14.0,"key":"AttackPotion"},{"floor":18.0,"key":"Fire Potion"},{"floor":20.0,"key":"AttackPotion"},{"floor":28.0,"key":"EssenceOfSteel"}],"is_trial":false,"path_per_floor":["M","?","M","$","M","R","E","?","T","E","M","E","?","M","R","B",null,"M","?","M","?","?","R","$","M","T","R","E","$","M","M"],"character_chosen":"DEFECT","items_purchased":["ColorlessPotion","InkBottle","Lee\u0027s Waffle","Happy Flower"],"campfire_rested":1,"item_purchase_floors":[4,24,24,29],"current_hp_per_floor":[74,74,66,66,66,66,53,58,58,52,46,40,28,28,52,41,80,64,64,61,61,49,49,87,73,73,73,10,10,8,0,0],"gold":150,"neow_bonus":"ONE_RARE_RELIC","is_daily":false,"chose_seed":false,"campfire_upgraded":3,"win_rate":0.0,"timestamp":1613037030,"path_taken":["M","?","M","?","M","R","E","?","T","E","M","E","?","M","R","BOSS","M","?","M","?","?","R","$","M","T","R","E","$","M","M"],"items_purchased_type":["Potion","Relic","Relic","Relic"],"build_version":"2020-12-18","purchased_purges":1,"victory":false,"max_hp_per_floor":[75,75,75,75,75,75,75,80,80,80,80,80,80,80,80,80,80,80,80,80,80,80,80,87,87,87,87,87,87,87,87,87],"card_choices":[{"not_picked":["Gash","Aggregate"],"picked":"Barrage","floor":1.0},{"not_picked":["Reinforced Body","Reprogram"],"picked":"FTL","floor":3.0},{"not_picked":["Aggregate","Barrage"],"picked":"Conserve Battery","floor":5.0},{"not_picked":["Steam","Barrage"],"picked":"Amplify","floor":7.0},{"not_picked":["Cold Snap","Glacier"],"picked":"Rainbow","floor":10.0},{"not_picked":["Force Field","Leap"],"picked":"Auto Shields","floor":11.0},{"not_picked":["Leap","Steam"],"picked":"Cold Snap","floor":12.0},{"not_picked":["Lockon","Beam Cell"],"picked":"Undo","floor":13.0},{"not_picked":["Stack","Ball Lightning"],"picked":"Skim","floor":14.0},{"not_picked":["Buffer","Seek"],"picked":"Creative AI","floor":16.0},{"not_picked":["Self Repair+1","Go for the Eyes"],"picked":"Compile Driver","floor":18.0},{"not_picked":["Loop+1","Stack"],"picked":"Capacitor","floor":20.0},{"not_picked":["Steam","Barrage"],"picked":"Amplify","floor":25.0},{"not_picked":["Conserve Battery","Compile Driver"],"picked":"Steam","floor":28.0},{"not_picked":["Rebound","Lockon+1"],"picked":"Defragment+1","floor":30}],"player_experience":2655647,"relics_obtained":[{"floor":7.0,"key":"Nunchaku"},{"floor":9.0,"key":"Lantern"},{"floor":10.0,"key":"Juzu Bracelet"},{"floor":12.0,"key":"Akabeko"},{"floor":17.0,"key":"War Paint"},{"floor":17.0,"key":"Blue Candle"},{"floor":17.0,"key":"Unceasing Top"},{"floor":26.0,"key":"MawBank"},{"floor":28.0,"key":"Centennial Puzzle"}],"event_choices":[{"damage_healed":0.0,"max_hp_gain":0.0,"max_hp_loss":0.0,"gold_gain":0.0,"event_name":"Accursed Blacksmith","player_choice":"Rummage","floor":2.0,"gold_loss":0.0,"damage_taken":0.0,"relics_obtained":["WarpedTongs"],"cards_obtained":["Pain"]},{"damage_healed":0.0,"max_hp_gain":5.0,"max_hp_loss":0.0,"gold_gain":0.0,"event_name":"Big Fish","player_choice":"Donut","floor":8.0,"gold_loss":0.0,"damage_taken":0.0},{"damage_healed":0.0,"max_hp_gain":0.0,"max_hp_loss":0.0,"gold_gain":0.0,"event_name":"Dead Adventurer","player_choice":"Searched \u00273\u0027 times","floor":13.0,"gold_loss":0.0,"damage_taken":0.0,"relics_obtained":["Ancient Tea Set"]},{"damage_healed":0.0,"max_hp_gain":0.0,"max_hp_loss":0.0,"gold_gain":99.0,"event_name":"Nest","player_choice":"Stole From Cult","floor":19.0,"gold_loss":0.0,"damage_taken":0.0},{"damage_healed":0.0,"max_hp_gain":0.0,"max_hp_loss":0.0,"gold_gain":0.0,"event_name":"The Woman in Blue","player_choice":"Bought 0 Potions","floor":21.0,"gold_loss":0.0,"damage_taken":0.0},{"damage_healed":0.0,"max_hp_gain":0.0,"max_hp_loss":0.0,"gold_gain":90.0,"event_name":"Knowing Skull","player_choice":"GOLD ","floor":22.0,"potions_obtained":[],"gold_loss":0.0,"damage_taken":12.0,"cards_obtained":[]}],"is_beta":true,"boss_relics":[{"not_picked":["Coffee Dripper","Pandora\u0027s Box"],"picked":"Calling Bell"}],"items_purged_floors":[4],"is_endless":false,"potions_floor_spawned":[5,7,10,12,14,18,20,28],"killed_by":"Cultist and Chosen","ascension_level":1}}