{"host":"6xsbn6ynqlzwllfm","time":1613006336,"event":{"mods":["2.2 Compatiblity","BaseMod","Bestiary","Colored Map","Colored Powertips","Curses Come First","Highlight Path","Keyboard Shortcuts","Minty Spire (QoL Compilation)","Relic Stats","Slay the Relics Exporter","StSLib","SuperFastMode"],"gold_per_floor":[118,131,144,164,164,164,164],"floor_reached":6,"language":"ENG","playtime":166,"items_purged":[],"score":76,"play_id":"e17fb461-2db8-4939-8924-801cb6f624a5","local_time":"20210210201856","is_ascension_mode":true,"campfire_choices":[],"circlet_count":0,"master_deck":["AscendersBane","Strike_R","Strike_R","Strike_R","Strike_R","Defend_R","Defend_R","Defend_R","Defend_R","Bash","Metallicize","Dark Embrace","Sword Boomerang","Cleave"],"relics":["Sozu"],"acts_visited":["Exordium"],"potions_floor_usage":[],"damage_taken":[{"damage":1,"enemies":"Cultist","floor":1,"turns":4},{"damage":9,"enemies":"2 Louse","floor":2,"turns":3},{"damage":5,"enemies":"Small Slimes","floor":3,"turns":3},{"damage":30,"enemies":"Exordium Thugs","floor":4,"turns":7},{"damage":29,"enemies":"Gremlin Nob","floor":6,"turns":3}],"seed_played":"1508202252352224115","potions_obtained":[],"is_trial":false,"path_per_floor":["M","M","M","M","?","E"],"character_chosen":"IRONCLAD","items_purchased":[],"campfire_rested":0,"item_purchase_floors":[],"current_hp_per_floor":[67,58,53,23,16,0,0],"gold":164,"neow_bonus":"BOSS_RELIC","is_daily":false,"chose_seed":false,"campfire_upgraded":0,"win_rate":0.0,"timestamp":1613006336,"path_taken":["M","M","M","?","?","E"],"items_purchased_type":[],"build_version":"2020-12-22","purchased_purges":0,"victory":false,"max_hp_per_floor":[75,75,75,75,75,75,75],"relic_stats":{"Sozu":1,"counters":[5,20],"obtain_stats":[{"Sozu":0,"Burning Blood":0},{"Sozu":0,"Burning Blood":0},{"Sozu":0,"Burning Blood":0}]},"card_choices":[{"not_picked":["True Grit","Perfected Strike"],"picked":"Metallicize","floor":1},{"not_picked":["Warcry","Searing Blow"],"picked":"Dark Embrace","floor":2},{"not_picked":["Carnage","Blood for Blood"],"picked":"Sword Boomerang","floor":3},{"not_picked":["Intimidate","Armaments"],"picked":"Cleave","floor":4}],"player_experience":1454006,"relics_obtained":[],"event_choices":[{"cards_removed":["Strike_R"],"damage_healed":0,"gold_gain":0,"player_choice":"Card Removal","damage_taken":7,"max_hp_gain":0,"max_hp_loss":0,"event_name":"Golden Wing","floor":5,"gold_loss":0}],"is_beta":false,"boss_relics":[],"items_purged_floors":[],"is_endless":false,"potions_floor_spawned":[1],"killed_by":"Gremlin Nob","ascension_level":20}}