{"host":"9ij7vlqro2mzmyov","time":1613055667,"event":{"mods":["BaseMod","Colored Map","DeckTracker","Minty Spire (QoL Compilation)","Permanent Neow","SuperFastMode"],"gold_per_floor":[117,128,148,148,166,17,17,35,35,58,78,1,32,32,52,52,155,155,168,185,219,219,244,253,291,291,316,325,30,51,94,113,113,224,224,237,23,36,50,50,81,92,92,116,141,179,291,303,334,346,358],"floor_reached":52,"language":"KOR","playtime":2465,"items_purged":["Strike_B","Strike_B"],"score":955,"play_id":"c7893145-99d9-4e2e-b2f6-5bfc6f69aff6","local_time":"20210212000107","is_ascension_mode":true,"campfire_choices":[{"data":"Storm","floor":7.0,"key":"SMITH"},{"data":"Buffer","floor":14.0,"key":"SMITH"},{"data":"Self Repair","floor":16.0,"key":"SMITH"},{"floor":24,"key":"REST"},{"data":"Self Repair","floor":26,"key":"SMITH"},{"floor":28,"key":"REST"},{"data":"Defragment","floor":33,"key":"SMITH"},{"data":"Hologram","floor":48,"key":"SMITH"},{"data":"Steam Power","floor":50,"key":"SMITH"}],"circlet_count":0,"master_deck":["Strike_B","Strike_B","Defend_B","Defend_B","Defend_B","Defend_B","Zap","Dualcast","Amplify","Ball Lightning","Steam Power+1","Self Repair+1","Sweeping Beam","Storm+1","Storm","Buffer+1","Streamline","Biased Cognition","Hologram+1","Heatsinks+1","Self Repair+1","Force Field","Auto Shields+1","Turbo","Defragment+1","Juggernaut","Well Laid Plans","Sadistic Nature","Buffer+1","Nirvana+1"],"relics":["Cracked Core","Akabeko","Anchor","Dream Catcher","Red Mask","CeramicFish","Question Card","Juzu Bracelet","PrismaticShard","Ginger","Busted Crown","Membership Card","White Beast Statue","MawBank","Omamori"],"acts_visited":["Exordium","TheCity","TheBeyond"],"potions_floor_usage":[34,34,34,42,45,51,51,51],"damage_taken":[{"damage":4.0,"enemies":"2 Louse","floor":1.0,"turns":3.0},{"damage":0.0,"enemies":"Cultist","floor":2.0,"turns":2.0},{"damage":2.0,"enemies":"Jaw Worm","floor":3.0,"turns":3.0},{"damage":6.0,"enemies":"Blue Slaver","floor":5.0,"turns":4.0},{"damage":19.0,"enemies":"Gremlin Gang","floor":8.0,"turns":3.0},{"damage":12.0,"enemies":"Large Slime","floor":11.0,"turns":4.0},{"damage":10.0,"enemies":"3 Sentries","floor":13.0,"turns":3.0},{"damage":5.0,"enemies":"Exordium Wildlife","floor":15.0,"turns":3.0},{"damage":48.0,"enemies":"The Guardian","floor":17.0,"turns":9.0},{"damage":0,"enemies":"Spheric Guardian","floor":19,"turns":3},{"damage":12,"enemies":"2 Thieves","floor":20,"turns":3},{"damage":42,"enemies":"Masked Bandits","floor":21,"turns":4},{"damage":38,"enemies":"Slavers","floor":25,"turns":4},{"damage":0,"enemies":"Cultist and Chosen","floor":30,"turns":4},{"damage":20,"enemies":"Book of Stabbing","floor":31,"turns":4},{"damage":0,"enemies":"Centurion and Healer","floor":32,"turns":4},{"damage":47,"enemies":"Collector","floor":34,"turns":7},{"damage":1,"enemies":"3 Darklings","floor":36,"turns":5},{"damage":9,"enemies":"3 Shapes","floor":38,"turns":3},{"damage":0,"enemies":"Maw","floor":39,"turns":5},{"damage":28,"enemies":"Reptomancer","floor":41,"turns":4},{"damage":3,"enemies":"Transient","floor":42,"turns":5},{"damage":2,"enemies":"4 Shapes","floor":45,"turns":3},{"damage":28,"enemies":"Nemesis","floor":46,"turns":5},{"damage":0,"enemies":"Writhing Mass","floor":49,"turns":4},{"damage":26,"enemies":"Time Eater","floor":51,"turns":9}],"seed_played":"-8862804803575908816","potions_obtained":[{"floor":1.0,"key":"Block Potion"},{"floor":5.0,"key":"BlessingOfTheForge"},{"floor":11.0,"key":"Explosive Potion"},{"floor":21,"key":"Strength Potion"},{"floor":30,"key":"Fire Potion"},{"floor":31,"key":"Swift Potion"},{"floor":32,"key":"BlessingOfTheForge"},{"floor":34,"key":"Explosive Potion"},{"floor":39,"key":"SteroidPotion"},{"floor":42,"key":"AttackPotion"},{"floor":45,"key":"SpeedPotion"},{"floor":46,"key":"Regen Potion"},{"floor":49,"key":"DistilledChaos"}],"is_trial":false,"path_per_floor":["M","M","M","M","M","$","R","M","?","T","M","$","E","R","M","R","B",null,"M","M","?","?","T","R","E","R","T","R","$","M","E","M","R","B",null,"M","$","M","M","?","E","M","?","T","M","E","?","R","M","R","B",null],"character_chosen":"DEFECT","items_purchased":["Storm","Buffer","PrismaticShard","Turbo","Membership Card","Buffer"],"campfire_rested":2,"item_purchase_floors":[6,12,29,29,37,37],"current_hp_per_floor":[71,71,69,69,70,70,70,58,58,58,53,53,50,50,52,52,24,62,75,63,31,31,31,53,32,32,32,54,54,64,64,75,75,48,68,75,75,75,75,75,67,75,75,75,75,67,67,67,75,75,75],"gold":370,"neow_bonus":"ONE_RANDOM_RARE_CARD","is_daily":false,"chose_seed":false,"campfire_upgraded":7,"win_rate":0.0,"timestamp":1613055667,"path_taken":["M","M","M","M","M","$","R","M","?","T","M","?","E","R","M","R","BOSS","M","M","?","?","?","R","E","R","T","R","$","M","E","M","R","BOSS","M","$","M","M","?","E","M","?","T","M","E","?","R","M","R","BOSS"],"items_purchased_type":["Card","Card","Relic","Card","Relic","Card"],"build_version":"2020-12-22","purchased_purges":2,"victory":true,"max_hp_per_floor":[75,75,75,75,75,75,75,75,75,75,75,75,75,75,75,75,75,75,75,75,75,75,75,75,75,75,75,75,75,75,75,75,75,75,75,75,75,75,75,75,75,75,75,75,75,75,75,75,75,75,75],"card_choices":[{"not_picked":["Darkness","Leap"],"picked":"Ball Lightning","floor":1.0},{"not_picked":["Hologram","Capacitor"],"picked":"Steam Power","floor":2.0},{"not_picked":["Hologram","Coolheaded"],"picked":"Self Repair","floor":3.0},{"not_picked":["Recycle","Ball Lightning"],"picked":"Sweeping Beam","floor":5.0},{"not_picked":["Redo","Chill"],"picked":"Storm","floor":8.0},{"not_picked":["Go for the Eyes","Force Field","Double Energy"],"picked":"SKIP","floor":11.0},{"not_picked":["Rebound","Go for the Eyes","FTL"],"picked":"SKIP","floor":13.0},{"not_picked":["Rebound","Go for the Eyes"],"picked":"FTL","floor":13.0},{"not_picked":["Skim","Reinforced Body"],"picked":"Streamline","floor":15.0},{"not_picked":["Machine Learning","Meteor Strike"],"picked":"Biased Cognition","floor":17.0},{"not_picked":["Stack","Reinforced Body"],"picked":"Hologram","floor":19},{"not_picked":["Go for the Eyes+1","Beam Cell","Barrage+1"],"picked":"SKIP","floor":20},{"not_picked":["Aggregate","Stack+1"],"picked":"Heatsinks+1","floor":21},{"not_picked":["Melter","Multi-Cast"],"picked":"Self Repair","floor":24},{"not_picked":["Conserve Battery","All For One"],"picked":"Force Field","floor":25},{"not_picked":["Streamline","Rebound+1","Skim"],"picked":"Auto Shields+1","floor":28},{"not_picked":["Cold Snap","Gash","Redo"],"picked":"Defragment","floor":30},{"not_picked":["PathToVictory","Stack","Turbo"],"picked":"Juggernaut","floor":31},{"not_picked":["Clash+1","Forethought","Twin Strike"],"picked":"Well Laid Plans","floor":32},{"not_picked":["Vault","Offering","Corpse Explosion"],"picked":"Sadistic Nature","floor":34},{"not_picked":["True Grit+1","Skewer"],"picked":"SKIP","floor":36},{"not_picked":["Poisoned Stab","Clash"],"picked":"SKIP","floor":38},{"not_picked":["CrushJoints+1","Gash"],"picked":"SKIP","floor":39},{"not_picked":["Ragnarok","EmptyMind+1"],"picked":"SKIP","floor":41},{"not_picked":["Blade Dance+1","Dagger Throw"],"picked":"SKIP","floor":42},{"not_picked":["Self Repair","Shrug It Off+1"],"picked":"SKIP","floor":45},{"not_picked":["Iron Wave+1","Sweeping Beam+1"],"picked":"SKIP","floor":46},{"not_picked":["Conserve Battery+1"],"picked":"Nirvana+1","floor":49}],"player_experience":277135,"relics_obtained":[{"floor":10.0,"key":"Anchor"},{"floor":13.0,"key":"Dream Catcher"},{"floor":21,"key":"Red Mask"},{"floor":23,"key":"CeramicFish"},{"floor":25,"key":"Question Card"},{"floor":27,"key":"Juzu Bracelet"},{"floor":31,"key":"Ginger"},{"floor":41,"key":"White Beast Statue"},{"floor":44,"key":"MawBank"},{"floor":46,"key":"Omamori"}],"event_choices":[{"damage_healed":0.0,"max_hp_gain":0.0,"max_hp_loss":0.0,"gold_gain":0.0,"event_name":"WeMeetAgain","player_choice":"Gave Potion","floor":9.0,"gold_loss":0.0,"damage_taken":0.0,"relics_obtained":["Akabeko"]},{"damage_healed":0,"gold_gain":0,"player_choice":"Fought Bandits","damage_taken":0,"max_hp_gain":0,"max_hp_loss":0,"event_name":"Masked Bandits","floor":21,"gold_loss":0},{"damage_healed":0,"gold_gain":0,"player_choice":"Ignored","damage_taken":0,"max_hp_gain":0,"max_hp_loss":0,"event_name":"Ghosts","floor":22,"gold_loss":0},{"cards_removed":["FTL"],"damage_healed":0,"gold_gain":0,"player_choice":"Removed Attack","damage_taken":0,"max_hp_gain":0,"max_hp_loss":0,"event_name":"Falling","floor":40,"gold_loss":0},{"damage_healed":0,"gold_gain":0,"player_choice":"Forge","damage_taken":0,"max_hp_gain":0,"max_hp_loss":0,"event_name":"Accursed Blacksmith","floor":43,"gold_loss":0,"cards_upgraded":["Buffer"]},{"damage_healed":0,"gold_gain":100,"player_choice":"Pray","damage_taken":0,"max_hp_gain":0,"max_hp_loss":0,"event_name":"Golden Shrine","floor":47,"gold_loss":0}],"is_beta":false,"boss_relics":[{"not_picked":["Velvet Choker","Coffee Dripper","Ectoplasm"]},{"not_picked":["Fusion Hammer","Calling Bell"],"picked":"Busted Crown"}],"items_purged_floors":[6,29],"is_endless":false,"potions_floor_spawned":[1,5,11,21,30,31,32,34,39,42,45,46,49],"ascension_level":5}}