{"host":"bbmxo8e8cdq8htg1","time":1613048824,"event":{"mods":["AchievementEnabler","BaseMod","Better Match","Better Third Choice","BetterRewards","Colored Powertips","DeckTracker","Dota2Spire","Mimic Mod","Minty Spire (QoL Compilation)","Permanent Neow","Quick Restart","Rare Cards Sparkle","Relic Stats","Replay The Spire","Shop Mod","Spicy Shops","StSLib","SuperFastMode","The Blue Laboratory","The Forsaken","The Jungle"],"gold_per_floor":[118,193,204,379,156,197,297,297,347,375,121,160,160,207,207,313,313,339,339,363,278,302,302,349,349,349,376,376,406,454,478,478,593,593,626,665,665,698,730,730,780,819,819,744,772,772,832,870,870,902],"floor_reached":51,"language":"ENG","playtime":1578,"items_purged":["Doubt","Defend_R"],"score":693,"play_id":"83713163-929b-42cd-a85c-8d4fad0d327c","local_time":"20210211160704","is_ascension_mode":true,"campfire_choices":[{"floor":8,"key":"REST"},{"floor":13,"key":"REST"},{"data":"Reaper","floor":15,"key":"SMITH"},{"floor":23,"key":"REST"},{"floor":25,"key":"REST"},{"floor":32,"key":"REST"},{"floor":40,"key":"REST"},{"floor":46,"key":"REST"},{"floor":49,"key":"REST"}],"circlet_count":0,"master_deck":["Strike_R","Strike_R","Strike_R","Strike_R","Strike_R","Bash","Searing Blow","Reaper+1","Flex+1","Demon Form","Twin Strike+1","Carnage+1","Limit Break+1","Thunderclap","Clothesline+1","Clash","Whirlwind+1","Massacre+1","Cleave+1","Double Tap","Perfected Strike+1","Panacea","Clash+1"],"relics":["Burning Blood","Replay:Bandana","Vajra","Dota2Spire:DrumOfEndurance","Brimstone","Dota2Spire:ArmletOfMordiggian","Blue Doll","Astrolabe","Nilry\u0027s Codex","Pen Nib","Replay:Kaleidoscope","War Paint","Peace Pipe","ChewingGum","Snack Pack","Dota2Spire:CrimsonGuard","Dota2Spire:BattleFury"],"acts_visited":["Exordium","TheCity","TheBeyond"],"potions_floor_usage":[30,30,38,41,42,50,50],"damage_taken":[{"damage":5,"enemies":"Small Slimes","floor":1,"turns":3},{"damage":14,"enemies":"2 Louse","floor":3,"turns":2},{"damage":53,"enemies":"3 Sentries","floor":6,"turns":10},{"damage":0,"enemies":"Cultist","floor":10,"turns":2},{"damage":8,"enemies":"Gremlin Nob","floor":12,"turns":3},{"damage":29,"enemies":"3 Sentries","floor":14,"turns":4},{"damage":46,"enemies":"Fading Forest","floor":16,"turns":11},{"damage":13,"enemies":"Shell Parasite","floor":18,"turns":2},{"damage":13,"enemies":"Spheric Guardian","floor":20,"turns":3},{"damage":30,"enemies":"Snake Plant","floor":22,"turns":3},{"damage":67,"enemies":"Gremlin Leader","floor":24,"turns":5},{"damage":22,"enemies":"3 Cultists","floor":27,"turns":3},{"damage":18,"enemies":"Cultist and Chosen","floor":29,"turns":2},{"damage":37,"enemies":"Slavers","floor":30,"turns":3},{"damage":14,"enemies":"Centurion and Healer","floor":31,"turns":2},{"damage":46,"enemies":"Automaton","floor":33,"turns":6},{"damage":65,"enemies":"3 Shapes","floor":35,"turns":3},{"damage":4,"enemies":"3 Darklings","floor":36,"turns":2},{"damage":37,"enemies":"Spire Growth","floor":38,"turns":3},{"damage":5,"enemies":"Maw","floor":39,"turns":4},{"damage":23,"enemies":"Giant Head","floor":41,"turns":4},{"damage":17,"enemies":"Jaw Worm Horde","floor":42,"turns":2},{"damage":16,"enemies":"Transient","floor":45,"turns":5},{"damage":7,"enemies":"Maw","floor":48,"turns":3},{"damage":82,"enemies":"Replay:Hell Engine","floor":50,"turns":5}],"seed_played":"-8005454155304998524","potions_obtained":[{"floor":1,"key":"blueLaboratory:StoneskinPotion"},{"floor":6,"key":"SpeedPotion"},{"floor":12,"key":"blueLaboratory:CorrosionFlask"},{"floor":18,"key":"SteroidPotion"},{"floor":30,"key":"Elixir"},{"floor":33,"key":"Block Potion"},{"floor":36,"key":"blueLaboratory:ConflagurationPotion"},{"floor":45,"key":"Fire Potion"},{"floor":47,"key":"blueLaboratory:ArtificerPotion"},{"floor":48,"key":"BlessingOfTheForge"}],"is_trial":false,"path_per_floor":["M","?","M","?","$","E","?","R","T","M","$","E","R","E","R","B",null,"M","?","M","?","M","R","E","R","T","M","?","M","E","M","R","B",null,"M","M","?","M","M","R","E","M","T","?","M","R","?","M","R","B",null],"character_chosen":"IRONCLAD","items_purchased":["Replay:Bandana","Brimstone"],"campfire_rested":8,"item_purchase_floors":[5,11],"current_hp_per_floor":[85,74,66,66,66,31,31,56,56,62,62,60,85,76,76,75,85,78,62,60,60,49,74,30,55,55,73,73,61,30,46,71,31,85,48,50,50,19,37,62,45,51,51,51,60,85,51,54,79,47],"gold":902,"neow_bonus":"RANDOM_EVENT","is_daily":false,"chose_seed":false,"campfire_upgraded":1,"win_rate":0.0,"timestamp":1613048824,"path_taken":["M","?","M","?","$","E","?","R","T","?","$","E","R","E","R","BOSS","M","?","M","?","M","R","E","R","T","M","?","M","E","M","R","BOSS","M","M","?","M","M","R","E","M","T","?","M","R","?","M","R","BOSS"],"items_purchased_type":["Relic","Relic"],"build_version":"2020-12-22","purchased_purges":2,"victory":true,"max_hp_per_floor":[85,85,85,85,85,85,85,85,85,85,85,85,85,85,85,85,85,85,85,85,85,85,85,85,85,85,85,85,85,85,85,85,85,85,85,85,85,85,85,85,85,85,85,85,85,85,85,85,85,85],"relic_stats":{"Peace Pipe":0,"counters":[25,95],"Astrolabe":["Twin Strike","Carnage","Limit Break"],"Pen Nib":[10],"War Paint":["Flex"],"obtain_stats":[{"Nilry\u0027s Codex":19,"Dota2Spire:ArmletOfMordiggian":12,"Astrolabe":17,"Vajra":6,"Dota2Spire:DrumOfEndurance":9,"Blue Doll":14,"Pen Nib":21,"Dota2Spire:BattleFury":47,"Replay:Kaleidoscope":24,"War Paint":26,"Burning Blood":0,"Peace Pipe":30,"Replay:Bandana":5,"Dota2Spire:CrimsonGuard":43,"Brimstone":11,"ChewingGum":34,"Snack Pack":41},{"Nilry\u0027s Codex":8,"Dota2Spire:ArmletOfMordiggian":5,"Astrolabe":7,"Vajra":3,"Dota2Spire:DrumOfEndurance":3,"Blue Doll":6,"Pen Nib":9,"Dota2Spire:BattleFury":23,"Replay:Kaleidoscope":11,"War Paint":11,"Burning Blood":0,"Peace Pipe":14,"Replay:Bandana":2,"Dota2Spire:CrimsonGuard":22,"Brimstone":4,"ChewingGum":16,"Snack Pack":21},{"Nilry\u0027s Codex":37,"Dota2Spire:ArmletOfMordiggian":20,"Astrolabe":35,"Vajra":15,"Dota2Spire:DrumOfEndurance":15,"Blue Doll":24,"Pen Nib":40,"Dota2Spire:BattleFury":87,"Replay:Kaleidoscope":48,"War Paint":48,"Burning Blood":0,"Peace Pipe":56,"Replay:Bandana":5,"Dota2Spire:CrimsonGuard":82,"Brimstone":17,"ChewingGum":64,"Snack Pack":80}],"Burning Blood":149},"card_choices":[{"not_picked":["Anger","Burning Pact"],"picked":"Searing Blow","floor":1},{"not_picked":["Headbutt","Havoc"],"picked":"Reaper","floor":3},{"not_picked":["Feel No Pain","Armaments","Iron Wave"],"picked":"SKIP","floor":6},{"not_picked":["Armaments","ReplayTheSpireMod:Muscle Training","Fire Breathing"],"picked":"SKIP","floor":10},{"not_picked":["Wild Strike","Pommel Strike","Shockwave"],"picked":"SKIP","floor":12},{"not_picked":["Reckless Charge","ReplayTheSpireMod:Muscle Training"],"picked":"Flex","floor":14},{"not_picked":["Brutality","Corruption"],"picked":"Demon Form","floor":16},{"not_picked":["Shrug It Off+1","Blood for Blood"],"picked":"Thunderclap","floor":18},{"not_picked":["Rampage","Thunderclap"],"picked":"Clothesline+1","floor":20},{"not_picked":["Clothesline+1","ReplayTheSpireMod:Corrosion Curse","Wild Strike"],"picked":"SKIP","floor":22},{"not_picked":["Pommel Strike","Barricade","Wild Strike"],"picked":"SKIP","floor":24},{"not_picked":["Dark Embrace","Havoc"],"picked":"Clash","floor":27},{"not_picked":["Hemokinesis","Flex"],"picked":"Whirlwind+1","floor":29},{"not_picked":["Sword Boomerang","Reckless Charge"],"picked":"Massacre+1","floor":30},{"not_picked":["Headbutt","Power Through"],"picked":"Cleave+1","floor":31},{"not_picked":["Limit Break","Fiend Fire"],"picked":"Double Tap","floor":33},{"not_picked":["Twin Strike","Body Slam+1","ReplayTheSpireMod:Limb From Limb"],"picked":"SKIP","floor":35},{"not_picked":["Flame Barrier","Wild Strike+1"],"picked":"Perfected Strike+1","floor":36},{"not_picked":["Impatience","Good Instincts"],"picked":"Panacea","floor":37},{"not_picked":["Replay:Undeath\u0027s Touch+1","Fire Breathing","Clothesline"],"picked":"SKIP","floor":38},{"not_picked":["Fire Breathing+1","Body Slam","ReplayTheSpireMod:Corrosion Curse"],"picked":"SKIP","floor":39},{"not_picked":["ReplayReversal","ReplayTheSpireMod:Limb From Limb","Headbutt"],"picked":"SKIP","floor":41},{"not_picked":["ReplayTheSpireMod:Muscle Training+1","Bloodletting+1","Armaments+1"],"picked":"SKIP","floor":42},{"not_picked":["Twin Strike","Dual Wield+1","Clothesline"],"picked":"SKIP","floor":45},{"not_picked":["Double Tap","True Grit"],"picked":"Clash+1","floor":47},{"not_picked":["Combust","Armaments","Clothesline"],"picked":"SKIP","floor":48}],"player_experience":9966,"relics_obtained":[{"floor":6,"key":"Vajra"},{"floor":9,"key":"Dota2Spire:DrumOfEndurance"},{"floor":12,"key":"Dota2Spire:ArmletOfMordiggian"},{"floor":14,"key":"Blue Doll"},{"floor":19,"key":"Nilry\u0027s Codex"},{"floor":24,"key":"Replay:Kaleidoscope"},{"floor":26,"key":"War Paint"},{"floor":30,"key":"Peace Pipe"},{"floor":41,"key":"Snack Pack"},{"floor":43,"key":"Dota2Spire:CrimsonGuard"},{"floor":47,"key":"Dota2Spire:BattleFury"}],"event_choices":[{"damage_healed":0,"gold_gain":0,"player_choice":"Donut","damage_taken":0,"max_hp_gain":5,"max_hp_loss":0,"event_name":"Big Fish","floor":0,"gold_loss":0},{"damage_healed":0,"gold_gain":75,"player_choice":"Gold","damage_taken":11,"max_hp_gain":0,"max_hp_loss":0,"event_name":"betterThird:BetterGoop","floor":2,"gold_loss":0},{"damage_healed":0,"gold_gain":175,"player_choice":"AGREE","damage_taken":204,"max_hp_gain":0,"max_hp_loss":0,"event_name":"betterThird:BetterSerpent","floor":4,"gold_loss":0},{"damage_healed":0,"gold_gain":100,"player_choice":"Pray","damage_taken":0,"max_hp_gain":0,"max_hp_loss":0,"event_name":"Golden Shrine","floor":7,"gold_loss":0},{"damage_healed":0,"gold_gain":0,"player_choice":"Obtained Book","damage_taken":16,"max_hp_gain":0,"max_hp_loss":0,"event_name":"Cursed Tome","floor":19,"gold_loss":0},{"damage_healed":0,"gold_gain":0,"player_choice":"Obtained Relic","damage_taken":0,"relics_obtained":["Pen Nib"],"max_hp_gain":0,"max_hp_loss":0,"event_name":"Addict","floor":21,"gold_loss":85},{"damage_healed":0,"gold_gain":0,"player_choice":"Memory 1","damage_taken":0,"max_hp_gain":0,"max_hp_loss":0,"event_name":"SensoryStone","floor":37,"gold_loss":0},{"damage_healed":0,"gold_gain":0,"player_choice":"2","damage_taken":0,"max_hp_gain":0,"max_hp_loss":0,"event_name":"betterMatch:BetterMatch","floor":44,"gold_loss":0,"cards_obtained":[]}],"is_beta":false,"boss_relics":[{"not_picked":["Runic Pyramid","Mark of Pain"],"picked":"Astrolabe"},{"not_picked":["Calling Bell","Replay:Fungal Core"],"picked":"ChewingGum"}],"items_purged_floors":[5,11],"is_endless":false,"potions_floor_spawned":[1,6,12,18,22,30,33,36,45,48],"ascension_level":2}}