{"host":"yrtk68ixj64vhhh3","time":1613021918,"event":{"mods":["2.2 Compatiblity","AchievementEnabler","Aspiration","BaseMod","Better Altar","Better Match","Better Note","Better Silent Start","Better Skull","Better Third Choice","Colored Map","Colored Powertips","Conspire","Dio Mod","Downfall","Energized Spire","Hubris","Infinite Spire","Minty Spire (QoL Compilation)","Prisma Mod","RNG Fix","Random Character Button","Random Character Mod","Reliquary","StSLib","Steal the Spire","Td1madao Mod","The Animator","The Bug Knight","The Mystic","The Poker Player","The Wild Card","TheBandit","TheHero"],"gold_per_floor":[110,110,129,129,129,155,217,217,217,231,19,53,63,147,147,247,247,261,24,36,48,68,88,88],"floor_reached":23,"language":"ENG","playtime":2064,"items_purged":[],"score":292,"play_id":"7f32a6ba-7ba3-4bb7-a6e0-a45723bd7ae9","local_time":"20210211183838","is_ascension_mode":true,"campfire_choices":[{"floor":8,"key":"REST"}],"circlet_count":0,"master_deck":["PrismaMod:IllyaCommonAttack","PrismaMod:IllyaCommonDefend","PrismaMod:IllyaCommonAttack","PrismaMod:IllyaCommonDefend","PrismaMod:IllyaCommonAttack","PrismaMod:IllyaCommonDefend","PrismaMod:IllyaCommonAttack","PrismaMod:IllyaCommonDefend","PrismaMod:IllyaCommonAttack","PrismaMod:IllyaCommonDefend","PrismaMod:IllyaUncommonAttack","PrismaMod:IllyaUncommonDefend","PrismaMod:IllyaPoisonBomb","Injury","PrismaMod:IllyaCheapChannelPoison","PrismaMod:IllyaBlindPoisonToss","PrismaMod:IllyaPoisoningPhantasm","PrismaMod:IllyaCarnivalDefend","PrismaMod:IllyaInstallCaster","Discovery","PrismaMod:IllyaStunPoison","PrismaMod:IllyaAOECommonAttack","PrismaMod:IllyaCarnivalPrismaAstolfo","PrismaMod:IllyaPoisonBlock","PrismaMod:IllyaInstallMoonCancer","PrismaMod:IllyaGrailKun+1","PrismaMod:IllyaCheapChannelAttack","PrismaMod:IllyaGun","PrismaMod:IllyaPoisonTippedWeapons+1","Metamorphosis","PrismaMod:IllyaMinorRapidFire","PrismaMod:IllyaUberChannel","PrismaMod:IllyaSaphire"],"relics":["PrismaMod:PrismaRuby","aspiration:Nostalgia","infinitespire:DarkRift","Frozen Egg 2","SsserpentHead","hubris:OldNail","hubris:BottledRain","Art of War","infinitespire:PuzzleCube","energizedSpire:StickyHand"],"acts_visited":["Exordium","TheCity"],"potions_floor_usage":[16,16,16,23],"damage_taken":[{"damage":0,"enemies":"Cultist","floor":1,"turns":3},{"damage":0,"enemies":"conspire:RoseBush","floor":3,"turns":2},{"damage":24,"enemies":"Lagavulin","floor":6,"turns":7},{"damage":5,"enemies":"Jaw Worm","floor":7,"turns":4},{"damage":0,"enemies":"Blue Slaver","floor":10,"turns":2},{"damage":0,"enemies":"Gremlin Nob","floor":12,"turns":3},{"damage":6,"enemies":"Large Slime","floor":13,"turns":2},{"damage":2,"enemies":"conspire:MimicChest","floor":14,"turns":7},{"damage":0,"enemies":"Slime Boss","floor":16,"turns":8},{"damage":17,"enemies":"Chosen","floor":18,"turns":5},{"damage":11,"enemies":"3 Byrds","floor":20,"turns":6},{"damage":0,"enemies":"conspire:HollyBat","floor":21,"turns":6},{"damage":36,"enemies":"Centurion and Healer","floor":22,"turns":7},{"damage":36,"enemies":"Book of Stabbing","floor":23,"turns":6}],"seed_played":"5073684871716831941","potions_obtained":[{"floor":3,"key":"Block Potion"},{"floor":7,"key":"Dexterity Potion"},{"floor":12,"key":"Energy Potion"},{"floor":13,"key":"hexamod:SoulburnPotion"},{"floor":16,"key":"Swift Potion"},{"floor":21,"key":"Guardian:BlockOnCardUsePotion"},{"floor":22,"key":"Dexterity Potion"}],"is_trial":false,"path_per_floor":["M","?","M","?","?","E","M","R","T","M","$","E","M","?","R","B",null,"M","$","M","M","M","E"],"character_chosen":"ILLYA","items_purchased":["PrismaMod:IllyaInstallCaster","Discovery","PrismaMod:IllyaStunPoison","PrismaMod:IllyaPoisonTippedWeapons+1","Metamorphosis"],"campfire_rested":1,"item_purchase_floors":[11,11,11,19,19],"current_hp_per_floor":[75,75,75,75,75,51,46,68,68,68,68,68,62,62,62,64,77,60,60,59,59,34,0,0],"gold":88,"neow_bonus":"NOSTALGIA","is_daily":false,"chose_seed":false,"campfire_upgraded":0,"win_rate":0.0,"timestamp":1613021918,"path_taken":["M","?","M","?","?","E","?","R","T","M","$","E","M","?","R","BOSS","M","$","M","M","M","E"],"items_purchased_type":["Card","Card","Card","Card","Card"],"build_version":"2020-12-22","purchased_purges":0,"victory":false,"max_hp_per_floor":[75,75,75,75,75,75,75,75,75,75,75,75,75,75,75,77,77,77,77,77,77,79,79,79],"card_choices":[{"not_picked":["PrismaMod:IllyaSaphire","PrismaMod:IllyaFriendMaker"],"picked":"PrismaMod:IllyaPoisonBomb","floor":1},{"not_picked":["PrismaMod:IllyaMaid","PrismaMod:IllyaDevil"],"picked":"PrismaMod:IllyaCheapChannelPoison","floor":3},{"not_picked":["PrismaMod:IllyaStunPoison","PrismaMod:IllyaFeed"],"picked":"PrismaMod:IllyaBlindPoisonToss","floor":6},{"not_picked":["PrismaMod:IllyaAlice","PrismaMod:IllyaFriendMaker"],"picked":"PrismaMod:IllyaPoisoningPhantasm","floor":7},{"not_picked":["PrismaMod:IllyaGrail","PrismaMod:IllyaAOECommonAttack"],"picked":"PrismaMod:IllyaCarnivalDefend","floor":10},{"not_picked":["PrismaMod:IllyaCheapChannelAttack","PrismaMod:IllyaCheapChannelDefend"],"picked":"PrismaMod:IllyaAOECommonAttack","floor":12},{"not_picked":["PrismaMod:IllyaStunPoison","PrismaMod:IllyaGrailKun"],"picked":"PrismaMod:IllyaCarnivalPrismaAstolfo","floor":13},{"not_picked":["PrismaMod:IllyaCheapChannelPoison","PrismaMod:IllyaCommandSeal"],"picked":"PrismaMod:IllyaPoisonBlock","floor":14},{"not_picked":["PrismaMod:IllyaCarnivalOrbs","PrismaMod:IllyaInstallAssassin"],"picked":"PrismaMod:IllyaInstallMoonCancer","floor":16},{"not_picked":["PrismaMod:IllyaCheapChannelAttack","PrismaMod:IllyaGun"],"picked":"PrismaMod:IllyaGrailKun+1","floor":18},{"not_picked":["PrismaMod:IllyaMinorRapidFire","PrismaMod:IllyaSaphire"],"picked":"PrismaMod:IllyaUberChannel","floor":20},{"not_picked":["PrismaMod:IllyaCheapAttack","PrismaMod:IllyaCommonEvoke","PrismaMod:IllyaUncommonDefend"],"picked":"SKIP","floor":21},{"not_picked":["PrismaMod:IllyaBlindPoisonToss","PrismaMod:IllyaGrailKun","PrismaMod:IllyaPartialInstallAssassin"],"picked":"SKIP","floor":22}],"player_experience":836335,"relics_obtained":[{"floor":6,"key":"hubris:OldNail"},{"floor":9,"key":"hubris:BottledRain"},{"floor":12,"key":"Art of War"},{"floor":14,"key":"infinitespire:PuzzleCube"}],"event_choices":[{"damage_healed":0,"gold_gain":0,"player_choice":"Disagree","damage_taken":0,"max_hp_gain":0,"max_hp_loss":0,"event_name":"conspire:LoneGhost","floor":4,"gold_loss":0},{"damage_healed":0,"gold_gain":0,"player_choice":"Trade","damage_taken":0,"relics_obtained":["SsserpentHead"],"max_hp_gain":0,"max_hp_loss":0,"event_name":"FaceTrader","floor":5,"gold_loss":0}],"is_beta":false,"boss_relics":[{"not_picked":["Pandora\u0027s Box","aspiration:RitualDagger"],"picked":"energizedSpire:StickyHand"}],"items_purged_floors":[],"is_endless":false,"potions_floor_spawned":[3,7,12,13,16,21,22],"killed_by":"Book of Stabbing","ascension_level":1}}