{"host":"jbubmcmth9zhx5x0","time":1613066569,"event":{"mods":["BaseMod","Minty Spire (QoL Compilation)","StSLib","The Construct","Wandering Minibosses"],"gold_per_floor":[109,109,125,145,160,189,209,209,262,262,262],"floor_reached":10,"language":"ENG","playtime":721,"items_purged":[],"score":74,"play_id":"1ea13bb1-5a72-4c20-b73e-bb234e9db96c","local_time":"20210211190249","is_ascension_mode":true,"campfire_choices":[{"data":"construct:HammerDown","floor":8,"key":"SMITH"}],"circlet_count":0,"master_deck":["construct:Strike_Gold","construct:Strike_Gold","construct:Strike_Gold","construct:Strike_Gold","construct:Strike_Gold+1","construct:Defend_Gold","construct:Defend_Gold","construct:Defend_Gold","construct:Defend_Gold","construct:Defend_Gold","construct:AttackMode","construct:DefenseMode","construct:HammerDown+2"],"relics":["construct:ClockworkPhoenix","Potion Belt","Kunai","Whetstone"],"acts_visited":["Exordium"],"potions_floor_usage":[5,5,7],"damage_taken":[{"damage":0,"enemies":"2 Louse","floor":1,"turns":4},{"damage":10,"enemies":"Jaw Worm","floor":3,"turns":5},{"damage":2,"enemies":"Small Slimes","floor":4,"turns":5},{"damage":21,"enemies":"Looter","floor":5,"turns":6},{"damage":36,"enemies":"Lagavulin","floor":6,"turns":7},{"damage":2,"enemies":"2 Fungi Beasts","floor":7,"turns":3},{"damage":23,"enemies":"3 Sentries","floor":10,"turns":4}],"seed_played":"226981258774212454","potions_obtained":[{"floor":1,"key":"Strength Potion"},{"floor":4,"key":"Strength Potion"},{"floor":6,"key":"FearPotion"}],"is_trial":false,"path_per_floor":["M","?","M","M","M","E","M","R","T","E"],"character_chosen":"THE_CONSTRUCT_MOD","items_purchased":[],"campfire_rested":0,"item_purchase_floors":[],"current_hp_per_floor":[85,90,80,78,57,21,19,19,19,0,0],"gold":262,"neow_bonus":"RANDOM_COMMON_RELIC","is_daily":false,"chose_seed":false,"campfire_upgraded":1,"win_rate":0.0,"timestamp":1613066569,"path_taken":["M","?","M","M","M","E","M","R","T","E"],"items_purchased_type":[],"build_version":"2020-12-22","purchased_purges":0,"victory":false,"max_hp_per_floor":[85,90,90,90,90,90,90,90,90,90,90],"card_choices":[{"not_picked":["construct:Construct_Overclock","construct:FlakBarrage","construct:ScopeCore"],"picked":"SKIP","floor":1},{"not_picked":["construct:FlakBarrage","construct:ShiftStrike","construct:Zapper"],"picked":"SKIP","floor":3},{"not_picked":["construct:Failsafe","construct:Backfire","construct:ClusterMines"],"picked":"SKIP","floor":4},{"not_picked":["construct:SyphonStrike","construct:GuardCore","construct:OneWayMirror"],"picked":"SKIP","floor":5},{"not_picked":["construct:ScrapCannon","construct:CreateCores"],"picked":"construct:HammerDown","floor":6},{"not_picked":["construct:Zapper","construct:Backfire","construct:FlameCore"],"picked":"SKIP","floor":7}],"player_experience":362023,"relics_obtained":[{"floor":6,"key":"Kunai"},{"floor":9,"key":"Whetstone"}],"event_choices":[{"damage_healed":0,"gold_gain":0,"player_choice":"Donut","damage_taken":0,"max_hp_gain":5,"max_hp_loss":0,"event_name":"Big Fish","floor":2,"gold_loss":0}],"is_beta":false,"boss_relics":[],"items_purged_floors":[],"is_endless":false,"potions_floor_spawned":[1,4,6],"killed_by":"3 Sentries","ascension_level":1}}