{"host":"Jinnai","time":1613051748,"event":{"mods":["BaseMod","Block Reminder","Colored Map","Colored Powertips","Curses Come First","Highlight Path","Minty Spire (QoL Compilation)","Permanent Neow","Potion Indicator Mod","Quick Restart","Relic Stats","StSLib","ojb\u0027s Info Mod"],"gold_per_floor":[117,130,143,68,68,68,86,111,111,111,30,55,55,71,71,147,147,161,174,99,112,126,126,160,75,129,169,213,254,254,304,304,384,384,409,429,438,30,49,91,91,116,116,152,152,152,152,52,52,52,52,52],"floor_reached":51,"language":"ENG","playtime":2212,"items_purged":["Strike_R","Defend_R"],"score":1648,"play_id":"3f15ea1e-a7ca-4523-9d00-f2a5ddc87bdd","local_time":"20210211085548","is_ascension_mode":true,"campfire_choices":[{"data":"1","floor":6.0,"key":"LIFT"},{"floor":10.0,"key":"REST"},{"data":"2","floor":13.0,"key":"LIFT"},{"data":"3","floor":15.0,"key":"LIFT"},{"data":"Limit Break","floor":23.0,"key":"SMITH"},{"data":"True Grit","floor":30.0,"key":"SMITH"},{"data":"Sword Boomerang","floor":32.0,"key":"SMITH"},{"data":"Uppercut","floor":41,"key":"SMITH"},{"floor":45,"key":"RECALL"},{"data":"Flex","floor":47,"key":"SMITH"},{"data":"Sword Boomerang","floor":49,"key":"SMITH"}],"circlet_count":0,"master_deck":["AscendersBane","Strike_R","Strike_R","Strike_R","Defend_R","Defend_R","Bash","CurseOfTheBell","Limit Break+1","Sword Boomerang+1","Power Through","Battle Trance","Uppercut+1","Immolate","Flex+1","Reaper","Burning Pact","Shockwave","Rupture+1","Shrug It Off","Shrug It Off","Second Wind","Pummel","True Grit+1","Fiend Fire","Sword Boomerang+1","Second Wind","Writhe","Pommel Strike+1","Headbutt+1","Pummel+1"],"relics":["Calling Bell","Vajra","Blue Candle","Girya","Orichalcum","Regal Pillow","Bottled Lightning","Snecko Eye","CeramicFish","Du-Vu Doll","Toy Ornithopter","Meat on the Bone","Red Mask","Boot","Coffee Dripper","Bag of Preparation","Ancient Tea Set","PreservedInsect","Molten Egg 2","Self Forming Clay"],"acts_visited":["TheBeyond"],"potions_floor_usage":[],"damage_taken":[{"damage":17.0,"enemies":"Jaw Worm","floor":1.0,"turns":4.0},{"damage":10.0,"enemies":"Small Slimes","floor":2.0,"turns":3.0},{"damage":1.0,"enemies":"2 Louse","floor":3.0,"turns":4.0},{"damage":1.0,"enemies":"2 Fungi Beasts","floor":7.0,"turns":3.0},{"damage":21.0,"enemies":"3 Sentries","floor":8.0,"turns":8.0},{"damage":14.0,"enemies":"Lagavulin","floor":12.0,"turns":4.0},{"damage":0.0,"enemies":"Large Slime","floor":14.0,"turns":3.0},{"damage":15.0,"enemies":"The Guardian","floor":16.0,"turns":6.0},{"damage":14.0,"enemies":"3 Byrds","floor":18.0,"turns":4.0},{"damage":2.0,"enemies":"Shell Parasite","floor":19.0,"turns":2.0},{"damage":18.0,"enemies":"Snake Plant","floor":21.0,"turns":3.0},{"damage":20.0,"enemies":"Shelled Parasite and Fungi","floor":22.0,"turns":3.0},{"damage":29.0,"enemies":"Book of Stabbing","floor":24.0,"turns":4.0},{"damage":7.0,"enemies":"Gremlin Leader","floor":27.0,"turns":3.0},{"damage":0.0,"enemies":"Masked Bandits","floor":28.0,"turns":2.0},{"damage":0.0,"enemies":"Slavers","floor":29.0,"turns":2.0},{"damage":42.0,"enemies":"Champ","floor":33.0,"turns":9.0},{"damage":2,"enemies":"Orb Walker","floor":35,"turns":2},{"damage":14,"enemies":"3 Shapes","floor":36,"turns":2},{"damage":25,"enemies":"Jaw Worm Horde","floor":39,"turns":3},{"damage":13,"enemies":"Giant Head","floor":40,"turns":5},{"damage":1,"enemies":"Nemesis","floor":42,"turns":3},{"damage":1,"enemies":"Reptomancer","floor":44,"turns":3},{"damage":56,"enemies":"Awakened One","floor":50,"turns":4},{"damage":33,"enemies":"Donu and Deca","floor":51,"turns":3}],"seed_played":"486901918548769121","potions_obtained":[{"floor":2.0,"key":"Strength Potion"},{"floor":7.0,"key":"GamblersBrew"},{"floor":12.0,"key":"Fire Potion"},{"floor":14.0,"key":"DuplicationPotion"},{"floor":18.0,"key":"SkillPotion"},{"floor":33.0,"key":"Ancient Potion"},{"floor":35,"key":"LiquidBronze"}],"is_trial":false,"path_per_floor":["M","M","M","?","?","R","M","E","T","R","$","E","R","M","R","B",null,"M","M","?","M","M","R","E","?","T","E","?","E","R","?","R","B",null,"M","M","?","$","M","E","R","E","T","E","R","?","R","$","R","B","B"],"character_chosen":"IRONCLAD","items_purchased":["Fire Breathing","Bag of Preparation","Ancient Tea Set"],"campfire_rested":1,"item_purchase_floors":[11,38,38],"current_hp_per_floor":[51,41,40,40,40,40,39,18,18,55,55,41,41,41,41,26,63,61,75,75,57,37,37,20,20,20,48,48,53,53,53,53,47,68,66,52,67,67,51,75,75,75,75,74,74,74,74,74,74,32,0,0],"gold":52,"neow_bonus":"BOSS_RELIC","is_daily":false,"chose_seed":false,"campfire_upgraded":6,"win_rate":0.0,"timestamp":1613051748,"path_taken":["M","M","M","?","?","R","M","E","T","R","?","E","R","?","R","BOSS","M","M","?","M","M","R","E","?","T","E","?","E","R","?","R","BOSS","M","M","?","$","M","E","R","E","T","E","R","?","R","$","R","BOSS","BOSS"],"items_purchased_type":["Card","Relic","Relic"],"build_version":"2020-12-18","purchased_purges":2,"victory":false,"max_hp_per_floor":[75,75,75,75,75,75,75,75,75,75,75,75,75,75,75,75,75,75,75,75,75,75,75,75,75,75,75,75,75,75,75,75,75,75,75,75,75,75,75,75,75,75,75,75,75,75,75,75,75,75,75,75],"relic_stats":{"Regal Pillow":0,"counters":[8,25],"Self Forming Clay":[24],"Blue Candle":[7],"CeramicFish":54,"PreservedInsect":111,"Bag of Preparation":[12],"Orichalcum":[24],"Boot":[16],"Snecko Eye":[52,51,50,43],"obtain_stats":[{"Girya":0,"Regal Pillow":0,"Self Forming Clay":44,"Blue Candle":0,"CeramicFish":0,"Vajra":0,"PreservedInsect":40,"Bag of Preparation":38,"Orichalcum":0,"Boot":0,"Ancient Tea Set":38,"Calling Bell":0,"Du-Vu Doll":0,"Snecko Eye":0,"Molten Egg 2":42,"Red Mask":0,"Coffee Dripper":34,"Bottled Lightning":0,"Toy Ornithopter":0,"Meat on the Bone":0},{"Girya":0,"Regal Pillow":0,"Self Forming Clay":6,"Blue Candle":0,"CeramicFish":0,"Vajra":0,"PreservedInsect":4,"Bag of Preparation":2,"Orichalcum":0,"Boot":0,"Ancient Tea Set":2,"Calling Bell":0,"Du-Vu Doll":0,"Snecko Eye":0,"Molten Egg 2":5,"Red Mask":0,"Coffee Dripper":0,"Bottled Lightning":0,"Toy Ornithopter":0,"Meat on the Bone":0},{"Girya":0,"Regal Pillow":0,"Self Forming Clay":18,"Blue Candle":0,"CeramicFish":0,"Vajra":0,"PreservedInsect":12,"Bag of Preparation":4,"Orichalcum":0,"Boot":0,"Ancient Tea Set":4,"Calling Bell":0,"Du-Vu Doll":0,"Snecko Eye":0,"Molten Egg 2":15,"Red Mask":0,"Coffee Dripper":0,"Bottled Lightning":0,"Toy Ornithopter":0,"Meat on the Bone":0}],"Toy Ornithopter":0,"Meat on the Bone":12},"card_choices":[{"not_picked":["Flex","Clothesline"],"picked":"Limit Break","floor":1.0},{"not_picked":["Heavy Blade","Spot Weakness"],"picked":"Sword Boomerang","floor":2.0},{"not_picked":["Blood for Blood","Clash"],"picked":"Power Through","floor":3.0},{"not_picked":["Twin Strike","Hemokinesis"],"picked":"Battle Trance","floor":7.0},{"not_picked":["Flame Barrier","Havoc"],"picked":"Uppercut","floor":8.0},{"not_picked":["Dark Embrace","Havoc"],"picked":"Immolate","floor":12.0},{"not_picked":["Cleave","Carnage"],"picked":"Flex","floor":14.0},{"not_picked":["Impervious","Bludgeon"],"picked":"Reaper","floor":16.0},{"not_picked":["Wild Strike+1","Seeing Red"],"picked":"Burning Pact","floor":18.0},{"not_picked":["Flex","Body Slam"],"picked":"Shockwave","floor":19.0},{"not_picked":["True Grit","Twin Strike"],"picked":"Rupture+1","floor":21.0},{"not_picked":["Perfected Strike","Berserk"],"picked":"Shrug It Off","floor":22.0},{"not_picked":["Anger","Pummel"],"picked":"Shrug It Off","floor":24.0},{"not_picked":["Uppercut","Carnage"],"picked":"Second Wind","floor":27.0},{"not_picked":["Body Slam","Perfected Strike"],"picked":"Pummel","floor":28.0},{"not_picked":["Clothesline","Brutality"],"picked":"True Grit","floor":29.0},{"not_picked":["Brutality","Exhume"],"picked":"Fiend Fire","floor":33.0},{"not_picked":["Iron Wave","Twin Strike"],"picked":"Sword Boomerang","floor":35},{"not_picked":["Sever Soul","Bloodletting"],"picked":"Second Wind","floor":36},{"not_picked":["Havoc","Searing Blow"],"picked":"Pommel Strike+1","floor":39},{"not_picked":["Havoc","Spot Weakness"],"picked":"Headbutt+1","floor":40},{"not_picked":["Reckless Charge+1","Burning Pact+1","Dropkick+1"],"picked":"SKIP","floor":42},{"not_picked":["Rupture","Twin Strike+1"],"picked":"Pummel+1","floor":44}],"player_experience":1718425,"relics_obtained":[{"floor":0.0,"key":"Vajra"},{"floor":0.0,"key":"Blue Candle"},{"floor":0.0,"key":"Girya"},{"floor":8.0,"key":"Orichalcum"},{"floor":9.0,"key":"Regal Pillow"},{"floor":12.0,"key":"Bottled Lightning"},{"floor":24.0,"key":"CeramicFish"},{"floor":26.0,"key":"Toy Ornithopter"},{"floor":27.0,"key":"Meat on the Bone"},{"floor":28.0,"key":"Red Mask"},{"floor":29.0,"key":"Boot"},{"floor":40,"key":"PreservedInsect"},{"floor":42,"key":"Molten Egg 2"},{"floor":44,"key":"Self Forming Clay"}],"event_choices":[{"cards_removed":["Defend_R"],"damage_healed":0.0,"max_hp_gain":0.0,"max_hp_loss":0.0,"gold_gain":0.0,"event_name":"The Cleric","player_choice":"Card Removal","floor":4.0,"gold_loss":75.0,"damage_taken":0.0},{"damage_healed":0.0,"max_hp_gain":0.0,"max_hp_loss":0.0,"gold_gain":0.0,"event_name":"Liars Game","player_choice":"Ignored","floor":5.0,"gold_loss":0.0,"damage_taken":0.0},{"cards_removed":["Strike_R"],"damage_healed":0.0,"max_hp_gain":0.0,"max_hp_loss":0.0,"gold_gain":0.0,"event_name":"Beggar","player_choice":"Gave Gold","floor":20.0,"gold_loss":75.0,"damage_taken":0.0},{"damage_healed":0.0,"max_hp_gain":0.0,"max_hp_loss":0.0,"gold_gain":0.0,"event_name":"Addict","player_choice":"Obtained Relic","floor":25.0,"gold_loss":85.0,"damage_taken":0.0,"relics_obtained":["Du-Vu Doll"]},{"damage_healed":0.0,"max_hp_gain":0.0,"max_hp_loss":0.0,"gold_gain":0.0,"event_name":"Masked Bandits","player_choice":"Fought Bandits","floor":28.0,"gold_loss":0.0,"damage_taken":0.0},{"damage_healed":0.0,"max_hp_gain":0.0,"max_hp_loss":0.0,"gold_gain":50.0,"event_name":"Nest","player_choice":"Stole From Cult","floor":31.0,"gold_loss":0.0,"damage_taken":0.0},{"damage_healed":15,"gold_gain":0,"player_choice":"Writhe","damage_taken":0,"max_hp_gain":0,"max_hp_loss":0,"event_name":"Winding Halls","floor":37,"gold_loss":0,"cards_obtained":["Writhe"]},{"cards_removed":["Fire Breathing"],"damage_healed":0,"gold_gain":0,"player_choice":"Removed Power","damage_taken":0,"max_hp_gain":0,"max_hp_loss":0,"event_name":"Falling","floor":46,"gold_loss":0}],"is_beta":true,"boss_relics":[{"not_picked":["Pandora\u0027s Box","Philosopher\u0027s Stone"],"picked":"Snecko Eye"},{"not_picked":["Tiny House","Velvet Choker"],"picked":"Coffee Dripper"}],"items_purged_floors":[38,48],"is_endless":false,"potions_floor_spawned":[2,7,12,14,18,19,21,33,35,42,44],"killed_by":"Donu and Deca","ascension_level":20}}