{"host":"vlqej45p0v31lhdi","time":1613026202,"event":{"mods":["AchievementEnabler","BaseMod","Bestiary","Colored Powertips","Minty Spire (QoL Compilation)","Relic Stats"],"gold_per_floor":[116,132,132,132,60,60,74,74,74,94,109,123,123,138,138,215,215,215,227,110,161,173,173,173,173,173,173,65,65,65,65],"floor_reached":30,"language":"ENG","playtime":2395,"items_purged":["Strike_R"],"score":385,"play_id":"d75abc57-8140-43c7-a9d9-42482e541b9a","local_time":"20210211005002","is_ascension_mode":true,"campfire_choices":[{"data":"Mayhem","floor":6.0,"key":"SMITH"},{"data":"Uppercut","floor":8.0,"key":"SMITH"},{"floor":13.0,"key":"REST"},{"data":"Flame Barrier","floor":15.0,"key":"SMITH"},{"data":"Barricade","floor":23.0,"key":"SMITH"},{"floor":25.0,"key":"REST"},{"data":"Entrench","floor":27.0,"key":"SMITH"}],"circlet_count":0,"master_deck":["AscendersBane","Strike_R","Strike_R","Strike_R","Strike_R+1","Defend_R+1","Defend_R","Defend_R","Defend_R","Bash","Mayhem+1","Cleave","Uppercut+1","Bash","Blood for Blood","Thunderclap","Flame Barrier+1","Demon Form","Barricade+1","Entrench+1","Power Through","Burning Pact","Sentinel+1","Second Wind"],"relics":["Burning Blood","Philosopher\u0027s Stone","Nunchaku","Nilry\u0027s Codex","Ornamental Fan"],"acts_visited":["Exordium","TheCity"],"potions_floor_usage":[30],"damage_taken":[{"damage":8.0,"enemies":"Jaw Worm","floor":1.0,"turns":5.0},{"damage":4.0,"enemies":"2 Louse","floor":2.0,"turns":2.0},{"damage":0.0,"enemies":"Cultist","floor":7.0,"turns":3.0},{"damage":20.0,"enemies":"Lots of Slimes","floor":10.0,"turns":4.0},{"damage":3.0,"enemies":"2 Fungi Beasts","floor":11.0,"turns":3.0},{"damage":3.0,"enemies":"Looter","floor":12.0,"turns":3.0},{"damage":34.0,"enemies":"Exordium Thugs","floor":14.0,"turns":4.0},{"damage":30.0,"enemies":"The Guardian","floor":16.0,"turns":8.0},{"damage":0.0,"enemies":"2 Thieves","floor":18.0,"turns":1.0},{"damage":22.0,"enemies":"Shell Parasite","floor":19.0,"turns":5.0},{"damage":20.0,"enemies":"Centurion and Healer","floor":22.0,"turns":8.0},{"damage":37,"enemies":"Cultist and Chosen","floor":30,"turns":4}],"seed_played":"-4992743706040197997","potions_obtained":[{"floor":1.0,"key":"SpeedPotion"},{"floor":7.0,"key":"Swift Potion"},{"floor":14.0,"key":"SmokeBomb"},{"floor":22.0,"key":"CultistPotion"}],"is_trial":false,"path_per_floor":["M","M","?","?","$","R","M","R","T","M","M","M","R","M","R","B",null,"M","M","$","T","M","R","?","R","T","R","$","?","M"],"character_chosen":"IRONCLAD","items_purchased":["Blood for Blood","Power Through","Burning Pact","Second Wind"],"campfire_rested":2,"item_purchase_floors":[5,20,20,28],"current_hp_per_floor":[66,68,48,48,48,48,54,54,54,40,43,46,66,38,38,14,55,61,45,45,45,31,31,10,30,30,30,30,11,0,0],"gold":65,"neow_bonus":"RANDOM_COLORLESS_2","is_daily":false,"chose_seed":false,"campfire_upgraded":5,"win_rate":0.0,"timestamp":1613026202,"path_taken":["M","M","?","?","$","R","M","R","T","?","M","M","R","M","R","BOSS","M","M","$","?","M","R","?","R","T","R","$","?","?"],"items_purchased_type":["Card","Card","Card","Card"],"build_version":"2020-12-22","purchased_purges":1,"victory":false,"max_hp_per_floor":[68,68,68,68,68,68,68,68,68,68,68,68,68,68,68,68,68,68,68,68,68,68,68,68,68,68,68,68,73,73,73],"relic_stats":{"Nunchaku":[1],"counters":[12,50],"Ornamental Fan":[0],"obtain_stats":[{"Nunchaku":21,"Nilry\u0027s Codex":24,"Ornamental Fan":26,"Philosopher\u0027s Stone":17,"Burning Blood":0},{"Nunchaku":10,"Nilry\u0027s Codex":11,"Ornamental Fan":11,"Philosopher\u0027s Stone":8,"Burning Blood":0},{"Nunchaku":38,"Nilry\u0027s Codex":46,"Ornamental Fan":46,"Philosopher\u0027s Stone":32,"Burning Blood":0}],"Burning Blood":66},"card_choices":[{"not_picked":["Metamorphosis","Magnetism"],"picked":"Mayhem","floor":0.0},{"not_picked":["Headbutt","Clothesline"],"picked":"Cleave","floor":1.0},{"not_picked":["Headbutt","Armaments"],"picked":"Uppercut","floor":2.0},{"not_picked":["Clash","Sword Boomerang"],"picked":"Thunderclap","floor":7.0},{"not_picked":["Clothesline","Intimidate"],"picked":"Flame Barrier","floor":10.0},{"not_picked":["Wild Strike","Headbutt","Anger"],"picked":"SKIP","floor":11.0},{"not_picked":["Clothesline","Perfected Strike","Body Slam"],"picked":"SKIP","floor":12.0},{"not_picked":["Headbutt","Wild Strike"],"picked":"Demon Form","floor":14.0},{"not_picked":["Bludgeon","Brutality"],"picked":"Barricade","floor":16.0},{"not_picked":["Body Slam","Perfected Strike"],"picked":"Entrench","floor":19.0},{"not_picked":["Twin Strike","Body Slam"],"picked":"Sentinel+1","floor":22.0}],"player_experience":2608052,"relics_obtained":[{"floor":21.0,"key":"Nunchaku"},{"floor":24.0,"key":"Nilry\u0027s Codex"},{"floor":26.0,"key":"Ornamental Fan"}],"event_choices":[{"damage_healed":0.0,"max_hp_gain":0.0,"max_hp_loss":0.0,"gold_gain":0.0,"event_name":"Shining Light","player_choice":"Entered Light","floor":3.0,"gold_loss":0.0,"damage_taken":20.0,"cards_upgraded":["Strike_R","Defend_R"]},{"damage_healed":0.0,"max_hp_gain":0.0,"max_hp_loss":0.0,"gold_gain":0.0,"event_name":"Match and Keep!","player_choice":"1 cards matched","floor":4.0,"gold_loss":0.0,"damage_taken":0.0,"cards_obtained":["Bash"]},{"damage_healed":0.0,"max_hp_gain":0.0,"max_hp_loss":0.0,"gold_gain":0.0,"event_name":"Match and Keep!","player_choice":"1 cards matched","floor":4.0,"gold_loss":0.0,"damage_taken":0.0,"cards_obtained":["Bash"]},{"damage_healed":0.0,"max_hp_gain":0.0,"max_hp_loss":0.0,"gold_gain":0.0,"event_name":"Cursed Tome","player_choice":"Obtained Book","floor":24.0,"gold_loss":0.0,"damage_taken":21.0},{"damage_healed":0.0,"max_hp_gain":5.0,"max_hp_loss":0.0,"gold_gain":0.0,"event_name":"Forgotten Altar","player_choice":"Shed Blood","floor":29.0,"gold_loss":0.0,"damage_taken":24.0}],"is_beta":false,"boss_relics":[{"not_picked":["Calling Bell","Busted Crown"],"picked":"Philosopher\u0027s Stone"}],"items_purged_floors":[28],"is_endless":false,"potions_floor_spawned":[1,7,14,22],"killed_by":"Cultist and Chosen","ascension_level":15}}