{"host":"kfd0jpqqxt101ydt","time":1613084489,"event":{"mods":["BaseMod","Downfall","Googly Eyes","Highlight Path","Minty Spire (QoL Compilation)","StSLib"],"gold_per_floor":[99,99,99,99,199,230,230,248,5,5,22,48,48,48,60,156,156,156,173,82,182,197,197,197,197],"floor_reached":23,"language":"ENG","playtime":844,"items_purged":[],"score":224,"play_id":"28e63f55-3f46-4857-b4cc-5ba5d141c48b","local_time":"20210212010129","is_ascension_mode":true,"campfire_choices":[{"data":"Slimebound:Split","floor":1,"key":"SMITH"},{"data":"Slimebound:MegaLick","floor":10,"key":"SMITH"},{"floor":13,"key":"REST"},{"data":"Slimebound:Strike_Slimebound","floor":18,"key":"PURGE"}],"circlet_count":0,"master_deck":["Slimebound:Strike_Slimebound","Slimebound:Tackle","Slimebound:Defend_Slimebound","Slimebound:Defend_Slimebound","Slimebound:Defend_Slimebound","Slimebound:Defend_Slimebound","Slimebound:Split+1","Slimebound:CorrosiveSpit","Slimebound:Schlurp+1","Slimebound:SplitMire","Slimebound:Darklings","Slimebound:Repurpose","Slimebound:MegaLick+1","Slimebound:SplitAcid","Slimebound:Darklings","Slimebound:Recycling","Slimebound:Schlurp","Slimebound:Overexert","Slimebound:SplitLeeching+1"],"relics":["Slimebound:AbsorbEndCombat","downfall:HeartsMalice","WarpedTongs","Slimebound:AggressiveSlimeRelic","Mango","Membership Card","Boot","Slimebound:ScrapOozeRelic","bronze:MakeshiftBattery","Slimebound:SelfDamagePreventRelic","Potion Belt"],"acts_visited":["Exordium","TheCity"],"potions_floor_usage":[12,16,23],"damage_taken":[{"damage":0,"enemies":"2 Louse","floor":2,"turns":1},{"damage":0,"enemies":"Cultist","floor":4,"turns":1},{"damage":0,"enemies":"downfall:Heads","floor":5,"turns":1},{"damage":33,"enemies":"3 Sentries","floor":6,"turns":7},{"damage":3,"enemies":"Small Slimes","floor":8,"turns":3},{"damage":6,"enemies":"downfall:FleeingMerchant","floor":9,"turns":4},{"damage":4,"enemies":"3 Louse","floor":11,"turns":2},{"damage":26,"enemies":"Gremlin Nob","floor":12,"turns":4},{"damage":8,"enemies":"Exordium Thugs","floor":15,"turns":2},{"damage":40,"enemies":"IC_STATUS_ARCHETYPE","floor":16,"turns":5},{"damage":13,"enemies":"Shell Parasite","floor":19,"turns":3},{"damage":12,"enemies":"downfall:FleeingMerchant","floor":20,"turns":4},{"damage":54,"enemies":"downfall:LadyInBlue","floor":21,"turns":12},{"damage":0,"enemies":"Spheric Guardian","floor":22,"turns":3},{"damage":21,"enemies":"Snake Plant","floor":23,"turns":2}],"seed_played":"7910220400081014252","potions_obtained":[{"floor":8,"key":"Swift Potion"},{"floor":11,"key":"SkillPotion"},{"floor":12,"key":"Fire Potion"},{"floor":15,"key":"Slimebound:SpawnSlimePotion"},{"floor":16,"key":"Guardian:BlockOnCardUsePotion"},{"floor":21,"key":"Slimebound:SpawnSlimePotion"},{"floor":21,"key":"GamblersBrew"},{"floor":21,"key":"GamblersBrew"},{"floor":21,"key":"Slimebound:SpawnSlimePotion"}],"is_trial":false,"path_per_floor":["R","M","?","M","?","E","T","M","$","R","M","E","R","?","M","B",null,"R","M","$","?","M","M"],"character_chosen":"SLIMEBOUND","items_purchased":["Membership Card","Boot","Slimebound:SelfDamagePreventRelic"],"campfire_rested":1,"item_purchase_floors":[9,9,20],"current_hp_per_floor":[65,65,65,65,65,38,52,51,51,51,49,25,48,48,44,8,79,79,68,62,16,18,0,0,0],"gold":197,"neow_bonus":"THREE_ENEMY_KILL","is_daily":false,"chose_seed":false,"campfire_upgraded":2,"win_rate":0.0,"timestamp":1613084489,"path_taken":["R","M","?","?","?","E","T","M","$","R","M","E","R","?","M","BOSS","R","M","$","?","M","?"],"items_purchased_type":["Relic","Relic","Relic"],"build_version":"2020-12-22","purchased_purges":0,"victory":false,"max_hp_per_floor":[65,65,65,65,65,65,79,79,79,79,79,79,79,79,79,79,79,79,79,79,79,79,79,79,79],"card_choices":[{"not_picked":["Slimebound:SlimeBarrage","Slimebound:AcidTongue"],"picked":"Slimebound:Schlurp","floor":2},{"not_picked":["Slimebound:LeechEnergy","Slimebound:FinishingTackle"],"picked":"Slimebound:SplitMire","floor":4},{"not_picked":["Slimebound:SplitBruiser","Slimebound:GoopSpray"],"picked":"Slimebound:Repurpose","floor":5},{"not_picked":["Slimebound:TongueLash","Slimebound:RainOfGoop"],"picked":"Slimebound:MegaLick","floor":6},{"not_picked":["Slimebound:SamplingLick","Slimebound:LeechingTouch","Slimebound:LivingWall"],"picked":"SKIP","floor":8},{"not_picked":["Slimebound:HauntingLick","Slimebound:RollThrough"],"picked":"Slimebound:SplitAcid","floor":9},{"not_picked":["Slimebound:SplitBruiser","Slimebound:PressTheAttack"],"picked":"Slimebound:Darklings","floor":11},{"not_picked":["Slimebound:HauntingLick","Slimebound:SpikyOuterGoop","Slimebound:Gluttony"],"picked":"SKIP","floor":12},{"not_picked":["Slimebound:SplitSpecialist","Slimebound:Prepare","Slimebound:SlimeSpikes"],"picked":"SKIP","floor":15},{"not_picked":["Slimebound:PrepareCrush","Slimebound:SlimeSlap"],"picked":"Slimebound:Recycling","floor":16},{"not_picked":["Slimebound:LivingWall","Slimebound:Replication"],"picked":"Slimebound:Schlurp","floor":19},{"not_picked":["Slimebound:MegaLick","Slimebound:RollThrough+1","Slimebound:SplitAcid"],"picked":"SKIP","floor":20},{"not_picked":["Slimebound:LivingWall","Slimebound:SplitBruiser"],"picked":"Slimebound:Overexert","floor":21},{"not_picked":["Slimebound:SplitAcid","Slimebound:SlimeSpikes"],"picked":"Slimebound:SplitLeeching+1","floor":22}],"player_experience":34813,"relics_obtained":[{"floor":6,"key":"Slimebound:AggressiveSlimeRelic"},{"floor":7,"key":"Mango"},{"floor":12,"key":"Pen Nib"},{"floor":21,"key":"Potion Belt"}],"event_choices":[{"damage_healed":0,"gold_gain":0,"player_choice":"Rummage","damage_taken":0,"relics_obtained":["WarpedTongs"],"max_hp_gain":0,"max_hp_loss":0,"event_name":"Accursed Blacksmith","floor":3,"gold_loss":0,"cards_obtained":["Pain"]}],"is_beta":false,"boss_relics":[{"not_picked":["Snecko Eye","Astrolabe"],"picked":"bronze:MakeshiftBattery"}],"items_purged_floors":[],"is_endless":false,"potions_floor_spawned":[8,11,12,15,16,19,21,22],"killed_by":"Snake Plant","ascension_level":3}}