{"host":"pke0xxyzw0teju56","time":1613078220,"event":{"mods":["BaseMod","Bestiary","Colored Powertips","Highlight Path","Minty Spire (QoL Compilation)","Relic Stats","Slay the Relics Exporter","StSLib","ojb\u0027s Info Mod"],"gold_per_floor":[112,112,187,167,182,214,225,225,225,289,316,330,346,357,357,435,435,452,452,467,467,467,467,500,500,500,500,511,523,534,561,561,561,561],"floor_reached":33,"language":"ENG","playtime":939,"items_purged":[],"score":604,"play_id":"a1e63875-1dae-482e-9aeb-8d18a134338b","local_time":"20210211161700","is_ascension_mode":true,"campfire_choices":[{"data":"Whirlwind","floor":15.0,"key":"SMITH"},{"data":"RitualDagger","floor":23.0,"key":"SMITH"},{"floor":25.0,"key":"REST"},{"data":"Feel No Pain","floor":27.0,"key":"SMITH"},{"floor":32,"key":"REST"}],"circlet_count":0,"master_deck":["AscendersBane","Strike_R","Strike_R","Strike_R","Strike_R","Strike_R","Defend_R","Defend_R","Defend_R","Defend_R","Bash","Spot Weakness+1","Sword Boomerang","Whirlwind+1","Clothesline","Shockwave","Disarm","Shrug It Off","Twin Strike","Impervious","Dark Embrace+1","RitualDagger+1","Decay","Feel No Pain+1","True Grit"],"relics":["Burning Blood","NeowsBlessing","MealTicket","Sundial","StrikeDummy","Smiling Mask","Ginger","Runic Pyramid","Gambling Chip","Ancient Tea Set","The Courier","Red Mask"],"acts_visited":["Exordium","TheCity"],"potions_floor_usage":[30,31,33],"damage_taken":[{"damage":0.0,"enemies":"Small Slimes","floor":1.0,"turns":1.0},{"damage":0.0,"enemies":"2 Louse","floor":5.0,"turns":1.0},{"damage":0.0,"enemies":"Lagavulin","floor":6.0,"turns":1.0},{"damage":6.0,"enemies":"Cultist","floor":7.0,"turns":3.0},{"damage":11.0,"enemies":"Gremlin Nob","floor":10.0,"turns":3.0},{"damage":36.0,"enemies":"Gremlin Nob","floor":11.0,"turns":4.0},{"damage":13.0,"enemies":"Exordium Wildlife","floor":12.0,"turns":3.0},{"damage":9.0,"enemies":"Blue Slaver","floor":13.0,"turns":3.0},{"damage":12.0,"enemies":"Large Slime","floor":14.0,"turns":5.0},{"damage":36.0,"enemies":"Slime Boss","floor":16.0,"turns":7.0},{"damage":9.0,"enemies":"Chosen","floor":18.0,"turns":4.0},{"damage":11.0,"enemies":"Shell Parasite","floor":20.0,"turns":4.0},{"damage":35.0,"enemies":"Gremlin Leader","floor":24.0,"turns":7.0},{"damage":9.0,"enemies":"Centurion and Healer","floor":28.0,"turns":3.0},{"damage":19.0,"enemies":"Snake Plant","floor":29.0,"turns":3.0},{"damage":20,"enemies":"3 Cultists","floor":30,"turns":5},{"damage":4,"enemies":"Masked Bandits","floor":31,"turns":3},{"damage":47,"enemies":"Automaton","floor":33,"turns":8}],"seed_played":"-3703510219601599390","potions_obtained":[{"floor":1.0,"key":"BlessingOfTheForge"},{"floor":4.0,"key":"EssenceOfSteel"},{"floor":10.0,"key":"HeartOfIron"},{"floor":13.0,"key":"Regen Potion"},{"floor":16.0,"key":"DuplicationPotion"},{"floor":20.0,"key":"SpeedPotion"},{"floor":30,"key":"ColorlessPotion"},{"floor":31,"key":"Explosive Potion"}],"is_trial":false,"path_per_floor":["M","?","?","?","M","E","M","T","T","?","E","M","M","M","R","B",null,"M","?","M","?","?","R","E","R","T","R","M","M","M","?","R","B"],"character_chosen":"IRONCLAD","items_purchased":[],"campfire_rested":2,"item_purchase_floors":[],"current_hp_per_floor":[74,74,63,63,69,75,75,75,75,70,40,33,30,24,24,9,59,56,56,51,45,45,45,16,38,38,38,35,22,8,10,32,0,0],"gold":561,"neow_bonus":"THREE_ENEMY_KILL","is_daily":false,"chose_seed":false,"campfire_upgraded":3,"win_rate":0.0,"timestamp":1613078220,"path_taken":["M","?","?","?","?","E","M","?","T","?","E","M","M","M","R","BOSS","M","?","?","?","?","R","E","R","T","R","M","?","M","?","R","BOSS"],"items_purchased_type":[],"build_version":"2020-12-22","purchased_purges":0,"victory":false,"max_hp_per_floor":[75,75,75,75,75,75,75,75,75,75,75,75,75,75,75,75,75,75,75,75,75,75,75,75,75,75,75,75,75,75,75,75,75,75],"relic_stats":{"counters":[18,68],"Sundial":[4],"Gambling Chip":[23],"MealTicket":0,"Ginger":[9],"Smiling Mask":0,"obtain_stats":[{"NeowsBlessing":0,"Sundial":8,"Gambling Chip":19,"MealTicket":6,"The Courier":26,"Red Mask":31,"Ginger":11,"StrikeDummy":9,"Smiling Mask":10,"Ancient Tea Set":24,"Burning Blood":0,"Runic Pyramid":17},{"NeowsBlessing":0,"Sundial":4,"Gambling Chip":11,"MealTicket":3,"The Courier":13,"Red Mask":17,"Ginger":6,"StrikeDummy":4,"Smiling Mask":5,"Ancient Tea Set":13,"Burning Blood":0,"Runic Pyramid":10},{"NeowsBlessing":0,"Sundial":6,"Gambling Chip":35,"MealTicket":3,"The Courier":46,"Red Mask":60,"Ginger":13,"StrikeDummy":6,"Smiling Mask":9,"Ancient Tea Set":46,"Burning Blood":0,"Runic Pyramid":31}],"Burning Blood":102},"card_choices":[{"not_picked":["Anger","Flex"],"picked":"Spot Weakness","floor":1.0},{"not_picked":["Fire Breathing","Pummel"],"picked":"Sword Boomerang","floor":5.0},{"not_picked":["Havoc","Rampage"],"picked":"Whirlwind","floor":6.0},{"not_picked":["Clash","Iron Wave"],"picked":"Clothesline","floor":7.0},{"not_picked":["Exhume","Flex"],"picked":"Shockwave","floor":10.0},{"not_picked":["Sword Boomerang","True Grit"],"picked":"Disarm","floor":11.0},{"not_picked":["Second Wind","Whirlwind"],"picked":"Shrug It Off","floor":12.0},{"not_picked":["Searing Blow","Havoc","Seeing Red"],"picked":"SKIP","floor":13.0},{"not_picked":["Pommel Strike","Clash"],"picked":"Twin Strike","floor":14.0},{"not_picked":["Demon Form","Double Tap"],"picked":"Impervious","floor":16.0},{"not_picked":["Wild Strike","Twin Strike","Armaments"],"picked":"SKIP","floor":18.0},{"not_picked":["Uppercut","Infernal Blade"],"picked":"Dark Embrace+1","floor":20.0},{"not_picked":["Inflame","Entrench"],"picked":"Feel No Pain","floor":24.0},{"not_picked":["Anger","Wild Strike+1"],"picked":"True Grit","floor":28.0},{"not_picked":["Perfected Strike","Sever Soul","Shrug It Off"],"picked":"SKIP","floor":29.0},{"not_picked":["Wild Strike+1","Heavy Blade","Power Through"],"picked":"SKIP","floor":30}],"player_experience":5327991,"relics_obtained":[{"floor":6.0,"key":"MealTicket"},{"floor":8.0,"key":"Sundial"},{"floor":9.0,"key":"StrikeDummy"},{"floor":10.0,"key":"Smiling Mask"},{"floor":11.0,"key":"Ginger"},{"floor":24.0,"key":"Ancient Tea Set"},{"floor":26.0,"key":"The Courier"},{"floor":31,"key":"Red Mask"}],"event_choices":[{"damage_healed":0.0,"max_hp_gain":0.0,"max_hp_loss":0.0,"gold_gain":0.0,"event_name":"Living Wall","player_choice":"Grow","floor":2.0,"gold_loss":0.0,"damage_taken":0.0,"cards_upgraded":["Spot Weakness"]},{"damage_healed":0.0,"max_hp_gain":0.0,"max_hp_loss":0.0,"gold_gain":75.0,"event_name":"World of Goop","player_choice":"Gather Gold","floor":3.0,"gold_loss":0.0,"damage_taken":11.0},{"damage_healed":0.0,"max_hp_gain":0.0,"max_hp_loss":0.0,"gold_gain":0.0,"event_name":"The Woman in Blue","player_choice":"Bought 1 Potion","floor":4.0,"gold_loss":0.0,"damage_taken":0.0},{"damage_healed":0.0,"max_hp_gain":0.0,"max_hp_loss":0.0,"gold_gain":0.0,"event_name":"Dead Adventurer","player_choice":"Searched \u00271\u0027 times","floor":10.0,"gold_loss":0.0,"damage_taken":0.0},{"damage_healed":0.0,"max_hp_gain":0.0,"max_hp_loss":0.0,"gold_gain":0.0,"event_name":"WeMeetAgain","player_choice":"Gave Potion","floor":19.0,"gold_loss":0.0,"damage_taken":0.0,"relics_obtained":["Gambling Chip"]},{"damage_healed":0.0,"max_hp_gain":0.0,"max_hp_loss":0.0,"gold_gain":0.0,"event_name":"Nest","player_choice":"Joined the Cult","floor":21.0,"gold_loss":0.0,"damage_taken":6.0,"cards_obtained":["RitualDagger"]},{"damage_healed":0.0,"max_hp_gain":0.0,"max_hp_loss":0.0,"gold_gain":0.0,"event_name":"Wheel of Change","player_choice":"Cursed","floor":22.0,"gold_loss":0.0,"damage_taken":0.0,"cards_obtained":["Decay"]},{"damage_healed":0,"gold_gain":0,"player_choice":"Fought Bandits","damage_taken":0,"max_hp_gain":0,"max_hp_loss":0,"event_name":"Masked Bandits","floor":31,"gold_loss":0}],"is_beta":false,"boss_relics":[{"not_picked":["Mark of Pain","Tiny House"],"picked":"Runic Pyramid"}],"items_purged_floors":[],"is_endless":false,"potions_floor_spawned":[1,7,10,13,16,20,30,31],"killed_by":"Automaton","ascension_level":20}}