{"host":"guk5h31bsklpp7e4","time":1613005060,"event":{"mods":["AchievementEnabler","BaseMod","Colored Map","Colored Powertips","Highlight Path","Minty Spire (QoL Compilation)","Quick Restart"],"gold_per_floor":[110,72,22,22,22,54,54,66,66,66,78,89,89,121,121,221,221,235,235,252,276,296,296,313,333,333,349,123,123,123,138,138,138,138],"floor_reached":33,"language":"ENG","playtime":1398,"items_purged":["Normality"],"score":346,"play_id":"ca40d31c-9d03-443d-b94d-c8f320e42e68","local_time":"20210210195740","is_ascension_mode":true,"campfire_choices":[{"floor":7,"key":"REST"},{"data":"Seeing Red","floor":15,"key":"SMITH"},{"floor":23,"key":"REST"},{"floor":29,"key":"REST"},{"floor":32,"key":"REST"}],"circlet_count":0,"master_deck":["Strike_R","Strike_R","Strike_R","Strike_R","Strike_R+1","Defend_R","Defend_R","Defend_R","Bash+1","Shrug It Off","Spot Weakness","Sword Boomerang","Sword Boomerang","Heavy Blade+1","Inflame","Seeing Red+1","Berserk","Power Through","Perfected Strike","Normality","Body Slam+1","Twin Strike","Wild Strike+1","Shrug It Off","Reaper","Flame Barrier"],"relics":["Burning Blood","Bag of Marbles","Kunai","Pear","Incense Burner","Cursed Key","PreservedInsect","Meat on the Bone","Ancient Tea Set"],"acts_visited":["Exordium","TheCity"],"potions_floor_usage":[14,16,22,24,24],"damage_taken":[{"damage":8,"enemies":"Jaw Worm","floor":1,"turns":6},{"damage":24,"enemies":"3 Sentries","floor":6,"turns":7},{"damage":0,"enemies":"2 Louse","floor":8,"turns":2},{"damage":0,"enemies":"Small Slimes","floor":11,"turns":2},{"damage":14,"enemies":"Red Slaver","floor":12,"turns":2},{"damage":8,"enemies":"Gremlin Nob","floor":14,"turns":3},{"damage":1,"enemies":"Slime Boss","floor":16,"turns":7},{"damage":10,"enemies":"Chosen","floor":18,"turns":3},{"damage":10,"enemies":"Shell Parasite","floor":20,"turns":4},{"damage":30,"enemies":"Centurion and Healer","floor":22,"turns":6},{"damage":12,"enemies":"Shelled Parasite and Fungi","floor":24,"turns":5},{"damage":18,"enemies":"Cultist and Chosen","floor":25,"turns":5},{"damage":25,"enemies":"3 Cultists","floor":27,"turns":4},{"damage":21,"enemies":"Centurion and Healer","floor":31,"turns":4},{"damage":91,"enemies":"Champ","floor":33,"turns":12}],"seed_played":"-1788200492936149991","potions_obtained":[{"floor":6,"key":"Strength Potion"},{"floor":12,"key":"CultistPotion"},{"floor":14,"key":"Weak Potion"},{"floor":16,"key":"Explosive Potion"},{"floor":20,"key":"Block Potion"},{"floor":24,"key":"Ancient Potion"},{"floor":31,"key":"SmokeBomb"}],"is_trial":false,"path_per_floor":["M","$","?","?","$","E","R","M","T","?","M","M","?","E","R","B",null,"M","?","M","T","M","R","M","M","T","M","$","R","?","M","R","B"],"character_chosen":"IRONCLAD","items_purchased":["Spot Weakness","Ancient Tea Set"],"campfire_rested":4,"item_purchase_floors":[2,28],"current_hp_per_floor":[86,86,86,68,68,50,76,82,82,89,95,87,87,85,85,90,96,92,92,88,88,64,93,87,75,75,56,56,85,85,70,98,7,7],"gold":138,"neow_bonus":"TEN_PERCENT_HP_BONUS","is_daily":false,"chose_seed":false,"campfire_upgraded":1,"win_rate":0.0,"timestamp":1613005060,"path_taken":["M","$","?","?","?","E","R","M","T","?","M","M","?","E","R","BOSS","M","?","M","?","M","R","M","M","T","M","$","R","?","M","R","BOSS"],"items_purchased_type":["Card","Relic"],"build_version":"2020-12-22","purchased_purges":1,"victory":false,"max_hp_per_floor":[88,88,88,88,88,88,88,88,88,98,98,98,98,98,98,98,98,98,98,98,98,98,98,98,98,98,98,98,98,98,98,98,98,98],"card_choices":[{"not_picked":["Sever Soul","Warcry"],"picked":"Shrug It Off","floor":1},{"not_picked":["Havoc","Flame Barrier"],"picked":"Sword Boomerang","floor":6},{"not_picked":["Pommel Strike","Body Slam"],"picked":"Sword Boomerang","floor":8},{"not_picked":["Perfected Strike","Body Slam"],"picked":"Heavy Blade","floor":11},{"not_picked":["Anger","Fire Breathing"],"picked":"Inflame","floor":12},{"not_picked":["Headbutt","Bloodletting"],"picked":"Seeing Red","floor":14},{"not_picked":["Double Tap","Corruption"],"picked":"Berserk","floor":16},{"not_picked":["Cleave","Dropkick+1"],"picked":"Power Through","floor":18},{"not_picked":["Sword Boomerang","Body Slam"],"picked":"Perfected Strike","floor":20},{"not_picked":["Twin Strike","Clothesline"],"picked":"Body Slam+1","floor":22},{"not_picked":["Sever Soul","Reckless Charge"],"picked":"Twin Strike","floor":24},{"not_picked":["Hemokinesis","Evolve"],"picked":"Wild Strike+1","floor":25},{"not_picked":["Inflame","Armaments"],"picked":"Shrug It Off","floor":27},{"not_picked":["Warcry","Heavy Blade"],"picked":"Flame Barrier","floor":31}],"player_experience":336684,"relics_obtained":[{"floor":6,"key":"Bag of Marbles"},{"floor":9,"key":"Kunai"},{"floor":14,"key":"Incense Burner"},{"floor":21,"key":"PreservedInsect"},{"floor":26,"key":"Meat on the Bone"}],"event_choices":[{"cards_removed":["Defend_R"],"damage_healed":0,"gold_gain":0,"player_choice":"Card Removal","damage_taken":0,"max_hp_gain":0,"max_hp_loss":0,"event_name":"The Cleric","floor":3,"gold_loss":50},{"damage_healed":0,"gold_gain":0,"player_choice":"Entered Light","damage_taken":18,"max_hp_gain":0,"max_hp_loss":0,"event_name":"Shining Light","floor":4,"gold_loss":0,"cards_upgraded":["Strike_R","Bash"]},{"damage_healed":0,"gold_gain":0,"player_choice":"Success","damage_taken":3,"relics_obtained":["Pear"],"max_hp_gain":0,"max_hp_loss":0,"event_name":"Scrap Ooze","floor":10,"gold_loss":0},{"damage_healed":0,"gold_gain":0,"player_choice":"Forge","damage_taken":0,"max_hp_gain":0,"max_hp_loss":0,"event_name":"Accursed Blacksmith","floor":13,"gold_loss":0,"cards_upgraded":["Heavy Blade"]},{"damage_healed":0,"gold_gain":0,"player_choice":"Ignored","damage_taken":0,"max_hp_gain":0,"max_hp_loss":0,"event_name":"Ghosts","floor":19,"gold_loss":0},{"damage_healed":0,"gold_gain":0,"player_choice":"Read","damage_taken":0,"max_hp_gain":0,"max_hp_loss":0,"event_name":"The Library","floor":30,"gold_loss":0,"cards_obtained":["Reaper"]}],"is_beta":false,"boss_relics":[{"not_picked":["Velvet Choker","Coffee Dripper"],"picked":"Cursed Key"}],"items_purged_floors":[28],"is_endless":false,"potions_floor_spawned":[6,12,14,16,20,24,31],"killed_by":"Champ","ascension_level":5}}