{"host":"vyjryxuuuxkt43k4","time":1613018709,"event":{"mods":["AchievementEnabler","BaseMod","Colored Map","DeckTracker","Keyboard Shortcuts","Minty Spire (QoL Compilation)","Permanent Neow","Quick Restart","StSLib","SuperFastMode","everything is the same but u backflip on backflip"],"gold_per_floor":[119,137,153,153,173,173,200,200,200,200,200,226,241,251,251,324,324,337,5,0,0],"floor_reached":20,"language":"KOR","playtime":785,"items_purged":[],"score":368,"play_id":"16b93cee-30b6-460a-a6b3-e4bafdd7bf82","local_time":"20210211134509","is_ascension_mode":true,"campfire_choices":[{"data":"Envenom","floor":6.0,"key":"SMITH"},{"floor":8.0,"key":"REST"},{"floor":15.0,"key":"REST"}],"circlet_count":0,"master_deck":["AscendersBane","Strike_G","Strike_G","Strike_G","Defend_G","Defend_G","Defend_G","Defend_G","Defend_G","Survivor","Neutralize","Envenom+1","Cloak And Dagger","Blade Dance+1","Tactician","Masterful Stab","Quick Slash","Footwork","Catalyst","A Thousand Cuts","Night Terror","PiercingWail"],"relics":["Ring of the Snake","Sundial","Darkstone Periapt","Art of War","SacredBark","TungstenRod"],"acts_visited":["Exordium","TheCity"],"potions_floor_usage":[18],"damage_taken":[{"damage":8.0,"enemies":"Jaw Worm","floor":1.0,"turns":6.0},{"damage":3.0,"enemies":"2 Louse","floor":2.0,"turns":3.0},{"damage":0.0,"enemies":"Small Slimes","floor":3.0,"turns":4.0},{"damage":0.0,"enemies":"3 Louse","floor":5.0,"turns":2.0},{"damage":26.0,"enemies":"Gremlin Nob","floor":7.0,"turns":4.0},{"damage":41.0,"enemies":"Lagavulin","floor":12.0,"turns":6.0},{"damage":4.0,"enemies":"2 Fungi Beasts","floor":13.0,"turns":3.0},{"damage":2.0,"enemies":"Looter","floor":14.0,"turns":4.0},{"damage":25.0,"enemies":"Slime Boss","floor":16.0,"turns":8.0},{"damage":41,"enemies":"Chosen","floor":18,"turns":5},{"damage":10,"enemies":"2 Thieves","floor":20,"turns":1}],"seed_played":"3585607199018863514","potions_obtained":[{"floor":1.0,"key":"Explosive Potion"},{"floor":3.0,"key":"EssenceOfSteel"},{"floor":5.0,"key":"DistilledChaos"},{"floor":12.0,"key":"PowerPotion"},{"floor":16.0,"key":"FearPotion"}],"is_trial":false,"path_per_floor":["M","M","M","?","M","R","E","R","T","?","?","E","M","M","R","B",null,"M","$","M"],"character_chosen":"THE_SILENT","items_purchased":["TungstenRod"],"campfire_rested":2,"item_purchase_floors":[19],"current_hp_per_floor":[51,48,48,41,41,41,15,34,34,34,56,15,11,9,28,3,50,9,9,0,0],"gold":0,"neow_bonus":"TRANSFORM_CARD","is_daily":false,"chose_seed":false,"campfire_upgraded":1,"win_rate":0.0,"timestamp":1613018709,"path_taken":["M","M","M","?","M","R","E","R","T","?","?","E","M","M","R","BOSS","M","$","M"],"items_purchased_type":["Relic"],"build_version":"2020-12-22","purchased_purges":0,"victory":false,"max_hp_per_floor":[66,66,66,66,66,66,66,66,66,66,66,66,66,66,66,66,66,66,66,66,66],"card_choices":[{"not_picked":["Distraction","Accuracy"],"picked":"Cloak And Dagger","floor":1.0},{"not_picked":["Dodge and Roll","Flying Knee"],"picked":"Blade Dance","floor":2.0},{"not_picked":["Blade Dance","Sucker Punch"],"picked":"Tactician","floor":3.0},{"not_picked":["Heel Hook","Expertise"],"picked":"Masterful Stab","floor":5.0},{"not_picked":["Deadly Poison","Deflect"],"picked":"Quick Slash","floor":7.0},{"not_picked":["Caltrops","Catalyst"],"picked":"Footwork","floor":12.0},{"not_picked":["Blur","Blade Dance"],"picked":"Catalyst","floor":13.0},{"not_picked":["Dodge and Roll","Deadly Poison"],"picked":"A Thousand Cuts","floor":14.0},{"not_picked":["Corpse Explosion","Bullet Time"],"picked":"Night Terror","floor":16.0},{"not_picked":["Predator","Deadly Poison"],"picked":"PiercingWail","floor":18}],"player_experience":923135,"relics_obtained":[{"floor":7.0,"key":"Sundial"},{"floor":9.0,"key":"Darkstone Periapt"},{"floor":12.0,"key":"Art of War"}],"event_choices":[{"cards_removed":["Strike_G"],"damage_healed":0.0,"max_hp_gain":0.0,"max_hp_loss":0.0,"gold_gain":0.0,"event_name":"Golden Wing","player_choice":"Card Removal","floor":4.0,"gold_loss":0.0,"damage_taken":7.0},{"damage_healed":0.0,"max_hp_gain":0.0,"max_hp_loss":0.0,"gold_gain":0.0,"event_name":"Living Wall","player_choice":"Grow","floor":10.0,"gold_loss":0.0,"damage_taken":0.0,"cards_upgraded":["Blade Dance"]},{"damage_healed":22.0,"max_hp_gain":0.0,"max_hp_loss":0.0,"gold_gain":0.0,"event_name":"Big Fish","player_choice":"Banana","floor":11.0,"gold_loss":0.0,"damage_taken":0.0}],"is_beta":false,"boss_relics":[{"not_picked":["Tiny House","Black Star"],"picked":"SacredBark"}],"items_purged_floors":[],"is_endless":false,"potions_floor_spawned":[1,3,5,12,16],"killed_by":"2 Thieves","ascension_level":20}}