{"host":"ek3xvuouaw6vk9if","time":1613019925,"event":{"mods":["AchievementEnabler","BaseMod","Better Third Choice","BetterRewards","Curses Come First","Dark Map","Hubris","Minty Spire (QoL Compilation)","Permanent Neow","Quick Restart","Relic Stats","Replay The Spire","Spire Arcade","StSLib","The Jungle"],"gold_per_floor":[111,111,22,38,55,55,80,99,99,99,131,142,171,189,189,266,266,284,284,184,234,254,283,283,31,31,59,59,59,94,114,114,188,188,204,220,220,239,251,277,277,277,277,48,76,76,91,101,101,101,101],"floor_reached":52,"language":"ENG","playtime":2768,"items_purged":["Strike_G","Strike_G","Strike_G"],"score":2605,"play_id":"75af374f-d39c-4766-96ce-3a887f888045","local_time":"20210211000525","is_ascension_mode":true,"campfire_choices":[{"data":"ReplayTheSpireMod:Scrap Shanks","floor":6,"key":"SMITH"},{"data":"Prepared","floor":10,"key":"SMITH"},{"data":"Footwork","floor":15,"key":"SMITH"},{"data":"Prepared","floor":24,"key":"SMITH"},{"data":"ReplayTheSpireMod:Scrap Shanks","floor":29,"key":"SMITH"},{"data":"Accuracy","floor":32,"key":"SMITH"},{"data":"Reflex","floor":42,"key":"SMITH"},{"data":"Footwork","floor":46,"key":"SMITH"},{"data":"Footwork","floor":49,"key":"SMITH"}],"circlet_count":0,"master_deck":["AscendersBane","Defend_G","Defend_G","Defend_G","Defend_G","Defend_G","Survivor","Neutralize","ReplayTheSpireMod:Scrap Shanks+1","Dagger Throw","Dagger Throw","ReplayTheSpireMod:Scrap Shanks+1","Blur","Footwork+1","Concentrate","Prepared+1","Reflex+1","Dodge and Roll","Adrenaline+1","Prepared+1","Prepared+1","Accuracy+1","Backflip","After Image","CurseOfTheBell","Acrobatics+1","Expertise+1","Deflect+1","Phantasmal Killer+1","Footwork+1","Footwork+1"],"relics":["Ring of the Snake","HandDrill","Paper Crane","Anchor","Blood Vial","Ornamental Fan","Coffee Dripper","hubris:Icosahedron","hubris:MysteriousPyramids","Replay:Rubber Ducky","Replay:Bottled Eggs","Happy Flower","The Courier","Calling Bell","Omamori","Toxic Egg 2","Thread and Needle","PreservedInsect","hubris:Towel","Sundial","Bronze Scales"],"acts_visited":["Exordium","TheCity","TheBeyond"],"potions_floor_usage":[12,50],"damage_taken":[{"damage":3,"enemies":"2 Louse","floor":1,"turns":4},{"damage":0,"enemies":"Cultist","floor":4,"turns":3},{"damage":5,"enemies":"Jaw Worm","floor":5,"turns":5},{"damage":20,"enemies":"Lagavulin","floor":7,"turns":5},{"damage":0,"enemies":"Looter","floor":8,"turns":4},{"damage":5,"enemies":"3 Sentries","floor":11,"turns":6},{"damage":0,"enemies":"Exordium Wildlife","floor":12,"turns":3},{"damage":1,"enemies":"Lagavulin","floor":13,"turns":7},{"damage":0,"enemies":"Red Slaver","floor":14,"turns":3},{"damage":12,"enemies":"The Guardian","floor":16,"turns":9},{"damage":0,"enemies":"Shell Parasite","floor":18,"turns":2},{"damage":0,"enemies":"Chosen","floor":22,"turns":2},{"damage":0,"enemies":"Book of Stabbing","floor":23,"turns":4},{"damage":0,"enemies":"Slavers","floor":27,"turns":3},{"damage":0,"enemies":"Book of Stabbing","floor":30,"turns":2},{"damage":0,"enemies":"Snake Plant","floor":31,"turns":2},{"damage":11,"enemies":"hubris:MusketHawk","floor":33,"turns":3},{"damage":0,"enemies":"3 Shapes","floor":35,"turns":6},{"damage":0,"enemies":"3 Darklings","floor":36,"turns":3},{"damage":0,"enemies":"4 Shapes","floor":38,"turns":4},{"damage":0,"enemies":"Writhing Mass","floor":39,"turns":3},{"damage":0,"enemies":"Reptomancer","floor":40,"turns":3},{"damage":0,"enemies":"Giant Head","floor":45,"turns":2},{"damage":0,"enemies":"3 Darklings","floor":47,"turns":2},{"damage":0,"enemies":"Jaw Worm Horde","floor":48,"turns":2},{"damage":0,"enemies":"Time Eater","floor":50,"turns":7},{"damage":0,"enemies":"hubris:GrandSnecko","floor":51,"turns":3}],"seed_played":"3854047433812275282","potions_obtained":[{"floor":7,"key":"GhostInAJar"},{"floor":8,"key":"Poison Potion"},{"floor":16,"key":"BlessingOfTheForge"},{"floor":35,"key":"Strength Potion"},{"floor":48,"key":"Energy Potion"}],"is_trial":false,"path_per_floor":["M","?","$","M","M","R","E","M","T","R","E","M","E","M","R","B",null,"M","?","$","?","M","E","R","$","T","E","?","R","E","M","R","B",null,"M","M","?","M","M","E","?","R","T","$","E","R","M","M","R","B","B",null],"character_chosen":"THE_SILENT","items_purchased":["ReplayTheSpireMod:Scrap Shanks","Dagger Throw","HandDrill","Dagger Throw","ReplayTheSpireMod:Scrap Shanks","Footwork","Accuracy","Replay:Rubber Ducky","Footwork","Footwork"],"campfire_rested":0,"item_purchase_floors":[0,0,0,0,0,3,25,25,44,44],"current_hp_per_floor":[49,49,49,49,44,44,24,24,24,24,19,21,22,24,24,14,53,55,55,55,55,57,59,59,59,59,61,61,61,63,65,65,55,63,65,66,66,66,66,66,66,66,66,66,66,66,66,66,66,66,66],"gold":101,"neow_bonus":"","is_daily":false,"chose_seed":false,"campfire_upgraded":9,"win_rate":0.0,"timestamp":1613019925,"path_taken":["M","?","$","M","M","R","E","M","T","R","E","?","E","M","R","BOSS","M","?","$","?","?","E","R","?","T","E","?","R","E","M","R","BOSS","M","M","?","M","?","E","?","R","T","?","E","R","M","M","R","BOSS","BOSS"],"items_purchased_type":["Card","Card","Relic","Card","Card","Card","Card","Relic","Card","Card"],"build_version":"2020-12-22","purchased_purges":3,"victory":true,"max_hp_per_floor":[66,66,66,66,66,66,66,66,66,66,66,66,66,66,66,66,66,66,66,66,66,66,66,66,66,66,66,66,66,66,66,66,66,66,66,66,66,66,66,66,66,66,66,66,66,66,66,66,66,66,66],"relic_stats":{"Blood Vial":24,"Happy Flower":[14],"counters":[76,359],"Ornamental Fan":[472],"Sundial":[4],"Bronze Scales":[36],"PreservedInsect":130,"HandDrill":[120],"obtain_stats":[{"Replay:Accelerometer":42,"Calipers":26,"CeramicFish":0,"Ginger":0,"hubris:MysteriousPyramids":23,"Blood Vial":11,"Sundial":43,"Fusion Hammer":17,"HandDrill":0,"Toxic Egg 2":34,"Happy Flower":0,"Counterbalance":7,"Paper Crane":0,"OrangePellets":0,"Replay:Baseball":41,"Bronze Scales":45,"Pandora\u0027s Box":34,"hubris:ToyBattleship":9,"Unceasing Top":9,"Mango":0,"hubris:SlimyHat":46,"Bag of Preparation":0,"Pet Ghost":20,"Replay:Rubber Ducky":25,"Dream Catcher":8,"hubris:Icosahedron":19,"hubris:FunFungus":10,"WingedGreaves":0,"Red Mask":31,"Replay:Bottled Eggs":26,"Ring of the Snake":0,"Gremlin Food":9,"Quantum Egg":41,"Guide Book":0,"Thread and Needle":34,"The Courier":30,"PreservedInsect":40,"Omamori":34,"Odd Mushroom":8,"hubris:Towel":41,"Medical Kit":13,"White Beast Statue":6,"Replay:Arrowhead":0,"Calling Bell":34,"Anchor":7,"Ornamental Fan":25,"Coffee Dripper":17,"ReplayTheSpireMod:Lightbulb":39,"hubris:OldNail":0},{"Replay:Accelerometer":18,"Calipers":11,"CeramicFish":0,"Ginger":36,"hubris:MysteriousPyramids":62,"Blood Vial":55,"Sundial":18,"Fusion Hammer":8,"HandDrill":49,"Toxic Egg 2":66,"Happy Flower":42,"Counterbalance":27,"Paper Crane":36,"OrangePellets":22,"Replay:Baseball":17,"Bronze Scales":20,"Pandora\u0027s Box":15,"hubris:ToyBattleship":46,"Unceasing Top":6,"Mango":0,"hubris:SlimyHat":20,"Bag of Preparation":31,"Pet Ghost":9,"Replay:Rubber Ducky":62,"Dream Catcher":6,"hubris:Icosahedron":60,"hubris:FunFungus":28,"WingedGreaves":36,"Red Mask":14,"Replay:Bottled Eggs":62,"Ring of the Snake":0,"Gremlin Food":27,"Quantum Egg":17,"Guide Book":42,"Thread and Needle":66,"The Courier":64,"PreservedInsect":71,"Omamori":66,"Odd Mushroom":46,"hubris:Towel":71,"Medical Kit":7,"White Beast Statue":5,"Replay:Arrowhead":22,"Calling Bell":66,"Anchor":45,"Ornamental Fan":11,"Coffee Dripper":59,"ReplayTheSpireMod:Lightbulb":17,"hubris:OldNail":0},{"Replay:Accelerometer":91,"Calipers":61,"CeramicFish":0,"Ginger":192,"hubris:MysteriousPyramids":314,"Blood Vial":284,"Sundial":91,"Fusion Hammer":46,"HandDrill":257,"Toxic Egg 2":324,"Happy Flower":216,"Counterbalance":143,"Paper Crane":192,"OrangePellets":107,"Replay:Baseball":87,"Bronze Scales":99,"Pandora\u0027s Box":81,"hubris:ToyBattleship":237,"Unceasing Top":32,"Mango":0,"hubris:SlimyHat":99,"Bag of Preparation":170,"Pet Ghost":51,"Replay:Rubber Ducky":314,"Dream Catcher":32,"hubris:Icosahedron":308,"hubris:FunFungus":152,"WingedGreaves":192,"Red Mask":74,"Replay:Bottled Eggs":314,"Ring of the Snake":0,"Gremlin Food":143,"Quantum Egg":87,"Guide Book":216,"Thread and Needle":324,"The Courier":319,"PreservedInsect":343,"Omamori":324,"Odd Mushroom":237,"hubris:Towel":343,"Medical Kit":33,"White Beast Statue":24,"Replay:Arrowhead":107,"Calling Bell":324,"Anchor":232,"Ornamental Fan":61,"Coffee Dripper":306,"ReplayTheSpireMod:Lightbulb":87,"hubris:OldNail":0}],"Ring of the Snake":[155]},"card_choices":[{"not_picked":["Deadly Poison","Quick Slash"],"picked":"Blur","floor":1},{"not_picked":["Slice","Deadly Poison","Wraith Form v2"],"picked":"SKIP","floor":4},{"not_picked":["Deflect","Dodge and Roll"],"picked":"Concentrate","floor":5},{"not_picked":["Hidden Blade","Underhanded Strike"],"picked":"Prepared","floor":7},{"not_picked":["Dagger Throw","Leg Sweep","Riddle With Holes"],"picked":"SKIP","floor":8},{"not_picked":["Slice","Dodge and Roll","Malaise"],"picked":"SKIP","floor":11},{"not_picked":["Outmaneuver","PiercingWail"],"picked":"Reflex","floor":12},{"not_picked":["Underhanded Strike","Cloak And Dagger","Bane"],"picked":"SKIP","floor":13},{"not_picked":["Quick Slash","Deadly Poison"],"picked":"Dodge and Roll","floor":14},{"not_picked":["Poison Darts","Corpse Explosion"],"picked":"Adrenaline","floor":16},{"not_picked":["Backflip","Poisoned Stab"],"picked":"Prepared+1","floor":18},{"not_picked":["Draining Mist","Heel Hook","Deadly Poison"],"picked":"SKIP","floor":22},{"not_picked":["Escape Plan","Predator"],"picked":"Prepared","floor":23},{"not_picked":["Deflect","Well Laid Plans"],"picked":"Backflip","floor":27},{"not_picked":["PiercingWail+1","Flying Knee","hubris:SlightOfHand"],"picked":"SKIP","floor":30},{"not_picked":["Outmaneuver+1","Underhanded Strike+1","Dash"],"picked":"SKIP","floor":31},{"not_picked":["Replay:Bag of Tricks","Unload"],"picked":"After Image","floor":33},{"not_picked":["Deadly Poison+1","Finisher+1"],"picked":"Acrobatics+1","floor":35},{"not_picked":["Endless Agony+1","Riddle With Holes","Skewer"],"picked":"SKIP","floor":36},{"not_picked":["Toxin Wave+1","Catalyst+1"],"picked":"Deflect+1","floor":38},{"not_picked":["PiercingWail+1","Dodge and Roll+1","Bane"],"picked":"SKIP","floor":39},{"not_picked":["Acrobatics+1","Leg Sweep+1"],"picked":"Phantasmal Killer+1","floor":40},{"not_picked":["Bouncing Flask+1","Acrobatics+1","ReplayTheSpireMod:From All Sides"],"picked":"SKIP","floor":45},{"not_picked":["Deadly Poison+1","Caltrops","Bane"],"picked":"SKIP","floor":47},{"not_picked":["Underhanded Strike","Quick Slash","Choke"],"picked":"SKIP","floor":48}],"player_experience":526646,"relics_obtained":[{"floor":7,"key":"Paper Crane"},{"floor":9,"key":"Anchor"},{"floor":11,"key":"Blood Vial"},{"floor":13,"key":"Ornamental Fan"},{"floor":23,"key":"hubris:MysteriousPyramids"},{"floor":26,"key":"Replay:Bottled Eggs"},{"floor":27,"key":"Happy Flower"},{"floor":30,"key":"The Courier"},{"floor":34,"key":"Omamori"},{"floor":34,"key":"Toxic Egg 2"},{"floor":34,"key":"Thread and Needle"},{"floor":40,"key":"PreservedInsect"},{"floor":43,"key":"Sundial"},{"floor":45,"key":"Bronze Scales"}],"event_choices":[{"cards_removed":["Strike_G"],"damage_healed":0,"gold_gain":0,"player_choice":"Offered Basic","damage_taken":0,"max_hp_gain":0,"max_hp_loss":0,"event_name":"Bonfire Elementals","floor":2,"gold_loss":0},{"damage_healed":0,"gold_gain":50,"player_choice":"Steal","damage_taken":0,"max_hp_gain":0,"max_hp_loss":0,"event_name":"betterThird:BetterNest","floor":21,"gold_loss":0},{"damage_healed":0,"gold_gain":0,"cards_transformed":["Strike_G"],"player_choice":"Transformed","damage_taken":0,"max_hp_gain":0,"max_hp_loss":0,"event_name":"Transmorgrifier","floor":37,"gold_loss":0,"cards_obtained":["Expertise"]}],"is_beta":false,"boss_relics":[{"not_picked":["Fusion Hammer","hubris:ScarierMask"],"picked":"Coffee Dripper"},{"not_picked":["SlaversCollar","Kintsugi"],"picked":"Calling Bell"}],"items_purged_floors":[0,20,44],"is_endless":false,"potions_floor_spawned":[7,8,16,30,31,35,47,48],"ascension_level":20}}