{"host":"31srvgftwd43oumg","time":1613085994,"event":{"mods":["BaseMod","BetterRewards","Card Forge","Downfall","Hubris","Infinite Spire","Koishi","Luminous","Marisa????????","Minty Spire (QoL Compilation)","Remilia??????","Replay The Spire","Shop Mod","StSLib","The Bug Knight","The Cursed","The Death Knight","The Exalted","The Hierophant","The Mystic","The Necromancer"],"gold_per_floor":[114,114,132,155,173,207,227,255,255,274,291,291,317,317,317,418,418,435,435,435,455,455,455,380,406,406,438,33,67,80,115,115,220,220,252,252,3,22,22,49,49,49,49,49,87,87,126,126,126,126],"floor_reached":51,"language":"ENG","playtime":2081,"items_purged":["downfall:Bewildered","Replay:Many Hands"],"score":1302,"play_id":"e71ae3e7-ca75-48d7-912f-1b5312f242a2","local_time":"20210211172634","daily_mods":["SealedDeck","Heirloom","Elite Swarm"],"is_ascension_mode":false,"campfire_choices":[{"data":"Limit Break","floor":12,"key":"SMITH"},{"data":"Flex","floor":15,"key":"SMITH"},{"data":"Limit Break","floor":23,"key":"SMITH"},{"data":"Dual Wield","floor":32,"key":"SMITH"},{"floor":44,"key":"REST"},{"data":"Inflame","floor":49,"key":"SMITH"}],"circlet_count":0,"master_deck":["Sentinel","True Grit","Iron Wave","Dual Wield+1","Battle Trance+1","Sword Boomerang","ReplayTheSpireMod:Stacked","Flame Barrier","Twin Strike","Flex+1","Limit Break+1","Inflame+1","Limit Break+1","Offering"],"relics":["Burning Blood","Hammer of Thor","Seething Fire","Anvil of the Gods","Replay:Multitool","Replay:Baseball","Bromod:ArcaneTempo","Mirror","Replay:Accelerometer","Bag of Preparation","Sozu","sneckomod:BabySnecko","Lantern","Replay:Ringing Soul","Orichalcum","Akabeko","hubris:BottledRain","Strawberry","Centennial Puzzle","hubris:CrackedHourglass","infinitespire:EvilPickle","hubris:Icosahedron","hubris:ToyBattleship","hubris:Towel","Bromod:ArcaneConsequence","Quantum Egg","hexamod:BolsterEngine","TungstenRod"],"acts_visited":["Exordium","TheCity","TheBeyond"],"potions_floor_usage":[7,8,18,31,40],"damage_taken":[{"damage":0,"enemies":"Small Slimes","floor":1,"turns":3},{"damage":0,"enemies":"Cultist","floor":3,"turns":3},{"damage":1,"enemies":"infinitespire:Voidling","floor":5,"turns":3},{"damage":2,"enemies":"HollowMod:MossKnight","floor":6,"turns":6},{"damage":0,"enemies":"2 Fungi Beasts","floor":7,"turns":1},{"damage":0,"enemies":"Gremlin Nob","floor":8,"turns":3},{"damage":0,"enemies":"Exordium Thugs","floor":10,"turns":3},{"damage":0,"enemies":"Exordium Wildlife","floor":11,"turns":3},{"damage":2,"enemies":"3 Sentries","floor":13,"turns":6},{"damage":26,"enemies":"Hexaghost","floor":16,"turns":4},{"damage":0,"enemies":"2 Thieves","floor":18,"turns":4},{"damage":0,"enemies":"Chosen","floor":21,"turns":4},{"damage":9,"enemies":"Gremlin Leader","floor":25,"turns":4},{"damage":2,"enemies":"Book of Stabbing","floor":27,"turns":3},{"damage":3,"enemies":"Replay:Snechameleon","floor":29,"turns":3},{"damage":0,"enemies":"Snake Plant","floor":30,"turns":2},{"damage":13,"enemies":"Gremlin Leader","floor":31,"turns":2},{"damage":0,"enemies":"Pondfish","floor":33,"turns":4},{"damage":6,"enemies":"3 Shapes","floor":35,"turns":2},{"damage":6,"enemies":"3 Darklings","floor":38,"turns":1},{"damage":75,"enemies":"R_Hoarder","floor":40,"turns":9},{"damage":6,"enemies":"Nemesis","floor":45,"turns":1},{"damage":6,"enemies":"HollowMod:StalkingDevout","floor":47,"turns":1},{"damage":16,"enemies":"Donu and Deca","floor":50,"turns":2}],"seed_played":"8841611041591672165","potions_obtained":[{"floor":5,"key":"Adrenaline Potion"},{"floor":6,"key":"Fire Potion"},{"floor":7,"key":"Fire Potion"},{"floor":8,"key":"champ:CounterPotion"},{"floor":10,"key":"BloodPotion"}],"is_trial":true,"path_per_floor":["M","?","M","T","M","E","M","E","T","M","M","R","E","?","R","B",null,"M","?","?","M","?","R","$","E","T","E","$","E","M","E","R","B",null,"M","?","$","M","?","E","R","$","T","R","E","?","E","?","R","B",null],"character_chosen":"IRONCLAD","items_purchased":["Akabeko","hubris:BottledRain","hubris:ToyBattleship"],"campfire_rested":1,"item_purchase_floors":[28,28,37],"current_hp_per_floor":[80,80,80,80,80,80,80,80,80,80,80,80,80,80,80,60,80,80,80,80,80,80,80,80,77,77,80,80,87,87,80,80,89,90,90,90,90,90,90,39,66,66,66,90,90,90,90,90,90,80],"gold":126,"neow_bonus":"","is_daily":false,"chose_seed":false,"campfire_upgraded":5,"win_rate":0.0,"timestamp":1613085994,"path_taken":["M","?","?","?","M","E","?","E","T","M","?","R","E","?","R","BOSS","M","?","?","?","?","R","$","E","T","E","?","E","M","E","R","BOSS","M","?","$","M","?","E","R","?","T","R","E","?","E","?","R","BOSS"],"items_purchased_type":["Relic","Relic","Relic"],"build_version":"2020-12-22","purchased_purges":2,"victory":true,"max_hp_per_floor":[80,80,80,80,80,80,80,80,80,80,80,80,80,80,80,80,80,80,80,80,80,80,80,80,80,80,80,80,87,87,87,87,90,90,90,90,90,90,90,90,90,90,90,90,90,90,90,90,90,90],"card_choices":[{"not_picked":["Replay:Undeath\u0027s Touch","Infernal Blade"],"picked":"Flex","floor":1},{"not_picked":["Armaments","Heavy Blade","Fire Breathing"],"picked":"SKIP","floor":3},{"not_picked":["hubris:SharpeningStone","Clash","Ghostly Armor"],"picked":"SKIP","floor":5},{"not_picked":["Hemogenesis","Impervious","Juggernaut"],"picked":"SKIP","floor":6},{"not_picked":["Sentinel","Entrench","Battle Trance"],"picked":"SKIP","floor":7},{"not_picked":["Offering","Demonic Infusion"],"picked":"Limit Break","floor":8},{"not_picked":["Shockwave","Replay:Undeath\u0027s Touch","Rupture"],"picked":"SKIP","floor":10},{"not_picked":["Burning Pact","Clash"],"picked":"Inflame","floor":11},{"not_picked":["Exhume","Barricade","Demonic Infusion"],"picked":"SKIP","floor":13},{"not_picked":["Berserk","Hemogenesis"],"picked":"Limit Break","floor":16},{"not_picked":["Fire Breathing","Searing Blow+1","ReplayTheSpireMod:Strike From Hell+1"],"picked":"SKIP","floor":18},{"not_picked":["ReplayTheSpireMod:LeadingStrike","Havoc+1","Clash+1"],"picked":"SKIP","floor":21},{"not_picked":["Immolate","Berserk","Bludgeon"],"picked":"SKIP","floor":25},{"not_picked":["Hemogenesis","Juggernaut","Exhume"],"picked":"SKIP","floor":27},{"not_picked":["Demonic Infusion","Reaper","Corruption"],"picked":"SKIP","floor":29},{"not_picked":["hubris:ReadiedAction+1","Fire Breathing+1","Perfected Strike"],"picked":"SKIP","floor":30},{"not_picked":["Double Tap","Eclipse","Berserk"],"picked":"SKIP","floor":31},{"not_picked":["Demon Form","Berserk"],"picked":"Offering","floor":33},{"not_picked":["ReplayTheSpireMod:Muscle Training+1","hubris:CleavingFinish+1","Abandon"],"picked":"SKIP","floor":35},{"not_picked":["Heavy Blade+1","hubris:ReadiedAction","Replay:Undeath\u0027s Touch"],"picked":"SKIP","floor":38},{"not_picked":["Replay:Many Hands","Hemogenesis","Demon Form"],"picked":"SKIP","floor":40},{"not_picked":["Barricade","Fiend Fire","Impervious"],"picked":"SKIP","floor":45},{"not_picked":["Fiend Fire","Juggernaut","Brutality"],"picked":"SKIP","floor":47}],"player_experience":1019140,"relics_obtained":[{"floor":4,"key":"Replay:Baseball"},{"floor":6,"key":"Bromod:ArcaneTempo"},{"floor":8,"key":"Mirror"},{"floor":9,"key":"Replay:Accelerometer"},{"floor":13,"key":"Bag of Preparation"},{"floor":25,"key":"Lantern"},{"floor":26,"key":"Replay:Ringing Soul"},{"floor":27,"key":"Orichalcum"},{"floor":29,"key":"Strawberry"},{"floor":31,"key":"Centennial Puzzle"},{"floor":40,"key":"Bromod:ArcaneConsequence"},{"floor":43,"key":"Quantum Egg"},{"floor":45,"key":"hexamod:BolsterEngine"},{"floor":47,"key":"TungstenRod"}],"event_choices":[{"damage_healed":0,"gold_gain":0,"player_choice":"Full Heal","damage_taken":0,"max_hp_gain":0,"max_hp_loss":0,"event_name":"Wheel of Change","floor":2,"gold_loss":0},{"damage_healed":0,"gold_gain":0,"player_choice":"1 cards matched","damage_taken":0,"max_hp_gain":0,"max_hp_loss":0,"event_name":"Match and Keep!","floor":20,"gold_loss":0,"cards_obtained":["Replay:Many Hands"]},{"damage_healed":0,"gold_gain":0,"player_choice":"Got Potions","damage_taken":0,"max_hp_gain":0,"max_hp_loss":0,"event_name":"Lab","floor":22,"gold_loss":0},{"cards_removed":["Twin Strike"],"damage_healed":0,"gold_gain":0,"player_choice":"Removed Attack","damage_taken":0,"max_hp_gain":0,"max_hp_loss":0,"event_name":"Falling","floor":46,"gold_loss":0},{"damage_healed":0,"gold_gain":0,"player_choice":"Memory 1","damage_taken":0,"max_hp_gain":0,"max_hp_loss":0,"event_name":"SensoryStone","floor":48,"gold_loss":0}],"is_beta":false,"boss_relics":[{"not_picked":["Velvet Choker","Snecko Eye"],"picked":"Sozu"},{"not_picked":["Replay:Bronze Core","hubris:BlackHole"],"picked":"hubris:CrackedHourglass"}],"items_purged_floors":[24,37],"is_endless":false,"potions_floor_spawned":[5,6,7,8,10,11,18,25,30,31,33,45],"ascension_level":0}}