{"host":"1c17lcvl7acx821p","time":1613051955,"event":{"mods":["AchievementEnabler","BaseMod","Bestiary","Colored Map","Minty Spire (QoL Compilation)","Quick Restart","Relic Sorter","StSLib"],"gold_per_floor":[118,43,118,133,133,133,164,164,164,190,33,68,68,87,87,163,163,182,22,42,52,2,37,37,72,72,103,28,28,28,56,56,128,128,140,1139,1139,1139,596,621,636,663,663,663,663,267,277,296,296,296,296,296],"floor_reached":51,"language":"ENG","playtime":2182,"items_purged":["Zap","Normality","Normality"],"score":1690,"play_id":"d8040c01-5b73-4c95-94ef-25b28e9bdf71","local_time":"20210211155915","is_ascension_mode":true,"campfire_choices":[{"floor":6.0,"key":"REST"},{"data":"Undo","floor":8.0,"key":"SMITH"},{"data":"Glacier","floor":15.0,"key":"SMITH"},{"floor":30.0,"key":"REST"},{"data":"Buffer","floor":32.0,"key":"SMITH"},{"floor":44.0,"key":"RECALL"},{"floor":49.0,"key":"REST"}],"circlet_count":0,"master_deck":["AscendersBane","Cold Snap","Glacier+1","Undo+1","Go for the Eyes+1","Sweeping Beam+1","Self Repair","Hyperbeam+1","Reboot","Ball Lightning+1","Beam Cell+1","Streamline+1","Electrodynamics","Darkness","Defragment+1","Buffer+1","Impatience","Discovery+1","Core Surge+1","Compile Driver+1","Barrage+1","Loop"],"relics":["Cracked Core","NeowsBlessing","Shuriken","Singing Bowl","Molten Egg 2","Meat on the Bone","Frozen Eye","Cables","Pandora\u0027s Box","Juzu Bracelet","Blood Vial","DataDisk","Pear","Fusion Hammer","Kunai","PreservedInsect","Pantograph","StrikeDummy","Pen Nib","Medical Kit"],"acts_visited":["Exordium","TheCity","TheBeyond"],"potions_floor_usage":[],"damage_taken":[{"damage":0.0,"enemies":"2 Louse","floor":1.0,"turns":1.0},{"damage":0.0,"enemies":"Small Slimes","floor":4.0,"turns":1.0},{"damage":0.0,"enemies":"Lagavulin","floor":7.0,"turns":2.0},{"damage":12.0,"enemies":"3 Sentries","floor":10.0,"turns":17.0},{"damage":32.0,"enemies":"Gremlin Nob","floor":12.0,"turns":5.0},{"damage":2.0,"enemies":"Jaw Worm","floor":14.0,"turns":3.0},{"damage":13.0,"enemies":"The Guardian","floor":16.0,"turns":17.0},{"damage":2.0,"enemies":"Spheric Guardian","floor":18.0,"turns":4.0},{"damage":3.0,"enemies":"2 Thieves","floor":20.0,"turns":2.0},{"damage":0.0,"enemies":"Snake Plant","floor":21.0,"turns":4.0},{"damage":35.0,"enemies":"Gremlin Leader","floor":23.0,"turns":7.0},{"damage":20.0,"enemies":"Slavers","floor":25.0,"turns":3.0},{"damage":30.0,"enemies":"Book of Stabbing","floor":27.0,"turns":6.0},{"damage":22.0,"enemies":"Gremlin Leader","floor":31.0,"turns":5.0},{"damage":15.0,"enemies":"Automaton","floor":33.0,"turns":11.0},{"damage":6.0,"enemies":"3 Shapes","floor":35.0,"turns":4.0},{"damage":41.0,"enemies":"Nemesis","floor":40.0,"turns":11.0},{"damage":5.0,"enemies":"Orb Walker","floor":41.0,"turns":2.0},{"damage":0.0,"enemies":"Giant Head","floor":42.0,"turns":6.0},{"damage":9.0,"enemies":"Sphere and 2 Shapes","floor":47.0,"turns":4.0},{"damage":0.0,"enemies":"Transient","floor":48.0,"turns":6.0},{"damage":92,"enemies":"Time Eater","floor":50,"turns":7},{"damage":50,"enemies":"Donu and Deca","floor":51,"turns":3}],"seed_played":"-7557676990278914613","potions_obtained":[{"floor":7.0,"key":"Weak Potion"},{"floor":14.0,"key":"DistilledChaos"},{"floor":16.0,"key":"LiquidBronze"},{"floor":21.0,"key":"Explosive Potion"},{"floor":31.0,"key":"FocusPotion"},{"floor":35.0,"key":"EntropicBrew"}],"is_trial":false,"path_per_floor":["M","?","?","M","?","R","E","R","T","E","$","E","?","M","R","B",null,"M","$","M","M","?","E","?","E","T","E","?","?","R","E","R","B",null,"M","?","?","?","$","E","M","E","T","R","?","$","M","M","R","B","B"],"character_chosen":"DEFECT","items_purchased":["Frozen Eye","DistilledChaos","Kunai","PreservedInsect","Compile Driver+1","Medical Kit","Barrage+1"],"campfire_rested":3,"item_purchase_floors":[11,19,39,39,46,46,46],"current_hp_per_floor":[64,64,53,53,42,63,63,63,63,51,51,31,31,41,41,47,65,72,72,75,77,77,51,51,43,43,34,34,34,57,68,68,64,86,91,91,83,83,83,65,71,73,73,73,73,73,75,84,103,23,0,0],"gold":296,"neow_bonus":"THREE_ENEMY_KILL","is_daily":false,"chose_seed":false,"campfire_upgraded":3,"win_rate":0.0,"timestamp":1613051955,"path_taken":["M","?","?","M","?","R","E","R","T","E","$","E","?","M","R","BOSS","M","$","M","M","?","E","?","E","T","E","?","?","R","E","R","BOSS","M","?","?","?","$","E","M","E","T","R","?","$","M","M","R","BOSS","BOSS"],"items_purchased_type":["Relic","Potion","Relic","Relic","Card","Relic","Card"],"build_version":"2020-12-22","purchased_purges":3,"victory":false,"max_hp_per_floor":[71,71,71,71,71,71,71,71,71,71,71,71,71,71,71,71,71,73,73,75,77,77,79,79,79,79,79,79,79,79,91,91,93,93,95,95,97,97,97,99,101,101,101,101,101,101,103,103,103,103,103,103],"card_choices":[{"not_picked":["Hello World","Steam"],"picked":"Cold Snap","floor":1.0},{"not_picked":["Loop","Sweeping Beam"],"picked":"Glacier","floor":4.0},{"not_picked":["Ball Lightning","Sweeping Beam"],"picked":"Undo","floor":7.0},{"not_picked":["Scrape+1","Rebound+1"],"picked":"Go for the Eyes+1","floor":10.0},{"not_picked":["Reinforced Body","Reprogram"],"picked":"Sweeping Beam+1","floor":12.0},{"not_picked":["Barrage+1","Leap"],"picked":"Self Repair","floor":14.0},{"not_picked":["Buffer","Reboot"],"picked":"Hyperbeam+1","floor":16.0},{"not_picked":["Cold Snap+1","Conserve Battery","Steam"],"picked":"Singing Bowl","floor":18.0},{"not_picked":["Stack","Beam Cell+1","Steam Power"],"picked":"Singing Bowl","floor":20.0},{"not_picked":["Beam Cell+1","Leap+1","Coolheaded"],"picked":"Singing Bowl","floor":21.0},{"not_picked":["Scrape+1","Leap","Self Repair"],"picked":"Singing Bowl","floor":23.0},{"not_picked":["Consume","Genetic Algorithm"],"picked":"Defragment+1","floor":25.0},{"not_picked":["Cold Snap+1","Beam Cell+1"],"picked":"Buffer","floor":27.0},{"not_picked":["Blizzard+1","Redo","Steam+1"],"picked":"Singing Bowl","floor":31.0},{"not_picked":["Reboot","Multi-Cast","Biased Cognition"],"picked":"Singing Bowl","floor":33.0},{"not_picked":["Defragment","Stack","Lockon+1"],"picked":"Singing Bowl","floor":35.0},{"not_picked":["PanicButton","Blind","Panache"],"picked":"Singing Bowl","floor":37.0},{"not_picked":["HandOfGreed+1","Mind Blast+1"],"picked":"Impatience","floor":37.0},{"not_picked":["Finesse","Enlightenment"],"picked":"Discovery","floor":37.0},{"not_picked":["Conserve Battery","Self Repair+1","Leap"],"picked":"Singing Bowl","floor":40.0},{"not_picked":["Sunder+1","Leap","Blizzard+1"],"picked":"Singing Bowl","floor":41.0},{"not_picked":["Reinforced Body","Rip and Tear+1"],"picked":"Core Surge+1","floor":42.0},{"not_picked":["Reprogram+1","Ball Lightning+1","Scrape+1"],"picked":"Singing Bowl","floor":47.0},{"not_picked":["White Noise","Fusion+1"],"picked":"Loop","floor":48.0}],"player_experience":318008,"relics_obtained":[{"floor":7.0,"key":"Singing Bowl"},{"floor":9.0,"key":"Molten Egg 2"},{"floor":10.0,"key":"Meat on the Bone"},{"floor":12.0,"key":"Cables"},{"floor":23.0,"key":"Juzu Bracelet"},{"floor":25.0,"key":"Blood Vial"},{"floor":27.0,"key":"DataDisk"},{"floor":31.0,"key":"Pear"},{"floor":40.0,"key":"Pantograph"},{"floor":42.0,"key":"StrikeDummy"},{"floor":43.0,"key":"Pen Nib"}],"event_choices":[{"cards_removed":["Strike_B"],"damage_healed":0.0,"max_hp_gain":0.0,"max_hp_loss":0.0,"gold_gain":0.0,"event_name":"The Cleric","player_choice":"Card Removal","floor":2.0,"gold_loss":75.0,"damage_taken":0.0},{"damage_healed":0.0,"max_hp_gain":0.0,"max_hp_loss":0.0,"gold_gain":75.0,"event_name":"World of Goop","player_choice":"Gather Gold","floor":3.0,"gold_loss":0.0,"damage_taken":11.0},{"damage_healed":0.0,"max_hp_gain":0.0,"max_hp_loss":0.0,"gold_gain":0.0,"event_name":"Scrap Ooze","player_choice":"Success","floor":5.0,"gold_loss":0.0,"damage_taken":11.0,"relics_obtained":["Shuriken"]},{"cards_removed":["Defend_B"],"damage_healed":0.0,"max_hp_gain":0.0,"max_hp_loss":0.0,"gold_gain":0.0,"event_name":"Living Wall","player_choice":"Forget","floor":13.0,"gold_loss":0.0,"damage_taken":0.0},{"damage_healed":0.0,"max_hp_gain":0.0,"max_hp_loss":0.0,"gold_gain":0.0,"event_name":"The Joust","player_choice":"Bet on Murderer","floor":22.0,"gold_loss":50.0,"damage_taken":0.0},{"damage_healed":0.0,"max_hp_gain":0.0,"max_hp_loss":0.0,"gold_gain":0.0,"event_name":"The Mausoleum","player_choice":"Ignored","floor":24.0,"gold_loss":0.0,"damage_taken":0.0},{"cards_removed":["Dualcast"],"damage_healed":0.0,"max_hp_gain":0.0,"max_hp_loss":0.0,"gold_gain":0.0,"event_name":"Beggar","player_choice":"Gave Gold","floor":28.0,"gold_loss":75.0,"damage_taken":0.0},{"damage_healed":0.0,"max_hp_gain":0.0,"max_hp_loss":0.0,"gold_gain":0.0,"event_name":"Vampires","player_choice":"Ignored","floor":29.0,"gold_loss":0.0,"damage_taken":0.0},{"damage_healed":0.0,"max_hp_gain":0.0,"max_hp_loss":0.0,"gold_gain":999.0,"event_name":"MindBloom","player_choice":"Gold","floor":36.0,"gold_loss":0.0,"damage_taken":0.0,"cards_obtained":["Normality","Normality"]},{"damage_healed":0.0,"max_hp_gain":0.0,"max_hp_loss":0.0,"gold_gain":0.0,"event_name":"SensoryStone","player_choice":"Memory 3","floor":37.0,"gold_loss":0.0,"damage_taken":10.0},{"damage_healed":0.0,"max_hp_gain":0.0,"max_hp_loss":0.0,"gold_gain":0.0,"event_name":"Lab","player_choice":"Got Potions","floor":38.0,"gold_loss":0.0,"damage_taken":0.0},{"damage_healed":0.0,"max_hp_gain":0.0,"max_hp_loss":0.0,"gold_gain":0.0,"event_name":"Upgrade Shrine","player_choice":"Upgraded","floor":45.0,"gold_loss":0.0,"damage_taken":0.0,"cards_upgraded":["Discovery"]}],"is_beta":false,"boss_relics":[{"not_picked":["Runic Dome","Ectoplasm"],"picked":"Pandora\u0027s Box"},{"not_picked":["Velvet Choker","Sozu"],"picked":"Fusion Hammer"}],"items_purged_floors":[19,39,46],"is_endless":false,"potions_floor_spawned":[7,14,16,21,31,35,41,42],"killed_by":"Donu and Deca","ascension_level":20}}