{"host":"d52brwsy6af8zvaq","time":1613087683,"event":{"mods":["AchievementEnabler","BaseMod","Bestiary","Highlight Path","Minty Spire (QoL Compilation)","Quick Restart","Relic Stats","ojb\u0027s Better Paths Mod"],"gold_per_floor":[116,116,136,61,79,79,104,104,129,173,173,173,173],"floor_reached":12,"language":"ENG","playtime":300,"items_purged":[],"score":172,"play_id":"f289fa2b-0c1a-456e-84ac-e30facdb4191","local_time":"20210211165443","is_ascension_mode":true,"campfire_choices":[{"data":"Rebound","floor":6,"key":"SMITH"},{"floor":8,"key":"REST"}],"circlet_count":0,"master_deck":["AscendersBane","Strike_B","Strike_B","Strike_B","Defend_B","Defend_B","Defend_B","Defend_B","Zap+1","Dualcast","Rebound+1","Compile Driver","Core Surge","Streamline","Gash"],"relics":["Cracked Core","Tiny Chest","Potion Belt","CeramicFish"],"acts_visited":["Exordium"],"potions_floor_usage":[7],"damage_taken":[{"damage":2,"enemies":"Small Slimes","floor":1,"turns":3},{"damage":2,"enemies":"2 Louse","floor":3,"turns":3},{"damage":4,"enemies":"Jaw Worm","floor":5,"turns":3},{"damage":20,"enemies":"Lagavulin","floor":7,"turns":7},{"damage":30,"enemies":"Gremlin Nob","floor":10,"turns":4},{"damage":30,"enemies":"3 Sentries","floor":12,"turns":5}],"seed_played":"7940079153390373551","potions_obtained":[{"floor":3,"key":"AttackPotion"}],"is_trial":false,"path_per_floor":["M","?","M","?","M","R","E","R","T","E","?","E"],"character_chosen":"DEFECT","items_purchased":[],"campfire_rested":1,"item_purchase_floors":[],"current_hp_per_floor":[62,62,60,60,56,56,36,57,57,27,27,0,0],"gold":173,"neow_bonus":"UPGRADE_CARD","is_daily":false,"chose_seed":false,"campfire_upgraded":1,"win_rate":0.0,"timestamp":1613087683,"path_taken":["M","?","M","?","M","R","E","R","T","E","?","E"],"items_purchased_type":[],"build_version":"2020-12-22","purchased_purges":0,"victory":false,"max_hp_per_floor":[71,71,71,71,71,71,71,71,71,71,71,71,71],"relic_stats":{"counters":[6,25],"CeramicFish":9,"Tiny Chest":0,"obtain_stats":[{"Potion Belt":9,"CeramicFish":10,"Tiny Chest":7,"Cracked Core":0},{"Potion Belt":4,"CeramicFish":5,"Tiny Chest":4,"Cracked Core":0},{"Potion Belt":16,"CeramicFish":20,"Tiny Chest":16,"Cracked Core":0}]},"card_choices":[{"not_picked":["Turbo","Recycle"],"picked":"Rebound","floor":1},{"not_picked":["Undo","Rebound"],"picked":"Compile Driver","floor":3},{"not_picked":["Ball Lightning","Conserve Battery"],"picked":"Core Surge","floor":5},{"not_picked":["Consume","Capacitor"],"picked":"Streamline","floor":7},{"not_picked":["Turbo","Compile Driver"],"picked":"Gash","floor":10}],"player_experience":2231167,"relics_obtained":[{"floor":7,"key":"Tiny Chest"},{"floor":9,"key":"Potion Belt"},{"floor":10,"key":"CeramicFish"}],"event_choices":[{"damage_healed":0,"gold_gain":0,"player_choice":"Ignored","damage_taken":0,"max_hp_gain":0,"max_hp_loss":0,"event_name":"Liars Game","floor":2,"gold_loss":0},{"cards_removed":["Strike_B"],"damage_healed":0,"gold_gain":0,"player_choice":"Card Removal","damage_taken":0,"max_hp_gain":0,"max_hp_loss":0,"event_name":"The Cleric","floor":4,"gold_loss":75},{"damage_healed":0,"gold_gain":0,"player_choice":"Ignored","damage_taken":0,"max_hp_gain":0,"max_hp_loss":0,"event_name":"Shining Light","floor":11,"gold_loss":0}],"is_beta":false,"boss_relics":[],"items_purged_floors":[],"is_endless":false,"potions_floor_spawned":[3],"killed_by":"3 Sentries","ascension_level":20}}