{"host":"188x3om7sf6mgxv1","time":1613016908,"event":{"mods":["BaseMod","Block Reminder","Jorbs\u0027s Wanderer Trilogy","Minty Spire (QoL Compilation)","Relic Stats","StSLib"],"gold_per_floor":[310,324,145,145,162,225,225,257,257,257,109,109,109,134,134,139,139],"floor_reached":16,"language":"ENG","playtime":590,"items_purged":["stsjorbsmod:Strike_Wanderer","stsjorbsmod:Strike_Wanderer"],"score":119,"play_id":"60dbd8d3-1db0-4548-a2a0-6d0fdb832b9d","local_time":"20210210231508","is_ascension_mode":true,"campfire_choices":[{"data":"stsjorbsmod:FreshAdventure","floor":7,"key":"SMITH"},{"floor":10,"key":"REST"},{"data":"stsjorbsmod:Rediscovery","floor":13,"key":"SMITH"},{"data":"stsjorbsmod:OldPocket","floor":15,"key":"SMITH"}],"circlet_count":0,"master_deck":["stsjorbsmod:ForbiddenGrimoire+1","stsjorbsmod:Strike_Wanderer+1","stsjorbsmod:Strike_Wanderer+1","stsjorbsmod:Defend_Wanderer","stsjorbsmod:Defend_Wanderer","stsjorbsmod:Defend_Wanderer+1","stsjorbsmod:Defend_Wanderer","stsjorbsmod:FreshAdventure+1","stsjorbsmod:EyeOfTheStorm","stsjorbsmod:BlackTentacles","stsjorbsmod:HedgeWizard","stsjorbsmod:FranticSearch","stsjorbsmod:ArcaneWeapon","stsjorbsmod:BurningFlask","stsjorbsmod:FaerieFire","stsjorbsmod:Rediscovery+1","stsjorbsmod:Prestidigitation","stsjorbsmod:OldPocket+1"],"relics":["stsjorbsmod:GrimoireRelic","Old Coin","Juzu Bracelet","Singing Bowl","Art of War","Ancient Tea Set"],"acts_visited":["Exordium"],"potions_floor_usage":[6],"damage_taken":[{"damage":0,"enemies":"Jaw Worm","floor":1,"turns":5},{"damage":2,"enemies":"2 Louse","floor":2,"turns":3},{"damage":4,"enemies":"Small Slimes","floor":5,"turns":3},{"damage":11,"enemies":"3 Sentries","floor":6,"turns":4},{"damage":23,"enemies":"Gremlin Nob","floor":8,"turns":3},{"damage":1,"enemies":"2 Fungi Beasts","floor":14,"turns":3},{"damage":42,"enemies":"The Guardian","floor":16,"turns":7}],"seed_played":"-3321175792226337734","potions_obtained":[{"floor":2,"key":"ColorlessPotion"},{"floor":6,"key":"BlessingOfTheForge"}],"is_trial":false,"path_per_floor":["M","M","$","?","M","E","R","E","T","R","$","?","R","M","R","B"],"character_chosen":"WANDERER","items_purchased":["stsjorbsmod:FranticSearch","stsjorbsmod:ArcaneWeapon","stsjorbsmod:Prestidigitation"],"campfire_rested":1,"item_purchase_floors":[3,3,11],"current_hp_per_floor":[68,67,67,53,51,43,43,22,22,42,42,42,42,42,42,0,0],"gold":139,"neow_bonus":"ONE_RARE_RELIC","is_daily":false,"chose_seed":false,"campfire_upgraded":3,"win_rate":0.0,"timestamp":1613016908,"path_taken":["M","M","$","?","M","E","R","E","T","R","$","?","R","M","R","BOSS"],"items_purchased_type":["Card","Card","Card"],"build_version":"2020-12-22","purchased_purges":2,"victory":false,"max_hp_per_floor":[68,68,68,68,68,68,68,68,68,68,68,68,68,68,68,68,68],"relic_stats":{"Singing Bowl":0,"counters":[7,28],"Juzu Bracelet":0,"Art of War":[3],"obtain_stats":[{"Singing Bowl":8,"stsjorbsmod:GrimoireRelic":0,"Juzu Bracelet":6,"Art of War":9,"Ancient Tea Set":12,"Old Coin":0},{"Singing Bowl":5,"stsjorbsmod:GrimoireRelic":0,"Juzu Bracelet":4,"Art of War":5,"Ancient Tea Set":5,"Old Coin":0},{"Singing Bowl":18,"stsjorbsmod:GrimoireRelic":0,"Juzu Bracelet":15,"Art of War":18,"Ancient Tea Set":18,"Old Coin":0}]},"card_choices":[{"not_picked":["stsjorbsmod:Index","stsjorbsmod:RefuseToForget"],"picked":"stsjorbsmod:BlackTentacles","floor":1},{"not_picked":["stsjorbsmod:ChatteringStrike","stsjorbsmod:WeightOfMemory"],"picked":"stsjorbsmod:HedgeWizard","floor":2},{"not_picked":["stsjorbsmod:Message","stsjorbsmod:BlackTentacles"],"picked":"stsjorbsmod:BurningFlask","floor":5},{"not_picked":["stsjorbsmod:Counterspell","stsjorbsmod:Mindworm"],"picked":"stsjorbsmod:FaerieFire","floor":6},{"not_picked":["stsjorbsmod:Index","stsjorbsmod:Materialize"],"picked":"stsjorbsmod:Rediscovery","floor":8},{"not_picked":["stsjorbsmod:Hibernate","stsjorbsmod:Firebolt"],"picked":"stsjorbsmod:OldPocket","floor":14}],"player_experience":57417,"relics_obtained":[{"floor":6,"key":"Juzu Bracelet"},{"floor":8,"key":"Singing Bowl"},{"floor":9,"key":"Art of War"}],"event_choices":[{"damage_healed":0,"gold_gain":0,"player_choice":"Entered Light","damage_taken":14,"max_hp_gain":0,"max_hp_loss":0,"event_name":"Shining Light","floor":4,"gold_loss":0,"cards_upgraded":["stsjorbsmod:Defend_Wanderer","stsjorbsmod:Strike_Wanderer"]},{"damage_healed":0,"gold_gain":0,"player_choice":"Searched \u00271\u0027 times","damage_taken":0,"relics_obtained":["Ancient Tea Set"],"max_hp_gain":0,"max_hp_loss":0,"event_name":"Dead Adventurer","floor":12,"gold_loss":0}],"is_beta":false,"boss_relics":[],"items_purged_floors":[3,11],"is_endless":false,"potions_floor_spawned":[2,6],"killed_by":"The Guardian","ascension_level":2}}