{"host":"vyiqbz5w606ur92t","time":1613011097,"event":{"mods":["BaseMod","Downfall","Minty Spire (QoL Compilation)","StSLib"],"gold_per_floor":[99,99,114,129,121,159,159,159,159,159],"floor_reached":8,"language":"ENG","playtime":591,"items_purged":[],"score":54,"play_id":"5b5d915f-1f03-442a-9480-99a3fc05e176","local_time":"20210211023817","daily_mods":["Shiny","Uncertain Future","DeadlyEvents"],"is_ascension_mode":false,"campfire_choices":[{"floor":1,"key":"RECALL"}],"circlet_count":0,"master_deck":["hexamod:Toasty","hexamod:UnleashSpirits","hexamod:HexaLevel","hexamod:SixthSeal","hexamod:WildfireWeapon","hexamod:VolcanoVisage","hexamod:ApocalypseNow","hexamod:FlameSwitch","hexamod:TimeOfNeed","hexamod:FifthSeal","hexamod:ForkedFlame","hexamod:SearingWound","hexamod:GhostflameInferno","hexamod:ParanormalForm+1","hexamod:GiftsFromTheDead","hexamod:ApocalypticArmor","hexamod:UnlimitedPower","hexamod:TurnItUp+1","hexamod:TimeWarp","hexamod:GhostOfSpirePresent","hexamod:FirstSeal","hexamod:SecondSeal","hexamod:ThirdSeal","hexamod:FourthSeal","hexamod:ShieldOfDarkness","hexamod:PowerFromBeyond"],"relics":["hexamod:SpiritBrand","downfall:ShatteredFragment","TungstenRod","Meat on the Bone"],"acts_visited":["Exordium"],"potions_floor_usage":[],"damage_taken":[{"damage":0,"enemies":"2 Louse","floor":3,"turns":2},{"damage":6,"enemies":"Jaw Worm","floor":4,"turns":2},{"damage":26,"enemies":"3 Sentries","floor":6,"turns":6},{"damage":17,"enemies":"Lagavulin","floor":8,"turns":4}],"seed_played":"-587577638262706789","potions_obtained":[{"floor":3,"key":"SmokeBomb"}],"is_trial":false,"path_per_floor":["R","?","M","M","?","E","T","E"],"character_chosen":"THE_SPIRIT","items_purchased":[],"campfire_rested":0,"item_purchase_floors":[],"current_hp_per_floor":[70,49,49,43,36,17,17,0,0,0],"gold":159,"neow_bonus":"","is_daily":true,"chose_seed":false,"campfire_upgraded":0,"win_rate":0.0,"timestamp":1613011097,"path_taken":["R","?","M","M","?","?","T","E"],"items_purchased_type":[],"build_version":"2020-12-22","purchased_purges":0,"victory":false,"max_hp_per_floor":[70,70,70,70,70,70,70,70,70,70],"card_choices":[{"not_picked":["hexamod:NightmareStrike","hexamod:GhostflameBarrier"],"picked":"hexamod:BurningTouch","floor":3},{"not_picked":["hexamod:RadiantFlame","hexamod:SwordOfDarkness","hexamod:InspiringFlames"],"picked":"SKIP","floor":4},{"not_picked":["hexamod:DynamicBlow","hexamod:VolcanoVisage"],"picked":"hexamod:ShieldOfDarkness","floor":6},{"not_picked":["hexamod:HauntingEcho","hexamod:Firestarter"],"picked":"hexamod:PowerFromBeyond","floor":6}],"player_experience":1733234,"relics_obtained":[{"floor":6,"key":"TungstenRod"},{"floor":7,"key":"Meat on the Bone"}],"event_choices":[],"is_beta":false,"boss_relics":[],"items_purged_floors":[],"is_endless":false,"potions_floor_spawned":[3],"killed_by":"Lagavulin","ascension_level":0}}