{"host":"4rvakrj1idbgia3f","time":1613071160,"event":{"mods":["BaseMod","Colored Map","Colored Powertips","DeckTracker","Highlight Path","Minty Spire (QoL Compilation)","Random Character Button","StSLib"],"gold_per_floor":[211,225,300,225,19,19,29,39,39,39,80,108,108,150,150,230,230,259,285,77,103,131,140,154,164,164,164,187,19,19,19,19],"floor_reached":31,"language":"JPN","playtime":1806,"items_purged":[],"score":548,"play_id":"af28c7c8-8fc1-4e47-93ae-aaffb7482848","local_time":"20210212041920","is_ascension_mode":true,"campfire_choices":[{"data":"Apotheosis","floor":6.0,"key":"SMITH"},{"data":"Crippling Poison","floor":10.0,"key":"SMITH"},{"data":"Dash","floor":13.0,"key":"SMITH"},{"data":"Neutralize","floor":15.0,"key":"SMITH"},{"floor":23,"key":"REST"},{"data":"Leg Sweep","floor":27,"key":"SMITH"}],"circlet_count":0,"master_deck":["AscendersBane","Strike_G","Strike_G","Strike_G","Defend_G","Defend_G","Defend_G","Defend_G","Survivor","Neutralize+1","Dash+1","Crippling Poison+1","Apotheosis+1","Catalyst","Quick Slash","Backflip","Well Laid Plans+1","After Image+1","Tools of the Trade+1","Deflect+1","Footwork+1","Deadly Poison","Leg Sweep+1","Reflex","Backflip","Poisoned Stab","Burst"],"relics":["Ring of the Snake","CeramicFish","Frozen Egg 2","Dream Catcher","Empty Cage","OrangePellets","Ornamental Fan"],"acts_visited":["Exordium","TheCity"],"potions_floor_usage":[18,18],"damage_taken":[{"damage":2.0,"enemies":"2 Louse","floor":1.0,"turns":4.0},{"damage":4.0,"enemies":"Small Slimes","floor":2.0,"turns":4.0},{"damage":0.0,"enemies":"Cultist","floor":7.0,"turns":3.0},{"damage":9.0,"enemies":"Blue Slaver","floor":8.0,"turns":4.0},{"damage":11.0,"enemies":"Gremlin Nob","floor":11.0,"turns":4.0},{"damage":0.0,"enemies":"Large Slime","floor":12.0,"turns":7.0},{"damage":0.0,"enemies":"Lagavulin","floor":14.0,"turns":5.0},{"damage":8.0,"enemies":"Hexaghost","floor":16.0,"turns":9.0},{"damage":8,"enemies":"2 Thieves","floor":18,"turns":4},{"damage":10,"enemies":"Shell Parasite","floor":19,"turns":7},{"damage":16,"enemies":"Snake Plant","floor":21,"turns":9},{"damage":10,"enemies":"Sentry and Sphere","floor":22,"turns":8},{"damage":3,"enemies":"Chosen and Byrds","floor":24,"turns":7},{"damage":2,"enemies":"Centurion and Healer","floor":25,"turns":7},{"damage":4,"enemies":"Sentry and Sphere","floor":28,"turns":7},{"damage":22,"enemies":"3 Cultists","floor":31,"turns":5}],"seed_played":"-452381572123051503","potions_obtained":[{"floor":1.0,"key":"Explosive Potion"},{"floor":2.0,"key":"EntropicBrew"},{"floor":11.0,"key":"DistilledChaos"},{"floor":18,"key":"LiquidBronze"},{"floor":21,"key":"Dexterity Potion"}],"is_trial":false,"path_per_floor":["M","M","?","?","$","R","M","M","T","R","E","M","R","E","R","B",null,"M","M","$","M","M","R","M","M","T","R","M","$","?","M"],"character_chosen":"THE_SILENT","items_purchased":["Apotheosis","Deadly Poison","OrangePellets","Burst"],"campfire_rested":1,"item_purchase_floors":[5,20,20,29],"current_hp_per_floor":[57,53,42,42,42,42,42,33,33,33,22,22,22,22,22,14,53,45,35,35,19,9,28,25,23,23,23,19,19,19,0,0],"gold":19,"neow_bonus":"HUNDRED_GOLD","is_daily":false,"chose_seed":false,"campfire_upgraded":5,"win_rate":0.0,"timestamp":1613071160,"path_taken":["M","M","?","?","$","R","M","M","T","R","E","M","R","E","R","BOSS","M","M","$","M","M","R","M","M","T","R","M","$","?","M"],"items_purchased_type":["Card","Card","Relic","Card"],"build_version":"2020-12-22","purchased_purges":0,"victory":false,"max_hp_per_floor":[66,66,66,66,66,66,66,66,66,66,66,66,66,66,66,66,66,66,66,66,66,66,66,66,66,66,66,66,66,66,66,66],"card_choices":[{"not_picked":["Well Laid Plans","Caltrops"],"picked":"Dash","floor":1.0},{"not_picked":["Outmaneuver","Reflex"],"picked":"Crippling Poison","floor":2.0},{"not_picked":["Flying Knee","Setup"],"picked":"Catalyst","floor":7.0},{"not_picked":["Slice","Bane"],"picked":"Quick Slash","floor":8.0},{"not_picked":["Blade Dance","Riddle With Holes"],"picked":"Backflip","floor":11.0},{"not_picked":["Expertise","Crippling Poison"],"picked":"Well Laid Plans+1","floor":12.0},{"not_picked":["Deadly Poison","All Out Attack"],"picked":"After Image+1","floor":14.0},{"not_picked":["Unload","Night Terror"],"picked":"Tools of the Trade+1","floor":16.0},{"not_picked":["Dash","Slice"],"picked":"Deflect+1","floor":18},{"not_picked":["Quick Slash","Backflip"],"picked":"Footwork+1","floor":19},{"not_picked":["Accuracy+1","Expertise+1"],"picked":"Leg Sweep","floor":21},{"not_picked":["Cloak And Dagger","Riddle With Holes+1"],"picked":"Reflex","floor":22},{"not_picked":["Dagger Spray","Dagger Throw"],"picked":"Backflip","floor":23},{"not_picked":["Acrobatics","Quick Slash","Slice"],"picked":"SKIP","floor":24},{"not_picked":["Prepared","Skewer","Dagger Spray"],"picked":"SKIP","floor":25},{"not_picked":["Bane","Deflect"],"picked":"Poisoned Stab","floor":28}],"player_experience":2301824,"relics_obtained":[{"floor":9.0,"key":"CeramicFish"},{"floor":11.0,"key":"Frozen Egg 2"},{"floor":14.0,"key":"Dream Catcher"},{"floor":26,"key":"Ornamental Fan"}],"event_choices":[{"damage_healed":0.0,"max_hp_gain":0.0,"max_hp_loss":0.0,"gold_gain":75.0,"event_name":"World of Goop","player_choice":"Gather Gold","floor":3.0,"gold_loss":0.0,"damage_taken":11.0},{"cards_removed":["Defend_G"],"damage_healed":0.0,"max_hp_gain":0.0,"max_hp_loss":0.0,"gold_gain":0.0,"event_name":"The Cleric","player_choice":"Card Removal","floor":4.0,"gold_loss":75.0,"damage_taken":0.0}],"is_beta":false,"boss_relics":[{"not_picked":["Sozu","Ectoplasm"],"picked":"Empty Cage"}],"items_purged_floors":[],"is_endless":false,"potions_floor_spawned":[1,2,11,12,18,21,25,28],"killed_by":"3 Cultists","ascension_level":20}}