{"host":"18wi9kpcl4eah7pe","time":1613079386,"event":{"mods":["BaseMod","Colored Powertips","Downfall","Minty Spire (QoL Compilation)","StSLib"],"gold_per_floor":[99,99,99,99,99,111,138,173,1,1,27,43,43,57,69,171,171,71,81,93,93,93,93,93],"floor_reached":22,"language":"ENG","playtime":922,"items_purged":[],"score":250,"play_id":"ccfd08f3-f7f1-4357-9f15-cf57c06c5a6f","local_time":"20210211153626","is_ascension_mode":true,"campfire_choices":[{"floor":1,"key":"RECALL"},{"floor":10,"key":"REST"},{"floor":13,"key":"REST"},{"floor":18,"key":"REST"}],"circlet_count":0,"master_deck":["bronze:Strike","bronze:Strike","bronze:Strike","bronze:Strike","bronze:Defend","bronze:Defend","bronze:Defend","bronze:Defend","bronze:Replicate","bronze:Goto","bronze:Fortify","bronze:DelayedGuard","bronze:Constructor","bronze:CutThrough","bronze:WhirlingStrike","bronze:OilSpill","bronze:Overheat","bronze:Shield","bronze:Optimize","bronze:BurnOut","bronze:ClassDefault","bronze:BuggyMess+1","Pride"],"relics":["bronze:BronzeCore","downfall:HeartsMalice","Pen Nib","Juzu Bracelet","Ornamental Fan","Black Star","downfall:HeartBlessingBlue","StrikeDummy"],"acts_visited":["Exordium","TheCity"],"potions_floor_usage":[8,12,14,16,20,22],"damage_taken":[{"damage":0,"enemies":"Jaw Worm","floor":2,"turns":1},{"damage":0,"enemies":"downfall:FleeingMerchant","floor":3,"turns":1},{"damage":0,"enemies":"Cultist","floor":5,"turns":1},{"damage":10,"enemies":"Small Slimes","floor":6,"turns":2},{"damage":36,"enemies":"Lagavulin","floor":8,"turns":11},{"damage":5,"enemies":"downfall:FleeingMerchant","floor":9,"turns":4},{"damage":20,"enemies":"3 Sentries","floor":11,"turns":7},{"damage":0,"enemies":"Exordium Thugs","floor":12,"turns":3},{"damage":1,"enemies":"3 Louse","floor":14,"turns":4},{"damage":1,"enemies":"2 Fungi Beasts","floor":15,"turns":4},{"damage":24,"enemies":"SI_SHIV_ARCHETYPE","floor":16,"turns":10},{"damage":34,"enemies":"Chosen","floor":19,"turns":6},{"damage":28,"enemies":"Centurion and Healer","floor":20,"turns":10},{"damage":28,"enemies":"downfall:LadyInBlue","floor":22,"turns":7}],"seed_played":"5567287367373433728","potions_obtained":[{"floor":6,"key":"Dexterity Potion"},{"floor":11,"key":"DistilledChaos"},{"floor":12,"key":"Regen Potion"},{"floor":14,"key":"PowerPotion"},{"floor":19,"key":"DistilledChaos"},{"floor":20,"key":"PowerPotion"}],"is_trial":false,"path_per_floor":["R","M","$","?","M","M","T","E","$","R","E","M","R","M","M","B",null,"R","M","M","?","?"],"character_chosen":"THE_AUTOMATON","items_purchased":["Juzu Bracelet"],"campfire_rested":3,"item_purchase_floors":[9],"current_hp_per_floor":[63,63,63,70,70,60,60,24,19,40,20,20,41,52,51,27,59,80,46,18,18,0,0,0],"gold":93,"neow_bonus":"THREE_ENEMY_KILL","is_daily":false,"chose_seed":false,"campfire_upgraded":0,"win_rate":0.0,"timestamp":1613079386,"path_taken":["R","M","$","?","M","M","T","E","?","R","E","M","R","M","M","BOSS","R","M","M","?","?"],"items_purchased_type":["Relic"],"build_version":"2020-12-22","purchased_purges":0,"victory":false,"max_hp_per_floor":[70,70,70,70,70,70,70,70,70,70,70,70,70,70,70,70,70,80,80,80,80,80,80,80],"card_choices":[{"not_picked":["bronze:CloningBeam","bronze:BitShift"],"picked":"bronze:Fortify","floor":2},{"not_picked":["bronze:Allocate","bronze:Shield"],"picked":"bronze:Shell","floor":3},{"not_picked":["bronze:Deprecate","bronze:Invalidate"],"picked":"bronze:DelayedGuard","floor":5},{"not_picked":["bronze:Overload","bronze:CutThrough"],"picked":"bronze:Constructor","floor":6},{"not_picked":["bronze:ForLoop","bronze:DigitalCarnage"],"picked":"bronze:CutThrough","floor":8},{"not_picked":["bronze:ItsAFeature","bronze:Flail"],"picked":"bronze:WhirlingStrike","floor":9},{"not_picked":["bronze:Constructor","bronze:Shield"],"picked":"bronze:OilSpill","floor":11},{"not_picked":["bronze:BuggyMess","bronze:FineTuning"],"picked":"bronze:Overheat","floor":12},{"not_picked":["bronze:CutThrough","bronze:BitShift"],"picked":"bronze:Shield","floor":14},{"not_picked":["bronze:BronzeOrb","bronze:Frontload"],"picked":"bronze:Optimize","floor":15},{"not_picked":["bronze:HyperBeam","bronze:Hardcode"],"picked":"bronze:BurnOut","floor":16},{"not_picked":["bronze:Refactor","bronze:Invalidate"],"picked":"bronze:ClassDefault","floor":19},{"not_picked":["bronze:DigitalCarnage+1","bronze:Optimize"],"picked":"bronze:BuggyMess+1","floor":20}],"player_experience":1013462,"relics_obtained":[{"floor":8,"key":"Pen Nib"},{"floor":11,"key":"Ornamental Fan"}],"event_choices":[{"cards_removed":["bronze:Shell"],"damage_healed":7,"gold_gain":0,"player_choice":"Offered Uncommon","damage_taken":0,"max_hp_gain":0,"max_hp_loss":0,"event_name":"Bonfire Elementals","floor":4,"gold_loss":0},{"damage_healed":0,"gold_gain":0,"player_choice":"Stole Relic","damage_taken":0,"relics_obtained":["StrikeDummy"],"max_hp_gain":0,"max_hp_loss":0,"event_name":"Addict","floor":21,"gold_loss":0,"cards_obtained":["Pride"]}],"is_beta":false,"boss_relics":[{"not_picked":["Runic Dome","Cursed Key"],"picked":"Black Star"}],"items_purged_floors":[],"is_endless":false,"potions_floor_spawned":[6,11,12,14,19,20],"killed_by":"downfall:LadyInBlue","ascension_level":6}}