{"host":"Jitters","time":1613060905,"event":{"mods":["BaseMod","Curses Come First","Downfall","Minty Spire (QoL Compilation)","Quick Restart","Relic Stats","Reliquary","Shop Mod","Spicy Shops","Spire Arcade","StSLib"],"gold_per_floor":[99,99,24,24,24,54,54,54,54,4,22,7,19,52,68,164,164,114,132,132,132,132],"floor_reached":20,"language":"ENG","playtime":844,"items_purged":[],"score":223,"play_id":"7e4ef01e-4b22-48f2-85d0-5a736a3b37d8","local_time":"20210211112825","is_ascension_mode":true,"campfire_choices":[{"floor":1,"key":"RECALL"},{"data":"Slimebound:SlimeTap","floor":10,"key":"SMITH"},{"data":"Slimebound:DuplicatedForm","floor":18,"key":"SMITH"}],"circlet_count":0,"master_deck":["Slimebound:Strike_Slimebound","Slimebound:Strike_Slimebound+1","Slimebound:Strike_Slimebound","Slimebound:Tackle+1","Slimebound:Defend_Slimebound","Slimebound:Defend_Slimebound","Slimebound:Defend_Slimebound","Slimebound:Defend_Slimebound","Slimebound:Split","Slimebound:CorrosiveSpit","Slimebound:SplitMire+1","Regret","Slimebound:SlimeTap+1","downfall:Malfunctioning","Slimebound:Recollect","Slimebound:SlimeSpikes","Slimebound:Replication","Slimebound:GoopSpray","Slimebound:Prepare","Slimebound:Grow","Slimebound:DuplicatedForm+1","Slimebound:HauntingLick"],"relics":["Slimebound:AbsorbEndCombat","downfall:HeartsMalice","Slimebound:GreedOozeRelic","Kunai","reliquary:Firecrackers","Slimebound:SlimedTailRelic","reliquary:RedPaperclip"],"acts_visited":["Exordium","TheCity"],"potions_floor_usage":[16,16,20],"damage_taken":[{"damage":0,"enemies":"2 Louse","floor":2,"turns":1},{"damage":0,"enemies":"Gremlin Nob","floor":6,"turns":1},{"damage":0,"enemies":"Jaw Worm","floor":9,"turns":1},{"damage":10,"enemies":"Small Slimes","floor":11,"turns":3},{"damage":2,"enemies":"downfall:FleeingMerchant","floor":12,"turns":4},{"damage":13,"enemies":"2 Fungi Beasts","floor":13,"turns":3},{"damage":13,"enemies":"3 Sentries","floor":14,"turns":6},{"damage":3,"enemies":"Blue Slaver","floor":15,"turns":2},{"damage":34,"enemies":"DF_ARCHETYPE_STREAMLINE","floor":16,"turns":6},{"damage":43,"enemies":"Shell Parasite","floor":19,"turns":5},{"damage":3,"enemies":"3 Byrds","floor":20,"turns":2}],"seed_played":"1705032441628551534","potions_obtained":[{"floor":13,"key":"Energy Potion"},{"floor":14,"key":"Fire Potion"},{"floor":16,"key":"Block Potion"}],"is_trial":false,"path_per_floor":["R","M","?","?","T","E","T","?","M","R","M","$","M","E","M","B",null,"R","M","M"],"character_chosen":"SLIMEBOUND","items_purchased":[],"campfire_rested":0,"item_purchase_floors":[],"current_hp_per_floor":[65,65,65,65,65,65,65,65,65,65,59,63,50,43,42,16,65,65,56,53,53,53],"gold":132,"neow_bonus":"THREE_ENEMY_KILL","is_daily":false,"chose_seed":false,"campfire_upgraded":2,"win_rate":0.0,"timestamp":1613060905,"path_taken":["R","M","?","?","?","E","T","?","M","R","M","?","M","E","M","BOSS","R","M","M"],"items_purchased_type":[],"build_version":"2020-11-17","purchased_purges":0,"victory":false,"max_hp_per_floor":[65,65,65,65,65,65,65,65,65,65,65,65,65,65,65,65,65,65,65,65,65,65],"relic_stats":{"counters":[11,29],"Kunai":[2],"obtain_stats":[{"Slimebound:GreedOozeRelic":3,"Slimebound:MaxSlimesRelic":4,"reliquary:RedPaperclip":17,"reliquary:Firecrackers":7,"downfall:HeartsMalice":0,"Eternal Feather":6,"Slimebound:AbsorbEndCombat":0,"Kunai":5,"Slimebound:SlimedTailRelic":14},{"Slimebound:GreedOozeRelic":1,"Slimebound:MaxSlimesRelic":1,"reliquary:RedPaperclip":9,"reliquary:Firecrackers":2,"downfall:HeartsMalice":0,"Eternal Feather":2,"Slimebound:AbsorbEndCombat":0,"Kunai":1,"Slimebound:SlimedTailRelic":7},{"Slimebound:GreedOozeRelic":0,"Slimebound:MaxSlimesRelic":0,"reliquary:RedPaperclip":22,"reliquary:Firecrackers":0,"downfall:HeartsMalice":0,"Eternal Feather":0,"Slimebound:AbsorbEndCombat":0,"Kunai":0,"Slimebound:SlimedTailRelic":14}]},"card_choices":[{"not_picked":["Slimebound:DivideAndConquer","Slimebound:Prepare"],"picked":"Slimebound:SplitMire","floor":2},{"not_picked":["Slimebound:SplitAcid","Slimebound:LeechEnergy"],"picked":"Slimebound:SlimeTap","floor":6},{"not_picked":["Slimebound:ViciousTackle","Slimebound:RallyTheTroops"],"picked":"Slimebound:Recollect","floor":9},{"not_picked":["Slimebound:LivingWall","Slimebound:TongueLash"],"picked":"Slimebound:SlimeSpikes","floor":11},{"not_picked":["Slimebound:SlimeSpikes","Slimebound:SplitMire"],"picked":"Slimebound:Replication","floor":12},{"not_picked":["Slimebound:SlimeSpikes","Slimebound:SplitMire"],"picked":"Slimebound:GoopSpray","floor":13},{"not_picked":["Slimebound:Replication","Slimebound:Chomp"],"picked":"Slimebound:Prepare","floor":14},{"not_picked":["Slimebound:ComboTackle","Slimebound:PressTheAttack"],"picked":"Slimebound:Grow","floor":15},{"not_picked":["Slimebound:CheckThePlaybook","Slimebound:WasteNot"],"picked":"Slimebound:DuplicatedForm","floor":16},{"not_picked":["Slimebound:SplitBruiser+1","Slimebound:FlameTackle+1"],"picked":"Slimebound:HauntingLick","floor":19}],"player_experience":210378,"relics_obtained":[{"floor":5,"key":"Kunai"},{"floor":6,"key":"Eternal Feather"},{"floor":7,"key":"reliquary:Firecrackers"},{"floor":14,"key":"Slimebound:SlimedTailRelic"}],"event_choices":[{"damage_healed":0,"gold_gain":0,"player_choice":"Box","damage_taken":0,"relics_obtained":["Slimebound:MaxSlimesRelic"],"max_hp_gain":0,"max_hp_loss":0,"event_name":"Big Fish","floor":4,"gold_loss":0,"cards_obtained":["Regret"]}],"is_beta":true,"boss_relics":[{"not_picked":["Runic Pyramid","Calling Bell"],"picked":"reliquary:RedPaperclip"}],"items_purged_floors":[],"is_endless":false,"potions_floor_spawned":[13,14,16],"killed_by":"3 Byrds","ascension_level":2}}