{"host":"qxt9611uhnemh1bn","time":1613071902,"event":{"mods":["AchievementEnabler","BaseMod","Minty Spire (QoL Compilation)","StSLib"],"gold_per_floor":[115,125,105,10,30,60,35,52,52,82,113,125,137,159,171,278,290,317,341,70,86,103,103,103,123,169,201,201,213,213,230,230,230,230],"floor_reached":33,"language":"ENG","playtime":1360,"items_purged":["Strike_G"],"score":273,"play_id":"ff9699c4-45d3-4fa1-9ee6-23898666ffaf","local_time":"20210211133142","is_ascension_mode":false,"campfire_choices":[{"data":"Blade Dance","floor":13.0,"key":"SMITH"},{"floor":15,"key":"REST"},{"data":"Adrenaline","floor":23,"key":"SMITH"},{"floor":30,"key":"REST"},{"floor":32,"key":"REST"}],"circlet_count":0,"master_deck":["Strike_G","Strike_G","Strike_G","Strike_G","Defend_G","Defend_G","Defend_G","Defend_G","Defend_G","Survivor","Neutralize","Blade Dance+1","Choke","Dagger Spray","Blade Dance","Dodge and Roll","Deflect","Tools of the Trade+1","Sucker Punch","Dodge and Roll","Flying Knee","Adrenaline+1","PiercingWail","Blur+1","Dagger Throw+1","Accuracy+1","Blur"],"relics":["Ring of the Snake","NeowsBlessing","Strawberry","MawBank","WristBlade","PreservedInsect","MutagenicStrength","Omamori","Mummified Hand"],"acts_visited":["Exordium","TheCity"],"potions_floor_usage":[14,16,16,25,27,31,33,33],"damage_taken":[{"damage":0.0,"enemies":"2 Louse","floor":1.0,"turns":1.0},{"damage":0.0,"enemies":"Cultist","floor":2.0,"turns":1.0},{"damage":0.0,"enemies":"Jaw Worm","floor":5.0,"turns":1.0},{"damage":19.0,"enemies":"Gremlin Nob","floor":6.0,"turns":4.0},{"damage":5.0,"enemies":"Large Slime","floor":8.0,"turns":6.0},{"damage":2.0,"enemies":"Looter","floor":10.0,"turns":2.0},{"damage":3.0,"enemies":"Exordium Wildlife","floor":11.0,"turns":3.0},{"damage":0,"enemies":"Lots of Slimes","floor":14,"turns":3},{"damage":5,"enemies":"Slime Boss","floor":16,"turns":9},{"damage":6,"enemies":"Chosen","floor":18,"turns":2},{"damage":11,"enemies":"2 Thieves","floor":19,"turns":5},{"damage":19,"enemies":"Cultist and Chosen","floor":21,"turns":7},{"damage":8,"enemies":"Centurion and Healer","floor":22,"turns":6},{"damage":11,"enemies":"Snake Plant","floor":25,"turns":3},{"damage":8,"enemies":"Book of Stabbing","floor":27,"turns":4},{"damage":8,"enemies":"Colosseum Slavers","floor":28,"turns":5},{"damage":0,"enemies":"Snecko","floor":29,"turns":2},{"damage":12,"enemies":"Centurion and Healer","floor":31,"turns":3},{"damage":42,"enemies":"Champ","floor":33,"turns":10}],"seed_played":"7294621167809737936","potions_obtained":[{"floor":2.0,"key":"Energy Potion"},{"floor":3.0,"key":"BlessingOfTheForge"},{"floor":8.0,"key":"SkillPotion"},{"floor":10.0,"key":"Fire Potion"},{"floor":14,"key":"SteroidPotion"},{"floor":16,"key":"GamblersBrew"},{"floor":18,"key":"Dexterity Potion"},{"floor":29,"key":"GamblersBrew"},{"floor":31,"key":"EssenceOfSteel"}],"is_trial":false,"path_per_floor":["M","M","?","$","M","E","$","M","T","M","M","?","R","M","R","B",null,"M","M","$","M","M","R","?","M","T","E","?","M","R","M","R","B"],"character_chosen":"THE_SILENT","items_purchased":["Dagger Spray","Weak Potion","Deflect","PreservedInsect","Energy Potion"],"campfire_rested":3,"item_purchase_floors":[4,4,7,20,20],"current_hp_per_floor":[70,70,70,70,70,58,58,53,53,51,48,48,48,48,71,66,77,71,60,60,41,33,33,33,22,22,14,6,6,29,17,40,0,0],"gold":230,"neow_bonus":"THREE_ENEMY_KILL","is_daily":false,"chose_seed":false,"campfire_upgraded":2,"win_rate":0.0,"timestamp":1613071902,"path_taken":["M","M","?","$","M","E","$","M","T","M","?","?","R","M","R","BOSS","M","M","$","M","M","R","?","M","T","E","?","M","R","M","R","BOSS"],"items_purchased_type":["Card","Potion","Card","Relic","Potion"],"build_version":"2020-12-22","purchased_purges":1,"victory":false,"max_hp_per_floor":[70,70,70,70,70,77,77,77,77,77,77,77,77,77,77,77,77,77,77,77,77,77,77,77,77,77,77,77,77,77,77,77,77,77],"card_choices":[{"not_picked":["Sucker Punch","Acrobatics"],"picked":"Blade Dance","floor":1.0},{"not_picked":["Outmaneuver","Prepared"],"picked":"Choke","floor":2.0},{"not_picked":["Flying Knee","Slice"],"picked":"Blade Dance","floor":5.0},{"not_picked":["Bane","Heel Hook"],"picked":"Dodge and Roll","floor":6.0},{"not_picked":["Masterful Stab","Deflect"],"picked":"Tools of the Trade","floor":8.0},{"not_picked":["Poisoned Stab","Deadly Poison"],"picked":"Sucker Punch","floor":10.0},{"not_picked":["Poisoned Stab","Tactician"],"picked":"Dodge and Roll","floor":11.0},{"not_picked":["Distraction","Heel Hook"],"picked":"Flying Knee","floor":14},{"not_picked":["Storm of Steel","Unload"],"picked":"Adrenaline","floor":16},{"not_picked":["Dagger Spray","Flechettes"],"picked":"PiercingWail","floor":18},{"not_picked":["Flying Knee","Eviscerate"],"picked":"Blur+1","floor":19},{"not_picked":["Concentrate","Deflect"],"picked":"Dagger Throw+1","floor":21},{"not_picked":["Masterful Stab","Dodge and Roll","Quick Slash"],"picked":"SKIP","floor":22},{"not_picked":["Dodge and Roll+1","Prepared+1","Dagger Spray"],"picked":"SKIP","floor":25},{"not_picked":["Prepared+1","Dagger Spray"],"picked":"Accuracy+1","floor":27},{"not_picked":["Backstab","Accuracy"],"picked":"Blur","floor":29},{"not_picked":["Prepared","Outmaneuver+1","Concentrate"],"picked":"SKIP","floor":31}],"player_experience":243892,"relics_obtained":[{"floor":6.0,"key":"Strawberry"},{"floor":9.0,"key":"MawBank"},{"floor":26,"key":"Omamori"},{"floor":27,"key":"Mummified Hand"}],"event_choices":[{"damage_healed":0.0,"max_hp_gain":0.0,"max_hp_loss":0.0,"gold_gain":0.0,"event_name":"The Woman in Blue","player_choice":"Bought 1 Potion","floor":3.0,"gold_loss":0.0,"damage_taken":0.0},{"damage_healed":0.0,"max_hp_gain":0.0,"max_hp_loss":0.0,"gold_gain":0.0,"event_name":"Living Wall","player_choice":"Grow","floor":12.0,"gold_loss":0.0,"damage_taken":0.0,"cards_upgraded":["Tools of the Trade"]},{"damage_healed":0,"gold_gain":0,"player_choice":"Inject Mutagens","damage_taken":0,"relics_obtained":["MutagenicStrength"],"max_hp_gain":0,"max_hp_loss":0,"event_name":"Drug Dealer","floor":24,"gold_loss":0},{"damage_healed":0,"gold_gain":0,"player_choice":"Fight","damage_taken":0,"max_hp_gain":0,"max_hp_loss":0,"event_name":"Colosseum","floor":28,"gold_loss":0},{"damage_healed":0,"gold_gain":0,"player_choice":"Fled From Nobs","damage_taken":0,"max_hp_gain":0,"max_hp_loss":0,"event_name":"Colosseum","floor":28,"gold_loss":0}],"is_beta":false,"boss_relics":[{"not_picked":["Calling Bell","Runic Pyramid"],"picked":"WristBlade"}],"items_purged_floors":[20],"is_endless":false,"potions_floor_spawned":[2,8,10,14,16,18,29,31],"killed_by":"Champ","ascension_level":0}}