{"host":"6febr6iklru1ag3j","time":1613082159,"event":{"mods":["BaseMod","Better Note","DeckTracker","Hubris","Minty Spire (QoL Compilation)","Replay The Spire","Shop Mod","StSLib","slay the spire mod where everything is the same but ironclad has a cowboy hat"],"gold_per_floor":[115,125,136,311,200,231,181,191,191,191,66,85,85,102,102,205,205,215,215,2,17,17,17,17,74,74,84,84,84],"floor_reached":28,"language":"ENG","playtime":1286,"items_purged":["Doubt","Defend_P","Defend_P"],"score":275,"play_id":"36d08133-c9da-4298-b1ec-39a91ce1ae33","local_time":"20210211172239","is_ascension_mode":true,"campfire_choices":[{"data":"Eruption","floor":10.0,"key":"SMITH"},{"floor":13.0,"key":"REST"},{"floor":15.0,"key":"DIG"},{"floor":23.0,"key":"RECALL"}],"circlet_count":0,"master_deck":["Strike_P","Strike_P","Strike_P","Eruption+1","Vigilance","FollowUp","CutThroughFate","ThirdEye","Evaluate","Evaluate","FlurryOfBlows","Consecrate","Indignation","MentalFortress"],"relics":["PureWater","Blood Vial","Mummified Hand","Toy Ornithopter","SacredBark","ReplayTheSpireMod:Ring of Challenge","StrikeDummy"],"acts_visited":["Exordium","TheCity"],"potions_floor_usage":[],"damage_taken":[{"damage":0.0,"enemies":"Small Slimes","floor":1.0,"turns":2.0},{"damage":0.0,"enemies":"Jaw Worm","floor":2.0,"turns":4.0},{"damage":0.0,"enemies":"Cultist","floor":3.0,"turns":2.0},{"damage":31.0,"enemies":"3 Sentries","floor":6.0,"turns":9.0},{"damage":0.0,"enemies":"Exordium Thugs","floor":8.0,"turns":3.0},{"damage":0.0,"enemies":"3 Louse","floor":12.0,"turns":3.0},{"damage":0.0,"enemies":"Red Slaver","floor":14.0,"turns":2.0},{"damage":32.0,"enemies":"Hexaghost","floor":16.0,"turns":9.0},{"damage":2.0,"enemies":"3 Byrds","floor":18.0,"turns":6.0},{"damage":38.0,"enemies":"2 Thieves","floor":21.0,"turns":4.0},{"damage":16.0,"enemies":"3 Cultists","floor":25.0,"turns":4.0},{"damage":14,"enemies":"Snecko","floor":27,"turns":5},{"damage":15,"enemies":"Book of Stabbing","floor":28,"turns":3}],"seed_played":"7628009869298471347","potions_obtained":[{"floor":2.0,"key":"Reflective Coating"},{"floor":6.0,"key":"BottledMiracle"},{"floor":12.0,"key":"Regen Potion"},{"floor":21.0,"key":"Adrenaline Potion"}],"is_trial":false,"path_per_floor":["M","M","M","?","$","E","?","M","T","R","$","M","R","M","R","B",null,"M","?","$","M","$","R","?","M","T","M","E"],"character_chosen":"WATCHER","items_purchased":["Evaluate","FlurryOfBlows","MentalFortress","BlessingOfTheForge"],"campfire_rested":1,"item_purchase_floors":[5,11,20,20],"current_hp_per_floor":[65,65,65,65,65,34,34,36,36,36,36,38,57,59,59,29,56,56,56,56,44,44,44,44,45,45,33,20,20],"gold":84,"neow_bonus":"REMOVE_TWO","is_daily":false,"chose_seed":false,"campfire_upgraded":1,"win_rate":0.0,"timestamp":1613082159,"path_taken":["M","M","M","?","$","E","?","M","T","R","?","?","R","M","R","BOSS","M","?","?","?","?","R","?","M","T","M","E"],"items_purchased_type":["Card","Card","Card","Potion"],"build_version":"2020-12-22","purchased_purges":3,"victory":false,"max_hp_per_floor":[65,65,65,65,65,65,65,65,65,65,65,65,65,65,65,65,65,65,65,65,65,65,65,65,65,65,65,65,65],"card_choices":[{"not_picked":["Consecrate","JustLucky"],"picked":"FollowUp","floor":1.0},{"not_picked":["ThirdEye","JustLucky"],"picked":"CutThroughFate","floor":2.0},{"not_picked":["WindmillStrike","Protect"],"picked":"ThirdEye","floor":3.0},{"not_picked":["ThirdEye","FlyingSleeves","Judgement"],"picked":"SKIP","floor":6.0},{"not_picked":["Evaluate","Crescendo","CarveReality"],"picked":"SKIP","floor":8.0},{"not_picked":["SashWhip","BowlingBash","Study"],"picked":"SKIP","floor":12.0},{"not_picked":["Sanctity","EmptyBody"],"picked":"Consecrate","floor":14.0},{"not_picked":["Prostrate","Replay:ManipulateFuture"],"picked":"Indignation","floor":18.0},{"not_picked":["ThirdEye","Replay:BluntJabs","Indignation"],"picked":"SKIP","floor":21.0},{"not_picked":["InnerPeace","PathToVictory","Replay:ManipulateFuture"],"picked":"SKIP","floor":25.0},{"not_picked":["Replay:ManipulateFuture","PathToVictory","FollowUp"],"picked":"SKIP","floor":27}],"player_experience":445534,"relics_obtained":[{"floor":6.0,"key":"Blood Vial"},{"floor":9.0,"key":"Mummified Hand"},{"floor":15.0,"key":"Toy Ornithopter"},{"floor":24.0,"key":"ReplayTheSpireMod:Ring of Challenge"},{"floor":26.0,"key":"StrikeDummy"}],"event_choices":[{"damage_healed":0.0,"max_hp_gain":0.0,"max_hp_loss":0.0,"gold_gain":175.0,"event_name":"Liars Game","player_choice":"AGREE","floor":4.0,"gold_loss":0.0,"damage_taken":0.0,"cards_obtained":["Doubt"]},{"cards_removed":["Defend_P"],"damage_healed":0.0,"max_hp_gain":0.0,"max_hp_loss":0.0,"gold_gain":0.0,"event_name":"The Cleric","player_choice":"Card Removal","floor":7.0,"gold_loss":50.0,"damage_taken":0.0},{"damage_healed":0.0,"max_hp_gain":0.0,"max_hp_loss":0.0,"gold_gain":0.0,"event_name":"N\u0027loth","player_choice":"Ignored","floor":19.0,"gold_loss":0.0,"damage_taken":0.0}],"is_beta":false,"boss_relics":[{"not_picked":["SlaversCollar","hubris:VirtuousBlindfold"],"picked":"SacredBark"}],"items_purged_floors":[5,11,20],"is_endless":false,"potions_floor_spawned":[2,6,12,21],"killed_by":"Book of Stabbing","ascension_level":5}}