{"host":"phy652c7lim9lcu2","time":1613016679,"event":{"mods":["BaseMod","Colored Powertips","Downfall","Googly Eyes","Hubris","Minty Spire (QoL Compilation)","Relic Stats","Spicy Shops","StSLib","everything is the same but u backflip on backflip"],"gold_per_floor":[11,22,38,38,14,40,59,70,124,136,148,185,210,238,250,262,262],"floor_reached":16,"language":"ENG","playtime":587,"items_purged":[],"score":202,"play_id":"24d66ed7-fd99-4c43-88f3-1b432312e8a1","local_time":"20210211141119","is_ascension_mode":true,"campfire_choices":[{"data":"Multi-Cast","floor":11.0,"key":"SMITH"},{"floor":15.0,"key":"REST"}],"circlet_count":0,"master_deck":["AscendersBane","Strike_B","Strike_B","Strike_B","Strike_B","Defend_B","Defend_B+1","Defend_B+1","Defend_B","Zap","Dualcast","Coolheaded","Multi-Cast+1","Gash","Glacier","Cold Snap"],"relics":["Cracked Core","Peace Pipe","hubris:Icosahedron","War Paint","MawBank","PreservedInsect"],"acts_visited":[],"potions_floor_usage":[],"damage_taken":[{"damage":0.0,"enemies":"2 Louse","floor":1.0,"turns":2.0},{"damage":0.0,"enemies":"Small Slimes","floor":2.0,"turns":5.0},{"damage":5.0,"enemies":"Jaw Worm","floor":3.0,"turns":3.0},{"damage":1.0,"enemies":"2 Fungi Beasts","floor":5.0,"turns":5.0},{"damage":24.0,"enemies":"Gremlin Nob","floor":6.0,"turns":4.0},{"damage":4.0,"enemies":"Blue Slaver","floor":7.0,"turns":4.0},{"damage":14.0,"enemies":"Large Slime","floor":8.0,"turns":8.0},{"damage":0.0,"enemies":"3 Sentries","floor":10.0,"turns":1.0},{"damage":18.0,"enemies":"Lagavulin","floor":12.0,"turns":12.0},{"damage":0.0,"enemies":"2 Fungi Beasts","floor":13.0,"turns":4.0},{"damage":0.0,"enemies":"Looter","floor":14.0,"turns":4.0},{"damage":85,"enemies":"Slime Boss","floor":16,"turns":12}],"seed_played":"6631377815409713134","potions_obtained":[{"floor":3.0,"key":"FocusPotion"},{"floor":5.0,"key":"GamblersBrew"},{"floor":12.0,"key":"Guardian:BlockOnCardUsePotion"},{"floor":13.0,"key":"FairyPotion"}],"is_trial":false,"path_per_floor":["M","M","M","?","M","E","M","M","T","E","R","E","M","M","R","B"],"character_chosen":"DEFECT","items_purchased":[],"campfire_rested":1,"item_purchase_floors":[],"current_hp_per_floor":[68,68,63,63,62,38,34,20,20,20,20,2,2,2,24,0,0],"gold":262,"neow_bonus":"ONE_RARE_RELIC","is_daily":false,"chose_seed":false,"campfire_upgraded":1,"win_rate":0.0,"timestamp":1613016679,"path_taken":["M","M","M","?","M","E","M","M","T","E","R","E","M","M","R","BOSS"],"items_purchased_type":[],"build_version":"2020-12-22","purchased_purges":0,"victory":false,"max_hp_per_floor":[75,75,75,75,75,75,75,75,75,75,75,75,75,75,75,75,75],"relic_stats":{"Peace Pipe":0,"counters":[12,64],"PreservedInsect":0,"War Paint":["Defend_B","Defend_B"],"MawBank":84,"obtain_stats":[{"Peace Pipe":0,"hubris:Icosahedron":4,"PreservedInsect":12,"War Paint":6,"Cracked Core":0,"MawBank":9},{"Peace Pipe":0,"hubris:Icosahedron":3,"PreservedInsect":9,"War Paint":5,"Cracked Core":0,"MawBank":7},{"Peace Pipe":0,"hubris:Icosahedron":10,"PreservedInsect":44,"War Paint":19,"Cracked Core":0,"MawBank":31}]},"card_choices":[{"not_picked":["Streamline","Ball Lightning"],"picked":"Coolheaded","floor":1.0},{"not_picked":["Go for the Eyes","Chill","Auto Shields"],"picked":"SKIP","floor":2.0},{"not_picked":["Sweeping Beam","Doom and Gloom","Coolheaded"],"picked":"SKIP","floor":3.0},{"not_picked":["Redo","Steam Power"],"picked":"Multi-Cast","floor":5.0},{"not_picked":["Rebound","Force Field"],"picked":"Gash","floor":6.0},{"not_picked":["Streamline","Storm","Ball Lightning"],"picked":"SKIP","floor":7.0},{"not_picked":["Compile Driver","Coolheaded"],"picked":"Glacier","floor":8.0},{"not_picked":["Multi-Cast","Sweeping Beam"],"picked":"Cold Snap","floor":12.0},{"not_picked":["Ball Lightning","Hologram","Leap"],"picked":"SKIP","floor":13.0},{"not_picked":["Rebound","Streamline","Compile Driver"],"picked":"SKIP","floor":14.0}],"player_experience":320580,"relics_obtained":[{"floor":6.0,"key":"War Paint"},{"floor":9.0,"key":"MawBank"},{"floor":12.0,"key":"PreservedInsect"}],"event_choices":[],"is_beta":false,"boss_relics":[],"items_purged_floors":[],"is_endless":false,"potions_floor_spawned":[3,5,12,13,14],"killed_by":"Slime Boss","ascension_level":12}}