{"host":"2rbn7ywmirq5y689","time":1613058000,"event":{"mods":["BaseMod","Colored Map","Colored Powertips","Highlight Path","Minty Spire (QoL Compilation)","Rare Cards Sparkle","Relic Stats","StSLib"],"gold_per_floor":[113,124,140,140,140,140,152,152,152,167,92,112,112,139,139,235,235,190,190,190,16,16,16,16,0,0,0,0,0,0,0,0,0,0],"floor_reached":33,"language":"ENG","playtime":1668,"items_purged":["Strike_B","Strike_B"],"score":239,"play_id":"72fd319e-ee32-4237-8a48-9f750b5db8e8","local_time":"20210211234000","is_ascension_mode":false,"campfire_choices":[{"floor":6,"key":"REST"},{"data":"Dualcast","floor":15,"key":"SMITH"},{"data":"Loop","floor":23,"key":"SMITH"},{"data":"Darkness","floor":27,"key":"SMITH"},{"floor":32,"key":"REST"}],"circlet_count":0,"master_deck":["Strike_B","Defend_B","Defend_B","Defend_B","Defend_B","Zap","Dualcast+1","Darkness+1","Cold Snap","Conserve Battery","Loop+1","Redo","Sunder","Glacier","Electrodynamics","Ball Lightning+1","Capacitor","Beam Cell+1","Rebound","RitualDagger","Self Repair+1"],"relics":["Cracked Core","Potion Belt","StoneCalendar","Eternal Feather","Odd Mushroom","Ectoplasm"],"acts_visited":["Exordium","TheCity"],"potions_floor_usage":[16,28,29,33],"damage_taken":[{"damage":1,"enemies":"2 Louse","floor":1,"turns":2},{"damage":3,"enemies":"Jaw Worm","floor":2,"turns":4},{"damage":12,"enemies":"Small Slimes","floor":3,"turns":3},{"damage":4,"enemies":"Looter","floor":7,"turns":3},{"damage":15,"enemies":"Blue Slaver","floor":10,"turns":4},{"damage":4,"enemies":"Exordium Wildlife","floor":12,"turns":5},{"damage":17,"enemies":"The Mushroom Lair","floor":14,"turns":4},{"damage":13,"enemies":"Hexaghost","floor":16,"turns":8},{"damage":6,"enemies":"2 Thieves","floor":18,"turns":3},{"damage":11,"enemies":"Shell Parasite","floor":22,"turns":5},{"damage":9,"enemies":"Shelled Parasite and Fungi","floor":24,"turns":5},{"damage":21,"enemies":"Centurion and Healer","floor":28,"turns":6},{"damage":7,"enemies":"3 Cultists","floor":29,"turns":4},{"damage":28,"enemies":"Snake Plant","floor":31,"turns":5},{"damage":59,"enemies":"Automaton","floor":33,"turns":6}],"seed_played":"5780400895836763495","potions_obtained":[{"floor":1,"key":"SmokeBomb"},{"floor":3,"key":"Regen Potion"},{"floor":12,"key":"Fire Potion"},{"floor":14,"key":"Ancient Potion"},{"floor":24,"key":"PowerPotion"},{"floor":31,"key":"PotionOfCapacity"}],"is_trial":false,"path_per_floor":["M","M","M","?","?","R","M","?","T","M","$","M","?","?","R","B",null,"M","?","?","$","M","R","M","?","T","R","M","M","?","M","R","B"],"character_chosen":"DEFECT","items_purchased":["Capacitor"],"campfire_rested":2,"item_purchase_floors":[21],"current_hp_per_floor":[74,71,59,59,26,48,44,69,69,54,54,50,50,33,42,29,75,69,69,55,55,44,53,44,44,44,53,47,40,34,6,42,0,0],"gold":0,"neow_bonus":"RANDOM_COMMON_RELIC","is_daily":false,"chose_seed":false,"campfire_upgraded":3,"win_rate":0.0,"timestamp":1613058000,"path_taken":["M","M","M","?","?","R","M","?","T","?","$","M","?","?","R","BOSS","M","?","?","?","M","R","?","?","T","R","M","M","?","M","R","BOSS"],"items_purchased_type":["Card"],"build_version":"2020-12-22","purchased_purges":2,"victory":false,"max_hp_per_floor":[75,75,75,75,75,75,75,75,75,75,75,75,75,75,75,75,75,75,75,80,80,80,80,80,80,80,80,80,80,80,80,80,80,80],"relic_stats":{"counters":[15,67],"StoneCalendar":[52],"Eternal Feather":39,"Ectoplasm":170,"obtain_stats":[{"Potion Belt":0,"StoneCalendar":5,"Eternal Feather":9,"Ectoplasm":17,"Odd Mushroom":14,"Cracked Core":0},{"Potion Belt":0,"StoneCalendar":3,"Eternal Feather":4,"Ectoplasm":8,"Odd Mushroom":7,"Cracked Core":0},{"Potion Belt":0,"StoneCalendar":9,"Eternal Feather":12,"Ectoplasm":33,"Odd Mushroom":25,"Cracked Core":0}]},"card_choices":[{"not_picked":["Stack","Skim"],"picked":"Darkness","floor":1},{"not_picked":["Loop","Barrage"],"picked":"Cold Snap","floor":2},{"not_picked":["Beam Cell","Sweeping Beam"],"picked":"Conserve Battery","floor":3},{"not_picked":["Undo","White Noise"],"picked":"Loop","floor":7},{"not_picked":["Sweeping Beam","Ball Lightning"],"picked":"Redo","floor":10},{"not_picked":["Amplify","Darkness"],"picked":"Sunder","floor":12},{"not_picked":["Loop","Turbo"],"picked":"Glacier","floor":14},{"not_picked":["Multi-Cast","Biased Cognition"],"picked":"Electrodynamics","floor":16},{"not_picked":["Sweeping Beam","Cold Snap"],"picked":"Ball Lightning+1","floor":18},{"not_picked":["Go for the Eyes","Steam","Stack"],"picked":"SKIP","floor":22},{"not_picked":["Storm+1","Compile Driver"],"picked":"Beam Cell+1","floor":24},{"not_picked":["Barrage","Gash","Reboot"],"picked":"SKIP","floor":28},{"not_picked":["Coolheaded","Sweeping Beam"],"picked":"Rebound","floor":29},{"not_picked":["White Noise","Reprogram"],"picked":"Self Repair+1","floor":31}],"player_experience":210830,"relics_obtained":[{"floor":9,"key":"Eternal Feather"},{"floor":14,"key":"Odd Mushroom"}],"event_choices":[{"damage_healed":0,"gold_gain":0,"player_choice":"Ignored","damage_taken":0,"max_hp_gain":0,"max_hp_loss":0,"event_name":"Golden Idol","floor":4,"gold_loss":0},{"damage_healed":0,"gold_gain":0,"player_choice":"Success","damage_taken":33,"relics_obtained":["StoneCalendar"],"max_hp_gain":0,"max_hp_loss":0,"event_name":"Scrap Ooze","floor":5,"gold_loss":0},{"damage_healed":25,"gold_gain":0,"player_choice":"Banana","damage_taken":0,"max_hp_gain":0,"max_hp_loss":0,"event_name":"Big Fish","floor":8,"gold_loss":0},{"damage_healed":0,"gold_gain":0,"player_choice":"Ignored","damage_taken":0,"max_hp_gain":0,"max_hp_loss":0,"event_name":"Liars Game","floor":13,"gold_loss":0},{"damage_healed":0,"gold_gain":0,"player_choice":"Fought Mushrooms","damage_taken":0,"max_hp_gain":0,"max_hp_loss":0,"event_name":"Mushrooms","floor":14,"gold_loss":0},{"cards_removed":["Strike_B"],"damage_healed":0,"gold_gain":0,"player_choice":"Elegance","damage_taken":0,"max_hp_gain":0,"max_hp_loss":0,"event_name":"Back to Basics","floor":19,"gold_loss":0},{"damage_healed":0,"gold_gain":0,"player_choice":"Shed Blood","damage_taken":19,"max_hp_gain":5,"max_hp_loss":0,"event_name":"Forgotten Altar","floor":20,"gold_loss":0},{"damage_healed":0,"gold_gain":0,"player_choice":"Paid Fearfully","damage_taken":0,"max_hp_gain":0,"max_hp_loss":0,"event_name":"Masked Bandits","floor":25,"gold_loss":16},{"damage_healed":0,"gold_gain":0,"player_choice":"Joined the Cult","damage_taken":6,"max_hp_gain":0,"max_hp_loss":0,"event_name":"Nest","floor":30,"gold_loss":0,"cards_obtained":["RitualDagger"]}],"is_beta":false,"boss_relics":[{"not_picked":["Busted Crown","Tiny House"],"picked":"Ectoplasm"}],"items_purged_floors":[11,21],"is_endless":false,"potions_floor_spawned":[1,3,12,14,24,31],"killed_by":"Automaton","ascension_level":0}}