{"host":"5uuadjc5gi6cs0xs","time":1613069065,"event":{"mods":["2.2 Compatiblity","Abigail Mod","AchievementEnabler","Act Like it!","BaseMod","BetterRewards","Chen","FTL Soundtrack","Friendly Minions","Hero for Fun","KinomotoSakuraMod(????)","Kiyohime????","Koishi","Marisa????????","Minty Spire (QoL Compilation)","Onozuka Komachi Mod","Permanent Neow","Prisma Mod","Quick Restart","Railgun Mod","Rare Cards Sparkle","Relic Stats","Remilia??????","StSLib","The Administrix","The Animator","The Exalted","The Gatherer","TheSwordswoman","Waifu the Spire","WarShipGirlsR/????R mod","Yohane!","Yuri Mod","Yuyuko"],"gold_per_floor":[117,117,130,130,145,189,210,210,235,253,253,293,24,37,37,161,161,161,161,161,161,161,161,161,161,161,161,161,161,161,161,161,161,161,161,161,18,18,18,18,18,18,18,18,18,18,18,18,18,18,18],"floor_reached":50,"language":"DEU","playtime":4193,"items_purged":[],"score":863,"play_id":"ebcbccaa-ac67-438f-8d4e-b62f7c299f72","local_time":"20210211194425","is_ascension_mode":true,"campfire_choices":[{"floor":8,"key":"REST"},{"floor":11,"key":"REST"},{"floor":15,"key":"REST"},{"floor":25,"key":"REST"},{"data":"Accuracy","floor":29,"key":"SMITH"},{"floor":32,"key":"REST"},{"floor":40,"key":"REST"},{"floor":42,"key":"REST"},{"data":"Distraction","floor":44,"key":"SMITH"},{"floor":49,"key":"REST"}],"circlet_count":0,"master_deck":["Strike_G","Strike_G","Strike_G","Strike_G","Strike_G","Defend_G","Defend_G","Defend_G","Defend_G","Defend_G","Survivor","Neutralize","Blade Dance","Dagger Spray","Flying Knee","Cloak And Dagger","Sucker Punch","Backflip","Heel Hook","Corpse Explosion","Accuracy+1","Dagger Throw","Die Die Die","Outmaneuver","Noxious Fumes","Predator+1","Distraction+1","Bouncing Flask+1","Blade Dance","PiercingWail","Caltrops","Venomology","Poisoned Stab","Terror","Dash+1","Deadly Poison+1","Crippling Poison+1","Catalyst+1"],"relics":["Ring of the Snake","Bronze Scales","Centennial Puzzle","Nunchaku","Happy Flower","Ectoplasm","Nloth\u0027s Gift","Torii","Sundial","Bromod:ArcaneTempo","Ornamental Fan","SacredBark","Orichalcum","Pear","Regal Pillow","Snake Skull"],"acts_visited":["TheCity","TheBeyond"],"potions_floor_usage":[6,12,16,16,22,23,23,31,33,33,41,41,45,47,47,48,50,50],"damage_taken":[{"damage":0,"enemies":"Cultist","floor":1,"turns":3},{"damage":4,"enemies":"Jaw Worm","floor":3,"turns":2},{"damage":0,"enemies":"Small Slimes","floor":5,"turns":3},{"damage":32,"enemies":"Gremlin Nob","floor":6,"turns":4},{"damage":8,"enemies":"Gremlin Gang","floor":7,"turns":3},{"damage":5,"enemies":"3 Louse","floor":10,"turns":2},{"damage":16,"enemies":"3 Sentries","floor":12,"turns":7},{"damage":2,"enemies":"Large Slime","floor":14,"turns":4},{"damage":11,"enemies":"Hexaghost","floor":16,"turns":9},{"damage":2,"enemies":"Chosen","floor":18,"turns":3},{"damage":4,"enemies":"Shell Parasite","floor":20,"turns":3},{"damage":17,"enemies":"Chosen and Byrds","floor":21,"turns":6},{"damage":4,"enemies":"3 Cultists","floor":22,"turns":3},{"damage":11,"enemies":"Slavers","floor":23,"turns":3},{"damage":14,"enemies":"Shelled Parasite and Fungi","floor":24,"turns":5},{"damage":3,"enemies":"Chosen and Byrds","floor":30,"turns":3},{"damage":2,"enemies":"Book of Stabbing","floor":31,"turns":3},{"damage":40,"enemies":"Collector","floor":33,"turns":8},{"damage":25,"enemies":"3 Darklings","floor":35,"turns":3},{"damage":8,"enemies":"3 Shapes","floor":38,"turns":4},{"damage":22,"enemies":"Giant Head","floor":41,"turns":6},{"damage":11,"enemies":"Sphere and 2 Shapes","floor":45,"turns":3},{"damage":49,"enemies":"Spire Growth","floor":46,"turns":4},{"damage":32,"enemies":"Nemesis","floor":47,"turns":7},{"damage":17,"enemies":"Jaw Worm Horde","floor":48,"turns":3},{"damage":68,"enemies":"Time Eater","floor":50,"turns":7}],"seed_played":"6522469110435282395","potions_obtained":[{"floor":5,"key":"Swift Potion"},{"floor":6,"key":"Block Potion"},{"floor":7,"key":"Dexterity Potion"},{"floor":14,"key":"Strength Potion"},{"floor":18,"key":"CunningPotion"},{"floor":20,"key":"Strength Potion"},{"floor":22,"key":"CultistPotion"},{"floor":23,"key":"CunningPotion"},{"floor":31,"key":"ColorlessPotion"},{"floor":38,"key":"PowerPotion"},{"floor":46,"key":"Strength Potion"},{"floor":47,"key":"Regen Potion"}],"is_trial":false,"path_per_floor":["M","?","M","?","M","E","M","R","T","M","R","E","$","M","R","B",null,"M","?","M","M","M","E","M","R","T","T","?","R","M","E","R","B",null,"M","?","$","M","?","R","E","R","T","R","M","M","E","M","R","B"],"character_chosen":"THE_SILENT","items_purchased":["Bronze Scales","Blade Dance","PowerPotion","Accuracy","Happy Flower","ColorlessPotion","Orichalcum"],"campfire_rested":8,"item_purchase_floors":[0,0,0,13,13,13,37],"current_hp_per_floor":[62,62,58,58,58,26,18,37,37,32,51,35,35,33,52,41,65,63,63,59,42,38,27,13,32,32,32,32,32,29,27,46,6,65,40,40,40,32,32,51,39,61,61,61,50,1,19,21,58,0,0],"gold":18,"neow_bonus":"","is_daily":false,"chose_seed":false,"campfire_upgraded":2,"win_rate":0.0,"timestamp":1613069065,"path_taken":["M","?","M","?","M","E","M","R","T","M","R","E","$","M","R","BOSS","M","?","M","?","M","E","M","R","T","?","?","R","?","E","R","BOSS","M","?","$","M","?","R","E","R","T","R","M","M","E","M","R","BOSS"],"items_purchased_type":["Relic","Card","Potion","Card","Relic","Potion","Relic"],"build_version":"2020-12-22","purchased_purges":0,"victory":false,"max_hp_per_floor":[70,65,65,65,65,65,65,65,65,65,65,65,65,65,65,65,65,65,65,65,65,65,65,65,65,65,65,65,65,65,65,65,65,65,65,65,65,65,65,65,75,75,75,75,75,75,75,75,75,75,75],"relic_stats":{"Regal Pillow":15,"Happy Flower":[29],"Torii":41,"counters":[41,179],"Snake Skull":[23],"Orichalcum":[54],"Centennial Puzzle":[63],"Nunchaku":[28],"Sundial":[2],"Ornamental Fan":[116],"Bronze Scales":[316],"Ectoplasm":935,"Nloth\u0027s Gift":1,"obtain_stats":[{"Lantern":14,"Regal Pillow":43,"Torii":23,"SacredBark":34,"Snake Skull":47,"Boot":14,"Ancient Tea Set":6,"Old Coin":23,"Centennial Puzzle":9,"Nunchaku":12,"Sundial":26,"Pantograph":17,"Bromod:ArcaneTempo":27,"HandDrill":21,"Ring of the Snake":0,"Potion Belt":17,"Pear":41,"The Specimen":17,"Happy Flower":13,"Golden Idol":2,"Oddly Smooth Stone":6,"Paper Crane":26,"Orichalcum":37,"Calling Bell":17,"Ornamental Fan":31,"Bronze Scales":0,"Ectoplasm":17,"Art of War":0,"Nloth\u0027s Gift":19,"Toy Ornithopter":9},{"Lantern":7,"Regal Pillow":36,"Torii":29,"SacredBark":33,"Snake Skull":39,"Boot":7,"Ancient Tea Set":19,"Old Coin":12,"Centennial Puzzle":20,"Nunchaku":22,"Sundial":30,"Pantograph":8,"Bromod:ArcaneTempo":30,"HandDrill":10,"Ring of the Snake":0,"Potion Belt":8,"Pear":36,"The Specimen":8,"Happy Flower":22,"Golden Idol":16,"Oddly Smooth Stone":4,"Paper Crane":13,"Orichalcum":34,"Calling Bell":8,"Ornamental Fan":32,"Bronze Scales":15,"Ectoplasm":24,"Art of War":0,"Nloth\u0027s Gift":25,"Toy Ornithopter":4},{"Lantern":27,"Regal Pillow":155,"Torii":123,"SacredBark":142,"Snake Skull":169,"Boot":27,"Ancient Tea Set":80,"Old Coin":56,"Centennial Puzzle":83,"Nunchaku":92,"Sundial":128,"Pantograph":36,"Bromod:ArcaneTempo":128,"HandDrill":46,"Ring of the Snake":0,"Potion Belt":36,"Pear":155,"The Specimen":36,"Happy Flower":92,"Golden Idol":71,"Oddly Smooth Stone":18,"Paper Crane":61,"Orichalcum":145,"Calling Bell":36,"Ornamental Fan":134,"Bronze Scales":68,"Ectoplasm":105,"Art of War":0,"Nloth\u0027s Gift":108,"Toy Ornithopter":18}],"Ring of the Snake":[82]},"card_choices":[{"not_picked":["Prepared","Escape Plan"],"picked":"Dagger Spray","floor":1},{"not_picked":["Catalyst","Flechettes"],"picked":"Flying Knee","floor":3},{"not_picked":["Dash","Dagger Throw"],"picked":"Cloak And Dagger","floor":5},{"not_picked":["Outmaneuver","Malaise"],"picked":"Sucker Punch","floor":6},{"not_picked":["Flechettes","Dash"],"picked":"Backflip","floor":7},{"not_picked":["Acrobatics","Dodge and Roll"],"picked":"Heel Hook","floor":10},{"not_picked":["PiercingWail","Bane"],"picked":"Corpse Explosion","floor":12},{"not_picked":["Poisoned Stab","Sucker Punch"],"picked":"Dagger Throw","floor":14},{"not_picked":["Wraith Form v2","Storm of Steel"],"picked":"Die Die Die","floor":16},{"not_picked":["Riddle With Holes+1","Dagger Spray"],"picked":"Outmaneuver","floor":18},{"not_picked":["Dagger Spray","Prepared+1"],"picked":"Noxious Fumes","floor":20},{"not_picked":["PiercingWail","Acrobatics+1","Dagger Throw"],"picked":"SKIP","floor":21},{"not_picked":["Setup","Tactician+1"],"picked":"Predator+1","floor":22},{"not_picked":["Prepared","Tactician+1"],"picked":"Distraction","floor":23},{"not_picked":["Doppelganger","Poisoned Stab"],"picked":"Bouncing Flask+1","floor":24},{"not_picked":["Expertise","Acrobatics"],"picked":"PiercingWail","floor":30},{"not_picked":["Prepared","Setup"],"picked":"Caltrops","floor":31},{"not_picked":["Tools of the Trade","Storm of Steel"],"picked":"Venomology","floor":33},{"not_picked":["Quick Slash","Bane"],"picked":"Poisoned Stab","floor":35},{"not_picked":["Eviscerate+1","Well Laid Plans+1","Unload"],"picked":"SKIP","floor":38},{"not_picked":["Acrobatics","Flying Knee"],"picked":"Dash+1","floor":41},{"not_picked":["Deflect+1","Riddle With Holes"],"picked":"Deadly Poison+1","floor":45},{"not_picked":["Endless Agony","Dagger Throw"],"picked":"Crippling Poison+1","floor":46},{"not_picked":["Riddle With Holes+1","Escape Plan+1"],"picked":"Catalyst+1","floor":47},{"not_picked":["Quick Slash","Deadly Poison","Calculated Gamble"],"picked":"SKIP","floor":48}],"player_experience":412796,"relics_obtained":[{"floor":6,"key":"Ancient Tea Set"},{"floor":9,"key":"Centennial Puzzle"},{"floor":12,"key":"Nunchaku"},{"floor":23,"key":"Torii"},{"floor":26,"key":"Sundial"},{"floor":27,"key":"Bromod:ArcaneTempo"},{"floor":31,"key":"Ornamental Fan"},{"floor":41,"key":"Pear"},{"floor":43,"key":"Regal Pillow"},{"floor":47,"key":"Snake Skull"}],"event_choices":[{"damage_healed":0,"gold_gain":0,"player_choice":"Lose Max HP","damage_taken":0,"relics_obtained":["Golden Idol"],"max_hp_gain":0,"max_hp_loss":5,"event_name":"Golden Idol","floor":2,"gold_loss":0},{"damage_healed":0,"gold_gain":0,"player_choice":"Leave","damage_taken":0,"max_hp_gain":0,"max_hp_loss":0,"event_name":"The Cleric","floor":4,"gold_loss":0},{"damage_healed":0,"gold_gain":0,"player_choice":"Traded Relic","damage_taken":0,"relics_obtained":["Nloth\u0027s Gift"],"max_hp_gain":0,"max_hp_loss":0,"event_name":"N\u0027loth","floor":19,"relics_lost":["Ancient Tea Set"],"gold_loss":0},{"damage_healed":0,"gold_gain":0,"player_choice":"Copied","damage_taken":0,"max_hp_gain":0,"max_hp_loss":0,"event_name":"Duplicator","floor":28,"gold_loss":0,"cards_obtained":["Blade Dance"]},{"damage_healed":0,"gold_gain":333,"player_choice":"Gave Idol","damage_taken":0,"max_hp_gain":0,"max_hp_loss":0,"event_name":"The Moai Head","floor":36,"relics_lost":["Golden Idol"],"gold_loss":0},{"damage_healed":0,"gold_gain":0,"player_choice":"1 cards matched","damage_taken":0,"max_hp_gain":0,"max_hp_loss":0,"event_name":"Match and Keep!","floor":39,"gold_loss":0,"cards_obtained":["Terror"]}],"is_beta":false,"boss_relics":[{"not_picked":["Bromod:ArcaneEnergize","Coffee Dripper"],"picked":"Ectoplasm"},{"not_picked":["HoveringKite","Velvet Choker"],"picked":"SacredBark"}],"items_purged_floors":[],"is_endless":false,"potions_floor_spawned":[5,6,7,14,18,20,22,23,31,38,46,47],"killed_by":"Time Eater","ascension_level":3}}