{"host":"a5lz0e76zb3fcwkm","time":1613013687,"event":{"mods":["AchievementEnabler","BaseMod","Colored Map","Colored Powertips","Minty Spire (QoL Compilation)","StSLib","SuperFastMode"],"gold_per_floor":[109,109,119,32,32,32,50,50,50,50,75,150,170,170,170,249,249,260,260,272,289,214,249,249,280,280,299,299,118,136,236,236,310,310,325,32,44,60,60,60,92,92,102,102,102,132,148,27,27,27],"floor_reached":49,"language":"KOR","playtime":1333,"items_purged":["Strike_G","Decay","Strike_G"],"score":1166,"play_id":"df669689-1521-4c3d-9bbe-20b2af1a52bf","local_time":"20210211122127","is_ascension_mode":true,"campfire_choices":[{"data":"Terror","floor":6.0,"key":"SMITH"},{"data":"Blade Dance","floor":8.0,"key":"SMITH"},{"floor":10.0,"key":"RECALL"},{"data":"Blade Dance","floor":15.0,"key":"SMITH"},{"floor":24.0,"key":"REST"},{"floor":28.0,"key":"REST"},{"floor":32.0,"key":"REST"},{"data":"Tactician","floor":42.0,"key":"SMITH"},{"data":"Phantasmal Killer","floor":45.0,"key":"SMITH"}],"circlet_count":0,"master_deck":["AscendersBane","Strike_G","Strike_G","Defend_G","Defend_G","Defend_G","Defend_G","Survivor","Neutralize","All Out Attack","PiercingWail","Blade Dance+1","Infinite Blades","Terror+1","Acrobatics","Blade Dance+1","After Image","After Image","Backflip","Tactician+1","Blade Dance","A Thousand Cuts","Burst","Phantasmal Killer+1","Tactician+1","Reflex","Prepared+1","Normality","Well Laid Plans","Accuracy","Terror"],"relics":["Ring of the Snake","Lantern","Paper Crane","Cursed Key","Shuriken","Gremlin Horn","Du-Vu Doll","Bottled Tornado","SacredBark","Ginger","Eternal Feather","TungstenRod","Boot"],"acts_visited":["Exordium","TheCity","TheBeyond"],"potions_floor_usage":[47],"damage_taken":[{"damage":0.0,"enemies":"2 Louse","floor":1.0,"turns":2.0},{"damage":7.0,"enemies":"Jaw Worm","floor":3.0,"turns":5.0},{"damage":8.0,"enemies":"Small Slimes","floor":7.0,"turns":3.0},{"damage":8.0,"enemies":"Gremlin Nob","floor":11.0,"turns":3.0},{"damage":8.0,"enemies":"Blue Slaver","floor":13.0,"turns":3.0},{"damage":0.0,"enemies":"Slime Boss","floor":16.0,"turns":6.0},{"damage":10.0,"enemies":"Spheric Guardian","floor":18.0,"turns":5.0},{"damage":2.0,"enemies":"Shell Parasite","floor":20.0,"turns":5.0},{"damage":13.0,"enemies":"Shelled Parasite and Fungi","floor":21.0,"turns":6.0},{"damage":26.0,"enemies":"Slavers","floor":23.0,"turns":6.0},{"damage":16.0,"enemies":"Book of Stabbing","floor":25.0,"turns":4.0},{"damage":7.0,"enemies":"Snake Plant","floor":27.0,"turns":4.0},{"damage":18.0,"enemies":"Snecko","floor":30.0,"turns":3.0},{"damage":2.0,"enemies":"Colosseum Slavers","floor":31.0,"turns":3.0},{"damage":6.0,"enemies":"Colosseum Nobs","floor":31.0,"turns":4.0},{"damage":5.0,"enemies":"Automaton","floor":33.0,"turns":5.0},{"damage":0.0,"enemies":"3 Darklings","floor":35.0,"turns":3.0},{"damage":24.0,"enemies":"3 Shapes","floor":37.0,"turns":7.0},{"damage":0.0,"enemies":"Transient","floor":38.0,"turns":6.0},{"damage":3.0,"enemies":"Reptomancer","floor":41.0,"turns":4.0},{"damage":14.0,"enemies":"Jaw Worm Horde","floor":43.0,"turns":2.0},{"damage":35,"enemies":"Giant Head","floor":46,"turns":6},{"damage":0,"enemies":"4 Shapes","floor":47,"turns":4},{"damage":19,"enemies":"Writhing Mass","floor":49,"turns":4}],"seed_played":"7981282109466375043","potions_obtained":[{"floor":11.0,"key":"SpeedPotion"},{"floor":16.0,"key":"LiquidBronze"},{"floor":21.0,"key":"Fire Potion"},{"floor":27.0,"key":"DuplicationPotion"},{"floor":31.0,"key":"EntropicBrew"},{"floor":33.0,"key":"Swift Potion"},{"floor":35.0,"key":"PowerPotion"},{"floor":41.0,"key":"FearPotion"},{"floor":46,"key":"FearPotion"}],"is_trial":false,"path_per_floor":["M","?","M","$","?","R","M","R","T","R","E","?","M","?","R","B",null,"M","?","M","M","$","E","R","E","T","M","R","$","M","?","R","B",null,"M","$","M","M","M","?","E","R","M","T","R","E","M","$","M"],"character_chosen":"THE_SILENT","items_purchased":["Terror","A Thousand Cuts","Phantasmal Killer","Accuracy","Terror"],"campfire_rested":3,"item_purchase_floors":[4,29,36,48,48],"current_hp_per_floor":[59,64,57,57,57,57,49,49,49,49,41,30,22,22,22,22,59,49,49,47,34,34,8,29,13,13,6,27,27,9,1,22,17,58,58,58,34,34,34,34,31,46,32,32,47,12,12,12,0,0],"gold":27,"neow_bonus":"TRANSFORM_TWO_CARDS","is_daily":false,"chose_seed":false,"campfire_upgraded":5,"win_rate":0.0,"timestamp":1613013687,"path_taken":["M","?","M","$","?","R","M","R","T","R","E","?","M","?","R","BOSS","M","?","M","M","$","E","R","E","T","M","R","$","?","?","R","BOSS","M","$","M","M","M","?","E","R","M","T","R","E","?","$","M"],"items_purchased_type":["Card","Card","Card","Card","Card"],"build_version":"2020-12-22","purchased_purges":3,"victory":false,"max_hp_per_floor":[66,71,71,71,71,71,71,71,71,71,71,71,71,71,71,71,71,71,71,71,71,71,71,71,71,71,71,71,71,71,71,71,71,71,71,71,71,71,71,71,71,71,71,71,71,71,71,71,71,71],"card_choices":[{"not_picked":["Backflip","Riddle With Holes"],"picked":"Blade Dance","floor":1.0},{"not_picked":["Caltrops","Deflect"],"picked":"Infinite Blades","floor":3.0},{"not_picked":["Poisoned Stab","Concentrate"],"picked":"Acrobatics","floor":7.0},{"not_picked":["Bane","Flying Knee","Quick Slash"],"picked":"SKIP","floor":11.0},{"not_picked":["Outmaneuver","Underhanded Strike"],"picked":"Blade Dance","floor":13.0},{"not_picked":["Tools of the Trade","Bullet Time"],"picked":"After Image","floor":16.0},{"not_picked":["Leg Sweep","Deadly Poison","Crippling Poison"],"picked":"SKIP","floor":18.0},{"not_picked":["Quick Slash","Dagger Spray"],"picked":"Backflip","floor":20.0},{"not_picked":["Backflip","Bane"],"picked":"Tactician","floor":21.0},{"not_picked":["Terror","Quick Slash","Envenom"],"picked":"SKIP","floor":23.0},{"not_picked":["Flying Knee","Eviscerate"],"picked":"Blade Dance","floor":25.0},{"not_picked":["Prepared","Dagger Spray"],"picked":"Escape Plan","floor":27.0},{"not_picked":["Cloak And Dagger","Noxious Fumes","Backflip+1"],"picked":"SKIP","floor":30.0},{"not_picked":["Malaise","Tools of the Trade"],"picked":"Burst","floor":33.0},{"not_picked":["Outmaneuver","Expertise","Flying Knee"],"picked":"SKIP","floor":35.0},{"not_picked":["Crippling Poison+1","Blade Dance"],"picked":"Tactician+1","floor":37.0},{"not_picked":["Sucker Punch","Bane"],"picked":"Reflex","floor":38.0},{"not_picked":["Deflect","Unload"],"picked":"Prepared+1","floor":41.0},{"not_picked":["Deflect","Slice","Bane+1"],"picked":"SKIP","floor":43.0},{"not_picked":["Deflect+1","PiercingWail"],"picked":"Well Laid Plans","floor":46},{"not_picked":["Sucker Punch+1","Cloak And Dagger","Underhanded Strike"],"picked":"SKIP","floor":47}],"player_experience":1858372,"relics_obtained":[{"floor":9.0,"key":"Lantern"},{"floor":11.0,"key":"Paper Crane"},{"floor":23.0,"key":"Shuriken"},{"floor":25.0,"key":"Gremlin Horn"},{"floor":31.0,"key":"Du-Vu Doll"},{"floor":31.0,"key":"Bottled Tornado"},{"floor":41.0,"key":"Eternal Feather"},{"floor":44.0,"key":"TungstenRod"},{"floor":46,"key":"Boot"}],"event_choices":[{"damage_healed":0.0,"max_hp_gain":5.0,"max_hp_loss":0.0,"gold_gain":0.0,"event_name":"Big Fish","player_choice":"Donut","floor":2.0,"gold_loss":0.0,"damage_taken":0.0},{"cards_removed":["Doubt"],"damage_healed":0.0,"max_hp_gain":0.0,"max_hp_loss":0.0,"gold_gain":0.0,"event_name":"Living Wall","player_choice":"Forget","floor":5.0,"gold_loss":0.0,"damage_taken":0.0},{"damage_healed":0.0,"max_hp_gain":0.0,"max_hp_loss":0.0,"gold_gain":75.0,"event_name":"World of Goop","player_choice":"Gather Gold","floor":12.0,"gold_loss":0.0,"damage_taken":11.0},{"damage_healed":0.0,"max_hp_gain":0.0,"max_hp_loss":0.0,"gold_gain":0.0,"event_name":"Liars Game","player_choice":"Ignored","floor":14.0,"gold_loss":0.0,"damage_taken":0.0},{"damage_healed":0.0,"max_hp_gain":0.0,"max_hp_loss":0.0,"gold_gain":0.0,"event_name":"Duplicator","player_choice":"Copied","floor":19.0,"gold_loss":0.0,"damage_taken":0.0,"cards_obtained":["After Image"]},{"damage_healed":0.0,"max_hp_gain":0.0,"max_hp_loss":0.0,"gold_gain":0.0,"event_name":"Colosseum","player_choice":"Fight","floor":31.0,"gold_loss":0.0,"damage_taken":0.0},{"damage_healed":0.0,"max_hp_gain":0.0,"max_hp_loss":0.0,"gold_gain":0.0,"event_name":"Colosseum","player_choice":"Fought Nobs","floor":31.0,"gold_loss":0.0,"damage_taken":0.0},{"cards_removed":["Escape Plan"],"damage_healed":0.0,"max_hp_gain":0.0,"max_hp_loss":0.0,"gold_gain":0.0,"event_name":"WeMeetAgain","player_choice":"Gave Card","floor":40.0,"gold_loss":0.0,"damage_taken":0.0,"relics_obtained":["Ginger"]}],"is_beta":false,"boss_relics":[{"not_picked":["Runic Pyramid","Ring of the Serpent"],"picked":"Cursed Key"},{"not_picked":["Philosopher\u0027s Stone","Velvet Choker"],"picked":"SacredBark"}],"items_purged_floors":[22,29,36],"is_endless":false,"potions_floor_spawned":[11,16,21,27,31,31,33,35,41,46],"killed_by":"Writhing Mass","ascension_level":20}}