{"host":"j4g6ia6asvpyu2b0","time":1613075695,"event":{"mods":["BaseMod","Colored Map","Infinite Spire","Minty Spire (QoL Compilation)","Permanent Neow","Quick Restart","Relic Stats","StSLib","Unceasing Turn Reminder"],"gold_per_floor":[366,383,91,91,107,107,141,141,141,141,92,106,132,148,148,247,247,267,281,292,567,582,609,609,637,660,688,699,64,64,64,64,160,160,176,176,188,207,207,234,234,269,322,339,339,339,369,382,382,382,382,382,48,80,80],"floor_reached":56,"language":"ENG","playtime":2468,"items_purged":["Regret"],"score":1510,"play_id":"5a76e570-090a-4645-9faa-800775c4712e","local_time":"20210211133455","is_ascension_mode":true,"campfire_choices":[{"data":"Genetic Algorithm","floor":6.0,"key":"SMITH"},{"data":"Zap","floor":8.0,"key":"SMITH"},{"data":"Dualcast","floor":15.0,"key":"SMITH"},{"floor":24.0,"key":"REST"},{"floor":30.0,"key":"REST"},{"floor":32.0,"key":"RECALL"},{"floor":46,"key":"REST"},{"floor":49,"key":"REST"},{"floor":52,"key":"REST"}],"circlet_count":0,"master_deck":["Strike_B","Strike_B","Defend_B","Defend_B","Defend_B","Zap+1","Dualcast+1","Genetic Algorithm+1","Gash","Echo Form","Turbo","Hologram","Ball Lightning","Conserve Battery","All For One","Ball Lightning","Biased Cognition","Coolheaded","Ball Lightning+1","Cold Snap","Coolheaded","Gash+1","Echo Form","FTL","Amplify","Leap","Coolheaded","All For One","infinitespire:UltimateForm","Force Field+1","Capacitor+1","Master of Strategy","White Noise","Defragment","Leap","Consume","Force Field+1","Amplify","Master of Strategy","Echo Form"],"relics":["Cracked Core","OrangePellets","Lizard Tail","infinitespire:Lychee Nut","infinitespire:Satchel","Fusion Hammer","Centennial Puzzle","Bag of Preparation","Bag of Marbles","Runic Capacitor","Bottled Tornado","Busted Crown","Gambling Chip","Unceasing Top","DataDisk","infinitespire:Beetle Shell","MealTicket","Toy Ornithopter"],"acts_visited":["Exordium","TheCity","TheBeyond","TheEnding"],"potions_floor_usage":[44,55,55],"damage_taken":[{"damage":1.0,"enemies":"Jaw Worm","floor":1.0,"turns":3.0},{"damage":0.0,"enemies":"Cultist","floor":2.0,"turns":3.0},{"damage":0.0,"enemies":"2 Louse","floor":5.0,"turns":1.0},{"damage":45.0,"enemies":"Gremlin Nob","floor":7.0,"turns":5.0},{"damage":5.0,"enemies":"Looter","floor":12.0,"turns":3.0},{"damage":18.0,"enemies":"Lagavulin","floor":13.0,"turns":5.0},{"damage":6.0,"enemies":"Exordium Wildlife","floor":14.0,"turns":3.0},{"damage":0.0,"enemies":"Slime Boss","floor":16.0,"turns":6.0},{"damage":0.0,"enemies":"2 Thieves","floor":18.0,"turns":3.0},{"damage":25.0,"enemies":"Shell Parasite","floor":19.0,"turns":4.0},{"damage":3.0,"enemies":"Snecko","floor":20.0,"turns":5.0},{"damage":16.0,"enemies":"Shelled Parasite and Fungi","floor":22.0,"turns":4.0},{"damage":9.0,"enemies":"Nightmare","floor":23.0,"turns":6.0},{"damage":1.0,"enemies":"Book of Stabbing","floor":25.0,"turns":5.0},{"damage":29.0,"enemies":"Slavers","floor":27.0,"turns":4.0},{"damage":7.0,"enemies":"Chosen and Byrds","floor":28.0,"turns":5.0},{"damage":10.0,"enemies":"Champ","floor":33.0,"turns":7.0},{"damage":1.0,"enemies":"Orb Walker","floor":35.0,"turns":2.0},{"damage":0.0,"enemies":"3 Shapes","floor":37.0,"turns":5.0},{"damage":12.0,"enemies":"3 Darklings","floor":38.0,"turns":5.0},{"damage":4,"enemies":"Nemesis","floor":40,"turns":5},{"damage":0,"enemies":"Giant Head","floor":42,"turns":6},{"damage":13,"enemies":"Spire Growth","floor":44,"turns":5},{"damage":0,"enemies":"Nemesis","floor":47,"turns":5},{"damage":0,"enemies":"Transient","floor":48,"turns":5},{"damage":25,"enemies":"infinitespire:MassOfShapes","floor":50,"turns":9},{"damage":30,"enemies":"Shield and Spear","floor":54,"turns":4},{"damage":41,"enemies":"The Heart","floor":55,"turns":10}],"seed_played":"-4509173891705354394","potions_obtained":[{"floor":7.0,"key":"SmokeBomb"},{"floor":12.0,"key":"DistilledChaos"},{"floor":16.0,"key":"PowerPotion"},{"floor":23.0,"key":"GamblersBrew"},{"floor":44,"key":"Fruit Juice"}],"is_trial":false,"path_per_floor":["M","M","$","?","M","R","E","R","T","?","$","M","E","M","R","B",null,"M","M","M","?","M","NM","R","E","T","E","M","$","R","?","R","B",null,"M","?","M","M","?","E","?","E","T","M","?","R","E","M","R","B",null,"R","$","E","B",null],"character_chosen":"DEFECT","items_purchased":["Echo Form","OrangePellets","Ball Lightning","Runic Capacitor","Amplify","Bottled Tornado","Amplify","LiquidMemories","Master of Strategy"],"campfire_rested":5,"item_purchase_floors":[3,3,11,29,29,29,53,53,53],"current_hp_per_floor":[53,53,53,46,46,46,1,1,1,1,1,1,28,27,27,33,56,56,34,37,37,27,24,40,45,45,22,21,21,37,37,37,33,56,55,40,46,40,40,42,42,48,48,46,46,61,61,61,61,39,61,61,61,34,9],"gold":80,"neow_bonus":"TWO_FIFTY_GOLD","is_daily":false,"chose_seed":false,"campfire_upgraded":3,"win_rate":0.0,"timestamp":1613075695,"path_taken":["M","M","$","?","M","R","E","R","T","?","?","M","E","M","R","BOSS","M","M","M","?","M","NM","R","E","T","E","?","$","R","?","R","BOSS","M","?","M","M","?","E","?","E","T","?","?","R","E","M","R","BOSS","R","$","E","BOSS"],"items_purchased_type":["Card","Relic","Card","Relic","Card","Relic","Card","Potion","Card"],"build_version":"2020-12-22","purchased_purges":1,"victory":true,"max_hp_per_floor":[75,75,75,75,75,75,75,75,56,56,56,56,56,56,56,56,56,56,56,56,56,56,56,56,56,56,56,56,56,56,56,56,56,56,56,56,56,56,56,56,56,56,56,61,61,61,61,61,61,61,61,61,61,61,61],"relic_stats":{"OrangePellets":[30],"Lizard Tail":28,"Centennial Puzzle":[33],"Busted Crown":28,"counters":[28,133],"Gambling Chip":[12],"MealTicket":0,"Bag of Preparation":[28],"obtain_stats":[{"infinitespire:Beetle Shell":45,"Bag of Preparation":25,"Runic Capacitor":29,"Bottled Tornado":29,"OrangePellets":3,"Lizard Tail":7,"Centennial Puzzle":23,"DataDisk":43,"Busted Crown":34,"infinitespire:Lychee Nut":9,"Gambling Chip":40,"infinitespire:Satchel":13,"MealTicket":47,"Fusion Hammer":17,"Bag of Marbles":27,"Cracked Core":0,"Unceasing Top":42,"Toy Ornithopter":54},{"infinitespire:Beetle Shell":23,"Bag of Preparation":14,"Runic Capacitor":16,"Bottled Tornado":16,"OrangePellets":2,"Lizard Tail":4,"Centennial Puzzle":13,"DataDisk":22,"Busted Crown":17,"infinitespire:Lychee Nut":4,"Gambling Chip":21,"infinitespire:Satchel":6,"MealTicket":24,"Fusion Hammer":8,"Bag of Marbles":15,"Cracked Core":0,"Unceasing Top":22,"Toy Ornithopter":27},{"infinitespire:Beetle Shell":100,"Bag of Preparation":56,"Runic Capacitor":65,"Bottled Tornado":65,"OrangePellets":6,"Lizard Tail":12,"Centennial Puzzle":51,"DataDisk":95,"Busted Crown":72,"infinitespire:Lychee Nut":12,"Gambling Chip":89,"infinitespire:Satchel":20,"MealTicket":105,"Fusion Hammer":29,"Bag of Marbles":60,"Cracked Core":0,"Unceasing Top":95,"Toy Ornithopter":123}],"Unceasing Top":[1],"Toy Ornithopter":10},"card_choices":[{"not_picked":["Steam","Beam Cell"],"picked":"Genetic Algorithm","floor":1.0},{"not_picked":["Conserve Battery","Barrage"],"picked":"Gash","floor":2.0},{"not_picked":["Steam","Beam Cell"],"picked":"Turbo","floor":5.0},{"not_picked":["Streamline","Turbo"],"picked":"Hologram","floor":7.0},{"not_picked":["Steam","Streamline"],"picked":"Conserve Battery","floor":12.0},{"not_picked":["Skim","Undo"],"picked":"All For One","floor":13.0},{"not_picked":["Streamline","Compile Driver"],"picked":"Ball Lightning","floor":14.0},{"not_picked":["Buffer","Seek"],"picked":"Biased Cognition","floor":16.0},{"not_picked":["Sweeping Beam+1","Ball Lightning"],"picked":"Coolheaded","floor":18.0},{"not_picked":["Double Energy","Hologram"],"picked":"Ball Lightning+1","floor":19.0},{"not_picked":["Stack","Beam Cell+1"],"picked":"Cold Snap","floor":20.0},{"not_picked":["Reinforced Body","Sweeping Beam"],"picked":"Coolheaded","floor":22.0},{"not_picked":["Rebound","Compile Driver"],"picked":"Gash+1","floor":23.0},{"not_picked":["Hyperbeam","Rebound","Leap"],"picked":"SKIP","floor":25.0},{"not_picked":["Ball Lightning","White Noise"],"picked":"Echo Form","floor":27.0},{"not_picked":["Rip and Tear","Rebound"],"picked":"FTL","floor":28.0},{"not_picked":["Thunder Strike","Multi-Cast"],"picked":"All For One","floor":33.0},{"not_picked":["Turbo"],"picked":"SKIP","floor":35.0},{"not_picked":["infinitespire:FutureSight","infinitespire:SealOfDarkness+"],"picked":"infinitespire:UltimateForm","floor":36.0},{"not_picked":[],"picked":"Force Field+1","floor":37.0},{"not_picked":[],"picked":"Capacitor+1","floor":38},{"not_picked":[],"picked":"Master of Strategy","floor":39},{"not_picked":[],"picked":"White Noise","floor":40},{"not_picked":["Leap"],"picked":"SKIP","floor":42},{"not_picked":[],"picked":"Leap","floor":44},{"not_picked":[],"picked":"Consume","floor":47},{"not_picked":[],"picked":"Force Field+1","floor":48},{"not_picked":[],"picked":"Echo Form","floor":54}],"player_experience":1232894,"relics_obtained":[{"floor":7.0,"key":"Lizard Tail"},{"floor":9.0,"key":"infinitespire:Lychee Nut"},{"floor":13.0,"key":"infinitespire:Satchel"},{"floor":23.0,"key":"Centennial Puzzle"},{"floor":25.0,"key":"Bag of Preparation"},{"floor":27.0,"key":"Bag of Marbles"},{"floor":40,"key":"Gambling Chip"},{"floor":42,"key":"Unceasing Top"},{"floor":43,"key":"DataDisk"},{"floor":45,"key":"infinitespire:Beetle Shell"},{"floor":47,"key":"MealTicket"},{"floor":54,"key":"Toy Ornithopter"}],"event_choices":[{"cards_removed":["Defend_B"],"damage_healed":0.0,"max_hp_gain":0.0,"max_hp_loss":0.0,"gold_gain":0.0,"event_name":"Golden Wing","player_choice":"Card Removal","floor":4.0,"gold_loss":0.0,"damage_taken":7.0},{"damage_healed":0.0,"max_hp_gain":0.0,"max_hp_loss":0.0,"gold_gain":0.0,"event_name":"Scrap Ooze","player_choice":"Fled","floor":10.0,"gold_loss":0.0,"damage_taken":0.0},{"damage_healed":0.0,"max_hp_gain":0.0,"max_hp_loss":0.0,"gold_gain":275.0,"event_name":"Golden Shrine","player_choice":"Desecrate","floor":21.0,"gold_loss":0.0,"damage_taken":0.0,"cards_obtained":["Regret"]},{"damage_healed":0.0,"max_hp_gain":0.0,"max_hp_loss":0.0,"gold_gain":0.0,"cards_transformed":["Strike_B","Strike_B"],"event_name":"Drug Dealer","player_choice":"Became Test Subject","floor":31.0,"gold_loss":0.0,"damage_taken":0.0,"cards_obtained":["Leap","Coolheaded"]},{"damage_healed":0,"gold_gain":0,"player_choice":"Memory 1","damage_taken":0,"max_hp_gain":0,"max_hp_loss":0,"event_name":"SensoryStone","floor":39,"gold_loss":0},{"damage_healed":0,"gold_gain":0,"player_choice":"1 cards matched","damage_taken":0,"max_hp_gain":0,"max_hp_loss":0,"event_name":"Match and Keep!","floor":41,"gold_loss":0,"cards_obtained":["Defragment"]},{"damage_healed":0,"gold_gain":0,"player_choice":"Relic","damage_taken":0,"max_hp_gain":0,"max_hp_loss":0,"event_name":"Wheel of Change","floor":45,"gold_loss":0}],"is_beta":false,"boss_relics":[{"not_picked":["Snecko Eye","Runic Dome"],"picked":"Fusion Hammer"},{"not_picked":["Calling Bell","Tiny House"],"picked":"Busted Crown"}],"items_purged_floors":[29],"is_endless":false,"potions_floor_spawned":[7,12,16,20,23,37,44],"ascension_level":1}}