{"host":"n95r2z13dwkl182w","time":1613045821,"event":{"mods":["2.2 Compatiblity","AchievementEnabler","BaseMod","Colored Map","Hermit","Marisa£¨Ùöéë¡¡Øª×âÞÞ£©","Minty Spire (QoL Compilation)","StSLib","SuperFastMode","The Poker Player","everything is the same but u backflip on backflip"],"gold_per_floor":[113,123,137,149,160,160,90,124,124,158,158,192,40,50,50,151,151,164,164,89,89,89,120,120,140,140,156,176,206,50,85,85,188,188,200,200,200,214,214,249,263,280,280,280,280,280,137,147,147,147,147],"floor_reached":50,"language":"KOR","playtime":1636,"items_purged":[],"score":813,"play_id":"23b76e4a-90b7-449b-843c-ef9b86e10c62","local_time":"20210211211701","is_ascension_mode":true,"campfire_choices":[{"floor":6.0,"key":"REST"},{"floor":11.0,"key":"REST"},{"data":"MaximisePower","floor":15.0,"key":"SMITH"},{"data":"ManaRampage","floor":24.0,"key":"SMITH"},{"floor":32.0,"key":"REST"},{"data":"MachineGunSpark","floor":44.0,"key":"SMITH"},{"data":"Ghostly","floor":46.0,"key":"SMITH"},{"data":"Ghostly","floor":49.0,"key":"SMITH"}],"circlet_count":0,"master_deck":["Strike_MRS","Strike_MRS","Strike_MRS","Strike_MRS","Defend_MRS","Defend_MRS","Defend_MRS","Defend_MRS","MasterSpark","UpSweep","LuminesStrike","MachineGunSpark+1","GrandCross","SuperPerseids","MaximisePower+1","Parasite","Parasite","ManaRampage","MillisecondPulsars","ManaRampage+1","PowerUp+1","Ghostly+1","Ghostly+1","Ghostly","Ghostly","Ghostly","LuminesStrike","DoubleSpark","ManaRampage","Madness","NonDirectionalLaser+1","Clumsy","Doubt","Parasite"],"relics":["MiniHakkero","Du-Vu Doll","ShroomBag","Potion Belt","Regal Pillow","Sundial","Sling","Black Star","PreservedInsect","Smiling Mask","Bottled Tornado","Anchor","HornCleat","Lantern","Happy Flower","Bag of Marbles","Cursed Key","InkBottle","Molten Egg 2","Boot","Strange Spoon"],"acts_visited":["Exordium","TheCity","TheBeyond"],"potions_floor_usage":[50,50],"damage_taken":[{"damage":2.0,"enemies":"2 Louse","floor":1.0,"turns":2.0},{"damage":3.0,"enemies":"Cultist","floor":2.0,"turns":3.0},{"damage":4.0,"enemies":"Jaw Worm","floor":3.0,"turns":3.0},{"damage":0.0,"enemies":"2 Fungi Beasts","floor":4.0,"turns":2.0},{"damage":20.0,"enemies":"Exordium Wildlife","floor":5.0,"turns":3.0},{"damage":8.0,"enemies":"Gremlin Nob","floor":8.0,"turns":3.0},{"damage":20.0,"enemies":"3 Sentries","floor":10.0,"turns":4.0},{"damage":0.0,"enemies":"Lagavulin","floor":12.0,"turns":2.0},{"damage":0.0,"enemies":"3 Louse","floor":14.0,"turns":1.0},{"damage":40.0,"enemies":"Hexaghost","floor":16.0,"turns":4.0},{"damage":27.0,"enemies":"Shell Parasite","floor":18.0,"turns":4.0},{"damage":2.0,"enemies":"Book of Stabbing","floor":23.0,"turns":3.0},{"damage":1.0,"enemies":"Spheric Guardian","floor":25.0,"turns":3.0},{"damage":0.0,"enemies":"Snake Plant","floor":27.0,"turns":2.0},{"damage":13.0,"enemies":"Snecko","floor":28.0,"turns":4.0},{"damage":9.0,"enemies":"Slavers","floor":29.0,"turns":5.0},{"damage":0.0,"enemies":"Book of Stabbing","floor":31.0,"turns":3.0},{"damage":33.0,"enemies":"Collector","floor":33.0,"turns":6.0},{"damage":0.0,"enemies":"3 Darklings","floor":35.0,"turns":2.0},{"damage":11.0,"enemies":"3 Shapes","floor":38.0,"turns":4.0},{"damage":0.0,"enemies":"Reptomancer","floor":40.0,"turns":5.0},{"damage":0.0,"enemies":"3 Darklings","floor":41.0,"turns":3.0},{"damage":6.0,"enemies":"4 Shapes","floor":42.0,"turns":1.0},{"damage":0.0,"enemies":"Writhing Mass","floor":48.0,"turns":4.0},{"damage":63,"enemies":"Time Eater","floor":50,"turns":6}],"seed_played":"-6377855150260400442","potions_obtained":[{"floor":2.0,"key":"SteroidPotion"},{"floor":3.0,"key":"FearPotion"},{"floor":5.0,"key":"SkillPotion"},{"floor":8.0,"key":"SkillPotion"},{"floor":14.0,"key":"GamblersBrew"},{"floor":16.0,"key":"SteroidPotion"},{"floor":25.0,"key":"Fire Potion"},{"floor":29.0,"key":"Energy Potion"},{"floor":35.0,"key":"Swift Potion"},{"floor":42.0,"key":"SpeedPotion"},{"floor":48.0,"key":"BottledSpark"}],"is_trial":false,"path_per_floor":["M","M","M","M","M","R","$","E","T","E","R","E","$","M","R","B",null,"M","?","?","?","$","E","R","M","T","M","M","E","$","E","R","B",null,"M","?","?","M","$","E","M","M","T","R","?","R","$","M","R","B"],"character_chosen":"MARISA","items_purchased":["MaximisePower","Sling","Lantern","Strange Spoon"],"campfire_rested":3,"item_purchase_floors":[7,13,30,47],"current_hp_per_floor":[73,70,66,66,46,68,68,60,60,44,75,75,75,75,75,39,75,50,37,37,37,37,35,35,36,36,37,24,17,17,17,37,8,37,37,37,37,26,26,30,30,24,24,24,37,37,37,37,37,0,0],"gold":147,"neow_bonus":"ONE_RARE_RELIC","is_daily":false,"chose_seed":false,"campfire_upgraded":5,"win_rate":0.0,"timestamp":1613045821,"path_taken":["M","M","M","M","M","R","$","E","T","E","R","E","$","M","R","BOSS","M","?","?","?","$","E","R","?","T","M","M","E","?","E","R","BOSS","M","?","?","M","?","E","M","M","T","R","?","R","$","M","R","BOSS"],"items_purchased_type":["Card","Relic","Relic","Relic"],"build_version":"2020-12-22","purchased_purges":0,"victory":false,"max_hp_per_floor":[75,75,75,75,75,75,75,75,75,75,75,75,75,75,75,75,75,75,37,37,37,37,37,37,37,37,37,37,37,37,37,37,37,37,37,37,37,37,37,37,37,37,37,37,37,37,37,37,37,37,37],"card_choices":[{"not_picked":["DarkMatter","ChargingUp"],"picked":"LuminesStrike","floor":1.0},{"not_picked":["MagicChant","6A"],"picked":"MachineGunSpark","floor":2.0},{"not_picked":["FairyDestructionRay","GravityBeat"],"picked":"GrandCross","floor":3.0},{"not_picked":["EarthLightRay","LuminesStrike"],"picked":"SuperPerseids","floor":4.0},{"not_picked":["MagicChant","PulseMagic","RefractionSpark"],"picked":"SKIP","floor":5.0},{"not_picked":["OneTimeOff","RefractionSpark","ChargingUp"],"picked":"SKIP","floor":8.0},{"not_picked":["Acceleration","6A"],"picked":"ManaRampage","floor":10.0},{"not_picked":["PowerUp","GrandCross","ShootingEcho"],"picked":"SKIP","floor":12.0},{"not_picked":["MilkyWay","WitchLeyline"],"picked":"MillisecondPulsars","floor":14.0},{"not_picked":["CasketOfStar","BinaryStars"],"picked":"ManaRampage","floor":16.0},{"not_picked":["MagicAbsorber","AsteroidBelt"],"picked":"PowerUp+1","floor":18.0},{"not_picked":["BlazingStar","GrandCross","ChargeUpSpray"],"picked":"SKIP","floor":23.0},{"not_picked":["WitchLeyline","AsteroidBelt"],"picked":"LuminesStrike","floor":25.0},{"not_picked":["Orbital+1","AsteroidBelt+1","WitchLeyline"],"picked":"SKIP","floor":27.0},{"not_picked":["MagicAbsorber+1","EventHorizon","OrrerysSun"],"picked":"SKIP","floor":28.0},{"not_picked":["DC+1","StarDustReverie"],"picked":"DoubleSpark","floor":29.0},{"not_picked":["SuperPerseids+1","AbsoluteMagnitude","PowerUp"],"picked":"SKIP","floor":31.0},{"not_picked":["UltimateShortwave","TreasureHunter"],"picked":"ManaRampage","floor":33.0},{"not_picked":["ShootTheMoon","6A+1","GalacticHalo+1"],"picked":"SKIP","floor":35.0},{"not_picked":["Thinking Ahead","Blind"],"picked":"Madness","floor":36.0},{"not_picked":["MysteriousBeam+1","LuminesStrike","AsteroidBelt"],"picked":"SKIP","floor":38.0},{"not_picked":["WitchOfGreed","MilkyWay+1"],"picked":"NonDirectionalLaser+1","floor":40.0},{"not_picked":["EventHorizon","EnergyFlow+1","SporeBomb+1"],"picked":"SKIP","floor":41.0},{"not_picked":["NonDirectionalLaser+1","GalacticHalo+1","Acceleration"],"picked":"SKIP","floor":42.0},{"not_picked":["MysteriousBeam+1","GalacticHalo","GrandCross+1"],"picked":"SKIP","floor":48.0}],"player_experience":77450,"relics_obtained":[{"floor":8.0,"key":"ShroomBag"},{"floor":9.0,"key":"Potion Belt"},{"floor":10.0,"key":"Regal Pillow"},{"floor":12.0,"key":"Sundial"},{"floor":23.0,"key":"PreservedInsect"},{"floor":23.0,"key":"Smiling Mask"},{"floor":26.0,"key":"Bottled Tornado"},{"floor":29.0,"key":"Anchor"},{"floor":29.0,"key":"HornCleat"},{"floor":31.0,"key":"Happy Flower"},{"floor":31.0,"key":"Bag of Marbles"},{"floor":40.0,"key":"InkBottle"},{"floor":40.0,"key":"Molten Egg 2"},{"floor":43.0,"key":"Boot"}],"event_choices":[{"damage_healed":0.0,"max_hp_gain":0.0,"max_hp_loss":38.0,"gold_gain":0.0,"event_name":"Ghosts","player_choice":"Became a Ghost","floor":19.0,"gold_loss":0.0,"damage_taken":0.0,"cards_obtained":["Ghostly","Ghostly","Ghostly","Ghostly","Ghostly"]},{"cards_removed":["Decay"],"damage_healed":0.0,"max_hp_gain":0.0,"max_hp_loss":0.0,"gold_gain":0.0,"event_name":"Beggar","player_choice":"Gave Gold","floor":20.0,"gold_loss":75.0,"damage_taken":0.0},{"damage_healed":0.0,"max_hp_gain":0.0,"max_hp_loss":0.0,"gold_gain":0.0,"event_name":"Transmorgrifier","player_choice":"Ignored","floor":21.0,"gold_loss":0.0,"damage_taken":0.0},{"damage_healed":0.0,"max_hp_gain":0.0,"max_hp_loss":0.0,"gold_gain":0.0,"event_name":"SensoryStone","player_choice":"Memory 1","floor":36.0,"gold_loss":0.0,"damage_taken":0.0},{"damage_healed":0.0,"max_hp_gain":0.0,"max_hp_loss":0.0,"gold_gain":0.0,"event_name":"Mysterious Sphere","player_choice":"Ignored","floor":37.0,"gold_loss":0.0,"damage_taken":0.0},{"damage_healed":13.0,"max_hp_gain":0.0,"max_hp_loss":0.0,"gold_gain":0.0,"event_name":"MindBloom","player_choice":"Heal","floor":45.0,"gold_loss":0.0,"damage_taken":0.0,"cards_obtained":["Doubt"]}],"is_beta":false,"boss_relics":[{"not_picked":["Sozu","Fusion Hammer"],"picked":"Black Star"},{"not_picked":["Tiny House","Runic Dome"],"picked":"Cursed Key"}],"items_purged_floors":[],"is_endless":false,"potions_floor_spawned":[2,3,5,8,14,16,25,29,35,42,48],"killed_by":"Time Eater","ascension_level":2}}