{"host":"3n5xmnb54n2y5mb4","time":1613019334,"event":{"mods":["BaseMod","Colored Map","Colored Powertips","Downfall","Minty Spire (QoL Compilation)","Permanent Neow","StSLib","Unceasing Turn Reminder","everything is the same but u backflip on backflip"],"gold_per_floor":[99,114,27,37,37,53,132,65,76,76,15,26,26,40,51,51,51,51],"floor_reached":16,"language":"ENG","playtime":782,"items_purged":[],"score":94,"play_id":"2e734d46-5266-4be9-b38a-1c5c7530c3d4","local_time":"20210210235534","is_ascension_mode":false,"campfire_choices":[{"data":"sneckomod:SnekBite","floor":1,"key":"SMITH"},{"data":"sneckomod:Cheat","floor":10,"key":"SMITH"}],"circlet_count":0,"master_deck":["sneckomod:Strike","sneckomod:Strike","sneckomod:Strike","sneckomod:Defend","sneckomod:Defend","sneckomod:Defend","sneckomod:TailWhip","sneckomod:SnekBite+1","sneckomod:Unknown","sneckomod:UnendingSupply","sneckomod:SoulDraw","sneckomod:UnknownUncommonPower","sneckomod:UnknownUncommonSkill","Regret","Guardian:BronzeOrb+1","sneckomod:UnknownDraw","sneckomod:WideSting+1","sneckomod:Cheat+1","sneckomod:IronFang+1","sneckomod:DiceCrush+1","sneckomod:DiceBlock","sneckomod:RainOfDice+1","sneckomod:UnknownStrike+1"],"relics":["SacredBark","Molten Egg 2","Matryoshka","Akabeko"],"acts_visited":["Exordium"],"potions_floor_usage":[6,16,16,16],"damage_taken":[{"damage":0,"enemies":"2 Louse","floor":2,"turns":2},{"damage":0,"enemies":"downfall:FleeingMerchant","floor":3,"turns":4},{"damage":0,"enemies":"Small Slimes","floor":4,"turns":4},{"damage":0,"enemies":"Cultist","floor":6,"turns":2},{"damage":15,"enemies":"downfall:FleeingMerchant","floor":8,"turns":4},{"damage":6,"enemies":"Red Slaver","floor":9,"turns":2},{"damage":1,"enemies":"downfall:FleeingMerchant","floor":11,"turns":4},{"damage":6,"enemies":"3 Louse","floor":12,"turns":2},{"damage":5,"enemies":"Large Slime","floor":14,"turns":4},{"damage":3,"enemies":"2 Fungi Beasts","floor":15,"turns":3},{"damage":52,"enemies":"IC_STATUS_ARCHETYPE","floor":16,"turns":8}],"seed_played":"3746734959408085791","potions_obtained":[{"floor":2,"key":"Fire Potion"},{"floor":4,"key":"GamblersBrew"},{"floor":6,"key":"Swift Potion"},{"floor":15,"key":"EntropicBrew"}],"is_trial":false,"path_per_floor":["R","M","$","M","?","M","T","$","M","R","$","M","?","M","M","B"],"character_chosen":"THE_SNECKO","items_purchased":["sneckomod:UnknownUncommonPower","sneckomod:WideSting+1","sneckomod:DiceCrush+1"],"campfire_rested":0,"item_purchase_floors":[3,8,11],"current_hp_per_floor":[90,90,90,90,90,90,90,75,69,69,68,62,55,50,47,0,0,0],"gold":51,"neow_bonus":"BOSS_RELIC","is_daily":false,"chose_seed":false,"campfire_upgraded":2,"win_rate":0.0,"timestamp":1613019334,"path_taken":["R","M","$","M","?","M","T","$","M","R","$","M","?","M","M","BOSS"],"items_purchased_type":["Card","Card","Card"],"build_version":"2020-12-22","purchased_purges":0,"victory":false,"max_hp_per_floor":[90,90,90,90,90,90,90,90,90,90,90,90,90,90,90,90,90,90],"card_choices":[{"not_picked":["sneckomod:SerpentIdol","sneckomod:UnknownWeak"],"picked":"sneckomod:UnendingSupply","floor":2},{"not_picked":["sneckomod:SoulRoll","sneckomod:DiceBlock"],"picked":"sneckomod:SoulDraw","floor":3},{"not_picked":["sneckomod:RainOfDice","sneckomod:Unknown0Cost"],"picked":"sneckomod:UnknownUncommonSkill","floor":4},{"not_picked":["sneckomod:UnknownDraw","sneckomod:QuickMove"],"picked":"sneckomod:Memorize","floor":6},{"not_picked":["sneckomod:SoulDraw","sneckomod:UnknownCommonSkill"],"picked":"sneckomod:UnknownDraw","floor":8},{"not_picked":["sneckomod:SoulRoll","sneckomod:ImprovisedGuard"],"picked":"sneckomod:Cheat","floor":9},{"not_picked":["sneckomod:UnendingSupply","sneckomod:Unknown0Cost"],"picked":"sneckomod:IronFang+1","floor":11},{"not_picked":["sneckomod:UnknownDraw","sneckomod:SerpentIdol"],"picked":"sneckomod:DiceBlock","floor":12},{"not_picked":["sneckomod:WideSting+1","sneckomod:UnknownBlock"],"picked":"sneckomod:RainOfDice+1","floor":14},{"not_picked":["sneckomod:UnknownBlock","sneckomod:WideSting+1"],"picked":"sneckomod:UnknownStrike+1","floor":15}],"player_experience":1041265,"relics_obtained":[{"floor":7,"key":"Matryoshka"}],"event_choices":[{"damage_healed":0,"gold_gain":0,"player_choice":"Box","damage_taken":0,"relics_obtained":["Molten Egg 2"],"max_hp_gain":0,"max_hp_loss":0,"event_name":"Big Fish","floor":5,"gold_loss":0,"cards_obtained":["Regret"]},{"damage_healed":0,"gold_gain":0,"player_choice":"Success","damage_taken":7,"relics_obtained":["Akabeko"],"max_hp_gain":0,"max_hp_loss":0,"event_name":"Scrap Ooze","floor":13,"gold_loss":0}],"is_beta":false,"boss_relics":[],"items_purged_floors":[],"is_endless":false,"potions_floor_spawned":[2,4,6,15],"killed_by":"IC_STATUS_ARCHETYPE","ascension_level":0}}