{"host":"ajxvnmsjfcleb5r5","time":1613011986,"event":{"mods":["2.2 Compatiblity","AchievementEnabler","BaseMod","Beaked The Cultist","Better Note","BetterRewards","Card Forge","Clawfect","Colored Powertips","DNKmod","Friendly Minions","Infinite Spire","Minty Spire (QoL Compilation)","Quick Restart","Shop Mod","StSLib","SuperFastMode"],"gold_per_floor":[117,134,84,8,8,8,38,50,50,65,65,15,15,32,32,131,131,149,149,149,168,14,14,14],"floor_reached":23,"language":"KOR","playtime":575,"items_purged":[],"score":239,"play_id":"fcda9467-004e-4410-8cb6-87ead88a3f19","local_time":"20210211115306","is_ascension_mode":false,"campfire_choices":[{"data":"Hologram","floor":6,"key":"SMITH"},{"data":"Clawfect:ClawCell","floor":11,"key":"SMITH"},{"floor":15,"key":"REST"},{"data":"White Noise","floor":15,"key":"SMITH"}],"circlet_count":0,"master_deck":["Gash","Gash","Gash","Gash","Defend_B","Defend_B","Defend_B","FTL","Leap","Hologram+1","Steam","Clawfect:ClawAndTear","Clawfect:ClawSnap","Clawfect:Clawline","Clawfect:Clawter","Clawfect:ClawForTheEyes","Clawfect:ClawCell+1","Clawfect:ScrapingClaw","Clawfect:ClawingBeam","Clawfect:ClawSnap","White Noise+1","Echo Form","Clawfect:ClawLightning+1","Clawfect:ClawLightning+1","Steam Power+1","Clawfect:ClawLightning+1"],"relics":["Clawfect:DRClaw","Hammer of Thor","Seething Fire","Anvil of the Gods","Prayer Wheel","Ginger","NeowsBlessing","infinitespire:Magic Flask","Omamori","Dream Catcher","Black Star","PreservedInsect"],"acts_visited":["Exordium","TheCity"],"potions_floor_usage":[23,23],"damage_taken":[{"damage":0,"enemies":"Jaw Worm","floor":1,"turns":2},{"damage":0,"enemies":"Small Slimes","floor":2,"turns":2},{"damage":0,"enemies":"3 Sentries","floor":7,"turns":2},{"damage":0,"enemies":"2 Louse","floor":8,"turns":3},{"damage":0,"enemies":"Exordium Wildlife","floor":10,"turns":3},{"damage":2,"enemies":"Large Slime","floor":14,"turns":4},{"damage":28,"enemies":"Hexaghost","floor":16,"turns":5},{"damage":31,"enemies":"2 Thieves","floor":18,"turns":4},{"damage":15,"enemies":"Shell Parasite","floor":21,"turns":4},{"damage":35,"enemies":"Slavers","floor":23,"turns":2}],"seed_played":"1836384553358774467","potions_obtained":[{"floor":8,"key":"PotionOfCapacity"},{"floor":10,"key":"GamblersBrew"},{"floor":18,"key":"EssenceOfDarkness"},{"floor":19,"key":"PowerPotion"},{"floor":19,"key":"Ancient Potion"},{"floor":19,"key":"CultistPotion"}],"is_trial":false,"path_per_floor":["M","M","?","$","?","R","E","M","T","M","R","$","?","M","R","B",null,"M","?","?","M","$","E"],"character_chosen":"DEFECT","items_purchased":["Clawfect:ClawAndTear","Clawfect:ScrapingClaw","PreservedInsect"],"campfire_rested":1,"item_purchase_floors":[4,12,22],"current_hp_per_floor":[75,75,75,75,68,68,68,68,68,68,68,68,68,66,75,47,75,44,44,44,29,29,0,0],"gold":14,"neow_bonus":"THREE_ENEMY_KILL","is_daily":false,"chose_seed":false,"campfire_upgraded":3,"win_rate":0.0,"timestamp":1613011986,"path_taken":["M","M","?","$","?","R","E","M","T","M","R","$","?","M","R","BOSS","M","?","?","M","?","E"],"items_purchased_type":["Card","Card","Relic"],"build_version":"2020-12-22","purchased_purges":0,"victory":false,"max_hp_per_floor":[75,75,75,75,75,75,75,75,75,75,75,75,75,75,75,75,75,75,75,75,75,75,75,75],"card_choices":[{"not_picked":["Hello World","Coolheaded"],"picked":"FTL","floor":1},{"not_picked":["Clawfect:Clawrage","Tempest"],"picked":"Leap","floor":1},{"not_picked":["Self Repair","Loop"],"picked":"Hologram","floor":2},{"not_picked":["Gash","Tempest"],"picked":"Steam","floor":2},{"not_picked":["Capacitor","Reinforced Body"],"picked":"Clawfect:ClawSnap","floor":7},{"not_picked":["Conserve Battery","Lockon"],"picked":"Clawfect:Clawline","floor":8},{"not_picked":["Consume","Clawfect:Clawrage"],"picked":"Clawfect:Clawter","floor":8},{"not_picked":["Force Field","Turbo"],"picked":"Clawfect:ClawForTheEyes","floor":10},{"not_picked":["Consume","Leap"],"picked":"Clawfect:ClawCell","floor":10},{"not_picked":["Capacitor","Thunder Strike"],"picked":"Clawfect:ClawingBeam","floor":14},{"not_picked":["Capacitor","Rebound"],"picked":"Clawfect:ClawSnap","floor":14},{"not_picked":["Coolheaded","Aggregate"],"picked":"White Noise","floor":15},{"not_picked":["Clawfect:ClawForOne","Biased Cognition"],"picked":"Echo Form","floor":16},{"not_picked":["Clawfect:ScrapingClaw","Aggregate"],"picked":"Clawfect:ClawLightning+1","floor":18},{"not_picked":["Capacitor+1","Stack"],"picked":"Clawfect:ClawLightning+1","floor":18},{"not_picked":["Clawfect:ClawAndGloom","Aggregate"],"picked":"Steam Power+1","floor":21},{"not_picked":["Darkness","Clawfect:Clawrage"],"picked":"Clawfect:ClawLightning+1","floor":21}],"player_experience":177381,"relics_obtained":[{"floor":7,"key":"infinitespire:Magic Flask"},{"floor":9,"key":"Omamori"}],"event_choices":[{"cards_removed":["Defend_B"],"damage_healed":0,"gold_gain":0,"player_choice":"Card Removal","damage_taken":0,"max_hp_gain":0,"max_hp_loss":0,"event_name":"The Cleric","floor":3,"gold_loss":50},{"cards_removed":["Defend_B"],"damage_healed":0,"gold_gain":0,"player_choice":"Card Removal","damage_taken":7,"max_hp_gain":0,"max_hp_loss":0,"event_name":"Golden Wing","floor":5,"gold_loss":0},{"damage_healed":0,"gold_gain":0,"player_choice":"Box","damage_taken":0,"relics_obtained":["Dream Catcher"],"max_hp_gain":0,"max_hp_loss":0,"event_name":"Big Fish","floor":13,"gold_loss":0,"cards_obtained":["Regret"]},{"damage_healed":0,"gold_gain":0,"player_choice":"Got Potions","damage_taken":0,"max_hp_gain":0,"max_hp_loss":0,"event_name":"Lab","floor":19,"gold_loss":0},{"cards_removed":["Gash"],"damage_healed":0,"gold_gain":0,"player_choice":"Card Removal","damage_taken":0,"max_hp_gain":0,"max_hp_loss":0,"event_name":"Wheel of Change","floor":20,"gold_loss":0}],"is_beta":false,"boss_relics":[{"not_picked":["Philosopher\u0027s Stone","Pandora\u0027s Box"],"picked":"Black Star"}],"items_purged_floors":[],"is_endless":false,"potions_floor_spawned":[8,10,18],"killed_by":"Slavers","ascension_level":0}}