{"host":"18wi9kpcl4eah7pe","time":1613076307,"event":{"mods":["BaseMod","Colored Powertips","Downfall","Minty Spire (QoL Compilation)","StSLib"],"gold_per_floor":[349,367,367,130,149,161,187,212,12,41,53,65,92,89,119,231,243,255,267,299,311,323,354,390,402,449,461,499,411,423,445,471,578,590,602,628,654,677,126,126,206,240,264,284,284,284,10,10,34,34,34,78,19,19,19,19,19,19],"floor_reached":56,"language":"ENG","playtime":3296,"items_purged":["downfall:Bewildered"],"score":1128,"play_id":"3199241c-672f-491b-a650-0bfa12665be1","local_time":"20210211144507","is_ascension_mode":true,"campfire_choices":[{"floor":1.0,"key":"RECALL"},{"floor":9.0,"key":"REST"},{"floor":11.0,"key":"REST"},{"data":"champ:MurderStrike","floor":18.0,"key":"SMITH"},{"floor":25.0,"key":"REST"},{"floor":29.0,"key":"REST"},{"data":"champ:StrikeOfGenius","floor":35.0,"key":"SMITH"},{"floor":45.0,"key":"REST"},{"data":"champ:Improvising","floor":54.0,"key":"SMITH"}],"circlet_count":0,"master_deck":["champ:Strike","champ:Strike","champ:Strike+1","champ:Strike","champ:Defend","champ:Defend","champ:Defend+1","champ:Defend","champ:Execute+1","champ:Taunt","champ:GladiatorStyle","champ:Circumvent","champ:Haymaker","champ:FlashCut","champ:HoldFirm+1","champ:TornadoPunch","champ:RisingSlash","champ:BringItOn","champ:ShieldSigil","champ:MurderStrike+1","RitualDagger","champ:DefensiveShout+1","champ:MurderStrike+1","champ:PreciseThrust+1","champ:EndlessRage","champ:ArenaPreparation","champ:EnGarde","champ:SwordSigil","champ:StrikeOfGenius+1","champ:FlashCut+1","champ:CrownThrow+1","champ:GutPunch+1","champ:LastStand","champ:Improvising+1","champ:Shatter+1","champ:Backstep+1","champ:FanOfKnives+1","champ:TripleStrike+1","champ:EnragedBash+1"],"relics":["champ:ChampionCrown","Membership Card","Strawberry","Letter Opener","downfall:HeartBlessingRed","downfall:HeartBlessingBlue","MawBank","expansioncontent:StudyCardRelic","MutagenicStrength","Anchor","FossilizedHelix","sneckomod:BabySnecko","Art of War","downfall:HeartBlessingGreen","The Courier","SlaversCollar","CeramicFish","Peace Pipe","Mango","Bag of Preparation","Akabeko","War Paint","Frozen Egg 2","Molten Egg 2","Strange Spoon","Whetstone","Lizard Tail","Potion Belt","Boot","StrikeDummy","Kunai","Blood Vial","bronze:BronzeIdol","Sling"],"acts_visited":["Exordium","TheCity","TheBeyond","TheEnding"],"potions_floor_usage":[],"damage_taken":[{"damage":17.0,"enemies":"Jaw Worm","floor":2.0,"turns":5.0},{"damage":20.0,"enemies":"downfall:FleeingMerchant","floor":4.0,"turns":4.0},{"damage":23.0,"enemies":"Cultist","floor":5.0,"turns":4.0},{"damage":25.0,"enemies":"Small Slimes","floor":6.0,"turns":5.0},{"damage":30.0,"enemies":"Gremlin Nob","floor":8.0,"turns":5.0},{"damage":25.0,"enemies":"3 Sentries","floor":10.0,"turns":6.0},{"damage":10.0,"enemies":"2 Fungi Beasts","floor":13.0,"turns":4.0},{"damage":10.0,"enemies":"downfall:FleeingMerchant","floor":14.0,"turns":4.0},{"damage":29.0,"enemies":"Lots of Slimes","floor":15.0,"turns":4.0},{"damage":45.0,"enemies":"IC_STATUS_ARCHETYPE","floor":16.0,"turns":8.0},{"damage":9.0,"enemies":"Shell Parasite","floor":20.0,"turns":3.0},{"damage":0.0,"enemies":"3 Byrds","floor":23.0,"turns":3.0},{"damage":43.0,"enemies":"Slavers","floor":26.0,"turns":7.0},{"damage":28.0,"enemies":"Gremlin Leader","floor":28.0,"turns":6.0},{"damage":0.0,"enemies":"Cultist and Chosen","floor":31.0,"turns":3.0},{"damage":0.0,"enemies":"Snake Plant","floor":32.0,"turns":2.0},{"damage":55.0,"enemies":"DF_ARCHETYPE_CLAW","floor":33.0,"turns":6.0},{"damage":0.0,"enemies":"Orb Walker","floor":36.0,"turns":2.0},{"damage":11.0,"enemies":"3 Shapes","floor":37.0,"turns":2.0},{"damage":9.0,"enemies":"3 Darklings","floor":38.0,"turns":3.0},{"damage":53.0,"enemies":"downfall:FleeingMerchant","floor":39.0,"turns":4.0},{"damage":47.0,"enemies":"Giant Head","floor":42.0,"turns":7.0},{"damage":4.0,"enemies":"4 Shapes","floor":43.0,"turns":3.0},{"damage":15.0,"enemies":"Jaw Worm Horde","floor":44.0,"turns":4.0},{"damage":0.0,"enemies":"Spire Growth","floor":46.0,"turns":1.0},{"damage":0.0,"enemies":"downfall:FleeingMerchant","floor":47.0,"turns":2.0},{"damage":0.0,"enemies":"Sphere and 2 Shapes","floor":49.0,"turns":4.0},{"damage":75.0,"enemies":"WA_ARCHETYPE_DIVINITY","floor":50.0,"turns":7.0},{"damage":10.0,"enemies":"downfall:CharBossMerchant","floor":52.0,"turns":5.0},{"damage":87.0,"enemies":"downfall:NeowBoss","floor":55.0,"turns":13.0},{"damage":150,"enemies":"downfall:NeowBossFinal","floor":56,"turns":11}],"seed_played":"-1364688915319799570","potions_obtained":[{"floor":2.0,"key":"BlessingOfTheForge"},{"floor":5.0,"key":"LiquidBronze"},{"floor":10.0,"key":"ColorlessPotion"},{"floor":15.0,"key":"ColorlessPotion"},{"floor":20.0,"key":"champ:TechniquePotion"},{"floor":26.0,"key":"ColorlessPotion"},{"floor":31.0,"key":"Fire Potion"},{"floor":33.0,"key":"Explosive Potion"},{"floor":36.0,"key":"ColorlessPotion"},{"floor":40.0,"key":"bronze:BurnAndBuffPotion"},{"floor":40.0,"key":"Dexterity Potion"},{"floor":42.0,"key":"Energy Potion"},{"floor":43.0,"key":"LiquidBronze"},{"floor":44.0,"key":"SmokeBomb"}],"is_trial":false,"path_per_floor":["R","M","?","$","M","M","T","E","R","E","R","T","M","$","M","B",null,"R","?","M","?","?","M","T","R","E","?","E","R","T","M","M","B",null,"R","M","M","M","$","?","T","E","M","M","R","M","$","$","M","B",null,"E","$","R","B","B"],"character_chosen":"THE_CHAMP","items_purchased":["Membership Card","Strawberry","champ:Improvising","CeramicFish","Peace Pipe","Mango","Bag of Preparation","Akabeko","War Paint","Strange Spoon","Whetstone","Lizard Tail","Potion Belt","Boot","StrikeDummy","Kunai","Blood Vial","Sling"],"campfire_rested":5,"item_purchase_floors":[4,4,39,39,39,39,39,39,39,47,47,47,47,47,47,47,47,53],"current_hp_per_floor":[57,55,55,62,59,44,44,24,66,61,93,93,93,93,74,54,94,94,88,79,79,79,79,79,107,64,64,46,78,78,78,78,23,86,86,86,75,66,82,82,82,50,56,71,107,107,112,112,121,81,111,113,113,113,73,0,0,0],"gold":19,"neow_bonus":"TWO_FIFTY_GOLD","is_daily":false,"chose_seed":false,"campfire_upgraded":3,"win_rate":0.0,"timestamp":1613076307,"path_taken":["R","M","?","$","?","M","T","E","R","E","R","?","?","?","M","BOSS","R","?","M","?","?","?","T","R","E","?","E","R","?","M","M","BOSS","R","M","M","M","$","?","T","E","M","M","R","?","?","$","M","BOSS","E","$","R","BOSS","BOSS"],"items_purchased_type":["Relic","Relic","Card","Relic","Relic","Relic","Relic","Relic","Relic","Relic","Relic","Relic","Relic","Relic","Relic","Relic","Relic","Relic"],"build_version":"2020-12-22","purchased_purges":1,"victory":false,"max_hp_per_floor":[90,90,90,97,97,97,97,97,107,107,107,107,107,107,107,107,107,107,107,107,107,107,107,107,107,107,107,107,107,107,107,107,107,107,107,107,107,107,121,121,121,121,121,121,121,121,121,121,121,121,121,121,121,121,121,121,121,121],"card_choices":[{"not_picked":["champ:Shatter","champ:RageSigil"],"picked":"champ:GladiatorStyle","floor":2.0},{"not_picked":["champ:Encircle","champ:PreemptiveStrike"],"picked":"champ:Circumvent","floor":4.0},{"not_picked":["champ:BerserkersShout","champ:CrownThrow"],"picked":"champ:Haymaker","floor":5.0},{"not_picked":["champ:PreciseThrust","champ:BringItOn"],"picked":"champ:FlashCut","floor":6.0},{"not_picked":["champ:FlashCut","champ:GutPunch"],"picked":"champ:HoldFirm","floor":8.0},{"not_picked":["champ:GladiatorForm","champ:Haymaker"],"picked":"champ:TornadoPunch","floor":10.0},{"not_picked":["champ:CrownThrow","champ:PerfectedStrike"],"picked":"champ:RisingSlash","floor":13.0},{"not_picked":["champ:EnchantSword","champ:CrownThrow"],"picked":"champ:BringItOn","floor":14.0},{"not_picked":["champ:FanOfKnives","champ:BladeFlurry"],"picked":"champ:ShieldSigil","floor":15.0},{"not_picked":["champ:SwordThrow","champ:HoldFirm"],"picked":"champ:MurderStrike","floor":16.0},{"not_picked":["champ:Haymaker","champ:FocusedDefense"],"picked":"champ:DefensiveShout+1","floor":20.0},{"not_picked":["champ:SkillfulDodge","champ:FanOfKnives"],"picked":"champ:PreciseThrust","floor":23.0},{"not_picked":["champ:BerserkersShout","champ:GladiatorStyle"],"picked":"champ:EndlessRage","floor":26.0},{"not_picked":["champ:Endure","champ:RecklessLeap"],"picked":"champ:ArenaPreparation","floor":28.0},{"not_picked":["champ:GutPunch","champ:FanOfKnives"],"picked":"champ:EnGarde","floor":31.0},{"not_picked":["champ:Backstep","champ:Circumvent+1"],"picked":"champ:SwordSigil","floor":32.0},{"not_picked":["champ:SwordThrow","champ:VampiricStrike"],"picked":"champ:StrikeOfGenius","floor":33.0},{"not_picked":["champ:RisingSlash","champ:CalledShot+1"],"picked":"champ:FlashCut+1","floor":36.0},{"not_picked":["champ:DefensiveShout+1","champ:EndlessRage"],"picked":"champ:CrownThrow+1","floor":37.0},{"not_picked":["champ:PreciseThrust+1","champ:TornadoPunch"],"picked":"champ:GutPunch+1","floor":38.0},{"not_picked":["champ:BringItOn+1","champ:CrownThrow"],"picked":"champ:LastStand","floor":39.0},{"not_picked":["champ:ShieldSigil","champ:DefensiveShout"],"picked":"champ:Shatter+1","floor":42.0},{"not_picked":["champ:AdrenalArmor","champ:PreciseThrust+1"],"picked":"champ:Backstep+1","floor":43.0},{"not_picked":["champ:DefensiveShout+1","champ:FalseCounter","champ:FlashCut+1"],"picked":"SKIP","floor":44.0},{"not_picked":["champ:Backstep","champ:EnGarde"],"picked":"champ:FanOfKnives+1","floor":47.0},{"not_picked":["champ:BringItOn","champ:PreciseThrust+1"],"picked":"champ:TripleStrike+1","floor":49.0},{"not_picked":["champ:FlashCut+1","champ:SetATrap+1"],"picked":"champ:EnragedBash+1","floor":52.0}],"player_experience":1008278,"relics_obtained":[{"floor":8.0,"key":"Letter Opener"},{"floor":10.0,"key":"MawBank"},{"floor":12.0,"key":"Bag of Marbles"},{"floor":24.0,"key":"Anchor"},{"floor":26.0,"key":"FossilizedHelix"},{"floor":28.0,"key":"Art of War"},{"floor":30.0,"key":"The Courier"},{"floor":41.0,"key":"Frozen Egg 2"},{"floor":42.0,"key":"Molten Egg 2"},{"floor":52.0,"key":"bronze:BronzeIdol"}],"event_choices":[{"damage_healed":0.0,"max_hp_gain":0.0,"max_hp_loss":0.0,"gold_gain":0.0,"event_name":"Drug Dealer","player_choice":"Inject Mutagens","floor":21.0,"gold_loss":0.0,"damage_taken":0.0,"relics_obtained":["MutagenicStrength"]}],"is_beta":false,"boss_relics":[{"not_picked":["Snecko Eye","SacredBark"],"picked":"expansioncontent:StudyCardRelic"},{"not_picked":["Philosopher\u0027s Stone","Runic Pyramid"],"picked":"SlaversCollar"}],"items_purged_floors":[39],"is_endless":false,"potions_floor_spawned":[2,5,10,15,20,26,31,33,36,42,43,44,46],"killed_by":"downfall:NeowBossFinal","ascension_level":6}}