{"host":"Bilverbakes","time":1613010833,"event":{"mods":["2.2 Compatiblity","AchievementEnabler","BaseMod","Bestiary","Colored Map","Minty Spire (QoL Compilation)","Relic Stats","StSLib","ojb\u0027s Info Mod"],"gold_per_floor":[116,86,105,117,131,131,148,182,182,208,208,224,64,74,74,148,148,166,185,235,235,63,63,79,79,79,91,423,423,439,439,439,439,439],"floor_reached":33,"language":"ENG","playtime":1156,"items_purged":[],"score":583,"play_id":"46ee63c6-0ee1-4849-b2b6-d96723028dd2","local_time":"20210210203353","is_ascension_mode":true,"campfire_choices":[{"data":"Skewer","floor":6,"key":"SMITH"},{"data":"All Out Attack","floor":11,"key":"SMITH"},{"data":"Dagger Spray","floor":15,"key":"SMITH"},{"data":"Envenom","floor":23,"key":"SMITH"},{"floor":32,"key":"REST"}],"circlet_count":0,"master_deck":["AscendersBane","Strike_G","Strike_G","Strike_G","Defend_G","Defend_G","Defend_G","Defend_G","Defend_G","Survivor","Neutralize","Endless Agony","All Out Attack+1","Blade Dance","Skewer+1","Blade Dance","Dagger Spray+1","Envenom+1","Deadly Poison+1","Decay","Eviscerate","Distraction","Finisher","Infinite Blades+1"],"relics":["Ring of the Snake","Regal Pillow","Singing Bowl","Centennial Puzzle","Bag of Marbles","Philosopher\u0027s Stone","Lee\u0027s Waffle","Snake Skull","Old Coin","Enchiridion"],"acts_visited":["Exordium","TheCity"],"potions_floor_usage":[3,5,12,18,28,30,33],"damage_taken":[{"damage":0,"enemies":"2 Louse","floor":1,"turns":4},{"damage":1,"enemies":"Cultist","floor":3,"turns":5},{"damage":1,"enemies":"Small Slimes","floor":4,"turns":3},{"damage":0,"enemies":"3 Louse","floor":5,"turns":3},{"damage":0,"enemies":"Exordium Wildlife","floor":7,"turns":3},{"damage":26,"enemies":"Gremlin Nob","floor":8,"turns":4},{"damage":52,"enemies":"Lagavulin","floor":10,"turns":8},{"damage":1,"enemies":"Looter","floor":12,"turns":3},{"damage":0,"enemies":"2 Fungi Beasts","floor":14,"turns":1},{"damage":24,"enemies":"Slime Boss","floor":16,"turns":8},{"damage":15,"enemies":"3 Byrds","floor":18,"turns":4},{"damage":38,"enemies":"Shell Parasite","floor":19,"turns":5},{"damage":11,"enemies":"Snecko","floor":24,"turns":3},{"damage":9,"enemies":"3 Cultists","floor":27,"turns":3},{"damage":2,"enemies":"Slavers","floor":28,"turns":2},{"damage":3,"enemies":"Snake Plant","floor":30,"turns":3},{"damage":84,"enemies":"Champ","floor":33,"turns":5}],"seed_played":"-2024020880886869825","potions_obtained":[{"floor":1,"key":"ColorlessPotion"},{"floor":2,"key":"BlessingOfTheForge"},{"floor":3,"key":"FairyPotion"},{"floor":10,"key":"Regen Potion"},{"floor":14,"key":"LiquidMemories"},{"floor":24,"key":"CunningPotion"},{"floor":27,"key":"DuplicationPotion"},{"floor":28,"key":"Weak Potion"},{"floor":30,"key":"Explosive Potion"}],"is_trial":false,"path_per_floor":["M","?","M","M","M","R","M","E","T","E","R","M","$","M","R","B",null,"M","M","?","?","$","R","M","?","T","M","E","?","M","?","R","B"],"character_chosen":"THE_SILENT","items_purchased":["Bag of Marbles","Lee\u0027s Waffle"],"campfire_rested":1,"item_purchase_floors":[13,22],"current_hp_per_floor":[65,65,64,63,63,63,63,37,37,23,23,31,31,33,33,9,59,44,8,8,8,85,85,76,76,76,67,65,44,43,43,84,0,0],"gold":439,"neow_bonus":"TEN_PERCENT_HP_BONUS","is_daily":false,"chose_seed":false,"campfire_upgraded":4,"win_rate":0.0,"timestamp":1613010833,"path_taken":["M","?","?","M","M","R","M","E","T","E","R","M","?","M","R","BOSS","M","M","?","?","?","R","M","?","T","M","E","?","M","?","R","BOSS"],"items_purchased_type":["Relic","Relic"],"build_version":"2020-12-18","purchased_purges":0,"victory":false,"max_hp_per_floor":[72,72,72,72,72,72,72,72,72,74,74,74,74,76,76,76,76,76,78,78,78,85,85,87,87,87,87,87,87,89,89,89,89,89],"relic_stats":{"Regal Pillow":15,"Centennial Puzzle":[28],"Lee\u0027s Waffle":77,"Singing Bowl":10,"counters":[17,67],"Snake Skull":[43],"obtain_stats":[{"Regal Pillow":8,"Centennial Puzzle":10,"Lee\u0027s Waffle":22,"Singing Bowl":9,"Enchiridion":29,"Philosopher\u0027s Stone":17,"Snake Skull":26,"Bag of Marbles":13,"Ring of the Snake":0,"Old Coin":28},{"Regal Pillow":6,"Centennial Puzzle":7,"Lee\u0027s Waffle":12,"Singing Bowl":6,"Enchiridion":15,"Philosopher\u0027s Stone":10,"Snake Skull":13,"Bag of Marbles":8,"Ring of the Snake":0,"Old Coin":15},{"Regal Pillow":22,"Centennial Puzzle":30,"Lee\u0027s Waffle":51,"Singing Bowl":22,"Enchiridion":59,"Philosopher\u0027s Stone":42,"Snake Skull":54,"Bag of Marbles":33,"Ring of the Snake":0,"Old Coin":59}],"Ring of the Snake":[37]},"card_choices":[{"not_picked":["PiercingWail","Sucker Punch"],"picked":"Endless Agony","floor":1},{"not_picked":["Deflect","Underhanded Strike"],"picked":"All Out Attack","floor":3},{"not_picked":["Quick Slash","Blur"],"picked":"Blade Dance","floor":4},{"not_picked":["Deflect","Choke"],"picked":"Skewer","floor":5},{"not_picked":["PiercingWail","Dagger Throw","Bullet Time"],"picked":"SKIP","floor":7},{"not_picked":["Deadly Poison","Slice"],"picked":"Blade Dance","floor":8},{"not_picked":["Bouncing Flask","Deflect","Expertise"],"picked":"Singing Bowl","floor":10},{"not_picked":["Bouncing Flask","PiercingWail"],"picked":"Dagger Spray","floor":12},{"not_picked":["Underhanded Strike","Expertise","Backflip"],"picked":"Singing Bowl","floor":14},{"not_picked":["Bullet Time","Glass Knife"],"picked":"Envenom","floor":16},{"not_picked":["Catalyst","Sucker Punch"],"picked":"Deadly Poison+1","floor":18},{"not_picked":["Dodge and Roll","Calculated Gamble","Outmaneuver"],"picked":"Singing Bowl","floor":19},{"not_picked":["Blade Dance","Cloak And Dagger","Acrobatics"],"picked":"Singing Bowl","floor":24},{"not_picked":["Dash","Eviscerate"],"picked":"Finisher","floor":27},{"not_picked":["Corpse Explosion","Acrobatics"],"picked":"Infinite Blades+1","floor":28},{"not_picked":["Quick Slash","Underhanded Strike","Sucker Punch"],"picked":"Singing Bowl","floor":30}],"player_experience":931518,"relics_obtained":[{"floor":8,"key":"Regal Pillow"},{"floor":9,"key":"Singing Bowl"},{"floor":10,"key":"Centennial Puzzle"},{"floor":26,"key":"Snake Skull"},{"floor":28,"key":"Old Coin"},{"floor":29,"key":"Enchiridion"}],"event_choices":[{"damage_healed":0,"gold_gain":0,"player_choice":"Bought 2 Potions","damage_taken":0,"max_hp_gain":0,"max_hp_loss":0,"event_name":"The Woman in Blue","floor":2,"gold_loss":0},{"damage_healed":0,"gold_gain":50,"player_choice":"Stole From Cult","damage_taken":0,"max_hp_gain":0,"max_hp_loss":0,"event_name":"Nest","floor":20,"gold_loss":0},{"damage_healed":0,"gold_gain":0,"player_choice":"Smashed Altar","damage_taken":0,"max_hp_gain":0,"max_hp_loss":0,"event_name":"Forgotten Altar","floor":21,"gold_loss":0,"cards_obtained":["Decay"]},{"damage_healed":0,"gold_gain":0,"cards_transformed":["Strike_G","Strike_G"],"player_choice":"Became Test Subject","damage_taken":0,"max_hp_gain":0,"max_hp_loss":0,"event_name":"Drug Dealer","floor":25,"gold_loss":0,"cards_obtained":["Eviscerate","Distraction"]},{"damage_healed":0,"gold_gain":0,"player_choice":"Obtained Book","damage_taken":21,"max_hp_gain":0,"max_hp_loss":0,"event_name":"Cursed Tome","floor":29,"gold_loss":0},{"damage_healed":0,"gold_gain":0,"player_choice":"0 cards matched","damage_taken":0,"max_hp_gain":0,"max_hp_loss":0,"event_name":"Match and Keep!","floor":31,"gold_loss":0,"cards_obtained":[]}],"is_beta":true,"boss_relics":[{"not_picked":["Runic Dome","Black Star"],"picked":"Philosopher\u0027s Stone"}],"items_purged_floors":[],"is_endless":false,"potions_floor_spawned":[1,3,10,14,24,27,28,30],"killed_by":"Champ","ascension_level":20}}