{"host":"1dyxbb4twitcdhlj","time":1613022559,"event":{"mods":["AchievementEnabler","BaseMod","Bestiary","Colored Powertips","Highlight Path","Minty Spire (QoL Compilation)","Permanent Neow","StSLib"],"gold_per_floor":[110,35,53,53,18,53,53,78,78,78,109,109,127,156,156,261,261,280,280,291,8,8,39,39,71,71,71,71,105,117,17,17,118,118,128,146,106,121,37,37,72,72,123,149,12,45,45,71,83,95],"floor_reached":51,"language":"ENG","playtime":3690,"items_purged":["Strike_P","Defend_P"],"score":1273,"play_id":"36dde01c-b83a-49a6-924f-48255c8781ea","local_time":"20210211004919","is_ascension_mode":true,"campfire_choices":[{"data":"Judgement","floor":7.0,"key":"SMITH"},{"data":"Eruption","floor":10.0,"key":"SMITH"},{"data":"Pray","floor":15.0,"key":"SMITH"},{"data":"Ragnarok","floor":24.0,"key":"SMITH"},{"data":"Ragnarok","floor":27.0,"key":"SMITH"},{"data":"WheelKick","floor":32.0,"key":"SMITH"},{"data":"PanicButton","floor":40.0,"key":"SMITH"},{"data":"Evaluate","floor":42.0,"key":"SMITH"},{"data":"Wallop","floor":47.0,"key":"SMITH"},{"data":"Vigilance","floor":49.0,"key":"SMITH"}],"circlet_count":0,"master_deck":["Strike_P+1","Strike_P+1","Strike_P","Defend_P","Defend_P","Defend_P","Eruption+1","Vigilance+1","Judgement+1","WheelKick+1","Pray+1","Evaluate+1","Crescendo","Crescendo","Ragnarok+1","EmptyBody","ClearTheMind+1","Ragnarok+1","EmptyBody","TalkToTheHand+1","PanicButton+1","Evaluate","Wallop+1","Pray"],"relics":["PureWater","StrikeDummy","Bronze Scales","Bag of Marbles","Omamori","Pantograph","Lantern","Odd Mushroom","Busted Crown","Bottled Lightning","Necronomicon","Yang","Gambling Chip","Eternal Feather","HornCleat","Strawberry","Calling Bell","Calipers","Question Card","Akabeko","Whetstone","Dream Catcher","Mummified Hand","Pear","MawBank"],"acts_visited":["Exordium","TheCity","TheBeyond"],"potions_floor_usage":[50,50],"damage_taken":[{"damage":0.0,"enemies":"2 Louse","floor":1.0,"turns":1.0},{"damage":0.0,"enemies":"Jaw Worm","floor":3.0,"turns":2.0},{"damage":20.0,"enemies":"3 Sentries","floor":6.0,"turns":5.0},{"damage":13.0,"enemies":"Gremlin Nob","floor":8.0,"turns":3.0},{"damage":10.0,"enemies":"Lagavulin","floor":11.0,"turns":6.0},{"damage":0.0,"enemies":"Small Slimes","floor":13.0,"turns":2.0},{"damage":0.0,"enemies":"The Mushroom Lair","floor":14.0,"turns":2.0},{"damage":0.0,"enemies":"Slime Boss","floor":16.0,"turns":4.0},{"damage":5.0,"enemies":"2 Thieves","floor":18.0,"turns":2.0},{"damage":0.0,"enemies":"Shell Parasite","floor":20.0,"turns":1.0},{"damage":11.0,"enemies":"Gremlin Leader","floor":23.0,"turns":4.0},{"damage":4.0,"enemies":"Book of Stabbing","floor":25.0,"turns":2.0},{"damage":0.0,"enemies":"Slavers","floor":29.0,"turns":1.0},{"damage":0.0,"enemies":"Snecko","floor":30.0,"turns":1.0},{"damage":42.0,"enemies":"Collector","floor":33.0,"turns":4.0},{"damage":0.0,"enemies":"Orb Walker","floor":35.0,"turns":1.0},{"damage":0.0,"enemies":"3 Darklings","floor":36.0,"turns":1.0},{"damage":6.0,"enemies":"Maw","floor":38.0,"turns":4.0},{"damage":3.0,"enemies":"Giant Head","floor":41.0,"turns":3.0},{"damage":0.0,"enemies":"Nemesis","floor":44.0,"turns":1.0},{"damage":0.0,"enemies":"Reptomancer","floor":46.0,"turns":2.0},{"damage":25.0,"enemies":"Giant Head","floor":48.0,"turns":4.0},{"damage":0,"enemies":"Time Eater","floor":50,"turns":1}],"seed_played":"-548129427717750022","potions_obtained":[{"floor":1.0,"key":"Weak Potion"},{"floor":6.0,"key":"SpeedPotion"},{"floor":8.0,"key":"FearPotion"},{"floor":14.0,"key":"StancePotion"},{"floor":20.0,"key":"PowerPotion"},{"floor":23.0,"key":"FearPotion"},{"floor":37.0,"key":"AttackPotion"},{"floor":37.0,"key":"LiquidMemories"},{"floor":37.0,"key":"StancePotion"},{"floor":38.0,"key":"EssenceOfSteel"}],"is_trial":false,"path_per_floor":["M","$","M","?","?","E","R","E","T","R","E","T","M","?","R","B",null,"M","?","M","$","?","E","R","E","T","R","?","E","M","$","R","B",null,"M","M","?","M","$","R","E","R","T","E","$","E","R","E","R","B",null],"character_chosen":"WATCHER","items_purchased":["EmptyBody","Bottled Lightning","PanicButton","Wallop","Pray"],"campfire_rested":0,"item_purchase_floors":[21,21,39,45,45],"current_hp_per_floor":[51,51,51,48,66,46,46,33,33,33,23,23,23,23,23,48,66,61,54,54,54,38,27,27,23,23,32,32,39,39,39,48,31,67,67,67,67,61,61,73,70,79,79,79,79,89,89,64,76,89],"gold":107,"neow_bonus":"THREE_RARE_CARDS","is_daily":false,"chose_seed":false,"campfire_upgraded":10,"win_rate":0.0,"timestamp":1613022559,"path_taken":["M","$","M","?","?","E","R","E","T","R","E","?","M","?","R","BOSS","M","?","M","?","?","E","R","E","T","R","?","E","M","$","R","BOSS","M","?","?","M","$","R","E","R","T","E","$","E","R","E","R","BOSS"],"items_purchased_type":["Card","Relic","Card","Card","Card"],"build_version":"2020-12-22","purchased_purges":2,"victory":true,"max_hp_per_floor":[72,72,72,72,72,72,72,72,72,72,72,72,72,72,72,72,72,72,72,72,72,72,72,72,72,72,72,72,79,79,79,79,79,79,79,79,79,79,79,79,79,79,79,79,79,89,89,89,89,89],"card_choices":[{"not_picked":["DevaForm","ConjureBlade"],"picked":"Judgement","floor":0.0},{"not_picked":["Prostrate","DeceiveReality"],"picked":"WheelKick","floor":1.0},{"not_picked":["Indignation","Nirvana","PathToVictory"],"picked":"SKIP","floor":3.0},{"not_picked":["Wish","JustLucky","Protect"],"picked":"SKIP","floor":6.0},{"not_picked":["Alpha","WreathOfFlame"],"picked":"Pray","floor":8.0},{"not_picked":["Consecrate","MentalFortress"],"picked":"Evaluate","floor":11.0},{"not_picked":["Fasting2","CutThroughFate"],"picked":"Crescendo","floor":13.0},{"not_picked":["CrushJoints","Wireheading"],"picked":"Crescendo","floor":14.0},{"not_picked":["SpiritShield","Judgement"],"picked":"Ragnarok","floor":16.0},{"not_picked":["BowlingBash+1"],"picked":"SKIP","floor":18.0},{"not_picked":["Indignation"],"picked":"SKIP","floor":20.0},{"not_picked":[],"picked":"ClearTheMind+1","floor":23.0},{"not_picked":[],"picked":"Ragnarok","floor":25.0},{"not_picked":[],"picked":"EmptyBody","floor":29.0},{"not_picked":["JustLucky"],"picked":"SKIP","floor":30.0},{"not_picked":["JustLucky+1"],"picked":"TalkToTheHand+1","floor":35.0},{"not_picked":["SashWhip","ThirdEye"],"picked":"SKIP","floor":36.0},{"not_picked":["BowlingBash+1","SashWhip+1"],"picked":"SKIP","floor":38.0},{"not_picked":["CutThroughFate+1"],"picked":"Evaluate","floor":41.0},{"not_picked":["PathToVictory","EmptyFist"],"picked":"SKIP","floor":44.0},{"not_picked":["Protect+1","Consecrate+1"],"picked":"SKIP","floor":46.0},{"not_picked":["Protect+1","Evaluate"],"picked":"SKIP","floor":48.0}],"player_experience":599731,"relics_obtained":[{"floor":6.0,"key":"Bronze Scales"},{"floor":8.0,"key":"Bag of Marbles"},{"floor":9.0,"key":"Omamori"},{"floor":11.0,"key":"Pantograph"},{"floor":12.0,"key":"Lantern"},{"floor":14.0,"key":"Odd Mushroom"},{"floor":22.0,"key":"Necronomicon"},{"floor":23.0,"key":"Yang"},{"floor":25.0,"key":"Gambling Chip"},{"floor":26.0,"key":"Eternal Feather"},{"floor":29.0,"key":"Strawberry"},{"floor":34.0,"key":"Calipers"},{"floor":34.0,"key":"Question Card"},{"floor":34.0,"key":"Akabeko"},{"floor":41.0,"key":"Whetstone"},{"floor":43.0,"key":"Dream Catcher"},{"floor":44.0,"key":"Mummified Hand"},{"floor":46.0,"key":"Pear"},{"floor":48.0,"key":"MawBank"}],"event_choices":[{"damage_healed":0.0,"max_hp_gain":0.0,"max_hp_loss":0.0,"gold_gain":0.0,"event_name":"Scrap Ooze","player_choice":"Success","floor":4.0,"gold_loss":0.0,"damage_taken":3.0,"relics_obtained":["StrikeDummy"]},{"damage_healed":18.0,"max_hp_gain":0.0,"max_hp_loss":0.0,"gold_gain":0.0,"event_name":"The Cleric","player_choice":"Healed","floor":5.0,"gold_loss":35.0,"damage_taken":0.0},{"damage_healed":0.0,"max_hp_gain":0.0,"max_hp_loss":0.0,"gold_gain":0.0,"event_name":"Mushrooms","player_choice":"Fought Mushrooms","floor":14.0,"gold_loss":0.0,"damage_taken":0.0},{"damage_healed":0.0,"max_hp_gain":0.0,"max_hp_loss":0.0,"gold_gain":0.0,"event_name":"Wheel of Change","player_choice":"Damaged","floor":19.0,"gold_loss":0.0,"damage_taken":7.0},{"damage_healed":0.0,"max_hp_gain":0.0,"max_hp_loss":0.0,"gold_gain":0.0,"event_name":"Cursed Tome","player_choice":"Obtained Book","floor":22.0,"gold_loss":0.0,"damage_taken":16.0},{"damage_healed":0.0,"max_hp_gain":0.0,"max_hp_loss":0.0,"gold_gain":0.0,"event_name":"WeMeetAgain","player_choice":"Gave Potion","floor":28.0,"gold_loss":0.0,"damage_taken":0.0,"relics_obtained":["HornCleat"]},{"damage_healed":0.0,"max_hp_gain":0.0,"max_hp_loss":0.0,"gold_gain":0.0,"event_name":"The Woman in Blue","player_choice":"Bought 3 Potions","floor":37.0,"gold_loss":0.0,"damage_taken":0.0}],"is_beta":false,"boss_relics":[{"not_picked":["SacredBark","Runic Dome"],"picked":"Busted Crown"},{"not_picked":["Empty Cage","Coffee Dripper"],"picked":"Calling Bell"}],"items_purged_floors":[2,31],"is_endless":false,"potions_floor_spawned":[1,6,8,14,20,23,38,44,46],"ascension_level":5}}