{"host":"d61fcf2p3sjwe6yo","time":1613034777,"event":{"mods":["Act Like it!","BaseMod","Colored Map","Hallownest","Minty Spire (QoL Compilation)","StSLib","SuperFastMode","The Bug Knight"],"gold_per_floor":[215,215,232,242,35,60,60,95,122,56,67,103,124,153,153,153,153],"floor_reached":16,"language":"ENG","playtime":1299,"items_purged":["HollowMod:NailStrikeStart"],"score":220,"play_id":"a723e0d8-3e95-4b9f-9c5b-24dd7036fe97","local_time":"20210211121257","is_ascension_mode":true,"campfire_choices":[{"data":"HollowMod:RecoilStrike","floor":15,"key":"SMITH"}],"circlet_count":0,"master_deck":["AscendersBane","HollowMod:NailStrikeStart","HollowMod:NailStrikeStart","HollowMod:NailStrikeStart","HollowMod:QuickDashStart","HollowMod:QuickDashStart","HollowMod:QuickDashStart","HollowMod:QuickDashStart","HollowMod:FocusHealStart","HollowMod:PogoStrike","HollowMod:ChannelNail","HollowMod:FastStrike","HollowMod:WhiteLadysBlessing","HollowMod:SoulSplash","Hallownest:skillGreenpathMap","HollowMod:RecoilStrike+1","HollowMod:CornifersMapStart"],"relics":["HollowMod:VesselMask","Hallownest:DreamNailRelic","Membership Card","Vajra","Hallownest:SalubrasBlessingRelic","Potion Belt","CeramicFish","Art of War"],"acts_visited":["Hallownest:Greenpath"],"potions_floor_usage":[6,16],"damage_taken":[{"damage":0,"enemies":"Hallownest:monsterHuskWarrior","floor":1,"turns":4},{"damage":2,"enemies":"2_ Uuma","floor":3,"turns":6},{"damage":0,"enemies":"Hallownest:monsterHuskGuard","floor":4,"turns":3},{"damage":2,"enemies":"Hallownest:eliteCrystalGuardian","floor":6,"turns":5},{"damage":24,"enemies":"Hallownest:eliteVengeflyKing","floor":8,"turns":11},{"damage":14,"enemies":"Hallownest:1_Baldur_1_Crawlid_1_Warrior","floor":11,"turns":6},{"damage":13,"enemies":"Hallownest:eliteCrystalGuardian","floor":12,"turns":5},{"damage":10,"enemies":"Hallownest:MossCreep_and_Mosskin","floor":13,"turns":4},{"damage":13,"enemies":"Hallownest:eliteVengeflyKing","floor":14,"turns":6},{"damage":44,"enemies":"Hallownest:BossHornet","floor":16,"turns":8}],"seed_played":"-8130383471181641312","potions_obtained":[{"floor":3,"key":"BlessingOfTheForge"},{"floor":4,"key":"LiquidMemories"},{"floor":11,"key":"Fire Potion"},{"floor":12,"key":"Fire Potion"}],"is_trial":false,"path_per_floor":["M","?","M","M","$","E","?","E","T","?","M","E","M","E","R","B"],"character_chosen":"THE_BUGKNIGHT","items_purchased":["Membership Card"],"campfire_rested":0,"item_purchase_floors":[5],"current_hp_per_floor":[74,74,75,75,75,75,75,57,57,57,55,48,48,41,41,0,0],"gold":153,"neow_bonus":"HUNDRED_GOLD","is_daily":false,"chose_seed":false,"campfire_upgraded":1,"win_rate":0.0,"timestamp":1613034777,"path_taken":["M","?","M","?","?","E","?","E","T","?","?","E","M","E","R","BOSS"],"items_purchased_type":["Relic"],"build_version":"2020-12-22","purchased_purges":1,"victory":false,"max_hp_per_floor":[75,75,75,75,75,75,75,75,75,75,75,75,75,75,75,75,75],"card_choices":[{"not_picked":["HollowMod:NewLittleFool","HollowMod:InfectedCysts"],"picked":"HollowMod:ChannelNail","floor":1},{"not_picked":["HollowMod:InfectionAssault","HollowMod:ShadowDash"],"picked":"HollowMod:FastStrike","floor":3},{"not_picked":["HollowMod:NewLittleFool","HollowMod:InfectedAttack","HollowMod:CornifersMapStart"],"picked":"SKIP","floor":4},{"not_picked":["HollowMod:HeavyBlow","HollowMod:ShapeofUnn"],"picked":"HollowMod:WhiteLadysBlessing","floor":6},{"not_picked":["HollowMod:HowlingWraiths","HollowMod:CornifersMapStart"],"picked":"HollowMod:SoulSplash","floor":8},{"not_picked":["HollowMod:CrystalDash","HollowMod:SoulStrike","HollowMod:SoulShaman"],"picked":"SKIP","floor":11},{"not_picked":["HollowMod:SoulSplash","HollowMod:DoubleDash"],"picked":"HollowMod:RecoilStrike","floor":12},{"not_picked":["HollowMod:SharpenedNail","HollowMod:SoulStrike"],"picked":"HollowMod:CornifersMapStart","floor":13},{"not_picked":["HollowMod:TaintedHusks","HollowMod:MidwifesHunger","HollowMod:NewLittleFool"],"picked":"SKIP","floor":14}],"player_experience":260916,"relics_obtained":[{"floor":6,"key":"Vajra"},{"floor":8,"key":"Potion Belt"},{"floor":9,"key":"CeramicFish"},{"floor":14,"key":"Art of War"}],"event_choices":[],"is_beta":false,"boss_relics":[],"items_purged_floors":[5],"is_endless":false,"potions_floor_spawned":[3,4,11,12],"killed_by":"Hallownest:BossHornet","ascension_level":20}}