{"host":"gttgmv2wah99hzdm","time":1613005777,"event":{"mods":["AchievementEnabler","BaseMod","Bestiary","Block Reminder","Minty Spire (QoL Compilation)","Permanent Neow","Relic Stats","Weighted Paths","ojb\u0027s Info Mod"],"gold_per_floor":[110,123,138,213,223,223,223,223],"floor_reached":7,"language":"ENG","playtime":419,"items_purged":[],"score":86,"play_id":"d1d25508-d9f0-4084-b44c-1800862e87e2","local_time":"20210210190937","is_ascension_mode":true,"campfire_choices":[{"floor":6,"key":"REST"}],"circlet_count":0,"master_deck":["AscendersBane","Strike_P","Strike_P","Strike_P","Strike_P","Defend_P","Defend_P","Defend_P","Defend_P","Eruption","Vigilance","MentalFortress","BowlingBash","Crescendo","Halt"],"relics":["Philosopher\u0027s Stone"],"acts_visited":["Exordium"],"potions_floor_usage":[5],"damage_taken":[{"damage":0,"enemies":"2 Louse","floor":1,"turns":3},{"damage":16,"enemies":"Small Slimes","floor":2,"turns":4},{"damage":5,"enemies":"Jaw Worm","floor":3,"turns":4},{"damage":21,"enemies":"Exordium Thugs","floor":5,"turns":4},{"damage":58,"enemies":"Lagavulin","floor":7,"turns":5}],"seed_played":"-7853106845308801954","potions_obtained":[{"floor":3,"key":"StancePotion"}],"is_trial":false,"path_per_floor":["M","M","M","?","M","R","E"],"character_chosen":"WATCHER","items_purchased":[],"campfire_rested":1,"item_purchase_floors":[],"current_hp_per_floor":[61,45,40,29,8,28,0,0],"gold":223,"neow_bonus":"BOSS_RELIC","is_daily":false,"chose_seed":false,"campfire_upgraded":0,"win_rate":0.0,"timestamp":1613005777,"path_taken":["M","M","M","?","M","R","E"],"items_purchased_type":[],"build_version":"2020-12-22","purchased_purges":0,"victory":false,"max_hp_per_floor":[68,68,68,68,68,68,68,68],"relic_stats":{"counters":[5,20],"obtain_stats":[{"Philosopher\u0027s Stone":0,"PureWater":0},{"Philosopher\u0027s Stone":0,"PureWater":0},{"Philosopher\u0027s Stone":0,"PureWater":0}]},"card_choices":[{"not_picked":["Prostrate","Study"],"picked":"MentalFortress","floor":1},{"not_picked":["SandsOfTime","Collect"],"picked":"BowlingBash","floor":2},{"not_picked":["Wireheading","PathToVictory"],"picked":"Crescendo","floor":3},{"not_picked":["Sanctity","PathToVictory"],"picked":"Halt","floor":5}],"player_experience":1113083,"relics_obtained":[],"event_choices":[{"damage_healed":0,"gold_gain":75,"player_choice":"Gather Gold","damage_taken":11,"max_hp_gain":0,"max_hp_loss":0,"event_name":"World of Goop","floor":4,"gold_loss":0}],"is_beta":false,"boss_relics":[],"items_purged_floors":[],"is_endless":false,"potions_floor_spawned":[3],"killed_by":"Lagavulin","ascension_level":20}}