{"host":"27c7lqff1bu0ydoz","time":1613062761,"event":{"mods":["AchievementEnabler","Act Like it!","Aspiration","BaseMod","Bestiary","Better Third Choice","Block Reminder","CapriCore","Colored Powertips","Conspire","Energized Spire","Friendly Minions","Gensokyo","GifTheSpireLib","Hermit","Highlight Path","Hubris","Infinite Spire","Koishi","Marisa????????","Minty Spire (QoL Compilation)","Rare Cards Sparkle","Reimu??????","Reliquary","Remilia??????","Replay The Spire","StSLib","The Immortal","Wandering Minibosses","Yakumo Yukari mod","Youmu??????","Yuyuko","yUi"],"gold_per_floor":[139,150,150,169,87,87,115,115,141,141,141,160,177,203,203,283,233,253,263,18,36,35,35,46,46,73,89,124,124,139,132,132,233,233,247,260,107,107,119,119,119,154,206,206,224,224,224,237,237,237],"floor_reached":51,"language":"ENG","playtime":4693,"items_purged":[],"score":736,"play_id":"241ca926-5db2-42df-a209-3aeb50d0c5ef","local_time":"20210211175921","is_ascension_mode":false,"campfire_choices":[{"data":"ExistenceContinue_purple","floor":6,"key":"SMITH"},{"floor":8,"key":"REST"},{"data":"Observe_purple_2","floor":11,"key":"SMITH"},{"floor":15,"key":"REST"},{"floor":23,"key":"REST"},{"floor":29,"key":"REST"},{"floor":32,"key":"REST"},{"data":"MonsterNeedle_purple","floor":41,"key":"SMITH"},{"floor":44,"key":"REST"},{"data":"RuleDissolution_purple","floor":46,"key":"SMITH"},{"floor":49,"key":"REST"}],"circlet_count":0,"master_deck":["AT_purpleEX","AT_purpleEX","AT_purpleEX","AT_purpleEX","Defend_purpleEX","Defend_purpleEX","Defend_purpleEX","Defend_purpleEX","Observe_purple_1","Observe_purple_2+1","PositiveMatter_Antimatter_Universe_purple+1","ExistenceContinue_purple+1","Erosivefilter_purple","AdvanceAttack_purple","MNeedle_purple","WingOfChimera_purple","DimensionStaggered_purple","ProofOfUnderstanding_purple+1","AT_purpleEX","OmniscientAndOmnipotent_Monster_purple","MonsterNeedle_purple+1","Yakumo_Ran_purple+1","RuptureOfTimeAndSpace_purple+1","Erosivefilter_purple","Shallow_ocean_purpleEX+1","Reinforced Body","Mirror_FourBoundary_purple","DimensionStaggered_purple+1","Mirror_FormAndEmptin_purple","DimensionStaggered_purple","Monsters_DoubleDeathButterfly_purple","EighthInstrument_OneDividesIntoTwo_purple+1","Mirror_FormAndEmptin_purple+1","AdvanceAttack_purple+1","RuleDissolution_purple+1"],"relics":["Boundary_crack","Memoryfragments_purpleEX","AntiCross","ThegodofHakurei_purpleEX","reliquary:BallBearing","energizedSpire:HugeHouse","reliquary:Bookmark","reliquary:PorcupineQuills","Strawberry","Oddly Smooth Stone","Mastiff:ReiMu","conspire:SlowCooker","conspire:TreasureMap","infinitespire:Bottled Soul","infinitespire:CheckeredPen"],"acts_visited":["Exordium","Gensokyo:Gensokyo","Gensokyo:Gensokyoer"],"potions_floor_usage":[22,33,42,42],"damage_taken":[{"damage":5,"enemies":"Gensokyo:Gryphon","floor":1,"turns":4},{"damage":5,"enemies":"Gensokyo:3_Fairies","floor":2,"turns":5},{"damage":3,"enemies":"Gensokyo:Python","floor":4,"turns":4},{"damage":36,"enemies":"Gensokyo:Aya","floor":7,"turns":6},{"damage":11,"enemies":"Gensokyo:3_Kodama","floor":12,"turns":4},{"damage":7,"enemies":"Gensokyo:VengefulSpirit","floor":13,"turns":4},{"damage":25,"enemies":"Gensokyo:Mamizou","floor":14,"turns":6},{"damage":9,"enemies":"Gensokyo:Kokoro","floor":16,"turns":8},{"damage":10,"enemies":"Gensokyo:Chomper","floor":18,"turns":4},{"damage":8,"enemies":"Gensokyo:AngelMirror","floor":19,"turns":2},{"damage":48,"enemies":"Gensokyo:3_Gloops","floor":21,"turns":5},{"damage":0,"enemies":"Gensokyo:Swordslinger","floor":22,"turns":4},{"damage":14,"enemies":"Gensokyo:Slime_Group","floor":24,"turns":5},{"damage":0,"enemies":"Gensokyo:Wraith","floor":27,"turns":4},{"damage":9,"enemies":"Gensokyo:Reisen","floor":28,"turns":5},{"damage":0,"enemies":"Gensokyo:Monolith_and_Dog","floor":30,"turns":4},{"damage":10,"enemies":"Gensokyo:Slime_Group","floor":31,"turns":4},{"damage":13,"enemies":"Gensokyo:Eternal_Rivals","floor":33,"turns":7},{"damage":0,"enemies":"Gensokyo:3_Bats","floor":35,"turns":3},{"damage":0,"enemies":"Gensokyo:AncientGuardian","floor":36,"turns":4},{"damage":18,"enemies":"Gensokyo:Dusk_and_Dawn","floor":39,"turns":4},{"damage":35,"enemies":"Gensokyo:Kasen","floor":42,"turns":7},{"damage":19,"enemies":"Gensokyo:Rafflesia","floor":45,"turns":5},{"damage":0,"enemies":"Gensokyo:3_Boulders","floor":48,"turns":4},{"damage":1,"enemies":"Gensokyo:Scarlet_Devils","floor":50,"turns":7}],"seed_played":"2511859239063627106","potions_obtained":[{"floor":1,"key":"AttackPotion"},{"floor":2,"key":"ColorlessPotion"},{"floor":13,"key":"Flashbang"},{"floor":16,"key":"Explosive Potion"},{"floor":22,"key":"ColorlessPotion"},{"floor":24,"key":"LiquidMemories"},{"floor":28,"key":"DuplicationPotion"},{"floor":30,"key":"Energy Potion"},{"floor":36,"key":"Block Potion"},{"floor":45,"key":"Elixir"}],"is_trial":false,"path_per_floor":["M","M","?","M","$","R","E","R","T","T","R","M","M","E","R","B",null,"M","M","COS","M","M","R","M","?","T","M","E","R","M","M","R","B",null,"M","M","COS","?","M","?","R","E","T","R","M","R","?","M","R","B",null],"character_chosen":"Youkari","items_purchased":["CommonSense_AntiCommonSense_purple"],"campfire_rested":7,"item_purchase_floors":[5],"current_hp_per_floor":[74,71,71,70,70,70,37,60,60,60,60,51,49,26,49,44,72,67,60,60,13,13,34,20,20,27,30,22,45,45,36,59,48,79,79,79,79,79,65,73,73,40,40,63,49,49,49,58,79,79],"gold":237,"neow_bonus":"TEN_PERCENT_HP_BONUS","is_daily":false,"chose_seed":false,"campfire_upgraded":4,"win_rate":0.0,"timestamp":1613062761,"path_taken":["M","M","?","M","$","R","E","R","T","?","R","M","M","E","R","BOSS","M","M","COS","M","M","R","M","?","T","M","E","R","M","M","R","BOSS","M","M","COS","?","M","?","R","E","T","R","?","R","?","M","R","BOSS"],"items_purchased_type":["Card"],"build_version":"2020-12-22","purchased_purges":0,"victory":true,"max_hp_per_floor":[77,77,77,77,77,77,77,77,77,77,77,77,77,77,77,77,72,72,72,72,72,72,72,72,72,79,79,79,79,79,79,79,79,79,79,79,79,79,79,79,79,79,79,79,79,79,79,79,79,79],"card_choices":[{"not_picked":["StateErode_purple","Boundary_DynamicStaticEquilibrium_purple"],"picked":"PositiveMatter_Antimatter_Universe_purple","floor":1},{"not_picked":["Umbrella_purple","DimensionStaggered_purple"],"picked":"ExistenceContinue_purple","floor":2},{"not_picked":["Yakumo_Ran_purple","ButterflyHabitatTemple_purple"],"picked":"Erosivefilter_purple","floor":4},{"not_picked":["EighthInstrument_OneDividesIntoTwo_purple","Mirror_FourBoundary_purple"],"picked":"AdvanceAttack_purple","floor":7},{"not_picked":["BarrageBoundary_PipeDream_purple","ExistenceContinue_purple"],"picked":"MNeedle_purple","floor":12},{"not_picked":["AdvanceAttack_purple","RuleDissolution_purple"],"picked":"WingOfChimera_purple","floor":13},{"not_picked":["Mirror_FourBoundary_purple","StateErode_purple"],"picked":"DimensionStaggered_purple","floor":14},{"not_picked":["Fancifulhole_purple","Human_Monster_Realm_purple"],"picked":"ProofOfUnderstanding_purple","floor":16},{"not_picked":["Realm_recovery_purpleEX","Boundary_DreamRealityDamnation_purple"],"picked":"MonsterNeedle_purple","floor":18},{"not_picked":["SharpContractionReality_purple","Mirror_WaveAndshot_purple"],"picked":"Yakumo_Ran_purple+1","floor":19},{"not_picked":["RealityDreamConfluencek_purple","StateErode_purple"],"picked":"RuptureOfTimeAndSpace_purple+1","floor":21},{"not_picked":["SharpContractionReality_purple","ExistenceContinue_purple"],"picked":"Erosivefilter_purple","floor":22},{"not_picked":["Charmbait_purple","MagicEyes_LaplaceDemon_purple"],"picked":"Shallow_ocean_purpleEX+1","floor":24},{"not_picked":["StateErode_purple","StretchesForeverDream_purple"],"picked":"Mirror_FourBoundary_purple","floor":27},{"not_picked":["Realm_recovery_purpleEX","OpenedBox_purple"],"picked":"DimensionStaggered_purple+1","floor":28},{"not_picked":["SfantasyHide_purple","PurpleNeedle_purple"],"picked":"Mirror_FormAndEmptin_purple","floor":30},{"not_picked":["StateErode_purple+1","MeetDecomposer_purple+1"],"picked":"DimensionStaggered_purple","floor":31},{"not_picked":["LoveAcrossDimensions_purple","ContainerChange_purple"],"picked":"Monsters_DoubleDeathButterfly_purple","floor":33},{"not_picked":["OmniscientAndOmnipotent_Monster_purple","ButterflyHabitatTemple_purple+1"],"picked":"EighthInstrument_OneDividesIntoTwo_purple+1","floor":35},{"not_picked":["SharpContractionReality_purple+1","MeetDecomposer_purple+1"],"picked":"Mirror_FormAndEmptin_purple+1","floor":36},{"not_picked":["ButterflyHabitatTemple_purple+1","MNeedle_purple","Boundary_DynamicStaticEquilibrium_purple"],"picked":"SKIP","floor":39},{"not_picked":["SharpContractionReality_purple","StateErode_purple+1"],"picked":"AdvanceAttack_purple+1","floor":42},{"not_picked":["EighthInstrument_OneDividesIntoTwo_purple+1","WeekHit_purple"],"picked":"RuleDissolution_purple","floor":45},{"not_picked":["StretchesForeverDream_purple","ExistenceContinue_purple","MeetDecomposer_purple"],"picked":"SKIP","floor":48}],"player_experience":287688,"relics_obtained":[{"floor":7,"key":"AntiCross"},{"floor":10,"key":"ThegodofHakurei_purpleEX"},{"floor":14,"key":"reliquary:BallBearing"},{"floor":26,"key":"Strawberry"},{"floor":28,"key":"Mastiff:ReiMu"},{"floor":42,"key":"infinitespire:Bottled Soul"},{"floor":43,"key":"infinitespire:CheckeredPen"}],"event_choices":[{"damage_healed":0,"gold_gain":0,"player_choice":"Leave","damage_taken":0,"max_hp_gain":0,"max_hp_loss":0,"event_name":"conspire:Investor","floor":47,"gold_loss":0}],"is_beta":false,"boss_relics":[{"not_picked":["reliquary:RedPaperclip","reliquary:KinkedSpring"],"picked":"energizedSpire:HugeHouse"},{"not_picked":["aspiration:IroncladSkillbook","Ring of Chaos"],"picked":"conspire:SlowCooker"}],"items_purged_floors":[],"is_endless":false,"potions_floor_spawned":[1,2,13,16,22,24,28,30,36,45],"ascension_level":0}}