{"host":"b4oqa93y40rb9616","time":1613069894,"event":{"mods":["BaseMod","Colored Map","Custom Start","DeckTracker","Keyboard Shortcuts","Minty Spire (QoL Compilation)","Permanent Neow","Quick Restart","StSLib","SuperFastMode","everything is the same but u backflip on backflip"],"gold_per_floor":[109,125,50,68,88,122,122,161,186,186,186],"floor_reached":10,"language":"KOR","playtime":273,"items_purged":["Defend_R"],"score":129,"play_id":"c923df97-7ed1-42d9-8f08-4005b1212206","local_time":"20210212035814","is_ascension_mode":true,"campfire_choices":[{"floor":7,"key":"REST"}],"circlet_count":0,"master_deck":["AscendersBane","Strike_R","Strike_R","Strike_R","Strike_R","Defend_R","Defend_R","Defend_R","Bash","Sword Boomerang","Perfected Strike","Double Tap","Flex"],"relics":["Burning Blood","CeramicFish","Odd Mushroom","Smiling Mask"],"acts_visited":["Exordium"],"potions_floor_usage":[6,6,10,10],"damage_taken":[{"damage":7,"enemies":"Cultist","floor":1,"turns":4},{"damage":0,"enemies":"2 Louse","floor":2,"turns":3},{"damage":5,"enemies":"Small Slimes","floor":4,"turns":3},{"damage":19,"enemies":"Blue Slaver","floor":5,"turns":4},{"damage":75,"enemies":"Lagavulin","floor":6,"turns":10},{"damage":41,"enemies":"The Mushroom Lair","floor":8,"turns":5},{"damage":8,"enemies":"Gremlin Nob","floor":10,"turns":3}],"seed_played":"-4159329922799584878","potions_obtained":[{"floor":2,"key":"BloodPotion"},{"floor":4,"key":"Ancient Potion"},{"floor":6,"key":"BloodPotion"},{"floor":8,"key":"LiquidBronze"}],"is_trial":false,"path_per_floor":["M","M","$","M","M","E","R","?","T","E"],"character_chosen":"IRONCLAD","items_purchased":[],"campfire_rested":1,"item_purchase_floors":[],"current_hp_per_floor":[67,73,73,74,61,22,44,9,9,1,1],"gold":186,"neow_bonus":"REMOVE_CARD","is_daily":false,"chose_seed":false,"campfire_upgraded":0,"win_rate":0.0,"timestamp":1613069894,"path_taken":["M","M","$","M","M","E","R","?","T","E"],"items_purchased_type":[],"build_version":"2020-12-22","purchased_purges":1,"victory":false,"max_hp_per_floor":[75,75,75,75,75,75,75,75,75,75,75],"card_choices":[{"not_picked":["Warcry","Evolve"],"picked":"Sword Boomerang","floor":1},{"not_picked":["Shrug It Off","Clothesline"],"picked":"Perfected Strike","floor":2},{"not_picked":["Dropkick","Clothesline","Sword Boomerang"],"picked":"SKIP","floor":4},{"not_picked":["Pummel","Warcry","Rampage"],"picked":"SKIP","floor":5},{"not_picked":["Infernal Blade","Sentinel"],"picked":"Double Tap","floor":6},{"not_picked":["Havoc","Rupture"],"picked":"Flex","floor":8}],"player_experience":428414,"relics_obtained":[{"floor":6,"key":"CeramicFish"},{"floor":8,"key":"Odd Mushroom"},{"floor":9,"key":"Smiling Mask"}],"event_choices":[{"damage_healed":0,"gold_gain":0,"player_choice":"Fought Mushrooms","damage_taken":0,"max_hp_gain":0,"max_hp_loss":0,"event_name":"Mushrooms","floor":8,"gold_loss":0}],"is_beta":false,"boss_relics":[],"items_purged_floors":[3],"is_endless":false,"potions_floor_spawned":[2,4,6,8],"killed_by":"Gremlin Nob","ascension_level":18}}