{"host":"j4g6ia6asvpyu2b0","time":1613053393,"event":{"mods":["BaseMod","Colored Map","Infinite Spire","Minty Spire (QoL Compilation)","Permanent Neow","Quick Restart","Relic Stats","StSLib","Unceasing Turn Reminder"],"gold_per_floor":[115,190,205,216,226,252,252,252,252],"floor_reached":8,"language":"ENG","playtime":192,"items_purged":[],"score":61,"play_id":"568e0b63-2f9b-403f-8e6f-5563540bd16f","local_time":"20210211072313","is_ascension_mode":true,"campfire_choices":[{"floor":7,"key":"DIG"}],"circlet_count":0,"master_deck":["Strike_B","Strike_B","Strike_B","Strike_B","Defend_B","Defend_B","Defend_B","Defend_B","Zap","Dualcast","Consume","Capacitor","Lockon","Barrage","Buffer"],"relics":["Cracked Core","Shovel","Smiling Mask","StrikeDummy"],"acts_visited":["Exordium"],"potions_floor_usage":[8],"damage_taken":[{"damage":0,"enemies":"Cultist","floor":1,"turns":3},{"damage":1,"enemies":"2 Louse","floor":3,"turns":4},{"damage":12,"enemies":"Small Slimes","floor":4,"turns":3},{"damage":1,"enemies":"Exordium Wildlife","floor":5,"turns":2},{"damage":27,"enemies":"Lagavulin","floor":6,"turns":7},{"damage":27,"enemies":"Gremlin Nob","floor":8,"turns":3}],"seed_played":"-8562342779746414929","potions_obtained":[{"floor":3,"key":"PotionOfCapacity"},{"floor":4,"key":"Fire Potion"}],"is_trial":false,"path_per_floor":["M","?","M","M","M","E","R","E"],"character_chosen":"DEFECT","items_purchased":[],"campfire_rested":0,"item_purchase_floors":[],"current_hp_per_floor":[68,57,56,44,43,16,16,0,0],"gold":252,"neow_bonus":"ONE_RARE_RELIC","is_daily":false,"chose_seed":false,"campfire_upgraded":0,"win_rate":0.0,"timestamp":1613053393,"path_taken":["M","?","M","M","M","E","R","E"],"items_purchased_type":[],"build_version":"2020-12-22","purchased_purges":0,"victory":false,"max_hp_per_floor":[68,68,68,68,68,68,68,68,68],"relic_stats":{"Shovel":1,"counters":[6,22],"Smiling Mask":0,"obtain_stats":[{"Shovel":0,"Cracked Core":0,"Smiling Mask":6,"StrikeDummy":7},{"Shovel":0,"Cracked Core":0,"Smiling Mask":5,"StrikeDummy":5},{"Shovel":0,"Cracked Core":0,"Smiling Mask":19,"StrikeDummy":19}]},"card_choices":[{"not_picked":["Rip and Tear","Chill"],"picked":"Consume","floor":1},{"not_picked":["Barrage","Gash"],"picked":"Capacitor","floor":3},{"not_picked":["Rebound","Sweeping Beam"],"picked":"Lockon","floor":4},{"not_picked":["Redo","Turbo"],"picked":"Barrage","floor":5},{"not_picked":["Hyperbeam","Stack"],"picked":"Buffer","floor":6}],"player_experience":1232546,"relics_obtained":[{"floor":6,"key":"Smiling Mask"},{"floor":7,"key":"StrikeDummy"}],"event_choices":[{"damage_healed":0,"gold_gain":75,"player_choice":"Gather Gold","damage_taken":11,"max_hp_gain":0,"max_hp_loss":0,"event_name":"World of Goop","floor":2,"gold_loss":0}],"is_beta":false,"boss_relics":[],"items_purged_floors":[],"is_endless":false,"potions_floor_spawned":[3,4],"killed_by":"Gremlin Nob","ascension_level":1}}