{"host":"1pkwkj8mkn7raipg","time":1613054564,"event":{"mods":["BaseMod","LagranYue(拉格朗・月)","Minty Spire (QoL Compilation)","Replay The Spire","StSLib","TestMod","Youmu（魂魄妖梦）"],"gold_per_floor":[119,44,219,230,243,243,263,263,263,274,50,75,75,101,101,202,202,212,212,226,239,85,112,112,112,112,123,23,23,23,23],"floor_reached":30,"language":"ZHS","playtime":817,"items_purged":["Strike_B","Strike_B"],"score":413,"play_id":"5bfc04b2-e5a9-4cb0-9335-e36bc2e24202","local_time":"20210211224244","is_ascension_mode":true,"campfire_choices":[{"data":"Zap","floor":6,"key":"SMITH"},{"data":"ReplayTheSpireMod:Omega Cannon","floor":15,"key":"SMITH"},{"floor":24,"key":"REST"},{"data":"Hologram","floor":29,"key":"SMITH"}],"circlet_count":0,"master_deck":["AscendersBane","Strike_B","Strike_B+1","Defend_B+1","Defend_B","Defend_B","Defend_B","Zap+1","Dualcast","ReplayTheSpireMod:Omega Cannon+1","Gash","Rebound","Reprogram","Scrape","All For One","Steam","Hologram+1","Reboot"],"relics":["testmod-TestBox","LagranYue:RandomDrawCardRelic","testmod-RealStoneCalender","Dead Branch","Replay:Antivirus Software","CaptainsWheel","Sozu","Enchiridion","testmod-IndustrialRevolution","Simple Rune","Nloth\u0027s Gift"],"acts_visited":["Exordium","TheCity"],"potions_floor_usage":[4,12,14,23],"damage_taken":[{"damage":0.0,"enemies":"Cultist","floor":1.0,"turns":2.0},{"damage":0,"enemies":"Jaw Worm","floor":4,"turns":1},{"damage":0,"enemies":"Small Slimes","floor":5,"turns":2},{"damage":0,"enemies":"Exordium Wildlife","floor":7,"turns":1},{"damage":9,"enemies":"3 Louse","floor":10,"turns":2},{"damage":16,"enemies":"Gremlin Nob","floor":12,"turns":3},{"damage":2,"enemies":"Lagavulin","floor":14,"turns":4},{"damage":1,"enemies":"Slime Boss","floor":16,"turns":5},{"damage":7,"enemies":"Chosen","floor":18,"turns":3},{"damage":0,"enemies":"3 Byrds","floor":20,"turns":3},{"damage":9,"enemies":"Snecko","floor":21,"turns":4},{"damage":38,"enemies":"Book of Stabbing","floor":23,"turns":5},{"damage":27,"enemies":"Centurion and Healer","floor":27,"turns":3},{"damage":15,"enemies":"Shelled Parasite and Fungi","floor":30,"turns":1}],"seed_played":"8196822061465396736","potions_obtained":[{"floor":1.0,"key":"SteroidPotion"},{"floor":5,"key":"CultistPotion"},{"floor":10,"key":"Adrenaline Potion"},{"floor":12,"key":"Languid Potion"}],"is_trial":false,"path_per_floor":["M","$","?","M","M","R","M","?","T","M","$","E","$","E","R","B",null,"M","?","M","M","$","E","R","?","T","M","$","R","M"],"character_chosen":"DEFECT","items_purchased":["Replay:Antivirus Software","Scrape","testmod-IndustrialRevolution"],"campfire_rested":1,"item_purchase_floors":[11,11,22],"current_hp_per_floor":[68,68,68,68,68,68,68,61,61,52,52,36,36,34,34,33,65,58,58,58,49,49,11,33,33,33,6,6,6,0,0],"gold":23,"neow_bonus":"ONE_RANDOM_RARE_CARD","is_daily":false,"chose_seed":false,"campfire_upgraded":3,"win_rate":0.0,"timestamp":1613054564,"path_taken":["M","?","?","M","?","R","M","?","T","M","$","E","?","E","R","BOSS","M","?","M","M","$","E","R","?","T","M","$","R","M"],"items_purchased_type":["Relic","Card","Relic"],"build_version":"2020-12-22","purchased_purges":2,"victory":false,"max_hp_per_floor":[75,75,75,75,75,75,75,75,75,75,75,75,75,75,75,75,75,75,75,75,75,75,75,75,75,75,75,75,75,75,75],"card_choices":[{"not_picked":["ReplaySort","Go for the Eyes"],"picked":"Gash","floor":1.0},{"not_picked":["Redo","Force Field","Compile Driver"],"picked":"SKIP","floor":4},{"not_picked":["Aggregate","Redo"],"picked":"Rebound","floor":5},{"not_picked":["Aggregate","Fusion","Ball Lightning"],"picked":"SKIP","floor":7},{"not_picked":["Streamline","Force Field"],"picked":"Reprogram","floor":10},{"not_picked":["Conserve Battery","Stack","Compile Driver"],"picked":"SKIP","floor":12},{"not_picked":["Heatsinks","Force Field","Barrage"],"picked":"SKIP","floor":14},{"not_picked":["Creative AI","Fission"],"picked":"All For One","floor":16},{"not_picked":["Sweeping Beam","Coolheaded+1"],"picked":"Steam","floor":18},{"not_picked":["BasicCrystalCard","Steam"],"picked":"Hologram","floor":20},{"not_picked":["Steam Power","ReplayTheSpireMod:GoodbyeWorld","Loop"],"picked":"SKIP","floor":21},{"not_picked":["Leap","ReplaySort","Thunder Strike"],"picked":"SKIP","floor":23},{"not_picked":["Rebound","Streamline+1"],"picked":"Reboot","floor":27}],"player_experience":426717,"relics_obtained":[{"floor":9,"key":"Dead Branch"},{"floor":12,"key":"CaptainsWheel"},{"floor":14,"key":"testmod-Antiphasic"},{"floor":23,"key":"Simple Rune"}],"event_choices":[{"damage_healed":0.0,"max_hp_gain":0.0,"max_hp_loss":0.0,"gold_gain":175.0,"event_name":"Liars Game","player_choice":"AGREE","floor":3.0,"gold_loss":0.0,"damage_taken":0.0,"cards_obtained":["Doubt"]},{"cards_removed":["Doubt"],"damage_healed":0,"gold_gain":0,"player_choice":"Card Removal","damage_taken":7,"max_hp_gain":0,"max_hp_loss":0,"event_name":"Golden Wing","floor":8,"gold_loss":0},{"damage_healed":0,"gold_gain":0,"player_choice":"Swap Relic","damage_taken":0,"relics_obtained":["Enchiridion"],"max_hp_gain":0,"max_hp_loss":0,"event_name":"给自己的盒子","floor":19,"relics_lost":["testmod-Antiphasic"],"gold_loss":0},{"damage_healed":0,"gold_gain":0,"player_choice":"Traded Relic","damage_taken":0,"relics_obtained":["Nloth\u0027s Gift"],"max_hp_gain":0,"max_hp_loss":0,"event_name":"N\u0027loth","floor":25,"relics_lost":["Cracked Core"],"gold_loss":0}],"is_beta":false,"boss_relics":[{"not_picked":["testmod-Fanaticism","testmod-StringDisintegrator"],"picked":"Sozu"}],"items_purged_floors":[2,28],"is_endless":false,"potions_floor_spawned":[1,5,10,12,21],"killed_by":"Shelled Parasite and Fungi","ascension_level":12}}