{"host":"23qk1co0p3p8qz56","time":1613016154,"event":{"mods":["100% Spire Juice","AchievementEnabler","Act Like it!","Arknights","BaseMod","Better Note","Better Third Choice","BetterRewards","CapriCore","Chen","Colored Map","DNKmod","Downfall","Duelist Mod","Friendly Minions","Gensokyo","Gold Saver","KinomotoSakuraMod(ñÿîVñ{?)","Koishi","LagranYue(ùfäiòNÅEåé)","Lobotomy","LobotomyExtend","Mari Mod (Legacy)","Mari\u0027s V1 Patch","MarisaÅiñ∂âJÅ@ñÇóùçπÅj","Minty Spire (QoL Compilation)","Prisma Mod","ReimuÅiîé??öÎÅj","RemiliaÅiÂQïƒ‰ª?Åj","RumiaBox-òIïƒ?ìIê_îÈ·¥éq","StSLib","The Administrix","The Alterego","The Animator","The Gatherer","The Immortal","The Senshi","Waifu the Spire","WarShipGirlsR/??è≠èóR mod","Yakumo Yukari mod","Yohane!","Yuyuko"],"gold_per_floor":[1019,1038,669,686,697,697,717,735,735,752,752,769,769,784,784,887,887,899,849,596,616,628,628,297,297,297,297,308,308,321,352,352,452,452,465,465,233,233,247,258,288,299,299,299,299,311,77,97,97,97],"floor_reached":51,"language":"ENG","playtime":2118,"items_purged":["Bash","Strike_R","Warcry","Strike_R","True Grit+1"],"score":820,"play_id":"b153abe2-0e60-402e-a0a3-c99de89d60ac","local_time":"20210210210234","is_ascension_mode":false,"campfire_choices":[{"data":"Body Slam","floor":6,"key":"SMITH"},{"data":"Shrug It Off","floor":11,"key":"SMITH"},{"data":"Iron Wave","floor":13,"key":"SMITH"},{"data":"Spot Weakness","floor":15,"key":"SMITH"},{"data":"Armaments","floor":23,"key":"SMITH"},{"data":"True Grit","floor":27,"key":"SMITH"},{"data":"Body Slam","floor":32,"key":"SMITH"},{"data":"Limit Break","floor":45,"key":"SMITH"},{"data":"Impervious","floor":49,"key":"SMITH"}],"circlet_count":0,"master_deck":["Strike_R","Strike_R","Strike_R","Defend_R","Defend_R","Defend_R","Defend_R+1","Flex","Body Slam+1","Shrug It Off+1","Iron Wave+1","Barricade+1","Spot Weakness+1","Metallicize+1","Body Slam+1","Armaments+1","Dark Embrace+1","True Grit+1","Good Instincts","Rage","Body Slam+1","Impervious+1","Panache+1","Body Slam+1","Shrug It Off+1","Limit Break+1","Power Through+1","Entrench+1"],"relics":["Burning Blood","Ginger","Bird Faced Urn","CaptainsWheel","LagranYue:RandomDrawCardRelic","LetterFromLob","Self Forming Clay","Frozen Egg 2","LagranYue:SoulBurningRelic","DollysMirror","Question Card","Juzu Bracelet","EasyGame_NEW","Membership Card","Anchor","LagranYue:RareGoldArmorRelic","Calipers"],"acts_visited":["Exordium","TheCity","TheBeyond"],"potions_floor_usage":[16,16,18,33,33,42,50,50,50],"damage_taken":[{"damage":0,"enemies":"ats:Genji","floor":1,"turns":3},{"damage":0,"enemies":"Small Slimes","floor":2,"turns":2},{"damage":0,"enemies":"Jaw Worm","floor":4,"turns":3},{"damage":7,"enemies":"Lots of Slimes","floor":5,"turns":4},{"damage":0,"enemies":"Blue Slaver","floor":7,"turns":2},{"damage":0,"enemies":"Exordium Thugs","floor":8,"turns":4},{"damage":2,"enemies":"3 Louse","floor":10,"turns":3},{"damage":0,"enemies":"2 Fungi Beasts","floor":12,"turns":3},{"damage":13,"enemies":"Lots of Slimes","floor":14,"turns":3},{"damage":223,"enemies":"Hexaghost","floor":16,"turns":5},{"damage":0,"enemies":"Chosen","floor":18,"turns":5},{"damage":0,"enemies":"Shell Parasite","floor":21,"turns":3},{"damage":1,"enemies":"Cultist and Chosen","floor":22,"turns":7},{"damage":2,"enemies":"Shelled Parasite and Fungi","floor":28,"turns":7},{"damage":0,"enemies":"Snecko","floor":30,"turns":6},{"damage":0,"enemies":"theDuelist:KaibaA2","floor":31,"turns":5},{"damage":2,"enemies":"Champ","floor":33,"turns":14},{"damage":15,"enemies":"3 Darklings","floor":35,"turns":4},{"damage":3,"enemies":"3 Shapes","floor":39,"turns":5},{"damage":13,"enemies":"Spire Growth","floor":40,"turns":5},{"damage":10,"enemies":"Giant Head","floor":41,"turns":9},{"damage":0,"enemies":"4 Shapes","floor":42,"turns":10},{"damage":38,"enemies":"Transient","floor":46,"turns":5},{"damage":0,"enemies":"3 Darklings","floor":48,"turns":4},{"damage":15,"enemies":"Awakened One","floor":50,"turns":6}],"seed_played":"8894451939693317679","potions_obtained":[{"floor":4,"key":"PowerPotion"},{"floor":5,"key":"Energy Potion"},{"floor":10,"key":"SteroidPotion"},{"floor":14,"key":"EssenceOfSteel"},{"floor":16,"key":"Ancient Potion"},{"floor":31,"key":"SteroidPotion"},{"floor":33,"key":"Regen Potion"},{"floor":35,"key":"ElixirPotion"},{"floor":41,"key":"PowerPotion"},{"floor":48,"key":"hexamod:SoulburnPotion"}],"is_trial":false,"path_per_floor":["M","M","$","M","M","R","M","M","T","M","R","M","R","M","R","B",null,"M","?","$","M","M","R","$","M","T","R","M","?","M","E","R","B",null,"M","?","$","?","M","M","E","M","T","?","R","M","$","M","R","B",null],"character_chosen":"IRONCLAD","items_purchased":["Shrug It Off","Self Forming Clay","DollysMirror","Dark Embrace+1","True Grit","Good Instincts","Membership Card","Calipers"],"campfire_rested":0,"item_purchase_floors":[3,3,20,24,24,24,37,47],"current_hp_per_floor":[500,500,500,500,499,499,500,500,500,500,500,500,500,493,493,280,500,500,500,500,500,500,500,500,500,500,500,500,500,500,500,500,500,500,492,492,492,492,498,492,491,500,500,500,500,471,471,480,480,484],"gold":97,"neow_bonus":"UPGRADE_CARD","is_daily":false,"chose_seed":false,"campfire_upgraded":9,"win_rate":0.0,"timestamp":1613016154,"path_taken":["M","M","$","M","M","R","M","M","T","M","R","M","R","M","R","BOSS","M","?","$","M","M","R","?","?","T","R","M","?","M","E","R","BOSS","M","?","$","?","M","M","E","M","T","?","R","M","$","M","R","BOSS"],"items_purchased_type":["Card","Relic","Relic","Card","Card","Card","Relic","Relic"],"build_version":"2020-12-22","purchased_purges":5,"victory":true,"max_hp_per_floor":[500,500,500,500,500,500,500,500,500,500,500,500,500,500,500,500,500,500,500,500,500,500,500,500,500,500,500,500,500,500,500,500,500,500,500,500,500,500,500,500,500,500,500,500,500,500,500,500,500,500],"card_choices":[{"not_picked":["Cleave","Pummel"],"picked":"Flex","floor":1},{"not_picked":["Flex","Cleave"],"picked":"Body Slam","floor":2},{"not_picked":["Pommel Strike","Thunderclap"],"picked":"Warcry","floor":4},{"not_picked":["Dual Wield","Pommel Strike"],"picked":"Iron Wave","floor":5},{"not_picked":["Headbutt","Sword Boomerang","Clothesline"],"picked":"SKIP","floor":7},{"not_picked":["Flex","Reckless Charge","Headbutt"],"picked":"SKIP","floor":8},{"not_picked":["Hemokinesis","Pommel Strike","Clash"],"picked":"SKIP","floor":10},{"not_picked":["Flex","Sword Boomerang"],"picked":"Barricade+1","floor":12},{"not_picked":["Sever Soul","Flex"],"picked":"Spot Weakness","floor":14},{"not_picked":["Rampage","Cleave+1"],"picked":"Metallicize+1","floor":18},{"not_picked":["Cleave+1","Clothesline+1","Infernal Blade"],"picked":"SKIP","floor":21},{"not_picked":["Thunderclap","Perfected Strike"],"picked":"Armaments","floor":22},{"not_picked":["Shockwave","Flex","Armaments"],"picked":"Rage","floor":28},{"not_picked":["Clothesline","Second Wind","Sword Boomerang+1"],"picked":"Body Slam","floor":30},{"not_picked":["Brutality+1","Bludgeon","Rupture+1"],"picked":"True Grit+1","floor":31},{"not_picked":["Barricade+1","Bludgeon","Limit Break"],"picked":"Impervious","floor":33},{"not_picked":["Anger","Thunderclap","Warcry","Clothesline"],"picked":"SKIP","floor":35},{"not_picked":["Apotheosis","Enlightenment","Swift Strike"],"picked":"Panache+1","floor":36},{"not_picked":["Headbutt","Dual Wield","Perfected Strike"],"picked":"Shrug It Off+1","floor":39},{"not_picked":["Fire Breathing+1","Warcry","Burning Pact+1","Sword Boomerang"],"picked":"SKIP","floor":40},{"not_picked":["Fire Breathing+1","Pommel Strike","Warcry"],"picked":"Limit Break","floor":41},{"not_picked":["Headbutt+1","True Grit+1","Whirlwind"],"picked":"Power Through+1","floor":42},{"not_picked":["Sword Boomerang","Warcry+1","Reckless Charge"],"picked":"Entrench+1","floor":46},{"not_picked":["Clothesline","Hemokinesis","Fire Breathing+1","Headbutt"],"picked":"SKIP","floor":48}],"player_experience":148762,"relics_obtained":[{"floor":1,"key":"LetterFromLob"},{"floor":9,"key":"Frozen Egg 2"},{"floor":26,"key":"Question Card"},{"floor":31,"key":"Juzu Bracelet"},{"floor":41,"key":"Anchor"},{"floor":43,"key":"LagranYue:RareGoldArmorRelic"}],"event_choices":[{"damage_healed":0,"gold_gain":0,"player_choice":"Bet on Murderer","damage_taken":0,"max_hp_gain":0,"max_hp_loss":0,"event_name":"The Joust","floor":19,"gold_loss":50},{"damage_healed":0,"gold_gain":0,"player_choice":"Ignored","damage_taken":0,"max_hp_gain":0,"max_hp_loss":0,"event_name":"betterNote:BetterNote","floor":29,"gold_loss":0,"cards_obtained":["animator:Wiz"]},{"damage_healed":0,"gold_gain":0,"player_choice":"Memory 1","damage_taken":0,"max_hp_gain":0,"max_hp_loss":0,"event_name":"SensoryStone","floor":36,"gold_loss":0},{"damage_healed":0,"gold_gain":0,"player_choice":"Copied","damage_taken":0,"max_hp_gain":0,"max_hp_loss":0,"event_name":"Duplicator","floor":38,"gold_loss":0,"cards_obtained":["Body Slam"]}],"is_beta":false,"boss_relics":[{"not_picked":["Cursed Key","Sozu"],"picked":"LagranYue:SoulBurningRelic"},{"not_picked":["Mark of Pain","Busted Crown"],"picked":"EasyGame_NEW"}],"items_purged_floors":[3,20,24,37,47],"is_endless":false,"potions_floor_spawned":[4,5,10,14,16,31,33,35,41,48],"ascension_level":0}}