{"host":"yecadp3kwkksam5a","time":1613043402,"event":{"mods":["100% Spire Juice","BaseMod","Minty Spire (QoL Compilation)","StSLib","SuperFastMode","The Cursed","WarShipGirlsR/??á´Ò³R mod"],"gold_per_floor":[113,113,113,128,143,143,37,37,64,64,64,84,159,199,199,289,289,319,85,94,112,12,45,45,45],"floor_reached":24,"language":"KOR","playtime":918,"items_purged":["TheCursedMod:CursedBlade","TheCursedMod:WearCloak"],"score":774,"play_id":"bdfbb1fd-c0bd-4362-8042-c4586a634118","local_time":"20210211203642","daily_mods":["Draft","Flight"],"is_ascension_mode":true,"campfire_choices":[{"data":"TheCursedMod:EmpowerCircles","floor":6.0,"key":"SMITH"},{"data":"TheCursedMod:EmpowerCircles","floor":8.0,"key":"SMITH"},{"data":"TheCursedMod:CircleOfAmplification","floor":10.0,"key":"SMITH"},{"data":"TheCursedMod:SpitefulPlan","floor":15.0,"key":"SMITH"}],"circlet_count":0,"master_deck":["AscendersBane","TheCursedMod:EmpowerCircles+1","TheCursedMod:RapidMovement","TheCursedMod:SpitefulStrike","TheCursedMod:RapidMovement","TheCursedMod:FleshFromBone","TheCursedMod:EmpowerCircles+1","TheCursedMod:CircleOfFlame","TheCursedMod:CircleOfBlood","TheCursedMod:SurpriseAttack","TheCursedMod:SpitefulPlan+1","TheCursedMod:CursedShiv","TheCursedMod:CircleOfCorruption","TheCursedMod:SpitefulStrike","TheCursedMod:CircleOfAmplification+1","Decay","TheCursedMod:CursedShiv","TheCursedMod:CircleOfCorruption","TheCursedMod:SurpriseAttack","TheCursedMod:CircleOfWindfury","TheCursedMod:CircleOfFocus","TheCursedMod:CleanUpWorkshop"],"relics":["TheCursedMod:BlackMagic101","CeramicFish","Golden Idol","TheCursedMod:MagicCandle","Black Star","Orrery","Juzu Bracelet","Molten Egg 2"],"acts_visited":["Exordium","TheCity"],"potions_floor_usage":[23,23],"damage_taken":[{"damage":12.0,"enemies":"2 Louse","floor":1.0,"turns":3.0},{"damage":1.0,"enemies":"Small Slimes","floor":4.0,"turns":2.0},{"damage":0.0,"enemies":"Cultist","floor":5.0,"turns":3.0},{"damage":11.0,"enemies":"Looter","floor":12.0,"turns":2.0},{"damage":10.0,"enemies":"3 Sentries","floor":14.0,"turns":4.0},{"damage":0.0,"enemies":"Hexaghost","floor":16.0,"turns":4.0},{"damage":7.0,"enemies":"Shell Parasite","floor":18.0,"turns":2.0},{"damage":0.0,"enemies":"Spheric Guardian","floor":21.0,"turns":1.0},{"damage":62,"enemies":"Slavers","floor":23,"turns":4},{"damage":0,"enemies":"Gremlin Leader","floor":24,"turns":1}],"seed_played":"-8630989968618566901","potions_obtained":[{"floor":1.0,"key":"SkillPotion"},{"floor":4.0,"key":"TheCursedMod:DregsPotion"}],"is_trial":true,"path_per_floor":["M","?","?","M","M","R","$","R","T","R","?","M","?","E","R","B",null,"M","$","?","M","$","E","E"],"character_chosen":"THE_CURSED","items_purchased":["TheCursedMod:CircleOfCorruption","TheCursedMod:SurpriseAttack","Orrery"],"campfire_rested":0,"item_purchase_floors":[7,7,19],"current_hp_per_floor":[54,59,59,60,68,68,68,68,68,68,42,37,26,22,22,30,65,62,62,62,64,64,8,8,8],"gold":45,"neow_bonus":"","is_daily":false,"chose_seed":false,"campfire_upgraded":4,"win_rate":0.0,"timestamp":1613043402,"path_taken":["M","?","?","M","?","R","$","R","T","R","?","M","?","E","R","BOSS","M","$","?","?","$","E","E"],"items_purchased_type":["Card","Card","Relic"],"build_version":"2020-12-22","purchased_purges":2,"victory":false,"max_hp_per_floor":[71,76,76,76,76,76,76,76,76,76,76,76,76,76,76,76,76,76,76,76,76,76,76,76,76],"card_choices":[{"not_picked":["TheCursedMod:RavingStaff","TheCursedMod:ReleasedStrength"],"picked":"TheCursedMod:WearCloak","floor":0.0},{"not_picked":["TheCursedMod:CircleOfBlood","TheCursedMod:CircleOfCorruption"],"picked":"TheCursedMod:EmpowerCircles","floor":0.0},{"not_picked":["TheCursedMod:AbyssShockwave","TheCursedMod:Stretching"],"picked":"TheCursedMod:RapidMovement","floor":0.0},{"not_picked":["TheCursedMod:SurpriseAttack","TheCursedMod:CircleOfCorruption"],"picked":"TheCursedMod:SpitefulStrike","floor":0.0},{"not_picked":["TheCursedMod:SmokeScreen","TheCursedMod:VitalStrike"],"picked":"TheCursedMod:RapidMovement","floor":0.0},{"not_picked":["TheCursedMod:VitalStrike","TheCursedMod:SmokeScreen"],"picked":"TheCursedMod:FleshFromBone","floor":0.0},{"not_picked":["TheCursedMod:SurpriseAttack","TheCursedMod:CursedAmulet"],"picked":"TheCursedMod:EmpowerCircles","floor":0.0},{"not_picked":["TheCursedMod:CircleOfCorruption","TheCursedMod:SmokeScreen"],"picked":"TheCursedMod:CircleOfFlame","floor":0.0},{"not_picked":["TheCursedMod:Stigma","TheCursedMod:CursedBoomerang"],"picked":"TheCursedMod:CircleOfBlood","floor":0.0},{"not_picked":["TheCursedMod:SmokeScreen","TheCursedMod:RapidMovement"],"picked":"TheCursedMod:SurpriseAttack","floor":0.0},{"not_picked":["TheCursedMod:HellfireBreathing","TheCursedMod:SmokeScreen"],"picked":"TheCursedMod:SpitefulPlan","floor":0.0},{"not_picked":["TheCursedMod:RapidMovement","TheCursedMod:CursedBoomerang"],"picked":"TheCursedMod:CursedShiv","floor":0.0},{"not_picked":["TheCursedMod:SaltUponWound","TheCursedMod:HellfireBreathing"],"picked":"TheCursedMod:CircleOfCorruption","floor":0.0},{"not_picked":["TheCursedMod:FleshFromBone","TheCursedMod:RapidMovement"],"picked":"TheCursedMod:SpitefulStrike","floor":0.0},{"not_picked":["TheCursedMod:CursedAmulet","TheCursedMod:AbyssShockwave"],"picked":"TheCursedMod:CircleOfAmplification","floor":0.0},{"not_picked":["TheCursedMod:SoulCrush","TheCursedMod:Wield"],"picked":"TheCursedMod:CursedBlade","floor":1.0},{"not_picked":["TheCursedMod:CursedBlade","TheCursedMod:Grudge","TheCursedMod:FleshFromBone"],"picked":"SKIP","floor":4.0},{"not_picked":["TheCursedMod:Torture","TheCursedMod:CursedMace"],"picked":"TheCursedMod:CursedShiv","floor":5.0},{"not_picked":["TheCursedMod:CursedBlade","TheCursedMod:Torture","TheCursedMod:CursedBoomerang"],"picked":"SKIP","floor":12.0},{"not_picked":["TheCursedMod:SoulCrush","TheCursedMod:SpreadPlague","TheCursedMod:TroublousMinions"],"picked":"SKIP","floor":14.0},{"not_picked":["TheCursedMod:SoulCrush","TheCursedMod:SpreadPlague","TheCursedMod:TroublousMinions"],"picked":"SKIP","floor":14.0},{"not_picked":["TheCursedMod:CircleOfAmplification","TheCursedMod:CursedShiv"],"picked":"TheCursedMod:CircleOfWindfury","floor":18.0},{"not_picked":["TheCursedMod:SpitefulStrike+1","TheCursedMod:Stretching"],"picked":"TheCursedMod:CircleOfFocus","floor":19.0},{"not_picked":["TheCursedMod:Torture","TheCursedMod:CursedMace+1","TheCursedMod:Wield"],"picked":"SKIP","floor":21.0},{"not_picked":["TheCursedMod:Torture","TheCursedMod:CursedMace+1","TheCursedMod:Wield"],"picked":"SKIP","floor":21.0},{"not_picked":["TheCursedMod:CursedShiv+1","TheCursedMod:VitalStrike+1","TheCursedMod:FuryStrike+1"],"picked":"SKIP","floor":23}],"player_experience":620389,"relics_obtained":[{"floor":9.0,"key":"CeramicFish"},{"floor":14.0,"key":"TheCursedMod:MagicCandle"},{"floor":23,"key":"Juzu Bracelet"},{"floor":23,"key":"Molten Egg 2"}],"event_choices":[{"damage_healed":0.0,"max_hp_gain":5.0,"max_hp_loss":0.0,"gold_gain":0.0,"event_name":"Big Fish","player_choice":"Donut","floor":2.0,"gold_loss":0.0,"damage_taken":0.0},{"damage_healed":0.0,"max_hp_gain":0.0,"max_hp_loss":0.0,"gold_gain":0.0,"event_name":"Wheel of Change","player_choice":"Cursed","floor":3.0,"gold_loss":0.0,"damage_taken":0.0,"cards_obtained":["Decay"]},{"damage_healed":0.0,"max_hp_gain":0.0,"max_hp_loss":0.0,"gold_gain":0.0,"event_name":"Golden Idol","player_choice":"Take Damage","floor":11.0,"gold_loss":0.0,"damage_taken":26.0,"relics_obtained":["Golden Idol"]},{"damage_healed":0.0,"max_hp_gain":0.0,"max_hp_loss":0.0,"gold_gain":75.0,"event_name":"World of Goop","player_choice":"Gather Gold","floor":13.0,"gold_loss":0.0,"damage_taken":11.0},{"damage_healed":0.0,"max_hp_gain":0.0,"max_hp_loss":0.0,"gold_gain":0.0,"event_name":"Match and Keep!","player_choice":"1 cards matched","floor":20.0,"gold_loss":0.0,"damage_taken":0.0,"cards_obtained":["TheCursedMod:CleanUpWorkshop"]}],"is_beta":false,"boss_relics":[{"not_picked":["TheCursedMod:OminousMark","Runic Pyramid"],"picked":"Black Star"}],"items_purged_floors":[19,22],"is_endless":true,"potions_floor_spawned":[1,4,21],"killed_by":"Gremlin Leader","ascension_level":20}}