{"host":"yplejd20ey2t49en","time":1613036531,"event":{"mods":["BaseMod","Colored Powertips","Highlight Path","Minty Spire (QoL Compilation)","Relic Stats"],"gold_per_floor":[213,232,232,248,124,150,150,175,226,226,256,274,274,140,140,242,242,258,258,35,61,61,61,61,160,160,192,204,248,271,300,312,324,324],"floor_reached":33,"language":"ENG","playtime":1822,"items_purged":["Strike_R","Strike_R"],"score":419,"play_id":"66835e67-9f13-4674-8332-9ffc033d3869","local_time":"20210211114211","is_ascension_mode":true,"campfire_choices":[{"data":"Whirlwind","floor":7.0,"key":"SMITH"},{"data":"Rampage","floor":10.0,"key":"SMITH"},{"data":"Clothesline","floor":13.0,"key":"SMITH"},{"data":"Inflame","floor":15.0,"key":"SMITH"},{"data":"Uppercut","floor":23.0,"key":"SMITH"},{"data":"Spot Weakness","floor":28.0,"key":"SMITH"},{"data":"True Grit","floor":32,"key":"SMITH"}],"circlet_count":0,"master_deck":["Strike_R","Strike_R","Strike_R","Defend_R","Defend_R","Defend_R","Defend_R","Bash","Whirlwind+1","Clothesline+1","Headbutt","Rampage+1","Anger","Iron Wave","Inflame+1","Reaper","Uppercut+1","Shrug It Off+1","Spot Weakness+1","Impervious","True Grit+1"],"relics":["Burning Blood","Shuriken","Tiny Chest","FossilizedHelix","Nunchaku","Odd Mushroom","SacredBark","Nilry\u0027s Codex","Potion Belt","Red Mask","Bottled Lightning","MawBank","HornCleat"],"acts_visited":["Exordium","TheCity"],"potions_floor_usage":[],"damage_taken":[{"damage":13.0,"enemies":"Jaw Worm","floor":1.0,"turns":4.0},{"damage":7.0,"enemies":"2 Louse","floor":2.0,"turns":3.0},{"damage":6.0,"enemies":"Small Slimes","floor":4.0,"turns":4.0},{"damage":20.0,"enemies":"Gremlin Nob","floor":6.0,"turns":4.0},{"damage":20.0,"enemies":"3 Sentries","floor":8.0,"turns":4.0},{"damage":18.0,"enemies":"The Mushroom Lair","floor":11.0,"turns":3.0},{"damage":3.0,"enemies":"Looter","floor":12.0,"turns":3.0},{"damage":22.0,"enemies":"Hexaghost","floor":16.0,"turns":8.0},{"damage":0.0,"enemies":"3 Byrds","floor":18.0,"turns":2.0},{"damage":15.0,"enemies":"Masked Bandits","floor":21.0,"turns":4.0},{"damage":33.0,"enemies":"Slavers","floor":27.0,"turns":5.0},{"damage":18.0,"enemies":"Book of Stabbing","floor":29.0,"turns":5.0},{"damage":0.0,"enemies":"Chosen","floor":30.0,"turns":3.0},{"damage":7,"enemies":"Snecko","floor":31,"turns":5},{"damage":79,"enemies":"Automaton","floor":33,"turns":6}],"seed_played":"-1251976630607407570","potions_obtained":[{"floor":4.0,"key":"BloodPotion"},{"floor":11.0,"key":"Explosive Potion"},{"floor":12.0,"key":"Strength Potion"},{"floor":16.0,"key":"Dexterity Potion"},{"floor":18.0,"key":"DistilledChaos"},{"floor":27.0,"key":"AttackPotion"}],"is_trial":false,"path_per_floor":["M","M","?","M","$","E","R","E","T","R","?","M","R","$","R","B",null,"M","?","$","?","T","R","$","?","T","E","R","E","M","M","R","B"],"character_chosen":"IRONCLAD","items_purchased":["Fire Potion","Inflame","Potion Belt","Uppercut"],"campfire_rested":0,"item_purchase_floors":[5,14,20,20],"current_hp_per_floor":[65,64,61,61,61,47,47,33,33,33,37,40,40,40,40,24,66,72,56,56,47,47,47,47,47,47,38,38,26,32,43,43,0,0],"gold":324,"neow_bonus":"HUNDRED_GOLD","is_daily":false,"chose_seed":false,"campfire_upgraded":7,"win_rate":0.0,"timestamp":1613036531,"path_taken":["M","M","?","M","$","E","R","E","T","R","?","M","R","$","R","BOSS","M","?","$","?","?","R","?","?","T","E","R","E","M","M","R","BOSS"],"items_purchased_type":["Potion","Card","Relic","Card"],"build_version":"2020-12-22","purchased_purges":2,"victory":false,"max_hp_per_floor":[80,80,80,80,80,80,80,80,80,80,80,80,80,80,80,80,80,80,80,80,80,80,80,80,80,80,80,80,80,80,80,80,80,80],"relic_stats":{"Nunchaku":[8],"counters":[15,63],"Shuriken":[17],"Tiny Chest":1,"MawBank":72,"obtain_stats":[{"Potion Belt":20,"Nilry\u0027s Codex":19,"SacredBark":17,"Odd Mushroom":11,"MawBank":27,"Burning Blood":0,"Nunchaku":9,"HornCleat":29,"Shuriken":3,"Tiny Chest":6,"Red Mask":21,"Bottled Lightning":22,"FossilizedHelix":8},{"Potion Belt":9,"Nilry\u0027s Codex":9,"SacredBark":8,"Odd Mushroom":6,"MawBank":11,"Burning Blood":0,"Nunchaku":5,"HornCleat":12,"Shuriken":2,"Tiny Chest":4,"Red Mask":10,"Bottled Lightning":10,"FossilizedHelix":5},{"Potion Belt":35,"Nilry\u0027s Codex":35,"SacredBark":33,"Odd Mushroom":22,"MawBank":44,"Burning Blood":0,"Nunchaku":19,"HornCleat":49,"Shuriken":7,"Tiny Chest":15,"Red Mask":39,"Bottled Lightning":39,"FossilizedHelix":19}],"Burning Blood":84},"card_choices":[{"not_picked":["Havoc","Body Slam"],"picked":"Whirlwind","floor":1.0},{"not_picked":["Cleave","Clash"],"picked":"Clothesline","floor":2.0},{"not_picked":["Power Through","Thunderclap"],"picked":"Headbutt","floor":4.0},{"not_picked":["Thunderclap","Corruption","Warcry"],"picked":"SKIP","floor":6.0},{"not_picked":["Flex","Sentinel"],"picked":"Rampage","floor":8.0},{"not_picked":["Sword Boomerang","Cleave"],"picked":"Anger","floor":11.0},{"not_picked":["Dark Embrace","Heavy Blade"],"picked":"Iron Wave","floor":12.0},{"not_picked":["Exhume","Feed"],"picked":"Reaper","floor":16.0},{"not_picked":["Wild Strike","Havoc","Bloodletting"],"picked":"SKIP","floor":18.0},{"not_picked":["Twin Strike+1","Entrench"],"picked":"Shrug It Off+1","floor":21.0},{"not_picked":["Rage","Clothesline"],"picked":"Spot Weakness","floor":27.0},{"not_picked":["Reckless Charge","Wild Strike"],"picked":"Impervious","floor":29.0},{"not_picked":["Perfected Strike+1","Cleave+1","Havoc"],"picked":"SKIP","floor":30.0},{"not_picked":["Pommel Strike","Rage"],"picked":"True Grit","floor":31}],"player_experience":708411,"relics_obtained":[{"floor":6.0,"key":"Tiny Chest"},{"floor":8.0,"key":"FossilizedHelix"},{"floor":9.0,"key":"Nunchaku"},{"floor":11.0,"key":"Odd Mushroom"},{"floor":19.0,"key":"Nilry\u0027s Codex"},{"floor":21.0,"key":"Red Mask"},{"floor":22.0,"key":"Bottled Lightning"},{"floor":27.0,"key":"MawBank"},{"floor":29.0,"key":"HornCleat"}],"event_choices":[{"damage_healed":0.0,"max_hp_gain":0.0,"max_hp_loss":0.0,"gold_gain":0.0,"event_name":"Scrap Ooze","player_choice":"Success","floor":3.0,"gold_loss":0.0,"damage_taken":3.0,"relics_obtained":["Shuriken"]},{"damage_healed":0.0,"max_hp_gain":0.0,"max_hp_loss":0.0,"gold_gain":0.0,"event_name":"Mushrooms","player_choice":"Fought Mushrooms","floor":11.0,"gold_loss":0.0,"damage_taken":0.0},{"damage_healed":0.0,"max_hp_gain":0.0,"max_hp_loss":0.0,"gold_gain":0.0,"event_name":"Cursed Tome","player_choice":"Obtained Book","floor":19.0,"gold_loss":0.0,"damage_taken":16.0},{"damage_healed":0.0,"max_hp_gain":0.0,"max_hp_loss":0.0,"gold_gain":0.0,"event_name":"Masked Bandits","player_choice":"Fought Bandits","floor":21.0,"gold_loss":0.0,"damage_taken":0.0},{"damage_healed":0.0,"max_hp_gain":0.0,"max_hp_loss":0.0,"gold_gain":99.0,"event_name":"Nest","player_choice":"Stole From Cult","floor":25.0,"gold_loss":0.0,"damage_taken":0.0}],"is_beta":false,"boss_relics":[{"not_picked":["Snecko Eye","Black Star"],"picked":"SacredBark"}],"items_purged_floors":[5,14],"is_endless":false,"potions_floor_spawned":[4,11,12,16,18,27],"killed_by":"Automaton","ascension_level":9}}