{"host":"5wwct7e0z3l0f094","time":1613018344,"event":{"mods":["AchievementEnabler","Act Like it!","BaseMod","Hallownest","Highlight Path","Minty Spire (QoL Compilation)","StSLib","SuperFastMode","The Bug Knight"],"gold_per_floor":[367,382,307,307,324,324,353,371,398,363,393,393,34,59,59,59,59],"floor_reached":16,"language":"ENG","playtime":1050,"items_purged":["HollowMod:NailStrikeStart","HollowMod:QuickDashStart"],"score":115,"play_id":"a679bd67-1875-4be8-8d14-19ac5091eeca","local_time":"20210210233904","is_ascension_mode":true,"campfire_choices":[{"data":"HollowMod:FocusHealStart","floor":6.0,"key":"SMITH"},{"data":"HollowMod:AwokenDreamNail","floor":15,"key":"SMITH"}],"circlet_count":0,"master_deck":["HollowMod:NailStrikeStart","HollowMod:NailStrikeStart","HollowMod:NailStrikeStart","HollowMod:QuickDashStart","HollowMod:QuickDashStart","HollowMod:QuickDashStart","HollowMod:FocusHealStart+1","HollowMod:PogoStrike","HollowMod:NewJinnsSoul","HollowMod:DreamGate","HollowMod:MothsMistake","HollowMod:AwokenDreamNail+1","HollowMod:MantisMark"],"relics":["HollowMod:VesselMask","Hallownest:BankAccountRelic","Hallownest:DreamNailRelic","Pen Nib","Vajra","CeramicFish","HollowMod:PaleOreRelic","Regal Pillow"],"acts_visited":["Exordium"],"potions_floor_usage":[16,16],"damage_taken":[{"damage":9.0,"enemies":"2_ Uuma","floor":1.0,"turns":5.0},{"damage":1.0,"enemies":"Hallownest:2_MossCreeps","floor":2.0,"turns":6.0},{"damage":1.0,"enemies":"Hallownest:2_Tiktiks_and_1_Crawlid","floor":5.0,"turns":5.0},{"damage":38,"enemies":"Hallownest:eliteCrystalGuardian","floor":7,"turns":8},{"damage":3,"enemies":"Hallownest:monsterMossCharger","floor":8,"turns":7},{"damage":30,"enemies":"Hallownest:eliteMossKnight","floor":11,"turns":9},{"damage":9,"enemies":"Hallownest:2_Tiktiks_1_Baldur_1_Crawlid","floor":14,"turns":5},{"damage":42,"enemies":"Hallownest:BossHornet","floor":16,"turns":5}],"seed_played":"9180221786211242897","potions_obtained":[{"floor":5.0,"key":"PowerPotion"},{"floor":7,"key":"SpeedPotion"},{"floor":8,"key":"PowerPotion"}],"is_trial":false,"path_per_floor":["M","M","?","?","M","R","E","M","T","$","E","?","$","M","R","B"],"character_chosen":"THE_BUGKNIGHT","items_purchased":["HollowMod:PaleOreRelic","Regal Pillow"],"campfire_rested":0,"item_purchase_floors":[13,13],"current_hp_per_floor":[66,68,68,68,68,68,40,49,49,49,29,29,29,32,32,0,0],"gold":59,"neow_bonus":"TWO_FIFTY_GOLD","is_daily":false,"chose_seed":false,"campfire_upgraded":2,"win_rate":0.0,"timestamp":1613018344,"path_taken":["M","?","?","?","M","R","E","?","T","$","E","?","?","M","R","BOSS"],"items_purchased_type":["Relic","Relic"],"build_version":"2020-12-22","purchased_purges":2,"victory":false,"max_hp_per_floor":[68,68,68,68,68,68,68,68,68,68,68,68,68,68,68,68,68],"card_choices":[{"not_picked":["HollowMod:CycloneSlash","HollowMod:SharpenedShadows","HollowMod:DoubleDash"],"picked":"SKIP","floor":1.0},{"not_picked":["HollowMod:SoulShaman","HollowMod:DashSlash"],"picked":"HollowMod:NewJinnsSoul","floor":2.0},{"not_picked":["HollowMod:DoubleDash","HollowMod:SoulStrike"],"picked":"HollowMod:DreamGate","floor":5.0},{"not_picked":["HollowMod:RecoilStrike","HollowMod:SharpenedNail"],"picked":"HollowMod:MothsMistake","floor":7},{"not_picked":["HollowMod:SiblingsSouls","HollowMod:ShapeofUnn"],"picked":"HollowMod:AwokenDreamNail","floor":8},{"not_picked":["HollowMod:SoulSplash","HollowMod:SiblingsSouls","HollowMod:GoodIntentions"],"picked":"SKIP","floor":11},{"not_picked":["HollowMod:RecoilStrike","HollowMod:SoulSplash"],"picked":"HollowMod:MantisMark","floor":14}],"player_experience":312018,"relics_obtained":[{"floor":7,"key":"Pen Nib"},{"floor":9,"key":"Vajra"},{"floor":11,"key":"CeramicFish"}],"event_choices":[],"is_beta":false,"boss_relics":[],"items_purged_floors":[10,13],"is_endless":false,"potions_floor_spawned":[5,7,8],"killed_by":"Hallownest:BossHornet","ascension_level":1}}