{"host":"a5lz0e76zb3fcwkm","time":1613009207,"event":{"mods":["AchievementEnabler","BaseMod","Colored Map","Colored Powertips","Minty Spire (QoL Compilation)","StSLib","SuperFastMode"],"gold_per_floor":[113,38,38,54,54,54,88,98,98,111,111,138,138,155,155,232,232,242,260,535,547,52,52,52,81,81,81,107,7,18,29,29,100,100,115,128,128,147,22,22,41,76,76,106,106,122,122,122,122,122,122],"floor_reached":50,"language":"KOR","playtime":1257,"items_purged":["Strike_G","Regret","Strike_G"],"score":1300,"play_id":"6d0d4650-dbe3-4448-b87d-e8758d5ea9e0","local_time":"20210211110647","is_ascension_mode":true,"campfire_choices":[{"data":"Venomology","floor":6.0,"key":"SMITH"},{"data":"A Thousand Cuts","floor":15.0,"key":"SMITH"},{"data":"Phantasmal Killer","floor":23.0,"key":"SMITH"},{"data":"Footwork","floor":27.0,"key":"SMITH"},{"data":"After Image","floor":32.0,"key":"SMITH"},{"floor":40,"key":"REST"},{"floor":49,"key":"RECALL"}],"circlet_count":0,"master_deck":["AscendersBane","Strike_G+1","Strike_G+1","Strike_G+1","Defend_G+1","Defend_G+1","Defend_G+1","Defend_G+1","Survivor+1","Neutralize+1","Blade Dance+1","A Thousand Cuts+1","Venomology+1","Deflect+1","Calculated Gamble+1","Backflip+1","Accuracy+1","Phantasmal Killer+1","Cloak And Dagger+1","Acrobatics+1","After Image+1","Footwork+1","Accuracy+1","Blade Dance+1","After Image+1","Blade Dance+1"],"relics":["Ring of the Snake","NeowsBlessing","CaptainsWheel","Girya","Pocketwatch","SlaversCollar","Calipers","Dream Catcher","Letter Opener","Ninja Scroll","Busted Crown","PreservedInsect","Toy Ornithopter","Mark of the Bloom"],"acts_visited":["Exordium","TheCity","TheBeyond"],"potions_floor_usage":[33,33,36,38,41,42,44,50,50],"damage_taken":[{"damage":0.0,"enemies":"Jaw Worm","floor":1.0,"turns":1.0},{"damage":0.0,"enemies":"Small Slimes","floor":4.0,"turns":1.0},{"damage":0.0,"enemies":"Lagavulin","floor":7.0,"turns":1.0},{"damage":0.0,"enemies":"Cultist","floor":8.0,"turns":4.0},{"damage":1.0,"enemies":"Blue Slaver","floor":10.0,"turns":4.0},{"damage":5.0,"enemies":"3 Sentries","floor":12.0,"turns":5.0},{"damage":9.0,"enemies":"3 Louse","floor":14.0,"turns":3.0},{"damage":6.0,"enemies":"Slime Boss","floor":16.0,"turns":6.0},{"damage":13.0,"enemies":"3 Byrds","floor":18.0,"turns":4.0},{"damage":0.0,"enemies":"Chosen","floor":19.0,"turns":4.0},{"damage":24.0,"enemies":"Snake Plant","floor":21.0,"turns":5.0},{"damage":33.0,"enemies":"Slavers","floor":25.0,"turns":5.0},{"damage":3.0,"enemies":"Gremlin Leader","floor":28.0,"turns":4.0},{"damage":9.0,"enemies":"Cultist and Chosen","floor":30.0,"turns":7.0},{"damage":0.0,"enemies":"Centurion and Healer","floor":31.0,"turns":5.0},{"damage":0,"enemies":"Champ","floor":33,"turns":12},{"damage":0,"enemies":"Orb Walker","floor":35,"turns":3},{"damage":22,"enemies":"3 Darklings","floor":36,"turns":4},{"damage":6,"enemies":"Sphere and 2 Shapes","floor":38,"turns":5},{"damage":22,"enemies":"Spire Growth","floor":41,"turns":4},{"damage":0,"enemies":"Giant Head","floor":42,"turns":5},{"damage":3,"enemies":"Reptomancer","floor":44,"turns":4},{"damage":45,"enemies":"Transient","floor":46,"turns":6},{"damage":35,"enemies":"Awakened One","floor":50,"turns":3}],"seed_played":"7375221391405551556","potions_obtained":[{"floor":7.0,"key":"ColorlessPotion"},{"floor":12.0,"key":"Ancient Potion"},{"floor":14.0,"key":"CunningPotion"},{"floor":16.0,"key":"FairyPotion"},{"floor":28.0,"key":"Energy Potion"},{"floor":30.0,"key":"Dexterity Potion"},{"floor":33,"key":"DuplicationPotion"},{"floor":36,"key":"ColorlessPotion"}],"is_trial":false,"path_per_floor":["M","$","?","M","?","R","E","M","T","M","?","E","?","M","R","B",null,"M","M","?","M","$","R","?","E","T","R","E","$","M","M","R","B",null,"M","M","?","M","$","R","M","E","T","E","?","M","?","?","R","B"],"character_chosen":"THE_SILENT","items_purchased":["Calipers","After Image"],"campfire_rested":1,"item_purchase_floors":[22,22],"current_hp_per_floor":[59,59,64,64,64,64,64,64,64,63,63,58,58,49,49,43,64,51,51,51,27,27,27,27,18,18,18,15,15,6,6,6,6,55,55,33,33,27,27,48,26,26,26,23,23,21,21,21,21,0,0],"gold":122,"neow_bonus":"THREE_ENEMY_KILL","is_daily":false,"chose_seed":false,"campfire_upgraded":5,"win_rate":0.0,"timestamp":1613009207,"path_taken":["M","$","?","M","?","R","E","M","T","?","?","E","?","M","R","BOSS","M","?","?","M","?","R","?","E","T","R","E","$","M","M","R","BOSS","M","M","?","?","$","R","M","E","T","E","?","M","?","?","R","BOSS"],"items_purchased_type":["Relic","Card"],"build_version":"2020-12-22","purchased_purges":3,"victory":false,"max_hp_per_floor":[66,66,71,71,71,71,71,71,71,71,71,71,71,71,71,71,71,71,71,71,71,71,71,71,71,71,71,71,71,71,71,71,71,71,71,71,71,71,71,71,71,71,71,71,71,71,71,71,71,71,71],"card_choices":[{"not_picked":["Slice","Underhanded Strike"],"picked":"Blade Dance","floor":1.0},{"not_picked":["Backflip","Prepared"],"picked":"A Thousand Cuts","floor":4.0},{"not_picked":["Quick Slash","Outmaneuver"],"picked":"Deflect","floor":7.0},{"not_picked":["Eviscerate","Riddle With Holes"],"picked":"Calculated Gamble","floor":8.0},{"not_picked":["Deflect","Die Die Die"],"picked":"Backflip","floor":10.0},{"not_picked":["Dagger Spray","Finisher"],"picked":"Accuracy","floor":12.0},{"not_picked":["Poisoned Stab","Dagger Throw","Flying Knee"],"picked":"SKIP","floor":14.0},{"not_picked":["Glass Knife","Tools of the Trade"],"picked":"Phantasmal Killer","floor":16.0},{"not_picked":["Dagger Throw","Bouncing Flask"],"picked":"Cloak And Dagger","floor":18.0},{"not_picked":["Caltrops","Dodge and Roll"],"picked":"Acrobatics","floor":19.0},{"not_picked":["Backflip","Flying Knee","Underhanded Strike"],"picked":"SKIP","floor":21.0},{"not_picked":["Bane","Predator","Leg Sweep"],"picked":"SKIP","floor":25.0},{"not_picked":["Backflip","Reflex"],"picked":"Accuracy","floor":28.0},{"not_picked":["Doppelganger","Backflip"],"picked":"Blade Dance","floor":30.0},{"not_picked":["Bane","Deadly Poison","Finisher"],"picked":"SKIP","floor":31.0},{"not_picked":["A Thousand Cuts","Malaise"],"picked":"After Image","floor":33},{"not_picked":["Skewer"],"picked":"SKIP","floor":35},{"not_picked":["Flying Knee"],"picked":"SKIP","floor":36},{"not_picked":[],"picked":"Blade Dance","floor":38},{"not_picked":["Sucker Punch"],"picked":"SKIP","floor":41},{"not_picked":["Prepared"],"picked":"SKIP","floor":42},{"not_picked":["Quick Slash"],"picked":"SKIP","floor":44},{"not_picked":["Crippling Poison"],"picked":"SKIP","floor":46}],"player_experience":1857115,"relics_obtained":[{"floor":7.0,"key":"CaptainsWheel"},{"floor":9.0,"key":"Girya"},{"floor":12.0,"key":"Pocketwatch"},{"floor":25.0,"key":"Dream Catcher"},{"floor":26.0,"key":"Letter Opener"},{"floor":28.0,"key":"Ninja Scroll"},{"floor":42,"key":"PreservedInsect"},{"floor":44,"key":"Toy Ornithopter"}],"event_choices":[{"damage_healed":0.0,"max_hp_gain":5.0,"max_hp_loss":0.0,"gold_gain":0.0,"event_name":"Big Fish","player_choice":"Donut","floor":3.0,"gold_loss":0.0,"damage_taken":0.0},{"damage_healed":0.0,"max_hp_gain":0.0,"max_hp_loss":0.0,"gold_gain":0.0,"event_name":"Match and Keep!","player_choice":"1 cards matched","floor":5.0,"gold_loss":0.0,"damage_taken":0.0,"cards_obtained":["Venomology"]},{"damage_healed":0.0,"max_hp_gain":0.0,"max_hp_loss":0.0,"gold_gain":0.0,"event_name":"Liars Game","player_choice":"Ignored","floor":11.0,"gold_loss":0.0,"damage_taken":0.0},{"damage_healed":0.0,"max_hp_gain":0.0,"max_hp_loss":0.0,"gold_gain":0.0,"event_name":"Upgrade Shrine","player_choice":"Upgraded","floor":13.0,"gold_loss":0.0,"damage_taken":0.0,"cards_upgraded":["Accuracy"]},{"damage_healed":0.0,"max_hp_gain":0.0,"max_hp_loss":0.0,"gold_gain":275.0,"event_name":"Golden Shrine","player_choice":"Desecrate","floor":20.0,"gold_loss":0.0,"damage_taken":0.0,"cards_obtained":["Regret"]},{"damage_healed":0.0,"max_hp_gain":0.0,"max_hp_loss":0.0,"gold_gain":0.0,"event_name":"The Library","player_choice":"Read","floor":24.0,"gold_loss":0.0,"damage_taken":0.0,"cards_obtained":["Footwork"]},{"cards_removed":["Defend_G"],"damage_healed":0,"gold_gain":0,"player_choice":"Card Removal","damage_taken":0,"max_hp_gain":0,"max_hp_loss":0,"event_name":"Wheel of Change","floor":37,"gold_loss":0},{"damage_healed":0,"gold_gain":0,"player_choice":"Ignored","damage_taken":0,"max_hp_gain":0,"max_hp_loss":0,"event_name":"The Moai Head","floor":45,"gold_loss":0},{"damage_healed":0,"gold_gain":0,"player_choice":"Upgrade","damage_taken":0,"relics_obtained":["Mark of the Bloom"],"max_hp_gain":0,"max_hp_loss":0,"event_name":"MindBloom","floor":47,"gold_loss":0,"cards_upgraded":["Strike_G","Strike_G","Strike_G","Defend_G","Defend_G","Defend_G","Defend_G","Survivor","Neutralize","Blade Dance","Deflect","Calculated Gamble","Backflip","Cloak And Dagger","Acrobatics","Accuracy","Blade Dance","After Image","Blade Dance"]},{"damage_healed":0,"gold_gain":0,"player_choice":"Ignored","damage_taken":0,"max_hp_gain":0,"max_hp_loss":0,"event_name":"Upgrade Shrine","floor":48,"gold_loss":0}],"is_beta":false,"boss_relics":[{"not_picked":["Tiny House","Velvet Choker"],"picked":"SlaversCollar"},{"not_picked":["Runic Pyramid","HoveringKite"],"picked":"Busted Crown"}],"items_purged_floors":[2,29,39],"is_endless":false,"potions_floor_spawned":[7,12,14,16,18,28,30,33,36,38,44],"killed_by":"Awakened One","ascension_level":20}}