{"host":"1mv6gj0zv8k9e9tz","time":1613037540,"event":{"mods":["AchievementEnabler","BaseMod","Better Third Choice","Colored Map","DeckTracker","Highlight Path","KOR Keyword Fix","Keyboard Shortcuts","Minty Spire (QoL Compilation)","Permanent Neow","Quick Restart","Rare Cards Sparkle","StSLib","SuperFastMode","everything is the same but u backflip on backflip"],"gold_per_floor":[116,116,132,147,165,200,200,231,231,231,231,251,251,269,269,342,342,357,372,139,153,203,203,234,245,245,245,245,273,290,249,249,326,326,337,349,396,407,425,425,445,445,445,445,371,371,138,151,151,151,151,151,15,46,46,46],"floor_reached":55,"language":"KOR","playtime":2123,"items_purged":["Strike_B"],"score":1366,"play_id":"87dd21ad-e5bf-41fc-9aa3-f41164f51151","local_time":"20210211185900","is_ascension_mode":true,"campfire_choices":[{"data":"Electrodynamics","floor":7.0,"key":"SMITH"},{"data":"Coolheaded","floor":10.0,"key":"SMITH"},{"data":"Dualcast","floor":13.0,"key":"SMITH"},{"data":"Hologram","floor":15.0,"key":"SMITH"},{"data":"Biased Cognition","floor":23.0,"key":"SMITH"},{"data":"Coolheaded","floor":27.0,"key":"SMITH"},{"data":"Defragment","floor":32.0,"key":"SMITH"},{"data":"Buffer","floor":40.0,"key":"SMITH"},{"data":"Tempest","floor":42.0,"key":"SMITH"},{"floor":46.0,"key":"RECALL"},{"data":"Biased Cognition","floor":49.0,"key":"SMITH"},{"data":"FTL","floor":52,"key":"SMITH"}],"circlet_count":0,"master_deck":["AscendersBane","Defend_B+1","Defend_B+1","Zap+1","Dualcast+1","Electrodynamics+1","Glacier","FTL+1","Leap","Hologram+1","Melter","Coolheaded+1","BootSequence","Core Surge","Chill","Self Repair","Biased Cognition+1","Coolheaded+1","Glacier","Tempest+1","Skim+1","Stack+1","Defragment+1","Buffer+1","Biased Cognition+1","Redo+1","Buffer+1","Defragment+1","Hologram+1","Double Energy+1","Ball Lightning","Biased Cognition+1","Storm","Tempest+1"],"relics":["Cracked Core","Turnip","Question Card","HornCleat","Velvet Choker","OrangePellets","War Paint","Toxic Egg 2","Shuriken","Astrolabe","Peace Pipe","Blood Vial"],"acts_visited":["Exordium","TheCity","TheBeyond","TheEnding"],"potions_floor_usage":[50,54,55,55],"damage_taken":[{"damage":0.0,"enemies":"2 Louse","floor":1.0,"turns":2.0},{"damage":0.0,"enemies":"Cultist","floor":3.0,"turns":3.0},{"damage":0.0,"enemies":"Jaw Worm","floor":4.0,"turns":4.0},{"damage":0.0,"enemies":"3 Louse","floor":5.0,"turns":1.0},{"damage":19.0,"enemies":"3 Sentries","floor":6.0,"turns":5.0},{"damage":9.0,"enemies":"Lagavulin","floor":8.0,"turns":8.0},{"damage":0.0,"enemies":"Large Slime","floor":12.0,"turns":4.0},{"damage":0.0,"enemies":"Exordium Wildlife","floor":14.0,"turns":3.0},{"damage":18.0,"enemies":"The Guardian","floor":16.0,"turns":14.0},{"damage":7.0,"enemies":"3 Byrds","floor":18.0,"turns":4.0},{"damage":0.0,"enemies":"Spheric Guardian","floor":19.0,"turns":4.0},{"damage":0.0,"enemies":"Centurion and Healer","floor":21.0,"turns":5.0},{"damage":48.0,"enemies":"Gremlin Leader","floor":24.0,"turns":5.0},{"damage":3.0,"enemies":"Snake Plant","floor":25.0,"turns":4.0},{"damage":1.0,"enemies":"Book of Stabbing","floor":29.0,"turns":5.0},{"damage":8.0,"enemies":"Shelled Parasite and Fungi","floor":30.0,"turns":4.0},{"damage":0.0,"enemies":"Collector","floor":33.0,"turns":11.0},{"damage":0.0,"enemies":"3 Darklings","floor":35.0,"turns":5.0},{"damage":0.0,"enemies":"Orb Walker","floor":36.0,"turns":4.0},{"damage":21.0,"enemies":"2 Orb Walkers","floor":37.0,"turns":4.0},{"damage":0.0,"enemies":"Jaw Worm Horde","floor":38.0,"turns":3.0},{"damage":0.0,"enemies":"4 Shapes","floor":39.0,"turns":2.0},{"damage":0.0,"enemies":"3 Darklings","floor":41.0,"turns":2.0},{"damage":7.0,"enemies":"Writhing Mass","floor":48.0,"turns":4.0},{"damage":23,"enemies":"Awakened One","floor":50,"turns":23},{"damage":27,"enemies":"Shield and Spear","floor":54,"turns":7},{"damage":42,"enemies":"The Heart","floor":55,"turns":5}],"seed_played":"5024368435465805547","potions_obtained":[{"floor":3.0,"key":"Strength Potion"},{"floor":4.0,"key":"LiquidBronze"},{"floor":5.0,"key":"LiquidMemories"},{"floor":12.0,"key":"EssenceOfSteel"},{"floor":14.0,"key":"SpeedPotion"},{"floor":18.0,"key":"DuplicationPotion"},{"floor":24.0,"key":"EntropicBrew"},{"floor":29.0,"key":"AttackPotion"},{"floor":35.0,"key":"Explosive Potion"},{"floor":38.0,"key":"FocusPotion"},{"floor":39.0,"key":"SpeedPotion"},{"floor":54,"key":"AttackPotion"}],"is_trial":false,"path_per_floor":["M","?","M","M","M","E","R","E","T","R","?","M","R","M","R","B",null,"M","M","$","M","?","R","E","M","T","R","?","E","M","$","R","B",null,"M","M","?","M","M","R","M","R","T","?","$","R","$","M","R","B",null,"R","$","E","B"],"character_chosen":"DEFECT","items_purchased":["OrangePellets","Defragment","Double Energy+1","Ball Lightning","Biased Cognition","Storm","Block Potion"],"campfire_rested":0,"item_purchase_floors":[20,31,45,47,47,53,53],"current_hp_per_floor":[64,64,64,64,64,45,45,36,36,36,36,36,36,36,36,25,54,54,61,61,64,64,64,23,27,27,27,27,33,32,32,32,39,58,64,64,43,50,57,57,57,57,57,57,57,57,57,57,57,34,57,57,57,37,0,0],"gold":46,"neow_bonus":"TRANSFORM_TWO_CARDS","is_daily":false,"chose_seed":false,"campfire_upgraded":11,"win_rate":0.0,"timestamp":1613037540,"path_taken":["M","?","M","M","?","E","R","E","T","R","?","M","R","M","R","BOSS","M","M","$","M","?","R","E","M","T","R","?","E","M","$","R","BOSS","M","M","?","M","M","R","M","R","T","?","?","R","$","M","R","BOSS","R","$","E","BOSS"],"items_purchased_type":["Relic","Card","Card","Card","Card","Card","Potion"],"build_version":"2020-12-22","purchased_purges":1,"victory":false,"max_hp_per_floor":[64,64,64,64,64,64,64,64,64,64,64,64,64,64,64,64,64,64,64,64,64,64,64,64,64,64,64,64,64,64,64,64,64,64,64,64,64,64,64,64,64,64,64,64,64,64,64,64,64,64,64,64,64,64,64,64],"card_choices":[{"not_picked":["Redo","Gash"],"picked":"Glacier","floor":1.0},{"not_picked":["Sweeping Beam","Conserve Battery"],"picked":"Hologram","floor":3.0},{"not_picked":["Streamline","Stack"],"picked":"Melter","floor":4.0},{"not_picked":["Undo","Cold Snap"],"picked":"Coolheaded","floor":5.0},{"not_picked":["Gash","Compile Driver"],"picked":"BootSequence","floor":6.0},{"not_picked":["Rebound","Scrape"],"picked":"Core Surge","floor":8.0},{"not_picked":["Scrape","Beam Cell","Cold Snap"],"picked":"Chill","floor":12.0},{"not_picked":["Hello World","Cold Snap","Gash"],"picked":"Self Repair","floor":14.0},{"not_picked":["Meteor Strike","Creative AI","Hyperbeam"],"picked":"Biased Cognition","floor":16.0},{"not_picked":["Rip and Tear","Go for the Eyes","Stack"],"picked":"Coolheaded","floor":18.0},{"not_picked":["Leap","Static Discharge","Force Field","Steam Power"],"picked":"SKIP","floor":19.0},{"not_picked":["Go for the Eyes","Auto Shields","Fusion","Force Field"],"picked":"SKIP","floor":21.0},{"not_picked":["Melter","Rebound","Core Surge"],"picked":"Glacier","floor":24.0},{"not_picked":["Compile Driver","Barrage","Cold Snap"],"picked":"Tempest","floor":25.0},{"not_picked":["Streamline","FTL","Turbo+1"],"picked":"Skim+1","floor":29.0},{"not_picked":["Turbo+1","Storm","Heatsinks+1"],"picked":"Stack+1","floor":30.0},{"not_picked":["Core Surge","Hyperbeam","Multi-Cast+1"],"picked":"Buffer","floor":33.0},{"not_picked":["Stack+1","Steam+1","Go for the Eyes+1","Rip and Tear"],"picked":"SKIP","floor":35.0},{"not_picked":["Stack+1","Steam+1","Go for the Eyes+1","Rip and Tear"],"picked":"SKIP","floor":35.0},{"not_picked":["Multi-Cast+1","Aggregate+1","Redo+1"],"picked":"Defragment+1","floor":36.0},{"not_picked":["Coolheaded+1","Force Field+1","Steam+1"],"picked":"Hologram+1","floor":37.0},{"not_picked":["Darkness+1","Sweeping Beam","Consume+1","Recycle+1"],"picked":"SKIP","floor":38.0},{"not_picked":["Self Repair+1","Melter","Heatsinks","Rebound+1"],"picked":"SKIP","floor":39.0},{"not_picked":["Darkness+1","Recycle+1","Gash","Barrage+1"],"picked":"SKIP","floor":41.0},{"not_picked":["Leap+1","Rebound","Turbo+1","Beam Cell+1"],"picked":"SKIP","floor":48.0},{"not_picked":["Melter+1","Steam+1","Cold Snap"],"picked":"Tempest+1","floor":54}],"player_experience":639756,"relics_obtained":[{"floor":6.0,"key":"Turnip"},{"floor":8.0,"key":"Question Card"},{"floor":9.0,"key":"HornCleat"},{"floor":24.0,"key":"War Paint"},{"floor":26.0,"key":"Toxic Egg 2"},{"floor":29.0,"key":"Shuriken"},{"floor":37.0,"key":"Peace Pipe"},{"floor":54,"key":"Blood Vial"}],"event_choices":[{"damage_healed":0.0,"max_hp_gain":0.0,"max_hp_loss":0.0,"gold_gain":0.0,"event_name":"Match and Keep!","player_choice":"2 cards matched","floor":2.0,"gold_loss":0.0,"damage_taken":0.0,"cards_obtained":["FTL","Leap"]},{"damage_healed":0.0,"max_hp_gain":0.0,"max_hp_loss":0.0,"gold_gain":0.0,"event_name":"Upgrade Shrine","player_choice":"Upgraded","floor":11.0,"gold_loss":0.0,"damage_taken":0.0,"cards_upgraded":["Zap"]},{"damage_healed":0.0,"max_hp_gain":0.0,"max_hp_loss":0.0,"gold_gain":50.0,"event_name":"betterThird:BetterNest","player_choice":"Steal","floor":22.0,"gold_loss":0.0,"damage_taken":0.0},{"damage_healed":0.0,"max_hp_gain":0.0,"max_hp_loss":0.0,"gold_gain":0.0,"event_name":"Mysterious Sphere","player_choice":"Fight","floor":37.0,"gold_loss":0.0,"damage_taken":0.0},{"cards_removed":["Go for the Eyes"],"damage_healed":0.0,"max_hp_gain":0.0,"max_hp_loss":0.0,"gold_gain":0.0,"event_name":"Falling","player_choice":"Removed Attack","floor":44.0,"gold_loss":0.0,"damage_taken":0.0}],"is_beta":false,"boss_relics":[{"not_picked":["Runic Dome","Empty Cage"],"picked":"Velvet Choker"},{"not_picked":["Busted Crown","Calling Bell"],"picked":"Astrolabe"}],"items_purged_floors":[20],"is_endless":false,"potions_floor_spawned":[3,4,5,12,14,18,24,29,35,38,39,48,54],"killed_by":"The Heart","ascension_level":18}}