{"host":"y3h3n3f7seyagppx","time":1613079572,"event":{"mods":["AlwaysNeverKeys","BaseMod","Better Vampires","Colored Powertips","DeckTracker","Emptier Cage","Minty Spire (QoL Compilation)","Permanent Neow","Quick Restart","Rare Cards Sparkle","Relic Sorter","Relic Stats","StSLib","Transform Curses"],"gold_per_floor":[112,128,128,0,19,46,65,90,114,114,139,158,158,186,186,258,258,272,307,321,321,340,367,367,393,393,419,54,89,89,139,139,211,211,230,230,246,246,246,274,274,305,305,355,380,396,618,255,255,255,255,255,255,26,58,58],"floor_reached":57,"language":"ENG","playtime":8120,"items_purged":["Decay","Strike_R"],"score":3224,"play_id":"7375b03a-548b-4f7c-9a53-d9c9e25cbda1","local_time":"20210211163932","is_ascension_mode":true,"campfire_choices":[{"data":"Perfected Strike","floor":10.0,"key":"SMITH"},{"data":"Armaments","floor":13.0,"key":"SMITH"},{"data":"Bash","floor":15.0,"key":"SMITH"},{"data":"Shrug It Off","floor":24.0,"key":"SMITH"},{"data":"Body Slam","floor":32.0,"key":"SMITH"},{"data":"Barricade","floor":41,"key":"SMITH"},{"data":"Flame Barrier","floor":49,"key":"SMITH"},{"data":"Defend_R","floor":53,"key":"SMITH"}],"circlet_count":0,"master_deck":["AscendersBane","Strike_R","Strike_R","Strike_R","Defend_R+1","Defend_R","Defend_R+1","Defend_R+1","Bash+1","Perfected Strike+1","Pommel Strike","Pommel Strike","Armaments+1","Flame Barrier+1","Shrug It Off+1","Disarm+1","True Grit+1","Flame Barrier+1","Impervious+1","Spot Weakness+1","Havoc+1","Feel No Pain+1","Spot Weakness+1","Anger","Seeing Red+1","True Grit+1","Offering+1","Second Wind+1","Entrench+1","Body Slam+1","Shockwave+1","Barricade+1","Intimidate+1","Impervious+1","Dark Embrace+1"],"relics":["Burning Blood","Thread and Needle","Pantograph","War Paint","Regal Pillow","Pen Nib","Toxic Egg 2","Darkstone Periapt","Runic Pyramid","Red Mask","PreservedInsect","Mummified Hand","Oddly Smooth Stone","Juzu Bracelet","Letter Opener","Boot","Busted Crown","Centennial Puzzle","HornCleat","Strawberry","Frozen Egg 2","Girya","Ginger","Toolbox","Kunai"],"acts_visited":["Exordium","TheCity","TheBeyond","TheEnding"],"potions_floor_usage":[44,56,56],"damage_taken":[{"damage":3.0,"enemies":"Jaw Worm","floor":1.0,"turns":5.0},{"damage":2.0,"enemies":"Cultist","floor":2.0,"turns":3.0},{"damage":0.0,"enemies":"Small Slimes","floor":5.0,"turns":2.0},{"damage":25.0,"enemies":"3 Sentries","floor":6.0,"turns":8.0},{"damage":0.0,"enemies":"Exordium Wildlife","floor":7.0,"turns":4.0},{"damage":11.0,"enemies":"Lagavulin","floor":8.0,"turns":7.0},{"damage":21.0,"enemies":"Gremlin Nob","floor":11.0,"turns":4.0},{"damage":0.0,"enemies":"Blue Slaver","floor":12.0,"turns":6.0},{"damage":3.0,"enemies":"3 Sentries","floor":14.0,"turns":11.0},{"damage":38.0,"enemies":"Slime Boss","floor":16.0,"turns":8.0},{"damage":0.0,"enemies":"Shell Parasite","floor":18.0,"turns":3.0},{"damage":34.0,"enemies":"Masked Bandits","floor":19.0,"turns":7.0},{"damage":0.0,"enemies":"Chosen","floor":20.0,"turns":7.0},{"damage":4.0,"enemies":"Shelled Parasite and Fungi","floor":22.0,"turns":6.0},{"damage":0.0,"enemies":"Book of Stabbing","floor":23.0,"turns":6.0},{"damage":0.0,"enemies":"Gremlin Leader","floor":25.0,"turns":4.0},{"damage":0.0,"enemies":"Slavers","floor":27.0,"turns":4.0},{"damage":6.0,"enemies":"Book of Stabbing","floor":29.0,"turns":3.0},{"damage":7.0,"enemies":"Champ","floor":33.0,"turns":12.0},{"damage":7,"enemies":"3 Darklings","floor":35,"turns":6},{"damage":0,"enemies":"3 Shapes","floor":37,"turns":4},{"damage":11,"enemies":"Giant Head","floor":40,"turns":4},{"damage":5,"enemies":"Reptomancer","floor":42,"turns":6},{"damage":0,"enemies":"2 Orb Walkers","floor":44,"turns":5},{"damage":0,"enemies":"Mind Bloom Boss Battle","floor":45,"turns":3},{"damage":6,"enemies":"3 Darklings","floor":46,"turns":5},{"damage":6,"enemies":"Donu and Deca","floor":50,"turns":7},{"damage":13,"enemies":"Awakened One","floor":51,"turns":13},{"damage":0,"enemies":"Shield and Spear","floor":55,"turns":9},{"damage":28,"enemies":"The Heart","floor":56,"turns":10}],"seed_played":"315352074573304442","potions_obtained":[{"floor":7.0,"key":"DistilledChaos"},{"floor":8.0,"key":"SpeedPotion"},{"floor":14.0,"key":"DistilledChaos"},{"floor":22.0,"key":"BloodPotion"},{"floor":23.0,"key":"Swift Potion"},{"floor":29.0,"key":"GamblersBrew"}],"is_trial":false,"path_per_floor":["M","M","?","$","M","E","M","E","T","R","E","M","R","E","R","B",null,"M","?","M","?","M","E","R","E","T","E","$","E","?","?","R","B",null,"M","?","M","T","?","E","R","E","T","?","?","M","?","$","R","B","B",null,"R","$","E","B",null],"character_chosen":"IRONCLAD","items_purchased":["Pommel Strike","Entrench+1","Letter Opener","Impervious+1","Dark Embrace+1","SkillPotion","Toolbox"],"campfire_rested":0,"item_purchase_floors":[4,28,28,48,48,54,54],"current_hp_per_floor":[71,75,57,57,63,44,50,45,45,45,30,36,36,39,39,32,64,70,42,48,48,50,71,71,75,75,75,75,75,75,75,75,74,75,74,74,75,75,75,70,70,78,78,82,82,82,82,82,82,82,75,80,80,80,82,60],"gold":58,"neow_bonus":"ONE_RARE_RELIC","is_daily":false,"chose_seed":false,"campfire_upgraded":8,"win_rate":0.0,"timestamp":1613079572,"path_taken":["M","M","?","$","M","E","M","E","T","R","E","M","R","E","R","BOSS","M","?","M","?","M","E","R","E","T","E","$","E","?","?","R","BOSS","M","?","M","?","?","E","R","E","T","?","?","M","?","?","R","BOSS","BOSS","R","$","E","BOSS"],"items_purchased_type":["Card","Card","Relic","Card","Card","Potion","Relic"],"build_version":"2020-12-22","purchased_purges":2,"victory":true,"max_hp_per_floor":[75,75,75,75,75,75,75,75,75,75,75,75,75,75,75,75,75,75,75,75,75,75,75,75,75,75,75,75,75,75,75,75,75,75,75,75,75,75,75,75,75,82,82,82,82,82,82,82,82,82,82,82,82,82,82,82],"relic_stats":{"Darkstone Periapt":0,"Regal Pillow":0,"counters":[30,182],"Pen Nib":[21],"PreservedInsect":401,"Juzu Bracelet":2,"Letter Opener":[286],"Ginger":[2],"War Paint":["Defend_R","Defend_R"],"Boot":[9],"Burning Blood":155,"Centennial Puzzle":[18],"Busted Crown":18,"Mummified Hand":[33],"Pantograph":25,"Kunai":[1],"obtain_stats":[{"Darkstone Periapt":14,"Regal Pillow":8,"Juzu Bracelet":27,"Ginger":45,"Boot":29,"Burning Blood":0,"Centennial Puzzle":38,"HornCleat":40,"Mummified Hand":25,"Pantograph":3,"Strawberry":42,"Toolbox":54,"Red Mask":19,"Kunai":55,"Toxic Egg 2":11,"Runic Pyramid":17,"Girya":44,"Oddly Smooth Stone":26,"Thread and Needle":0,"Pen Nib":9,"PreservedInsect":23,"Letter Opener":28,"War Paint":6,"Frozen Egg 2":43,"Busted Crown":34},{"Darkstone Periapt":9,"Regal Pillow":6,"Juzu Bracelet":17,"Ginger":25,"Boot":18,"Burning Blood":0,"Centennial Puzzle":21,"HornCleat":22,"Mummified Hand":16,"Pantograph":2,"Strawberry":23,"Toolbox":28,"Red Mask":12,"Kunai":29,"Toxic Egg 2":7,"Runic Pyramid":10,"Girya":24,"Oddly Smooth Stone":16,"Thread and Needle":0,"Pen Nib":6,"PreservedInsect":15,"Letter Opener":17,"War Paint":4,"Frozen Egg 2":23,"Busted Crown":19},{"Darkstone Periapt":50,"Regal Pillow":29,"Juzu Bracelet":95,"Ginger":138,"Boot":98,"Burning Blood":0,"Centennial Puzzle":120,"HornCleat":124,"Mummified Hand":91,"Pantograph":8,"Strawberry":130,"Toolbox":163,"Red Mask":68,"Kunai":172,"Toxic Egg 2":33,"Runic Pyramid":58,"Girya":135,"Oddly Smooth Stone":91,"Thread and Needle":0,"Pen Nib":29,"PreservedInsect":87,"Letter Opener":95,"War Paint":18,"Frozen Egg 2":130,"Busted Crown":110}]},"card_choices":[{"not_picked":["Clash","Shrug It Off"],"picked":"Perfected Strike","floor":1.0},{"not_picked":["Dark Embrace","Juggernaut","Flex"],"picked":"SKIP","floor":2.0},{"not_picked":["Bloodletting","True Grit"],"picked":"Pommel Strike","floor":5.0},{"not_picked":["Clothesline","Hemokinesis"],"picked":"Armaments","floor":6.0},{"not_picked":["Warcry","True Grit"],"picked":"Flame Barrier","floor":7.0},{"not_picked":["Limit Break","Perfected Strike"],"picked":"Shrug It Off","floor":8.0},{"not_picked":["Wild Strike","Hemokinesis"],"picked":"Disarm+1","floor":11.0},{"not_picked":["Sever Soul","Cleave"],"picked":"True Grit+1","floor":12.0},{"not_picked":["Headbutt","Flex+1"],"picked":"Flame Barrier+1","floor":14.0},{"not_picked":["Exhume+1","Brutality"],"picked":"Impervious+1","floor":16.0},{"not_picked":["Heavy Blade","Thunderclap+1"],"picked":"Spot Weakness+1","floor":18.0},{"not_picked":["Wild Strike","Rampage"],"picked":"Havoc+1","floor":19.0},{"not_picked":["Twin Strike","Second Wind+1"],"picked":"Feel No Pain+1","floor":20.0},{"not_picked":["Thunderclap","Anger"],"picked":"Seeing Red+1","floor":22.0},{"not_picked":["Havoc+1","Burning Pact+1"],"picked":"True Grit+1","floor":23.0},{"not_picked":["Inflame","Rupture"],"picked":"Offering+1","floor":25.0},{"not_picked":["Sever Soul","Armaments+1"],"picked":"Second Wind+1","floor":27.0},{"not_picked":["Armaments+1","Metallicize"],"picked":"Body Slam","floor":29.0},{"not_picked":["Impervious+1","Brutality"],"picked":"Barricade","floor":33.0},{"not_picked":["Anger"],"picked":"SKIP","floor":35},{"not_picked":["Perfected Strike"],"picked":"SKIP","floor":37},{"not_picked":["Ghostly Armor+1"],"picked":"SKIP","floor":40},{"not_picked":["Infernal Blade+1"],"picked":"SKIP","floor":42},{"not_picked":[],"picked":"Intimidate+1","floor":45},{"not_picked":["Seeing Red+1"],"picked":"SKIP","floor":46},{"not_picked":["Seeing Red+1"],"picked":"SKIP","floor":46},{"not_picked":["Twin Strike"],"picked":"SKIP","floor":55}],"player_experience":22136770,"relics_obtained":[{"floor":6.0,"key":"War Paint"},{"floor":8.0,"key":"Regal Pillow"},{"floor":9.0,"key":"Pen Nib"},{"floor":11.0,"key":"Toxic Egg 2"},{"floor":14.0,"key":"Darkstone Periapt"},{"floor":19.0,"key":"Red Mask"},{"floor":23.0,"key":"PreservedInsect"},{"floor":25.0,"key":"Mummified Hand"},{"floor":26.0,"key":"Oddly Smooth Stone"},{"floor":27.0,"key":"Juzu Bracelet"},{"floor":29.0,"key":"Boot"},{"floor":38,"key":"Centennial Puzzle"},{"floor":40,"key":"HornCleat"},{"floor":42,"key":"Strawberry"},{"floor":43,"key":"Frozen Egg 2"},{"floor":44,"key":"Girya"},{"floor":45,"key":"Ginger"},{"floor":55,"key":"Kunai"}],"event_choices":[{"damage_healed":0.0,"max_hp_gain":0.0,"max_hp_loss":0.0,"gold_gain":0.0,"event_name":"Scrap Ooze","player_choice":"Success","floor":3.0,"gold_loss":0.0,"damage_taken":18.0,"relics_obtained":["Pantograph"]},{"damage_healed":0.0,"max_hp_gain":0.0,"max_hp_loss":0.0,"gold_gain":0.0,"event_name":"Masked Bandits","player_choice":"Fought Bandits","floor":19.0,"gold_loss":0.0,"damage_taken":0.0},{"damage_healed":0.0,"max_hp_gain":0.0,"max_hp_loss":0.0,"gold_gain":0.0,"event_name":"Match and Keep!","player_choice":"2 cards matched","floor":21.0,"gold_loss":0.0,"damage_taken":0.0,"cards_obtained":["Spot Weakness","Anger"]},{"damage_healed":0.0,"max_hp_gain":0.0,"max_hp_loss":0.0,"gold_gain":0.0,"event_name":"The Library","player_choice":"Read","floor":30.0,"gold_loss":0.0,"damage_taken":0.0,"cards_obtained":["Shockwave"]},{"damage_healed":0.0,"max_hp_gain":0.0,"max_hp_loss":0.0,"gold_gain":50.0,"event_name":"Nest","player_choice":"Stole From Cult","floor":31.0,"gold_loss":0.0,"damage_taken":0.0},{"cards_removed":["Strike_R"],"damage_healed":0,"gold_gain":0,"player_choice":"Removed Attack","damage_taken":0,"max_hp_gain":0,"max_hp_loss":0,"event_name":"Falling","floor":36,"gold_loss":0},{"damage_healed":0,"gold_gain":0,"player_choice":"Memory 1","damage_taken":0,"max_hp_gain":0,"max_hp_loss":0,"event_name":"SensoryStone","floor":39,"gold_loss":0},{"damage_healed":0,"gold_gain":0,"player_choice":"Fight","damage_taken":0,"max_hp_gain":0,"max_hp_loss":0,"event_name":"Mysterious Sphere","floor":44,"gold_loss":0},{"damage_healed":0,"gold_gain":0,"player_choice":"Fight","damage_taken":0,"max_hp_gain":0,"max_hp_loss":0,"event_name":"MindBloom","floor":45,"gold_loss":0},{"damage_healed":0,"gold_gain":222,"player_choice":"Wore Mask","damage_taken":0,"max_hp_gain":0,"max_hp_loss":0,"event_name":"Tomb of Lord Red Mask","floor":47,"gold_loss":0}],"is_beta":false,"boss_relics":[{"not_picked":["Runic Dome","Tiny House"],"picked":"Runic Pyramid"},{"not_picked":["Velvet Choker","Empty Cage"],"picked":"Busted Crown"}],"items_purged_floors":[4,48],"is_endless":false,"potions_floor_spawned":[7,8,14,22,23,29,33,37,42],"ascension_level":20}}