{"host":"31srvgftwd43oumg","time":1613087139,"event":{"mods":["BaseMod","BetterRewards","Card Forge","Downfall","Hubris","Infinite Spire","Koishi","Luminous","Marisa????????","Minty Spire (QoL Compilation)","Remilia??????","Replay The Spire","Shop Mod","StSLib","The Bug Knight","The Cursed","The Death Knight","The Exalted","The Hierophant","The Mystic","The Necromancer"],"gold_per_floor":[116,135,153,172,222,235,235,235],"floor_reached":7,"language":"ENG","playtime":248,"items_purged":[],"score":45,"play_id":"465cf885-5a5a-4cd7-a8b9-81538b98de2c","local_time":"20210211174539","is_ascension_mode":false,"campfire_choices":[],"circlet_count":0,"master_deck":["Strike_R","Strike_R","Strike_R","Strike_R","Strike_R","Defend_R","Defend_R","Defend_R","Defend_R","Bash","Double Tap","Thunderclap","Metallicize","Battle Trance"],"relics":["Burning Blood","Hammer of Thor","Seething Fire","Anvil of the Gods","hubris:OldNail"],"acts_visited":["Exordium"],"potions_floor_usage":[],"damage_taken":[{"damage":0,"enemies":"Cultist","floor":1,"turns":3},{"damage":2,"enemies":"2 Louse","floor":2,"turns":2},{"damage":1,"enemies":"Jaw Worm","floor":3,"turns":3},{"damage":26,"enemies":"Exordium Thugs","floor":4,"turns":6},{"damage":13,"enemies":"3 Louse","floor":6,"turns":5},{"damage":0,"enemies":"3 Sentries","floor":7,"turns":1}],"seed_played":"7376430269335458145","potions_obtained":[{"floor":3,"key":"Strength Potion"},{"floor":4,"key":"Weak Potion"}],"is_trial":false,"path_per_floor":["M","M","M","M","T","M","E"],"character_chosen":"IRONCLAD","items_purchased":[],"campfire_rested":0,"item_purchase_floors":[],"current_hp_per_floor":[80,80,80,60,60,53,53,53],"gold":235,"neow_bonus":"ONE_RANDOM_RARE_CARD","is_daily":false,"chose_seed":false,"campfire_upgraded":0,"win_rate":0.0,"timestamp":1613087139,"path_taken":["M","M","M","M","?","M","E"],"items_purchased_type":[],"build_version":"2020-12-22","purchased_purges":0,"victory":false,"max_hp_per_floor":[80,80,80,80,80,80,80,80],"card_choices":[{"not_picked":["Sword Boomerang","Pommel Strike"],"picked":"Thunderclap","floor":1},{"not_picked":["ReplayTheSpireMod:Stacked","hubris:ReadiedAction","Shrug It Off"],"picked":"SKIP","floor":2},{"not_picked":["hubris:SharpeningStone","Infernal Blade"],"picked":"Metallicize","floor":3},{"not_picked":["Flex","Dropkick"],"picked":"Battle Trance","floor":4},{"not_picked":["Twin Strike","Run Through","Wild Strike"],"picked":"SKIP","floor":6}],"player_experience":1021221,"relics_obtained":[{"floor":5,"key":"hubris:OldNail"}],"event_choices":[],"is_beta":false,"boss_relics":[],"items_purged_floors":[],"is_endless":false,"potions_floor_spawned":[3,4],"killed_by":"3 Sentries","ascension_level":0}}