{"host":"ishme5wb80o83upk","time":1613066840,"event":{"mods":["Act Like it!","Arknights","BaseMod","Minty Spire (QoL Compilation)","StSLib"],"gold_per_floor":[115,115,131,150,164,164,194,194,246,246,258,258,285,285,285,381,381,400,400,86,105,118,118,118,151,200,240,252,264,264],"floor_reached":29,"language":"KOR","playtime":1030,"items_purged":["ats:Strike V"],"score":352,"play_id":"ffe5b825-e8d7-4fa9-ac18-3b2f8abab4b7","local_time":"20210212030720","is_ascension_mode":true,"campfire_choices":[{"data":"ats:Armor Crushing Shot","floor":6,"key":"SMITH"},{"data":"ats:Closed Bolt Burst Fire","floor":8,"key":"SMITH"},{"data":"ats:Overload","floor":10,"key":"SMITH"},{"data":"ats:Echo Reverb","floor":15,"key":"SMITH"},{"data":"ats:Emotion Absorption","floor":23,"key":"SMITH"}],"circlet_count":0,"master_deck":["ats:Strike C","ats:Strike G","ats:Strike S","ats:Armor Crushing Shot+1","ats:Defend","ats:Defend","ats:Defend","ats:Emotion Absorption+1","Finesse","ats:Ignite","ats:Powerful Strike","ats:Flexible Camouflage","ats:Closed Bolt Burst Fire+1","ats:Shell Defense","ats:Overload+1","ats:Burning Ground","ats:Echo Reverb+1","ats:Calcification","ats:Mental Burst+1","ats:Flame Of Heaven","ats:Apocalypse+1"],"relics":["ats:Sanity","ats:Originium","Mercury Hourglass","Centennial Puzzle","Omamori","Gremlin Horn","Velvet Choker","WarpedTongs","Shuriken","Meat on the Bone","MawBank","InkBottle","Enchiridion"],"acts_visited":["Exordium","TheCity"],"potions_floor_usage":[13,25,29],"damage_taken":[{"damage":13,"enemies":"Small Slimes","floor":1,"turns":5},{"damage":6,"enemies":"ats:Genji","floor":3,"turns":2},{"damage":6,"enemies":"Cultist","floor":4,"turns":3},{"damage":0,"enemies":"Exordium Wildlife","floor":5,"turns":2},{"damage":25,"enemies":"3 Sentries","floor":7,"turns":5},{"damage":11,"enemies":"Looter","floor":11,"turns":3},{"damage":10,"enemies":"Gremlin Nob","floor":13,"turns":3},{"damage":18,"enemies":"Hexaghost","floor":16,"turns":7},{"damage":9,"enemies":"3 Byrds","floor":18,"turns":5},{"damage":1,"enemies":"Shell Parasite","floor":21,"turns":3},{"damage":5,"enemies":"Snecko","floor":22,"turns":3},{"damage":15,"enemies":"Slavers","floor":25,"turns":4},{"damage":27,"enemies":"Book of Stabbing","floor":27,"turns":4},{"damage":28,"enemies":"Slavers","floor":29,"turns":1}],"seed_played":"-6487431921079437238","potions_obtained":[{"floor":1,"key":"FairyPotion"},{"floor":3,"key":"Ancient Potion"},{"floor":11,"key":"Fruit Juice"},{"floor":13,"key":"PowerPotion"},{"floor":21,"key":"GamblersBrew"},{"floor":25,"key":"PowerPotion"}],"is_trial":false,"path_per_floor":["M","?","M","M","M","R","E","R","T","R","M","?","E","?","R","B",null,"M","?","$","M","M","R","?","E","T","E","?","E"],"character_chosen":"DOCTOR_CLASS","items_purchased":["Shuriken"],"campfire_rested":0,"item_purchase_floors":[20],"current_hp_per_floor":[52,52,46,40,40,40,15,15,15,15,4,10,7,32,32,17,62,56,56,56,58,55,55,55,48,48,43,27,0,0],"gold":264,"neow_bonus":"RANDOM_COLORLESS","is_daily":false,"chose_seed":false,"campfire_upgraded":5,"win_rate":0.0,"timestamp":1613066840,"path_taken":["M","?","M","M","M","R","E","R","T","R","M","?","E","?","R","BOSS","M","?","$","M","?","R","?","E","T","E","?","E"],"items_purchased_type":["Relic"],"build_version":"2020-12-22","purchased_purges":1,"victory":false,"max_hp_per_floor":[72,72,72,72,72,72,72,72,72,72,72,72,77,77,77,77,77,77,77,77,77,77,77,77,77,77,77,77,77,77],"card_choices":[{"not_picked":["Panacea","Forethought"],"picked":"Finesse","floor":0},{"not_picked":["ats:Blood Oath","ats:Consecutive Shot Auto"],"picked":"ats:Ignite","floor":1},{"not_picked":["ats:Poison Spread","ats:Explosion Area Strengthen"],"picked":"ats:Flexible Camouflage","floor":3},{"not_picked":["ats:Powerful Strike","ats:Composite Medical Shells"],"picked":"ats:Closed Bolt Burst Fire","floor":4},{"not_picked":["ats:Defend Order","ats:Poison Spread"],"picked":"ats:Shell Defense","floor":5},{"not_picked":["ats:Shell Defense","ats:Poison Spread"],"picked":"ats:Overload","floor":7},{"not_picked":["ats:Shell Defense","ats:Sunburst"],"picked":"ats:Burning Ground","floor":11},{"not_picked":["ats:Beaten Up","ats:Curse Doll"],"picked":"ats:Echo Reverb","floor":13},{"not_picked":["ats:Wolf Pack","ats:Echo Reverb"],"picked":"ats:Calcification","floor":16},{"not_picked":["ats:Powerful Strike","ats:Collapsing Strike"],"picked":"ats:Mental Burst+1","floor":18},{"not_picked":["ats:Assault Order","ats:Collapsing Strike","ats:Curse Doll+1"],"picked":"SKIP","floor":21},{"not_picked":["ats:Soul Rend","ats:Flexible Camouflage+1","ats:Defend Order"],"picked":"SKIP","floor":22},{"not_picked":["ats:Powerful Strike","ats:Cat Scratch"],"picked":"ats:Apocalypse+1","floor":25},{"not_picked":["ats:Closed Bolt Burst Fire+1","ats:Soul Absorption","ats:Explosion Area Strengthen+1"],"picked":"SKIP","floor":27}],"player_experience":1089878,"relics_obtained":[{"floor":7,"key":"ats:Originium"},{"floor":7,"key":"Mercury Hourglass"},{"floor":9,"key":"Centennial Puzzle"},{"floor":13,"key":"ats:Originium"},{"floor":13,"key":"Gremlin Horn"},{"floor":25,"key":"ats:Originium"},{"floor":25,"key":"Meat on the Bone"},{"floor":26,"key":"MawBank"},{"floor":27,"key":"ats:Originium"},{"floor":27,"key":"InkBottle"},{"floor":28,"key":"Enchiridion"}],"event_choices":[{"damage_healed":0,"gold_gain":0,"cards_transformed":["ats:Defend"],"player_choice":"Change","damage_taken":0,"max_hp_gain":0,"max_hp_loss":0,"event_name":"Living Wall","floor":2,"gold_loss":0,"cards_obtained":["ats:Powerful Strike"]},{"damage_healed":0,"gold_gain":0,"player_choice":"Success","damage_taken":18,"relics_obtained":["Omamori"],"max_hp_gain":0,"max_hp_loss":0,"event_name":"Scrap Ooze","floor":12,"gold_loss":0},{"damage_healed":25,"gold_gain":0,"player_choice":"Banana","damage_taken":0,"max_hp_gain":0,"max_hp_loss":0,"event_name":"Big Fish","floor":14,"gold_loss":0},{"damage_healed":0,"gold_gain":0,"player_choice":"Rummage","damage_taken":0,"relics_obtained":["WarpedTongs"],"max_hp_gain":0,"max_hp_loss":0,"event_name":"Accursed Blacksmith","floor":19,"gold_loss":0,"cards_obtained":["Pain"]},{"damage_healed":0,"gold_gain":0,"player_choice":"Read","damage_taken":0,"max_hp_gain":0,"max_hp_loss":0,"event_name":"The Library","floor":24,"gold_loss":0,"cards_obtained":["ats:Flame Of Heaven"]},{"damage_healed":0,"gold_gain":0,"player_choice":"Obtained Book","damage_taken":16,"max_hp_gain":0,"max_hp_loss":0,"event_name":"Cursed Tome","floor":28,"gold_loss":0}],"is_beta":false,"boss_relics":[{"not_picked":["Calling Bell","Snecko Eye"],"picked":"Velvet Choker"}],"items_purged_floors":[20],"is_endless":false,"potions_floor_spawned":[1,3,11,13,21,25],"killed_by":"Slavers","ascension_level":6}}