{"host":"ryxkq7m36cv0y2ky","time":1613069923,"event":{"mods":["100% Spire Juice","Act Like it!","Arknights","Bard","BaseMod","CapriCore","Dio Mod","Downfall","Ekko","Gensokyo","Gremlin Mod","GungeonMod","Hermit","HololiveMod","Hubris","Hunter ??","Jorbs\u0027s Wanderer Trilogy","Marisa????????","Minty Spire (QoL Compilation)","Nova Terra(??·??)","Reliquary","Remilia??????","Replay The Spire","Robot Space Explorer","SOS???????","Shade Mod","Spire Arcade","StSLib","The Animator","The Blackbeard","The Bladedancer","The Disciple","The Exalted","The Forsaken","The Hayseed","The Immortal","The Judge","The Juggle","The Marked","The Mystic","The Necromancer","The Poker Player","The Runesmith","The Saiyan","The Senshi","The Servant 0.9.4","The Showman","The Witch","TheVacant","Yakumo Yukari mod","thorton","????"],"gold_per_floor":[147,167,167,167,180,245,7,7,86,86,46,408,408,408,408],"floor_reached":14,"language":"ENG","playtime":552,"items_purged":[],"score":111,"play_id":"7f865d02-5561-4318-9adb-73650fa0eb8f","local_time":"20210212052843","is_ascension_mode":false,"campfire_choices":[{"floor":8,"key":"RECALL"},{"data":"CultistPetCall","floor":10,"key":"SMITH"},{"floor":13,"key":"REST"}],"circlet_count":0,"master_deck":["Strike_Giant","Strike_Giant","Defend_Giant","Defend_Giant","Defend_Giant","CultistPetCall+1","EagleFirst","EagleFirst","EagleSecond","CultistPetCall","EagleSecond","CultistForm","Random Death Rattle","Dramatic Entrance","Protect_Giant","Hunter Bow","Pummel Giant"],"relics":["GiantSoulBox","Ring of Misfortune","Unceasing Top","DemoMod:GnawedKey","PlaceholderMod:SoulofChaos","Old Coin"],"acts_visited":["Exordium"],"potions_floor_usage":[14],"damage_taken":[{"damage":11,"enemies":"Jaw Worm","floor":1,"turns":3},{"damage":5,"enemies":"Small Slimes","floor":2,"turns":3},{"damage":4,"enemies":"ats:Genji","floor":5,"turns":3},{"damage":13,"enemies":"3 Sentries","floor":6,"turns":4},{"damage":30,"enemies":"Lagavulin Event","floor":12,"turns":8},{"damage":51,"enemies":"Lagavulin","floor":14,"turns":5}],"seed_played":"-1500276995301508356","potions_obtained":[{"floor":2,"key":"Strength Potion"}],"is_trial":false,"path_per_floor":["M","M","?","?","M","E","$","R","T","R","$","?","R","E"],"character_chosen":"Giant","items_purchased":["Dramatic Entrance","DemoMod:GnawedKey","Protect_Giant","Hunter Bow"],"campfire_rested":1,"item_purchase_floors":[7,7,7,11],"current_hp_per_floor":[60,55,55,55,51,43,43,43,43,43,43,24,47,0,0],"gold":408,"neow_bonus":"TEN_PERCENT_HP_BONUS","is_daily":false,"chose_seed":false,"campfire_upgraded":1,"win_rate":0.0,"timestamp":1613069923,"path_taken":["M","M","?","?","M","E","$","R","T","R","$","?","R","E"],"items_purchased_type":["Card","Relic","Card","Card"],"build_version":"2020-12-22","purchased_purges":0,"victory":false,"max_hp_per_floor":[71,71,71,71,71,76,76,76,76,76,76,79,79,79,79],"card_choices":[{"not_picked":["GremlinTsunderePetCall","Protect_Giant"],"picked":"CultistPetCall","floor":1},{"not_picked":["Meditate Giant","GremlinTsunderePetCall"],"picked":"EagleSecond","floor":2},{"not_picked":["Blood Defend","HPGrowth_Giant"],"picked":"CultistForm","floor":5},{"not_picked":["Spirit Of Beast","Burning Pact Giant"],"picked":"Random Death Rattle","floor":6},{"not_picked":["GremlinTsunderePetCall","Mana Growth"],"picked":"Pummel Giant","floor":12}],"player_experience":336203,"relics_obtained":[{"floor":4,"key":"Ring of Misfortune"},{"floor":6,"key":"Unceasing Top"},{"floor":9,"key":"PlaceholderMod:SoulofChaos"},{"floor":12,"key":"Old Coin"}],"event_choices":[{"damage_healed":0,"gold_gain":0,"player_choice":"Searched \u00272\u0027 times","damage_taken":0,"max_hp_gain":0,"max_hp_loss":0,"event_name":"Dead Adventurer","floor":12,"gold_loss":0}],"is_beta":false,"boss_relics":[],"items_purged_floors":[],"is_endless":false,"potions_floor_spawned":[2],"killed_by":"Lagavulin","ascension_level":0}}