{"host":"xc18ixkpjvqrt8st","time":1613006073,"event":{"mods":["Act Like it!","BaseMod","Better Match","Better Third Choice","Conspire","Downfall","Hallownest","Hermit","Hubris","Minty Spire (QoL Compilation)","Reliquary","Robot Space Explorer","Shop Mod","Spicy Shops","Spire Arcade","StSLib","The Animator","The Edgeheg","The Jungle","The Sage"],"gold_per_floor":[122,0,22,22,22,53,53,53,80,109,122,4,18,31,31,126,126,150,150,150,162,192,192,221,233,301,301,66,66,104,117,117,216,216,235,235,253,353,280,280],"floor_reached":39,"language":"ENG","playtime":1607,"items_purged":[],"score":472,"play_id":"1853dd79-db20-4891-b1d6-1cab58124d08","local_time":"20210210191433","is_ascension_mode":true,"campfire_choices":[{"floor":8,"key":"REST"},{"floor":15,"key":"REST"},{"floor":23,"key":"REST"},{"floor":29,"key":"RECALL"},{"floor":32,"key":"REST"}],"circlet_count":0,"master_deck":["animator:Strike_Katanagatari","animator:Defend_Katanagatari","animator:Strike","animator:Strike","animator:Strike","animator:Defend","animator:Defend","animator:Azekura","animator:Emonzaemon","animator:Yuuichirou","animator:GazelDwargon","animator:Cocytus","animator:UneriGinkaku","animator:Mitsuba","animator:Benimaru","animator:Cocytus","animator:YachiyoNanami","animator:Shizu","animator:Mikaela","animator:Shinoa","animator:Biyorigo","animator:Entoma+2","animator:Shichika","animator:Sebas+1","animator:Biyorigo","animator:Konayuki","animator:Togame","animator:Emonzaemon+1","animator:Shuna+1","animator:Konayuki+1"],"relics":["animator:LivingPicture","animator:TheMissingPiece","hubris:Towel","reliquary:PorcupineQuills","hubris:Icosahedron","hubris:Potato","animator:CerealBox","animator:CursedBlade","MutagenicStrength","PreservedInsect","reliquary:TridentHead","Blood Vial","reliquary:PurpleTingedLeaf","animator:RacePiece","hubris:ToyBattleship"],"acts_visited":["Exordium","TheCity","TheBeyond"],"potions_floor_usage":[10,11,25,33,39],"damage_taken":[{"damage":1,"enemies":"Cultist","floor":1,"turns":4},{"damage":10,"enemies":"Jaw Worm","floor":3,"turns":5},{"damage":33,"enemies":"Gremlin Nob","floor":6,"turns":5},{"damage":18,"enemies":"3 Sentries","floor":10,"turns":10},{"damage":0,"enemies":"2 Louse","floor":11,"turns":1},{"damage":0,"enemies":"Looter","floor":13,"turns":3},{"damage":4,"enemies":"2 Fungi Beasts","floor":14,"turns":3},{"damage":19,"enemies":"Hexaghost","floor":16,"turns":8},{"damage":4,"enemies":"conspire:FuzzyDice","floor":18,"turns":3},{"damage":0,"enemies":"Spheric Guardian","floor":21,"turns":1},{"damage":13,"enemies":"Centurion and Healer","floor":22,"turns":3},{"damage":47,"enemies":"Gremlin Leader","floor":24,"turns":7},{"damage":10,"enemies":"Sentry and Sphere","floor":25,"turns":3},{"damage":5,"enemies":"animator:HornedBat","floor":30,"turns":3},{"damage":24,"enemies":"conspire:HollyBat","floor":31,"turns":8},{"damage":7,"enemies":"Collector","floor":33,"turns":6},{"damage":0,"enemies":"Orb Walker","floor":35,"turns":2},{"damage":0,"enemies":"3 Shapes","floor":37,"turns":2},{"damage":18,"enemies":"hubris:Merchant","floor":39,"turns":4}],"seed_played":"1156310080118214762","potions_obtained":[{"floor":1,"key":"Explosive Potion"},{"floor":3,"key":"SteroidPotion"},{"floor":14,"key":"animator:GrowthPotion"},{"floor":16,"key":"LiquidMemories"},{"floor":22,"key":"Strength Potion"},{"floor":30,"key":"sagemod:Wine"},{"floor":31,"key":"SteroidPotion"},{"floor":37,"key":"FairyPotion"}],"is_trial":false,"path_per_floor":["M","$","M","?","$","E","?","R","T","E","M","$","M","M","R","B",null,"M","?","?","M","M","R","E","M","T","?","$","R","E","M","R","B",null,"M","?","M","?","$"],"character_chosen":"THE_ANIMATOR","items_purchased":["animator:GazelDwargon","animator:Cocytus","animator:CerealBox","Blood Vial","animator:Shichika","hubris:ToyBattleship"],"campfire_rested":4,"item_purchase_floors":[2,2,12,28,28,39],"current_hp_per_floor":[71,71,61,61,61,29,29,50,50,32,32,52,52,48,69,50,73,69,69,69,70,57,74,28,19,19,44,44,44,43,21,44,42,80,80,80,80,80,62,62],"gold":280,"neow_bonus":"TEN_PERCENT_HP_BONUS","is_daily":false,"chose_seed":false,"campfire_upgraded":0,"win_rate":0.0,"timestamp":1613006073,"path_taken":["M","$","M","?","$","E","?","R","T","E","M","?","M","M","R","BOSS","M","?","?","M","M","R","E","M","T","?","$","R","E","M","R","BOSS","M","?","M","?","$"],"items_purchased_type":["Card","Card","Relic","Relic","Card","Relic"],"build_version":"2020-12-22","purchased_purges":0,"victory":false,"max_hp_per_floor":[72,72,72,72,72,73,73,73,73,73,73,73,73,73,73,73,73,73,73,73,74,74,74,75,76,76,76,76,76,78,78,78,80,80,80,80,80,80,80,80],"card_choices":[{"not_picked":["animator:Fredrika","animator:AcuraAkari"],"picked":"animator:Yuuichirou","floor":1},{"not_picked":["animator:AcuraTooru","animator:DwarfShaman"],"picked":"animator:UneriGinkaku","floor":3},{"not_picked":["animator:HomuraAkemi","animator:Shion"],"picked":"animator:Mitsuba","floor":6},{"not_picked":["animator:Azekura","animator:Emonzaemon"],"picked":"animator:Benimaru","floor":10},{"not_picked":["animator:Yuuichirou","animator:TsurugaMeisai"],"picked":"animator:Cocytus","floor":11},{"not_picked":["animator:Mitsuba","animator:Layla"],"picked":"animator:YachiyoNanami","floor":13},{"not_picked":["animator:HiiragiShinya","animator:AcuraTooru"],"picked":"animator:Shizu","floor":14},{"not_picked":["animator:Shizu","animator:GoblinSlayer"],"picked":"animator:ChaikaTrabant","floor":16},{"not_picked":["animator:FeridBathory","animator:UneriGinkaku"],"picked":"animator:Mikaela","floor":18},{"not_picked":["animator:Yoichi","animator:Viivi+1"],"picked":"animator:Shinoa","floor":21},{"not_picked":["animator:Vesta","animator:Azekura"],"picked":"animator:NarberalGamma","floor":22},{"not_picked":["animator:Vesta","animator:Bozes+1"],"picked":"animator:Biyorigo","floor":24},{"not_picked":["animator:NarberalGamma","animator:Souei+1"],"picked":"animator:Entoma","floor":25},{"not_picked":["animator:Tyuule","animator:DwarfShaman"],"picked":"animator:Sebas+1","floor":30},{"not_picked":["animator:Azekura","animator:Mitsuba"],"picked":"animator:YaoHaDucy+1","floor":31},{"not_picked":["animator:MadokaKaname","animator:PinaCoLada"],"picked":"animator:Biyorigo","floor":33},{"not_picked":["animator:GuildGirl","animator:YachiyoNanami+1"],"picked":"animator:Shuna+1","floor":35},{"not_picked":["animator:NagisaMomoe","animator:Priestess+1"],"picked":"animator:Konayuki+1","floor":37}],"player_experience":696510,"relics_obtained":[{"floor":6,"key":"reliquary:PorcupineQuills"},{"floor":10,"key":"hubris:Potato"},{"floor":24,"key":"PreservedInsect"},{"floor":26,"key":"reliquary:TridentHead"},{"floor":30,"key":"reliquary:PurpleTingedLeaf"}],"event_choices":[{"damage_healed":0,"gold_gain":0,"player_choice":"Ignored","damage_taken":0,"max_hp_gain":0,"max_hp_loss":0,"event_name":"Vampires","floor":19,"gold_loss":0},{"damage_healed":0,"gold_gain":0,"player_choice":"Inject Mutagens","damage_taken":0,"relics_obtained":["MutagenicStrength"],"max_hp_gain":0,"max_hp_loss":0,"event_name":"Drug Dealer","floor":20,"gold_loss":0},{"damage_healed":25,"gold_gain":0,"player_choice":"Heal","damage_taken":0,"max_hp_gain":0,"max_hp_loss":0,"event_name":"The Library","floor":27,"gold_loss":0},{"cards_removed":["animator:Defend"],"damage_healed":0,"gold_gain":0,"player_choice":"Removed Skill","damage_taken":0,"max_hp_gain":0,"max_hp_loss":0,"event_name":"Falling","floor":36,"gold_loss":0},{"damage_healed":0,"gold_gain":100,"player_choice":"Pray","damage_taken":0,"max_hp_gain":0,"max_hp_loss":0,"event_name":"Golden Shrine","floor":38,"gold_loss":0}],"is_beta":false,"boss_relics":[{"not_picked":["hubris:BlackHole","sagemod:Falmels_Amulet"],"picked":"animator:CursedBlade"},{"not_picked":["Busted Crown","hubris:VirtuousBlindfold"],"picked":"animator:RacePiece"}],"items_purged_floors":[],"is_endless":false,"potions_floor_spawned":[1,3,14,16,22,24,30,31,37],"killed_by":"hubris:Merchant","ascension_level":2}}