{"host":"sc0o2qwpf9j16a4i","time":1613056859,"event":{"mods":["AchievementEnabler","BaseMod","BetterRewards","Block Reminder","Colored Map","Colored Powertips","Custom Start","Highlight Path","Minty Spire (QoL Compilation)","Relic Stats"],"gold_per_floor":[114,114,114,22,33,66,84,114,187,39,39,50,83,98,98,197,197,211,43,43,61,73,105,105,105,105,105,134,149,183,85,85,182,182,199,199,474,485,496,516,516,26,26,51,68,93,105,105,105,105],"floor_reached":51,"language":"ENG","playtime":849,"items_purged":[],"score":1175,"play_id":"53aaf3c5-1ae1-4175-8141-56b6224e35bf","local_time":"20210211172059","daily_mods":["Insanity","Blue Cards","Night Terrors"],"is_ascension_mode":false,"campfire_choices":[{"data":"Mind Blast","floor":11,"key":"SMITH"},{"data":"Backstab","floor":15,"key":"SMITH"},{"data":"Steam Power","floor":24,"key":"SMITH"},{"data":"Skewer","floor":27,"key":"SMITH"},{"data":"Mind Blast","floor":32,"key":"SMITH"},{"data":"Backstab","floor":41,"key":"SMITH"},{"data":"FTL","floor":49,"key":"SMITH"}],"circlet_count":0,"master_deck":["Leg Sweep","Poisoned Stab","Recycle","Blade Dance","Poisoned Stab","Streamline","Turbo","Chaos","Deadly Poison","Go for the Eyes","Deadly Poison","Consume","Cloak And Dagger","Acrobatics","PiercingWail","Slice","Go for the Eyes","FTL+1","Deadly Poison","Barrage","Deflect","Prepared","Dodge and Roll","Barrage","Conserve Battery","Storm","Skewer+1","Steam Power+1","Reflex","Concentrate","Streamline","Backstab+1","Outmaneuver","Slice","Deflect","Conserve Battery","PiercingWail","Beam Cell","Darkness","Quick Slash","Deadly Poison","Leap","Reflex","Riddle With Holes","Consume","Tempest","Rip and Tear","Dodge and Roll","Blade Dance","Beam Cell","Regret","Mind Blast+1","Backstab","BootSequence","Conserve Battery","White Noise","Steam Power","Sweeping Beam","Night Terror","Deadly Poison","Mind Blast+1","Turbo+1","Pain","Slice","Backstab+1","Mind Blast+1","Backflip+1","Regret","All Out Attack+1","Underhanded Strike+1","All Out Attack+1","Dodge and Roll+1","Injury","Skim+1","Lockon"],"relics":["Ring of the Snake","Potion Belt","Ancient Tea Set","Shuriken","Meat on the Bone","ClockworkSouvenir","Oddly Smooth Stone","Busted Crown","TwistedFunnel","Toxic Egg 2","WarpedTongs","Gambling Chip","Incense Burner","Paper Crane","Cursed Key","Vajra","Torii","Frozen Egg 2","Smiling Mask","MealTicket"],"acts_visited":["Exordium","TheCity","TheBeyond"],"potions_floor_usage":[16,33,50,50],"damage_taken":[{"damage":0,"enemies":"Jaw Worm","floor":1,"turns":2},{"damage":0,"enemies":"Cultist","floor":5,"turns":1},{"damage":3,"enemies":"3 Sentries","floor":6,"turns":5},{"damage":0,"enemies":"2 Louse","floor":7,"turns":1},{"damage":0,"enemies":"Exordium Wildlife","floor":12,"turns":1},{"damage":0,"enemies":"Lagavulin","floor":13,"turns":2},{"damage":0,"enemies":"2 Fungi Beasts","floor":14,"turns":1},{"damage":38,"enemies":"The Guardian","floor":16,"turns":9},{"damage":0,"enemies":"3 Byrds","floor":18,"turns":3},{"damage":0,"enemies":"Chosen","floor":21,"turns":1},{"damage":0,"enemies":"3 Cultists","floor":22,"turns":2},{"damage":0,"enemies":"Gremlin Leader","floor":23,"turns":1},{"damage":2,"enemies":"Slavers","floor":28,"turns":3},{"damage":0,"enemies":"Centurion and Healer","floor":29,"turns":1},{"damage":0,"enemies":"Book of Stabbing","floor":30,"turns":1},{"damage":0,"enemies":"Collector","floor":33,"turns":1},{"damage":0,"enemies":"Orb Walker","floor":35,"turns":1},{"damage":0,"enemies":"3 Darklings","floor":38,"turns":1},{"damage":0,"enemies":"Maw","floor":39,"turns":3},{"damage":0,"enemies":"Jaw Worm Horde","floor":40,"turns":1},{"damage":3,"enemies":"Giant Head","floor":44,"turns":3},{"damage":0,"enemies":"Spire Growth","floor":45,"turns":1},{"damage":0,"enemies":"Reptomancer","floor":46,"turns":1},{"damage":0,"enemies":"Maw","floor":47,"turns":2},{"damage":0,"enemies":"Time Eater","floor":50,"turns":2}],"seed_played":"8729238752772913643","potions_obtained":[{"floor":1,"key":"CunningPotion"},{"floor":13,"key":"PowerPotion"},{"floor":18,"key":"DuplicationPotion"},{"floor":28,"key":"Swift Potion"},{"floor":33,"key":"BlessingOfTheForge"},{"floor":35,"key":"ColorlessPotion"},{"floor":40,"key":"Block Potion"},{"floor":44,"key":"Strength Potion"}],"is_trial":true,"path_per_floor":["M","?","?","$","M","E","M","?","T","$","R","M","E","M","R","B",null,"M","$","?","M","M","E","R","?","T","R","E","M","E","$","R","B",null,"M","?","?","M","M","M","R","$","T","E","M","E","M","?","R","B",null],"character_chosen":"THE_SILENT","items_purchased":["Mind Blast","ClockworkSouvenir","TwistedFunnel","Deadly Poison","Mind Blast","Vajra","Torii","Dodge and Roll+1"],"campfire_rested":0,"item_purchase_floors":[4,10,19,19,31,42,42,42],"current_hp_per_floor":[70,70,70,70,70,67,67,67,67,67,67,67,67,67,67,41,70,70,70,70,70,70,70,70,70,70,70,68,68,68,68,68,68,70,70,70,70,70,70,70,70,70,70,67,67,67,67,67,67,67],"gold":105,"neow_bonus":"","is_daily":false,"chose_seed":false,"campfire_upgraded":7,"win_rate":0.0,"timestamp":1613056859,"path_taken":["M","?","?","?","M","E","M","?","T","?","R","M","E","M","R","BOSS","M","$","?","?","M","E","R","?","T","R","E","?","E","$","R","BOSS","M","?","?","M","M","M","R","$","T","E","M","E","?","?","R","BOSS"],"items_purchased_type":["Card","Relic","Relic","Card","Card","Relic","Relic","Card"],"build_version":"2020-12-22","purchased_purges":0,"victory":true,"max_hp_per_floor":[70,70,70,70,70,70,70,70,70,70,70,70,70,70,70,70,70,70,70,70,70,70,70,70,70,70,70,70,70,70,70,70,70,70,70,70,70,70,70,70,70,70,70,70,70,70,70,70,70,70],"relic_stats":{"Busted Crown":32,"Torii":0,"counters":[25,50],"Shuriken":[31],"Gambling Chip":[9],"MealTicket":0,"Cursed Key":1,"Smiling Mask":0,"obtain_stats":[{"Potion Belt":3,"TwistedFunnel":19,"Torii":42,"Oddly Smooth Stone":13,"Vajra":42,"Incense Burner":28,"Paper Crane":30,"Frozen Egg 2":43,"Ancient Tea Set":6,"Cursed Key":34,"Smiling Mask":44,"ClockworkSouvenir":10,"WarpedTongs":25,"Busted Crown":17,"Shuriken":8,"Gambling Chip":26,"MealTicket":46,"Toxic Egg 2":23,"Ring of the Snake":0,"Meat on the Bone":9},{"Potion Belt":1,"TwistedFunnel":9,"Torii":20,"Oddly Smooth Stone":6,"Vajra":20,"Incense Burner":13,"Paper Crane":15,"Frozen Egg 2":20,"Ancient Tea Set":3,"Cursed Key":16,"Smiling Mask":21,"ClockworkSouvenir":4,"WarpedTongs":12,"Busted Crown":8,"Shuriken":4,"Gambling Chip":12,"MealTicket":23,"Toxic Egg 2":12,"Ring of the Snake":0,"Meat on the Bone":4},{"Potion Belt":2,"TwistedFunnel":25,"Torii":41,"Oddly Smooth Stone":12,"Vajra":41,"Incense Burner":32,"Paper Crane":34,"Frozen Egg 2":41,"Ancient Tea Set":8,"Cursed Key":35,"Smiling Mask":44,"ClockworkSouvenir":9,"WarpedTongs":29,"Busted Crown":22,"Shuriken":9,"Gambling Chip":29,"MealTicket":46,"Toxic Egg 2":29,"Ring of the Snake":0,"Meat on the Bone":9}],"Ring of the Snake":[50],"Meat on the Bone":12,"WarpedTongs":[21]},"card_choices":[{"not_picked":["Compile Driver","Backstab"],"picked":"Beam Cell","floor":1},{"not_picked":["Melter","BootSequence"],"picked":"Backstab","floor":5},{"not_picked":["Endless Agony","Steam Power"],"picked":"BootSequence","floor":6},{"not_picked":["Doom and Gloom","Heatsinks"],"picked":"Conserve Battery","floor":7},{"not_picked":["Caltrops","All Out Attack"],"picked":"White Noise","floor":12},{"not_picked":["Noxious Fumes","Reprogram"],"picked":"Steam Power","floor":13},{"not_picked":["Chaos","Blur"],"picked":"Sweeping Beam","floor":14},{"not_picked":["Grand Finale","Unload"],"picked":"Night Terror","floor":16},{"not_picked":["All Out Attack"],"picked":"SKIP","floor":18},{"not_picked":["Barrage"],"picked":"SKIP","floor":21},{"not_picked":[],"picked":"Turbo+1","floor":22},{"not_picked":["Sucker Punch"],"picked":"SKIP","floor":23},{"not_picked":[],"picked":"Slice","floor":28},{"not_picked":[],"picked":"Backstab","floor":29},{"not_picked":["Glass Knife"],"picked":"SKIP","floor":30},{"not_picked":[],"picked":"Backflip+1","floor":35},{"not_picked":[],"picked":"All Out Attack+1","floor":38},{"not_picked":[],"picked":"Underhanded Strike+1","floor":39},{"not_picked":[],"picked":"All Out Attack+1","floor":40},{"not_picked":["Glass Knife"],"picked":"SKIP","floor":44},{"not_picked":["Blade Dance+1"],"picked":"SKIP","floor":45},{"not_picked":[],"picked":"Skim+1","floor":46},{"not_picked":[],"picked":"Lockon","floor":47}],"player_experience":1338685,"relics_obtained":[{"floor":6,"key":"Ancient Tea Set"},{"floor":9,"key":"Meat on the Bone"},{"floor":13,"key":"Oddly Smooth Stone"},{"floor":23,"key":"Toxic Egg 2"},{"floor":26,"key":"Gambling Chip"},{"floor":28,"key":"Incense Burner"},{"floor":30,"key":"Paper Crane"},{"floor":43,"key":"Frozen Egg 2"},{"floor":44,"key":"Smiling Mask"},{"floor":46,"key":"MealTicket"}],"event_choices":[{"damage_healed":0,"gold_gain":0,"player_choice":"Leave","damage_taken":0,"max_hp_gain":0,"max_hp_loss":0,"event_name":"The Cleric","floor":2,"gold_loss":0},{"damage_healed":0,"gold_gain":0,"player_choice":"Box","damage_taken":0,"relics_obtained":["Potion Belt"],"max_hp_gain":0,"max_hp_loss":0,"event_name":"Big Fish","floor":3,"gold_loss":0,"cards_obtained":["Regret"]},{"damage_healed":0,"gold_gain":30,"player_choice":"Searched \u00273\u0027 times","damage_taken":0,"relics_obtained":["Shuriken"],"max_hp_gain":0,"max_hp_loss":0,"event_name":"Dead Adventurer","floor":8,"gold_loss":0},{"damage_healed":0,"gold_gain":0,"player_choice":"Copied","damage_taken":0,"max_hp_gain":0,"max_hp_loss":0,"event_name":"Duplicator","floor":20,"gold_loss":0,"cards_obtained":["Mind Blast"]},{"damage_healed":0,"gold_gain":0,"player_choice":"Rummage","damage_taken":0,"relics_obtained":["WarpedTongs"],"max_hp_gain":0,"max_hp_loss":0,"event_name":"Accursed Blacksmith","floor":25,"gold_loss":0,"cards_obtained":["Pain"]},{"damage_healed":0,"gold_gain":0,"player_choice":"Ignored","damage_taken":0,"max_hp_gain":0,"max_hp_loss":0,"event_name":"Tomb of Lord Red Mask","floor":36,"gold_loss":0},{"damage_healed":0,"gold_gain":275,"player_choice":"Desecrate","damage_taken":0,"max_hp_gain":0,"max_hp_loss":0,"event_name":"Golden Shrine","floor":37,"gold_loss":0,"cards_obtained":["Regret"]},{"cards_removed":["Concentrate"],"damage_healed":0,"gold_gain":0,"player_choice":"Card Removal","damage_taken":0,"max_hp_gain":0,"max_hp_loss":0,"event_name":"Wheel of Change","floor":48,"gold_loss":0}],"is_beta":false,"boss_relics":[{"not_picked":["Runic Pyramid","Ectoplasm"],"picked":"Busted Crown"},{"not_picked":["SacredBark","Calling Bell"],"picked":"Cursed Key"}],"items_purged_floors":[],"is_endless":false,"potions_floor_spawned":[1,13,18,28,33,35,40,44,45,46],"ascension_level":0}}