{"host":"ek3xvuouaw6vk9if","time":1613011582,"event":{"mods":["AchievementEnabler","BaseMod","Better Third Choice","BetterRewards","Curses Come First","Dark Map","Hubris","Minty Spire (QoL Compilation)","Permanent Neow","Quick Restart","Relic Stats","Replay The Spire","Spire Arcade","StSLib","The Jungle"],"gold_per_floor":[114,124,144,164,164,164,164],"floor_reached":6,"language":"ENG","playtime":305,"items_purged":[],"score":76,"play_id":"bc8250df-0872-4c2e-bb9d-f0825004e45b","local_time":"20210210214622","is_ascension_mode":true,"campfire_choices":[],"circlet_count":0,"master_deck":["AscendersBane","Strike_G","Strike_G","Strike_G","Strike_G","Strike_G","Defend_G","Defend_G","Defend_G","Defend_G","Defend_G","Survivor","Neutralize","Backstab","Blur","Cloak And Dagger","hubris:Counter","Tactician","Outmaneuver","Slice"],"relics":["Ring of the Snake","Unceasing Top","Bag of Preparation"],"acts_visited":["Exordium"],"potions_floor_usage":[6],"damage_taken":[{"damage":0,"enemies":"Cultist","floor":1,"turns":4},{"damage":0,"enemies":"2 Louse","floor":2,"turns":4},{"damage":0,"enemies":"Jaw Worm","floor":3,"turns":4},{"damage":9,"enemies":"3 Louse","floor":4,"turns":4},{"damage":49,"enemies":"Lagavulin","floor":6,"turns":6}],"seed_played":"6395288712985626488","potions_obtained":[{"floor":3,"key":"SteroidPotion"},{"floor":4,"key":"Toxic Potion"}],"is_trial":false,"path_per_floor":["M","M","M","M","?","E"],"character_chosen":"THE_SILENT","items_purchased":["Backstab","Bag of Preparation","Blur"],"campfire_rested":0,"item_purchase_floors":[0,0,0],"current_hp_per_floor":[52,52,52,43,43,0,0],"gold":164,"neow_bonus":"","is_daily":false,"chose_seed":false,"campfire_upgraded":0,"win_rate":0.0,"timestamp":1613011582,"path_taken":["M","M","M","?","?","E"],"items_purchased_type":["Card","Relic","Card"],"build_version":"2020-12-22","purchased_purges":0,"victory":false,"max_hp_per_floor":[66,66,66,66,66,66,66],"relic_stats":{"counters":[36,192],"Bag of Preparation":[10],"obtain_stats":[{"Replay:Accelerometer":42,"Calipers":26,"CeramicFish":0,"Mango":0,"hubris:SlimyHat":46,"Bag of Preparation":0,"Pet Ghost":20,"Dream Catcher":8,"Sundial":43,"Fusion Hammer":17,"hubris:FunFungus":10,"Red Mask":31,"Ring of the Snake":0,"Gremlin Food":9,"Quantum Egg":41,"Counterbalance":7,"Medical Kit":13,"White Beast Statue":6,"Replay:Arrowhead":0,"OrangePellets":0,"Replay:Baseball":41,"Ornamental Fan":25,"Bronze Scales":45,"Pandora\u0027s Box":34,"ReplayTheSpireMod:Lightbulb":39,"hubris:OldNail":0,"Unceasing Top":9},{"Replay:Accelerometer":18,"Calipers":11,"CeramicFish":0,"Mango":0,"hubris:SlimyHat":20,"Bag of Preparation":31,"Pet Ghost":9,"Dream Catcher":6,"Sundial":18,"Fusion Hammer":8,"hubris:FunFungus":28,"Red Mask":14,"Ring of the Snake":0,"Gremlin Food":27,"Quantum Egg":17,"Counterbalance":27,"Medical Kit":7,"White Beast Statue":5,"Replay:Arrowhead":22,"OrangePellets":22,"Replay:Baseball":17,"Ornamental Fan":11,"Bronze Scales":20,"Pandora\u0027s Box":15,"ReplayTheSpireMod:Lightbulb":17,"hubris:OldNail":0,"Unceasing Top":6},{"Replay:Accelerometer":91,"Calipers":61,"CeramicFish":0,"Mango":0,"hubris:SlimyHat":99,"Bag of Preparation":170,"Pet Ghost":51,"Dream Catcher":32,"Sundial":91,"Fusion Hammer":46,"hubris:FunFungus":152,"Red Mask":74,"Ring of the Snake":0,"Gremlin Food":143,"Quantum Egg":87,"Counterbalance":143,"Medical Kit":33,"White Beast Statue":24,"Replay:Arrowhead":107,"OrangePellets":107,"Replay:Baseball":87,"Ornamental Fan":61,"Bronze Scales":99,"Pandora\u0027s Box":81,"ReplayTheSpireMod:Lightbulb":87,"hubris:OldNail":0,"Unceasing Top":32}],"Unceasing Top":[2],"Ring of the Snake":[72]},"card_choices":[{"not_picked":["Acrobatics","Flying Knee"],"picked":"Cloak And Dagger","floor":1},{"not_picked":["Prepared","Quick Slash"],"picked":"hubris:Counter","floor":2},{"not_picked":["Outmaneuver","hubris:SlightOfHand"],"picked":"Tactician","floor":3},{"not_picked":["Skewer","hubris:TrickCloak"],"picked":"Outmaneuver","floor":4}],"player_experience":525999,"relics_obtained":[],"event_choices":[],"is_beta":false,"boss_relics":[],"items_purged_floors":[],"is_endless":false,"potions_floor_spawned":[3,4],"killed_by":"Lagavulin","ascension_level":20}}