{"host":"1izdfj84a6wseks8","time":1613069822,"event":{"mods":["2.2 Compatiblity","ATMod(阿瑾Mod)","AchievementEnabler","Act Like it!","Arknights","BaseMod","Better Vampires","Challenge The Spire","Colored Map","Colored Powertips","Curses Come First","Energized Spire","Gensokyo","Good Game Mod","Highlight Path","KinomotoSakuraMod(木之本樱)","Koishi","KomeijiMod","LagranYue(拉格朗・月)","Lobotomy","LobotomyExtend","Luminous","Marisa（F雨　魔理沙）","Minty Spire (QoL Compilation)","Potion Indicator Mod","Rare Cards Sparkle","Reimu（博丽灵梦）","Relic Filter Mod","Relic Stats","Reliquary","Remilia（蕾米莉亚）","Shop Mod","Slay the Relics Exporter","StSLib","TestMod","The Administrix","The Alterego","The Animator","The Bug Knight","The Servant 0.9.4","Waifu the Spire","WarShipGirlsR/战舰少女R mod","Warlord Emblem","Yakumo Yukari mod","Youmu（魂魄妖梦）","Yuyuko","【功能Mod】混沌之环修复补丁","篝火指南"],"gold_per_floor":[113,166,180,210,210,210,242,242,242,299,299,309,309,349,349,506,506,506,506,520,520],"floor_reached":20,"language":"ZHS","playtime":1866,"items_purged":[],"score":222,"play_id":"d7fa472e-b3e0-49df-ae85-a3ef0a14b0f7","local_time":"20210212025702","is_ascension_mode":false,"campfire_choices":[{"data":"AT_ShrugMaster","floor":6,"key":"SMITH"},{"data":"rmod:basicallowance","floor":8,"key":"SMITH"},{"data":"Luminous:Mirror_Force_Luminous","floor":11,"key":"SMITH"},{"data":"rmod:expedition","floor":13,"key":"SMITH"},{"data":"rmod:expedition+1","floor":15,"key":"SMITH"}],"circlet_count":0,"master_deck":["rmod:strick","rmod:strick","rmod:strick","rmod:defend","rmod:defend","rmod:basicallowance+1","rmod:maingunfire","AT_ShrugMaster+1","Luminous:Mirror_Force_Luminous+1","Dazed","rmod:fuelsupply+1","rmod:spoils+1","Dazed","Dazed","rmod:firesupport+1","rmod:expedition+3","rmod:bulid+1","Dazed","rmod:acesubmarine+1"],"relics":["rmod:firstchargereward","AT_ATBox","REME:ComplimentaryCards","testmod-TestBox","testmod-IWantAll","LagranYue:RandomDrawCardRelic","LetterFromLob","Gensokyo:Justice","Darkstone Periapt","Potion Belt","testmod-BatchProcessingSystem","Gensokyo:SongOfSouls"],"acts_visited":["Gensokyo:Gensokyo","Gensokyo:Gensokyoer"],"potions_floor_usage":[16,20,20],"damage_taken":[{"damage":0,"enemies":"Gensokyo:Python","floor":1,"turns":3},{"damage":0,"enemies":"Gensokyo:2_Kodama","floor":3,"turns":3},{"damage":0,"enemies":"Gensokyo:3_Fairies","floor":4,"turns":4},{"damage":9,"enemies":"Gensokyo:3_Kodama","floor":7,"turns":7},{"damage":0,"enemies":"Gensokyo:Mamizou","floor":10,"turns":7},{"damage":3,"enemies":"Gensokyo:Python_and_Kodama","floor":12,"turns":4},{"damage":12,"enemies":"Gensokyo:Kitsune","floor":14,"turns":4},{"damage":24,"enemies":"Gensokyo:Kokoro","floor":16,"turns":10},{"damage":2,"enemies":"Gensokyo:CosmicMonolith","floor":20,"turns":2}],"seed_played":"7253089831712501438","potions_obtained":[{"floor":4,"key":"LiquidBronze"},{"floor":14,"key":"SkillPotion"},{"floor":16,"key":"Weak Potion"}],"is_trial":false,"path_per_floor":["M","T","M","M","?","R","M","R","T","E","R","M","R","M","R","B",null,"M","?","M"],"character_chosen":"PRAEFECT","items_purchased":[],"campfire_rested":0,"item_purchase_floors":[],"current_hp_per_floor":[54,54,54,54,54,54,45,45,45,45,45,42,42,30,30,6,75,1,1,0,0],"gold":520,"neow_bonus":"TRANSFORM_TWO_CARDS","is_daily":false,"chose_seed":false,"campfire_upgraded":5,"win_rate":0.0,"timestamp":1613069822,"path_taken":["M","?","M","M","?","R","?","R","T","E","R","M","R","M","R","BOSS","M","?","M"],"items_purchased_type":[],"build_version":"2020-12-22","purchased_purges":0,"victory":false,"max_hp_per_floor":[75,75,75,75,75,75,75,75,75,75,75,75,75,75,75,75,75,1,1,1,1],"relic_stats":{"Darkstone Periapt":0,"counters":[9,44],"obtain_stats":[{"Darkstone Periapt":9,"Potion Belt":10,"REME:ComplimentaryCards":0,"AT_ATBox":0,"testmod-TestBox":0,"LagranYue:RandomDrawCardRelic":0,"testmod-BatchProcessingSystem":17,"testmod-IWantAll":0,"rmod:firstchargereward":0,"LetterFromLob":1,"Gensokyo:Justice":5,"Gensokyo:SongOfSouls":19},{"Darkstone Periapt":4,"Potion Belt":5,"REME:ComplimentaryCards":0,"AT_ATBox":0,"testmod-TestBox":0,"LagranYue:RandomDrawCardRelic":0,"testmod-BatchProcessingSystem":8,"testmod-IWantAll":0,"rmod:firstchargereward":0,"LetterFromLob":1,"Gensokyo:Justice":3,"Gensokyo:SongOfSouls":8},{"Darkstone Periapt":17,"Potion Belt":24,"REME:ComplimentaryCards":0,"AT_ATBox":0,"testmod-TestBox":0,"LagranYue:RandomDrawCardRelic":0,"testmod-BatchProcessingSystem":42,"testmod-IWantAll":0,"rmod:firstchargereward":0,"LetterFromLob":3,"Gensokyo:Justice":10,"Gensokyo:SongOfSouls":42}]},"card_choices":[{"not_picked":["rmod:ring","rmod:intelligenceanalysis"],"picked":"rmod:fuelsupply","floor":1},{"not_picked":["rmod:tearstotiara","rmod:garrisonisland"],"picked":"rmod:spoils","floor":3},{"not_picked":["rmod:spoils","rmod:garrisonisland"],"picked":"rmod:tearstotiara","floor":3},{"not_picked":["rmod:steelsupply","rmod:shuttlebombing","rmod:aggressivemary"],"picked":"SKIP","floor":4},{"not_picked":["rmod:bulid","rmod:supportescort"],"picked":"rmod:firesupport","floor":7},{"not_picked":["rmod:bulid","rmod:supportescort"],"picked":"rmod:firesupport","floor":7},{"not_picked":["rmod:lonelyqueen","rmod:steelsupply"],"picked":"rmod:expedition","floor":10},{"not_picked":["rmod:fletcherpendant","rmod:lonelyqueen","rmod:intelligenceanalysis"],"picked":"SKIP","floor":12},{"not_picked":["rmod:fletcherpendant","rmod:shuttlebombing"],"picked":"rmod:bulid","floor":14},{"not_picked":["rmod:seals","rmod:acesubmarine"],"picked":"rmod:expeditionaryescort","floor":16},{"not_picked":["rmod:seals","rmod:expeditionaryescort"],"picked":"rmod:acesubmarine","floor":16}],"player_experience":55709,"relics_obtained":[{"floor":1,"key":"LetterFromLob"},{"floor":9,"key":"Darkstone Periapt"},{"floor":10,"key":"Potion Belt"}],"event_choices":[],"is_beta":false,"boss_relics":[{"not_picked":["rmod:monthlycard","energizedSpire:SpiderWeb"],"picked":"testmod-BatchProcessingSystem"}],"items_purged_floors":[],"is_endless":false,"potions_floor_spawned":[4,14,16],"killed_by":"Gensokyo:CosmicMonolith","ascension_level":0}}