{"host":"0utx1lcxgx5vu4k0","time":1613014622,"event":{"mods":["AlwaysNeverKeys","BaseMod","Colored Powertips","Minty Spire (QoL Compilation)","Permanent Neow","Relic Stats","StSLib"],"gold_per_floor":[110,110,121,134,148,148,166,198,252,277,289,322,322,354,354,457,457,476,401,420,431,132,132,157,174,174,200,216,233,333,367,367,466,466,480,495,505,505,555,587,587,600,600,628,628,653,653,672,672,672,672,672,13,39,39],"floor_reached":56,"language":"ENG","playtime":3359,"items_purged":[],"score":1611,"play_id":"18cefc5e-592d-4225-af6c-42a0157c445a","local_time":"20210210223702","is_ascension_mode":true,"campfire_choices":[{"data":"Sweeping Beam","floor":6.0,"key":"SMITH"},{"data":"Beam Cell","floor":15.0,"key":"SMITH"},{"data":"Static Discharge","floor":23.0,"key":"SMITH"},{"floor":32.0,"key":"REST"},{"floor":41.0,"key":"RECALL"},{"data":"Hologram","floor":49.0,"key":"SMITH"},{"data":"All For One","floor":52.0,"key":"SMITH"}],"circlet_count":0,"master_deck":["Strike_B","Strike_B","Defend_B","Defend_B","Defend_B","Defend_B","Zap+1","Dualcast","Cold Snap","Sweeping Beam+1","FTL","BootSequence","Go for the Eyes","Hologram+1","Cold Snap","Beam Cell+1","Machine Learning","Static Discharge+1","Reboot","Stack+1","Go for the Eyes","Gash","Compile Driver+1","Self Repair","All For One+1","Turbo+1","Reinforced Body+1","Amplify+1","Go for the Eyes+1","Skim+1","Madness+1","Madness+1","Seek+1","White Noise+1","Stack+1","All For One","Steam+1","Aggregate+1"],"relics":["Cracked Core","Bag of Preparation","Orichalcum","Odd Mushroom","Bottled Lightning","Potion Belt","SlaversCollar","Pen Nib","Cauldron","Omamori","Toxic Egg 2","Bronze Scales","StoneCalendar","Kunai","Sundial","Runic Pyramid","CaptainsWheel","Boot","Mummified Hand","Art of War","Bottled Flame","Anchor","Centennial Puzzle","PrismaticShard","InkBottle"],"acts_visited":["Exordium","TheCity","TheBeyond","TheEnding"],"potions_floor_usage":[55,55,55,55],"damage_taken":[{"damage":0.0,"enemies":"2 Louse","floor":1.0,"turns":3.0},{"damage":0.0,"enemies":"Cultist","floor":3.0,"turns":2.0},{"damage":3.0,"enemies":"Small Slimes","floor":4.0,"turns":3.0},{"damage":0.0,"enemies":"Looter","floor":5.0,"turns":2.0},{"damage":0.0,"enemies":"2 Fungi Beasts","floor":7.0,"turns":2.0},{"damage":7.0,"enemies":"3 Sentries","floor":8.0,"turns":5.0},{"damage":0.0,"enemies":"The Mushroom Lair","floor":10.0,"turns":3.0},{"damage":0.0,"enemies":"Exordium Thugs","floor":11.0,"turns":3.0},{"damage":11.0,"enemies":"Lagavulin","floor":12.0,"turns":7.0},{"damage":5.0,"enemies":"Gremlin Nob","floor":14.0,"turns":3.0},{"damage":14.0,"enemies":"Hexaghost","floor":16.0,"turns":7.0},{"damage":5.0,"enemies":"Shell Parasite","floor":18.0,"turns":4.0},{"damage":5.0,"enemies":"3 Byrds","floor":20.0,"turns":3.0},{"damage":22.0,"enemies":"Shelled Parasite and Fungi","floor":21.0,"turns":5.0},{"damage":31.0,"enemies":"Slavers","floor":24.0,"turns":3.0},{"damage":0.0,"enemies":"Cultist and Chosen","floor":25.0,"turns":3.0},{"damage":3.0,"enemies":"Centurion and Healer","floor":28.0,"turns":7.0},{"damage":7.0,"enemies":"Snecko","floor":29.0,"turns":3.0},{"damage":14.0,"enemies":"Colosseum Slavers","floor":30.0,"turns":3.0},{"damage":8.0,"enemies":"Colosseum Nobs","floor":30.0,"turns":4.0},{"damage":0.0,"enemies":"Book of Stabbing","floor":31.0,"turns":3.0},{"damage":2.0,"enemies":"Champ","floor":33.0,"turns":8.0},{"damage":0.0,"enemies":"Orb Walker","floor":35.0,"turns":2.0},{"damage":6.0,"enemies":"3 Darklings","floor":36.0,"turns":5.0},{"damage":10.0,"enemies":"Maw","floor":37.0,"turns":7.0},{"damage":26.0,"enemies":"2 Orb Walkers","floor":39.0,"turns":5.0},{"damage":0.0,"enemies":"Giant Head","floor":40.0,"turns":7.0},{"damage":7.0,"enemies":"Writhing Mass","floor":42.0,"turns":5.0},{"damage":1.0,"enemies":"Nemesis","floor":44.0,"turns":5.0},{"damage":0.0,"enemies":"Reptomancer","floor":46.0,"turns":5.0},{"damage":1.0,"enemies":"3 Darklings","floor":48.0,"turns":3.0},{"damage":0.0,"enemies":"Awakened One","floor":50.0,"turns":4.0},{"damage":5.0,"enemies":"Shield and Spear","floor":54.0,"turns":4.0},{"damage":4,"enemies":"The Heart","floor":55,"turns":7}],"seed_played":"498316971473556080","potions_obtained":[{"floor":1.0,"key":"Fire Potion"},{"floor":4.0,"key":"Strength Potion"},{"floor":12.0,"key":"SpeedPotion"},{"floor":14.0,"key":"Block Potion"},{"floor":20.0,"key":"SteroidPotion"},{"floor":22.0,"key":"Strength Potion"},{"floor":22.0,"key":"Regen Potion"},{"floor":22.0,"key":"FearPotion"},{"floor":22.0,"key":"Explosive Potion"},{"floor":25.0,"key":"AttackPotion"},{"floor":30.0,"key":"FearPotion"},{"floor":33.0,"key":"Fire Potion"},{"floor":37.0,"key":"EssenceOfDarkness"},{"floor":40.0,"key":"SneckoOil"},{"floor":42.0,"key":"LiquidBronze"},{"floor":44.0,"key":"BlessingOfTheForge"},{"floor":47.0,"key":"LiquidMemories"},{"floor":47.0,"key":"Dexterity Potion"},{"floor":54.0,"key":"Explosive Potion"}],"is_trial":false,"path_per_floor":["M","?","M","M","M","R","M","E","T","?","M","E","?","E","R","B",null,"M","?","M","M","$","R","E","M","T","T","M","M","?","E","R","B",null,"M","M","M","?","?","E","R","M","T","E","?","E","?","M","R","B",null,"R","$","E","B",null],"character_chosen":"DEFECT","items_purchased":["Pen Nib","Cauldron","Anchor","Centennial Puzzle","PrismaticShard","All For One","Steam+1"],"campfire_rested":1,"item_purchase_floors":[22,22,53,53,53,53,53],"current_hp_per_floor":[75,75,75,72,72,72,72,65,65,65,65,54,54,49,49,35,75,70,70,65,43,43,43,21,21,21,21,18,18,10,10,32,37,75,75,75,72,63,37,51,51,51,51,64,64,64,64,75,75,75,75,75,75,75,75],"gold":39,"neow_bonus":"RANDOM_COMMON_RELIC","is_daily":false,"chose_seed":false,"campfire_upgraded":5,"win_rate":0.0,"timestamp":1613014622,"path_taken":["M","?","M","?","M","R","M","E","T","?","M","E","?","E","R","BOSS","M","?","M","M","$","R","E","M","T","?","M","?","?","E","R","BOSS","M","M","M","?","?","E","R","M","T","E","?","E","?","?","R","BOSS","R","$","E","BOSS"],"items_purchased_type":["Relic","Relic","Relic","Relic","Relic","Card","Card"],"build_version":"2020-12-22","purchased_purges":0,"victory":true,"max_hp_per_floor":[75,75,75,75,75,75,75,75,75,75,75,75,75,75,75,75,75,75,75,75,75,75,75,75,75,75,75,75,75,75,75,75,75,75,75,75,75,75,75,75,75,75,75,75,75,75,75,75,75,75,75,75,75,75,75],"relic_stats":{"counters":[34,145],"StoneCalendar":[133],"Pen Nib":[43],"Bag of Preparation":[68],"Orichalcum":[144],"Boot":[63],"Centennial Puzzle":[6],"Sundial":[8],"Mummified Hand":[23],"Bronze Scales":[286],"Art of War":[0],"Kunai":[99],"obtain_stats":[{"StoneCalendar":30,"Bag of Preparation":0,"Boot":40,"PrismaticShard":53,"Centennial Puzzle":53,"Sundial":31,"Mummified Hand":43,"Kunai":30,"Toxic Egg 2":26,"Cracked Core":0,"InkBottle":54,"Runic Pyramid":34,"Potion Belt":14,"Pen Nib":22,"Omamori":24,"Orichalcum":8,"Odd Mushroom":10,"SlaversCollar":17,"Cauldron":22,"CaptainsWheel":39,"Bottled Flame":46,"Anchor":53,"Bronze Scales":27,"Art of War":44,"Bottled Lightning":12},{"StoneCalendar":20,"Bag of Preparation":0,"Boot":27,"PrismaticShard":32,"Centennial Puzzle":32,"Sundial":21,"Mummified Hand":28,"Kunai":20,"Toxic Egg 2":16,"Cracked Core":0,"InkBottle":33,"Runic Pyramid":22,"Potion Belt":10,"Pen Nib":14,"Omamori":15,"Orichalcum":6,"Odd Mushroom":7,"SlaversCollar":11,"Cauldron":14,"CaptainsWheel":26,"Bottled Flame":30,"Anchor":32,"Bronze Scales":16,"Art of War":29,"Bottled Lightning":9},{"StoneCalendar":75,"Bag of Preparation":0,"Boot":112,"PrismaticShard":134,"Centennial Puzzle":134,"Sundial":78,"Mummified Hand":117,"Kunai":75,"Toxic Egg 2":58,"Cracked Core":0,"InkBottle":138,"Runic Pyramid":86,"Potion Belt":33,"Pen Nib":52,"Omamori":55,"Orichalcum":17,"Odd Mushroom":20,"SlaversCollar":40,"Cauldron":52,"CaptainsWheel":105,"Bottled Flame":127,"Anchor":134,"Bronze Scales":58,"Art of War":122,"Bottled Lightning":30}],"InkBottle":[5]},"card_choices":[{"not_picked":["Genetic Algorithm","Sweeping Beam"],"picked":"Cold Snap","floor":1.0},{"not_picked":["Conserve Battery","Coolheaded"],"picked":"Sweeping Beam","floor":3.0},{"not_picked":["Sunder","Gash"],"picked":"FTL","floor":4.0},{"not_picked":["Steam Power","Conserve Battery"],"picked":"BootSequence","floor":5.0},{"not_picked":["Cold Snap","BootSequence"],"picked":"Go for the Eyes","floor":7.0},{"not_picked":["Coolheaded","Meteor Strike"],"picked":"Hologram","floor":8.0},{"not_picked":["Genetic Algorithm","Turbo"],"picked":"Cold Snap","floor":10.0},{"not_picked":["Steam","Turbo"],"picked":"Beam Cell","floor":11.0},{"not_picked":["Ball Lightning","Barrage"],"picked":"Machine Learning","floor":12.0},{"not_picked":["Genetic Algorithm","BootSequence"],"picked":"Static Discharge","floor":14.0},{"not_picked":["Amplify","Rainbow"],"picked":"Reboot","floor":16.0},{"not_picked":["Cold Snap","Ball Lightning"],"picked":"Stack+1","floor":18.0},{"not_picked":["Doom and Gloom","Barrage+1","Sweeping Beam"],"picked":"SKIP","floor":20.0},{"not_picked":["Barrage","Cold Snap"],"picked":"Go for the Eyes","floor":21.0},{"not_picked":["Beam Cell+1","Stack"],"picked":"Gash","floor":24.0},{"not_picked":["Barrage","Glacier"],"picked":"Compile Driver+1","floor":25.0},{"not_picked":["Storm","Sweeping Beam"],"picked":"Self Repair","floor":28.0},{"not_picked":["Hologram+1","Gash"],"picked":"All For One","floor":29.0},{"not_picked":["Beam Cell","Double Energy+1"],"picked":"Turbo+1","floor":30.0},{"not_picked":["Rip and Tear","Sweeping Beam"],"picked":"Reinforced Body+1","floor":31.0},{"not_picked":["Thunder Strike","Buffer"],"picked":"Amplify+1","floor":33.0},{"not_picked":["Sweeping Beam","Blizzard"],"picked":"Go for the Eyes+1","floor":35.0},{"not_picked":["Gash","Compile Driver+1","Chaos+1"],"picked":"SKIP","floor":36.0},{"not_picked":["Beam Cell+1","Hologram+1"],"picked":"Skim+1","floor":37.0},{"not_picked":["Rip and Tear","Static Discharge"],"picked":"Seek+1","floor":40.0},{"not_picked":["Beam Cell+1","Turbo+1","Barrage"],"picked":"SKIP","floor":42.0},{"not_picked":["Genetic Algorithm+1","Hello World"],"picked":"White Noise+1","floor":44.0},{"not_picked":["Loop","Heatsinks","Beam Cell"],"picked":"SKIP","floor":46.0},{"not_picked":["Sweeping Beam+1","Beam Cell+1"],"picked":"Stack+1","floor":48.0},{"not_picked":["Stack+1","Blood for Blood"],"picked":"Aggregate+1","floor":54.0}],"player_experience":32506,"relics_obtained":[{"floor":8.0,"key":"Orichalcum"},{"floor":10.0,"key":"Odd Mushroom"},{"floor":12.0,"key":"Bottled Lightning"},{"floor":14.0,"key":"Potion Belt"},{"floor":24.0,"key":"Omamori"},{"floor":26.0,"key":"Toxic Egg 2"},{"floor":27.0,"key":"Bronze Scales"},{"floor":30.0,"key":"StoneCalendar"},{"floor":30.0,"key":"Kunai"},{"floor":31.0,"key":"Sundial"},{"floor":39.0,"key":"CaptainsWheel"},{"floor":40.0,"key":"Boot"},{"floor":43.0,"key":"Mummified Hand"},{"floor":44.0,"key":"Art of War"},{"floor":46.0,"key":"Bottled Flame"},{"floor":54.0,"key":"InkBottle"}],"event_choices":[{"damage_healed":0.0,"max_hp_gain":0.0,"max_hp_loss":0.0,"gold_gain":0.0,"event_name":"Upgrade Shrine","player_choice":"Upgraded","floor":2.0,"gold_loss":0.0,"damage_taken":0.0,"cards_upgraded":["Zap"]},{"damage_healed":0.0,"max_hp_gain":0.0,"max_hp_loss":0.0,"gold_gain":0.0,"event_name":"Mushrooms","player_choice":"Fought Mushrooms","floor":10.0,"gold_loss":0.0,"damage_taken":0.0},{"damage_healed":0.0,"max_hp_gain":0.0,"max_hp_loss":0.0,"gold_gain":0.0,"event_name":"Liars Game","player_choice":"Ignored","floor":13.0,"gold_loss":0.0,"damage_taken":0.0},{"cards_removed":["Strike_B"],"damage_healed":0.0,"max_hp_gain":0.0,"max_hp_loss":0.0,"gold_gain":0.0,"event_name":"Beggar","player_choice":"Gave Gold","floor":19.0,"gold_loss":75.0,"damage_taken":0.0},{"damage_healed":0.0,"max_hp_gain":0.0,"max_hp_loss":0.0,"gold_gain":0.0,"event_name":"Colosseum","player_choice":"Fight","floor":30.0,"gold_loss":0.0,"damage_taken":0.0},{"damage_healed":0.0,"max_hp_gain":0.0,"max_hp_loss":0.0,"gold_gain":0.0,"event_name":"Colosseum","player_choice":"Fought Nobs","floor":30.0,"gold_loss":0.0,"damage_taken":0.0},{"damage_healed":0.0,"max_hp_gain":0.0,"max_hp_loss":0.0,"gold_gain":0.0,"event_name":"Winding Halls","player_choice":"Embrace Madness","floor":38.0,"gold_loss":0.0,"damage_taken":9.0,"cards_obtained":["Madness","Madness"]},{"damage_healed":0.0,"max_hp_gain":0.0,"max_hp_loss":0.0,"gold_gain":0.0,"event_name":"Mysterious Sphere","player_choice":"Fight","floor":39.0,"gold_loss":0.0,"damage_taken":0.0},{"cards_removed":["Strike_B"],"damage_healed":0.0,"max_hp_gain":0.0,"max_hp_loss":0.0,"gold_gain":0.0,"event_name":"Falling","player_choice":"Removed Attack","floor":45.0,"gold_loss":0.0,"damage_taken":0.0},{"damage_healed":0.0,"max_hp_gain":0.0,"max_hp_loss":0.0,"gold_gain":0.0,"event_name":"Lab","player_choice":"Got Potions","floor":47.0,"gold_loss":0.0,"damage_taken":0.0}],"is_beta":false,"boss_relics":[{"not_picked":["Velvet Choker","Nuclear Battery"],"picked":"SlaversCollar"},{"not_picked":["Snecko Eye","FrozenCore"],"picked":"Runic Pyramid"}],"items_purged_floors":[],"is_endless":false,"potions_floor_spawned":[1,4,12,14,20,25,30,30,33,37,40,42,44,54],"ascension_level":2}}