{"host":"mw3dmj42qtkbha4b","time":1613023697,"event":{"mods":["BaseMod","Colored Map","Colored Powertips","DeckTracker","Minty Spire (QoL Compilation)","StSLib","SuperFastMode"],"gold_per_floor":[116,116,41,60,60,93,93,113,137,150,168,168,194,214,214,286,286,299,299,141,141,160,188,205,205,205],"floor_reached":25,"language":"KOR","playtime":550,"items_purged":["Defend_P"],"score":616,"play_id":"667dffee-95e7-41fe-a39c-0d94555daab0","local_time":"20210211150817","is_ascension_mode":true,"campfire_choices":[{"data":"Eruption","floor":7.0,"key":"SMITH"},{"data":"FearNoEvil","floor":12.0,"key":"SMITH"},{"floor":15.0,"key":"REST"}],"circlet_count":0,"master_deck":["AscendersBane","Strike_P","Strike_P+1","Defend_P","Defend_P+1","Eruption+1","Vigilance","Consecrate","FearNoEvil+1","LessonLearned+1","Wallop","Devotion","ReachHeaven"],"relics":["PureWater","NeowsBlessing","Art of War","Happy Flower","Ornamental Fan","Empty Cage","HandDrill","Juzu Bracelet"],"acts_visited":["Exordium","TheCity"],"potions_floor_usage":[25],"damage_taken":[{"damage":0.0,"enemies":"Small Slimes","floor":1.0,"turns":1.0},{"damage":0.0,"enemies":"Jaw Worm","floor":4.0,"turns":1.0},{"damage":0.0,"enemies":"Lagavulin","floor":6.0,"turns":1.0},{"damage":0.0,"enemies":"Cultist","floor":8.0,"turns":2.0},{"damage":9.0,"enemies":"Exordium Thugs","floor":10.0,"turns":3.0},{"damage":8.0,"enemies":"Blue Slaver","floor":11.0,"turns":2.0},{"damage":33.0,"enemies":"Gremlin Nob","floor":13.0,"turns":4.0},{"damage":0.0,"enemies":"3 Louse","floor":14.0,"turns":2.0},{"damage":0.0,"enemies":"Slime Boss","floor":16.0,"turns":6.0},{"damage":0.0,"enemies":"Spheric Guardian","floor":18.0,"turns":1.0},{"damage":23.0,"enemies":"Chosen","floor":22.0,"turns":4.0},{"damage":55.0,"enemies":"Slavers","floor":23.0,"turns":7.0},{"damage":1.0,"enemies":"Snecko","floor":24.0,"turns":4.0},{"damage":22,"enemies":"Gremlin Leader","floor":25,"turns":3}],"seed_played":"-9113232609302342263","potions_obtained":[{"floor":1.0,"key":"FairyPotion"},{"floor":4.0,"key":"BlessingOfTheForge"},{"floor":6.0,"key":"Energy Potion"},{"floor":13.0,"key":"DistilledChaos"},{"floor":16.0,"key":"Swift Potion"},{"floor":22.0,"key":"FairyPotion"},{"floor":24.0,"key":"Fire Potion"}],"is_trial":false,"path_per_floor":["M","?","$","M","$","E","R","M","T","M","M","R","E","M","R","B",null,"M","?","$","$","M","E","M","E"],"character_chosen":"WATCHER","items_purchased":["HandDrill"],"campfire_rested":1,"item_purchase_floors":[20],"current_hp_per_floor":[61,66,66,66,66,66,66,66,66,57,49,49,16,16,37,37,64,64,64,64,64,41,14,13,0,0],"gold":205,"neow_bonus":"THREE_ENEMY_KILL","is_daily":false,"chose_seed":false,"campfire_upgraded":2,"win_rate":0.0,"timestamp":1613023697,"path_taken":["M","?","$","M","$","E","R","M","T","M","M","R","E","M","R","BOSS","M","?","?","$","?","E","M","E"],"items_purchased_type":["Relic"],"build_version":"2020-12-22","purchased_purges":1,"victory":false,"max_hp_per_floor":[68,73,73,73,73,73,73,73,73,73,73,73,73,73,73,73,73,73,73,73,73,73,73,73,73,73],"card_choices":[{"not_picked":["BowlingBash","EmptyMind"],"picked":"Consecrate","floor":1.0},{"not_picked":["FlyingSleeves","Worship","Adaptation"],"picked":"SKIP","floor":4.0},{"not_picked":["Halt","Sanctity"],"picked":"FearNoEvil","floor":6.0},{"not_picked":["JustLucky","FearNoEvil","EmptyFist"],"picked":"SKIP","floor":8.0},{"not_picked":["Prostrate","ClearTheMind","ThirdEye"],"picked":"SKIP","floor":10.0},{"not_picked":["DeceiveReality","CutThroughFate","Fasting2"],"picked":"SKIP","floor":11.0},{"not_picked":["EmptyFist","EmptyBody","Adaptation"],"picked":"SKIP","floor":13.0},{"not_picked":["ClearTheMind","SandsOfTime","PathToVictory"],"picked":"SKIP","floor":14.0},{"not_picked":["Vault","Alpha"],"picked":"LessonLearned","floor":16.0},{"not_picked":["CrushJoints","CutThroughFate"],"picked":"Wallop","floor":18.0},{"not_picked":["BowlingBash","CutThroughFate","ClearTheMind"],"picked":"SKIP","floor":22.0},{"not_picked":["EmptyBody","FlyingSleeves+1","Alpha"],"picked":"SKIP","floor":23.0},{"not_picked":["CarveReality","Protect"],"picked":"ReachHeaven","floor":24.0}],"player_experience":1813410,"relics_obtained":[{"floor":6.0,"key":"Art of War"},{"floor":9.0,"key":"Happy Flower"},{"floor":13.0,"key":"Ornamental Fan"},{"floor":23.0,"key":"Juzu Bracelet"}],"event_choices":[{"damage_healed":0.0,"max_hp_gain":5.0,"max_hp_loss":0.0,"gold_gain":0.0,"event_name":"Big Fish","player_choice":"Donut","floor":2.0,"gold_loss":0.0,"damage_taken":0.0},{"damage_healed":0.0,"max_hp_gain":0.0,"max_hp_loss":0.0,"gold_gain":0.0,"cards_transformed":["Strike_P"],"event_name":"Transmorgrifier","player_choice":"Transformed","floor":19.0,"gold_loss":0.0,"damage_taken":0.0,"cards_obtained":["Devotion"]}],"is_beta":false,"boss_relics":[{"not_picked":["SlaversCollar","HolyWater"],"picked":"Empty Cage"}],"items_purged_floors":[3],"is_endless":false,"potions_floor_spawned":[1,4,6,13,16,22,24],"killed_by":"Gremlin Leader","ascension_level":20}}