{"host":"i0avyit1s6jb1siw","time":1613043900,"event":{"mods":["BaseMod","DeckTracker","Dota2Spire","Highlight Path","Minty Spire (QoL Compilation)","Quick Restart","StSLib","SuperFastMode"],"gold_per_floor":[111,111,131,131,14,59,59,92,92,173,173,173,173,173,190,201,201,274,274,286,286,286,336,356,356,390,409,409,435,435,435,464,474,508,525,525,604,604,615,615,305,325,2,2,36,50,50,124,151,151,181,199,232,232,232,232,232,232,107,136,136],"floor_reached":62,"language":"ENG","playtime":1328,"items_purged":["Defend_P","ConjureBlade+1","Strike_P+1"],"score":3672,"play_id":"610a74fa-ba42-48c4-a581-e752a23f5e7a","local_time":"20210211124500","is_ascension_mode":true,"campfire_choices":[{"data":"Adaptation","floor":7.0,"key":"SMITH"},{"floor":12.0,"key":"REST"},{"data":"CutThroughFate","floor":17.0,"key":"SMITH"},{"data":"MentalFortress","floor":25,"key":"SMITH"},{"floor":28,"key":"REST"},{"data":"TalkToTheHand","floor":31,"key":"SMITH"},{"data":"Wallop","floor":36,"key":"SMITH"},{"floor":44,"key":"RECALL"},{"data":"TalkToTheHand","floor":54,"key":"SMITH"},{"floor":58,"key":"REST"}],"circlet_count":0,"master_deck":["AscendersBane","Strike_P+1","Defend_P+1","Defend_P+1","Eruption+1","Vigilance+1","CutThroughFate+1","Adaptation+1","FearNoEvil+1","Protect+1","LessonLearned+1","TalkToTheHand+1","MentalFortress+1","EmptyFist+1","Wallop+1","FlyingSleeves+1","EmptyBody+1","Fasting2+1","Madness+1","Madness+1","Master of Strategy+1","CrushJoints+1","Adaptation+1","Vault+1","TalkToTheHand+1"],"relics":["PureWater","Regal Pillow","Ancient Tea Set","Bag of Preparation","Dota2Spire:BattleFury","Gremlin Horn","CloakClasp","Pantograph","Dota2Spire:Bloodstone","Dota2Spire:LinkenSphere","PreservedInsect","Singing Bowl","Dota2Spire:ShivaGuard","Incense Burner","Astrolabe","DollysMirror","Centennial Puzzle","Mummified Hand","Dota2Spire:DrumOfEndurance","Dota2Spire:Vanguard","Lizard Tail","Dota2Spire:MagicBottle"],"acts_visited":["Exordium","TheCity","TheBeyond","TheEnding"],"potions_floor_usage":[24,45,61],"damage_taken":[{"damage":6.0,"enemies":"Small Slimes","floor":1.0,"turns":5.0},{"damage":0.0,"enemies":"2 Louse","floor":3.0,"turns":2.0},{"damage":7.0,"enemies":"3 Sentries","floor":6.0,"turns":5.0},{"damage":40.0,"enemies":"Gremlin Nob","floor":8.0,"turns":4.0},{"damage":0.0,"enemies":"Jaw Worm","floor":15.0,"turns":1.0},{"damage":0.0,"enemies":"Blue Slaver","floor":16.0,"turns":1.0},{"damage":0.0,"enemies":"Slime Boss","floor":18.0,"turns":5.0},{"damage":7,"enemies":"Shell Parasite","floor":20,"turns":4},{"damage":0,"enemies":"Chosen","floor":24,"turns":2},{"damage":12,"enemies":"Book of Stabbing","floor":26,"turns":5},{"damage":22,"enemies":"Snecko","floor":27,"turns":8},{"damage":0,"enemies":"Slavers","floor":32,"turns":3},{"damage":0,"enemies":"Centurion and Healer","floor":33,"turns":5},{"damage":0,"enemies":"Gremlin Leader","floor":34,"turns":2},{"damage":0,"enemies":"Chosen and Byrds","floor":35,"turns":3},{"damage":41,"enemies":"Collector","floor":37,"turns":6},{"damage":0,"enemies":"3 Darklings","floor":39,"turns":3},{"damage":0,"enemies":"3 Shapes","floor":42,"turns":4},{"damage":0,"enemies":"Nemesis","floor":45,"turns":3},{"damage":0,"enemies":"Writhing Mass","floor":46,"turns":6},{"damage":0,"enemies":"Giant Head","floor":49,"turns":4},{"damage":0,"enemies":"Nemesis","floor":51,"turns":4},{"damage":0,"enemies":"Jaw Worm Horde","floor":52,"turns":1},{"damage":0,"enemies":"Reptomancer","floor":53,"turns":2},{"damage":0,"enemies":"Time Eater","floor":55,"turns":9},{"damage":0,"enemies":"Awakened One","floor":56,"turns":6},{"damage":0,"enemies":"Shield and Spear","floor":60,"turns":4},{"damage":21,"enemies":"The Heart","floor":61,"turns":8}],"seed_played":"-4596846371901050237","potions_obtained":[{"floor":3.0,"key":"ColorlessPotion"},{"floor":6.0,"key":"Fruit Juice"},{"floor":8.0,"key":"SteroidPotion"},{"floor":24,"key":"StancePotion"},{"floor":37,"key":"DistilledChaos"},{"floor":39,"key":"FairyPotion"},{"floor":52,"key":"Block Potion"}],"is_trial":false,"path_per_floor":["M","?","M","?","$","E","R","E","?","T","T","R","T","?","M","M","R","B",null,"M","?","?","?","M","R","E","M","R","T","T","R","E","M","E","M","R","B",null,"M","?","$","M","$","R","E","M","T","T","E","?","E","M","E","R","B","B",null,"R","$","E","B",null],"character_chosen":"WATCHER","items_purchased":["FearNoEvil","Master of Strategy","DollysMirror","Vault","TalkToTheHand"],"campfire_rested":3,"item_purchase_floors":[5,41,43,43,43],"current_hp_per_floor":[55,60,60,60,60,53,53,13,13,13,13,49,49,23,23,23,23,48,67,60,39,39,39,44,44,32,10,49,49,49,49,49,51,53,55,55,41,79,79,63,63,63,63,63,65,67,67,67,69,69,71,73,75,75,100,103,103,103,103,105,84],"gold":136,"neow_bonus":"RANDOM_COMMON_RELIC","is_daily":false,"chose_seed":false,"campfire_upgraded":6,"win_rate":0.0,"timestamp":1613043900,"path_taken":["M","?","M","?","$","E","R","E","?","T","T","R","?","?","M","M","R","BOSS","M","?","?","?","M","R","E","M","R","T","T","R","E","M","E","M","R","BOSS","M","?","$","M","$","R","E","M","T","T","E","?","E","M","E","R","BOSS","BOSS","R","$","E","BOSS"],"items_purchased_type":["Card","Card","Relic","Card","Card"],"build_version":"2020-12-22","purchased_purges":3,"victory":true,"max_hp_per_floor":[68,73,73,73,73,73,73,73,73,73,73,73,73,73,73,73,73,73,73,73,78,78,78,83,83,83,83,83,83,83,83,83,85,87,89,89,91,91,91,91,91,91,91,91,93,95,95,95,97,97,99,101,103,103,103,103,103,103,103,105,105],"card_choices":[{"not_picked":["FollowUp","Protect"],"picked":"CutThroughFate","floor":1.0},{"not_picked":["Halt","Collect"],"picked":"Adaptation","floor":3.0},{"not_picked":["Consecrate","CutThroughFate","JustLucky"],"picked":"SKIP","floor":6.0},{"not_picked":["FollowUp","Devotion"],"picked":"Protect","floor":8.0},{"not_picked":["Prostrate","ThirdEye","FlurryOfBlows"],"picked":"SKIP","floor":15.0},{"not_picked":["Evaluate","Wireheading","Halt"],"picked":"SKIP","floor":16.0},{"not_picked":["Vault","Alpha"],"picked":"LessonLearned","floor":18.0},{"not_picked":["BattleHymn","EmptyBody+1"],"picked":"TalkToTheHand","floor":20},{"not_picked":["CrushJoints","BattleHymn"],"picked":"MentalFortress","floor":24},{"not_picked":["FollowUp","Weave","Halt"],"picked":"SKIP","floor":26},{"not_picked":["ReachHeaven","Conclude"],"picked":"EmptyFist+1","floor":27},{"not_picked":["ClearTheMind","Crescendo"],"picked":"Wallop","floor":32},{"not_picked":["ForeignInfluence","Evaluate","Swivel"],"picked":"Singing Bowl","floor":33},{"not_picked":["ThirdEye","ForeignInfluence","CarveReality"],"picked":"Singing Bowl","floor":34},{"not_picked":["Consecrate","WaveOfTheHand","LessonLearned"],"picked":"Singing Bowl","floor":35},{"not_picked":["Devotion","SpiritShield","Brilliance"],"picked":"Singing Bowl","floor":37},{"not_picked":["ThirdEye","Halt+1"],"picked":"Fasting2+1","floor":39},{"not_picked":["EmptyBody","FearNoEvil"],"picked":"CrushJoints","floor":42},{"not_picked":["Crescendo","Consecrate","FollowUp+1"],"picked":"Singing Bowl","floor":45},{"not_picked":["Worship","SandsOfTime+1","Prostrate+1"],"picked":"Singing Bowl","floor":46},{"not_picked":["ClearTheMind","Conclude","CrushJoints"],"picked":"Singing Bowl","floor":49},{"not_picked":["ClearTheMind+1","Crescendo","Judgement"],"picked":"Singing Bowl","floor":51},{"not_picked":["FlyingSleeves","CutThroughFate+1","SashWhip"],"picked":"Singing Bowl","floor":52},{"not_picked":["ClearTheMind","EmptyMind","WheelKick"],"picked":"Singing Bowl","floor":53},{"not_picked":["WreathOfFlame","SashWhip","PathToVictory+1"],"picked":"Singing Bowl","floor":60}],"player_experience":2434283,"relics_obtained":[{"floor":6.0,"key":"Ancient Tea Set"},{"floor":8.0,"key":"Bag of Preparation"},{"floor":10.0,"key":"Dota2Spire:BattleFury"},{"floor":11.0,"key":"Gremlin Horn"},{"floor":13.0,"key":"CloakClasp"},{"floor":26,"key":"Dota2Spire:LinkenSphere"},{"floor":29,"key":"PreservedInsect"},{"floor":30,"key":"Singing Bowl"},{"floor":32,"key":"Dota2Spire:ShivaGuard"},{"floor":34,"key":"Incense Burner"},{"floor":45,"key":"Centennial Puzzle"},{"floor":47,"key":"Mummified Hand"},{"floor":49,"key":"Dota2Spire:DrumOfEndurance"},{"floor":51,"key":"Dota2Spire:Vanguard"},{"floor":53,"key":"Lizard Tail"},{"floor":60,"key":"Dota2Spire:MagicBottle"}],"event_choices":[{"damage_healed":0.0,"max_hp_gain":5.0,"max_hp_loss":0.0,"gold_gain":0.0,"event_name":"Big Fish","player_choice":"Donut","floor":2.0,"gold_loss":0.0,"damage_taken":0.0},{"damage_healed":0.0,"max_hp_gain":0.0,"max_hp_loss":0.0,"gold_gain":0.0,"event_name":"Living Wall","player_choice":"Grow","floor":4.0,"gold_loss":0.0,"damage_taken":0.0,"cards_upgraded":["Eruption"]},{"damage_healed":0.0,"max_hp_gain":0.0,"max_hp_loss":0.0,"gold_gain":0.0,"event_name":"Shining Light","player_choice":"Ignored","floor":9.0,"gold_loss":0.0,"damage_taken":0.0},{"damage_healed":0.0,"max_hp_gain":0.0,"max_hp_loss":0.0,"gold_gain":0.0,"event_name":"Scrap Ooze","player_choice":"Success","floor":14.0,"gold_loss":0.0,"damage_taken":26.0,"relics_obtained":["Pantograph"]},{"damage_healed":0,"gold_gain":0,"player_choice":"Shed Blood","damage_taken":26,"max_hp_gain":5,"max_hp_loss":0,"event_name":"Forgotten Altar","floor":21,"gold_loss":0},{"damage_healed":0,"gold_gain":0,"player_choice":"Ignored","damage_taken":0,"max_hp_gain":0,"max_hp_loss":0,"event_name":"The Mausoleum","floor":22,"gold_loss":0},{"damage_healed":0,"gold_gain":50,"player_choice":"Stole From Cult","damage_taken":0,"max_hp_gain":0,"max_hp_loss":0,"event_name":"Nest","floor":23,"gold_loss":0},{"damage_healed":0,"gold_gain":0,"player_choice":"Embrace Madness","damage_taken":16,"max_hp_gain":0,"max_hp_loss":0,"event_name":"Winding Halls","floor":40,"gold_loss":0,"cards_obtained":["Madness","Madness"]},{"damage_healed":0,"gold_gain":0,"player_choice":"Upgraded","damage_taken":0,"max_hp_gain":0,"max_hp_loss":0,"event_name":"Upgrade Shrine","floor":50,"gold_loss":0,"cards_upgraded":["Master of Strategy"]}],"is_beta":false,"boss_relics":[{"not_picked":["Empty Cage","Philosopher\u0027s Stone"],"picked":"Dota2Spire:Bloodstone"},{"not_picked":["VioletLotus","Pandora\u0027s Box"],"picked":"Astrolabe"}],"items_purged_floors":[5,41,59],"is_endless":false,"potions_floor_spawned":[3,6,8,24,26,32,35,37,39,42,52,60],"ascension_level":20}}