{"host":"42xf941fomyavgzy","time":1613052192,"event":{"mods":["Act Like it!","Astrologer","BaseMod","Colored Map","Minty Spire (QoL Compilation)","Shop Mod","StSLib","SuperFastMode","The Cursed"],"gold_per_floor":[110,128,143,162,162,196,196,196,196,207,232,232,3,23,23,127,127,143,153,171,86,86,86,120,120,144,144,160,160,160],"floor_reached":29,"language":"JPN","playtime":1610,"items_purged":[],"score":350,"play_id":"52544e0c-4c07-4af2-b2f0-cfc39b205b92","local_time":"20210211230312","is_ascension_mode":true,"campfire_choices":[{"data":"EmptyFist","floor":7,"key":"SMITH"},{"data":"Wallop","floor":12,"key":"SMITH"},{"data":"TalkToTheHand","floor":15,"key":"SMITH"},{"floor":23,"key":"REST"},{"data":"Omniscience","floor":25,"key":"SMITH"},{"data":"Ragnarok","floor":27,"key":"SMITH"}],"circlet_count":0,"master_deck":["Eruption","Vigilance","Blind","ClearTheMind","Indignation+1","EmptyFist+1","CutThroughFate","Adaptation","Wallop+1","Evaluate","TalkToTheHand+1","Ragnarok+1","LikeWater","Ragnarok","EmptyMind","Collect","Halt","Prostrate","CarveReality","Halt","BattleHymn","Swivel","WheelKick+1","ThirdEye","Blasphemy+1","Omniscience+1","MentalFortress"],"relics":["PureWater","Potion Belt","Gremlin Horn","GoldenEye","Bag of Preparation","Question Card","Pandora\u0027s Box","Nloth\u0027s Gift","Toy Ornithopter","Nunchaku"],"acts_visited":["Exordium","TheCity"],"potions_floor_usage":[6,10,11,18,24,29],"damage_taken":[{"damage":3,"enemies":"2 Louse","floor":1,"turns":3},{"damage":0,"enemies":"Cultist","floor":2,"turns":3},{"damage":8,"enemies":"Jaw Worm","floor":3,"turns":5},{"damage":8,"enemies":"Blue Slaver","floor":4,"turns":4},{"damage":19,"enemies":"Gremlin Nob","floor":6,"turns":4},{"damage":0,"enemies":"Gremlin Gang","floor":10,"turns":2},{"damage":0,"enemies":"Lagavulin","floor":11,"turns":5},{"damage":0,"enemies":"2 Fungi Beasts","floor":14,"turns":2},{"damage":6,"enemies":"Hexaghost","floor":16,"turns":10},{"damage":37,"enemies":"Spheric Guardian","floor":18,"turns":4},{"damage":4,"enemies":"Shell Parasite","floor":19,"turns":6},{"damage":3,"enemies":"Chosen and Byrds","floor":20,"turns":6},{"damage":2,"enemies":"Gremlin Leader","floor":24,"turns":5},{"damage":7,"enemies":"Snecko","floor":28,"turns":3},{"damage":100020,"enemies":"Book of Stabbing","floor":29,"turns":5}],"seed_played":"5942784938109771035","potions_obtained":[{"floor":2,"key":"StancePotion"},{"floor":3,"key":"Explosive Potion"},{"floor":4,"key":"Strength Potion"},{"floor":10,"key":"ColorlessPotion"},{"floor":14,"key":"EssenceOfSteel"},{"floor":18,"key":"Strength Potion"},{"floor":20,"key":"Strength Potion"},{"floor":28,"key":"SteroidPotion"}],"is_trial":false,"path_per_floor":["M","M","M","M","?","E","R","?","T","M","E","R","$","M","R","B",null,"M","M","M","?","?","R","E","R","T","R","M","E"],"character_chosen":"WATCHER","items_purchased":["TalkToTheHand","Ragnarok"],"campfire_rested":1,"item_purchase_floors":[13,13],"current_hp_per_floor":[69,69,61,53,46,27,27,27,27,27,27,27,27,27,27,21,59,22,18,15,15,15,36,34,34,34,34,27,0,0],"gold":160,"neow_bonus":"RANDOM_COLORLESS","is_daily":false,"chose_seed":false,"campfire_upgraded":5,"win_rate":0.0,"timestamp":1613052192,"path_taken":["M","M","M","M","?","E","R","?","T","M","E","R","$","?","R","BOSS","M","M","M","?","?","R","E","R","T","R","M","E"],"items_purchased_type":["Card","Card"],"build_version":"2020-12-22","purchased_purges":0,"victory":false,"max_hp_per_floor":[72,72,72,72,72,72,72,72,72,72,72,72,72,72,72,72,72,72,72,72,72,72,72,72,72,72,72,72,72,72],"card_choices":[{"not_picked":["Flash of Steel","Finesse"],"picked":"Blind","floor":0},{"not_picked":["Worship","Consecrate"],"picked":"ClearTheMind","floor":1},{"not_picked":["Crescendo","CarveReality"],"picked":"Indignation","floor":2},{"not_picked":["FollowUp","Fasting2"],"picked":"EmptyFist","floor":3},{"not_picked":["EmptyBody","Evaluate"],"picked":"CutThroughFate","floor":4},{"not_picked":["Study","Conclude"],"picked":"Adaptation","floor":6},{"not_picked":["Perseverance","Conclude"],"picked":"Wallop","floor":10},{"not_picked":["ClearTheMind","SashWhip"],"picked":"Evaluate","floor":11},{"not_picked":["FlyingSleeves","CutThroughFate","Evaluate"],"picked":"LikeWater","floor":14},{"not_picked":["Judgement","Brilliance","Alpha"],"picked":"Ragnarok","floor":16},{"not_picked":["EmptyMind","EmptyFist+1","Halt+1"],"picked":"WheelKick+1","floor":18},{"not_picked":["Worship","Consecrate","Prostrate"],"picked":"ThirdEye","floor":19},{"not_picked":["Wallop","Halt","WindmillStrike"],"picked":"Blasphemy","floor":20},{"not_picked":["Judgement","MasterReality","FollowUp"],"picked":"Omniscience","floor":24},{"not_picked":["SashWhip","Swivel","BattleHymn+1"],"picked":"MentalFortress","floor":28}],"player_experience":475272,"relics_obtained":[{"floor":6,"key":"Gremlin Horn"},{"floor":9,"key":"Bag of Preparation"},{"floor":11,"key":"Question Card"},{"floor":24,"key":"Toy Ornithopter"},{"floor":26,"key":"Nunchaku"}],"event_choices":[{"damage_healed":0,"gold_gain":0,"player_choice":"Success","damage_taken":7,"relics_obtained":["Potion Belt"],"max_hp_gain":0,"max_hp_loss":0,"event_name":"Scrap Ooze","floor":5,"gold_loss":0},{"damage_healed":0,"gold_gain":0,"player_choice":"Gave Potion","damage_taken":0,"relics_obtained":["GoldenEye"],"max_hp_gain":0,"max_hp_loss":0,"event_name":"WeMeetAgain","floor":8,"gold_loss":0},{"damage_healed":0,"gold_gain":0,"player_choice":"Obtained Relic","damage_taken":0,"relics_obtained":["War Paint"],"max_hp_gain":0,"max_hp_loss":0,"event_name":"Addict","floor":21,"gold_loss":85},{"damage_healed":0,"gold_gain":0,"player_choice":"Traded Relic","damage_taken":0,"relics_obtained":["Nloth\u0027s Gift"],"max_hp_gain":0,"max_hp_loss":0,"event_name":"N\u0027loth","floor":22,"relics_lost":["War Paint"],"gold_loss":0}],"is_beta":false,"boss_relics":[{"not_picked":["Runic Dome","Runic Pyramid"],"picked":"Pandora\u0027s Box"}],"items_purged_floors":[],"is_endless":false,"potions_floor_spawned":[2,3,4,10,14,18,20,28],"killed_by":"Book of Stabbing","ascension_level":5}}