{"host":"630px4nyj50z5id8","time":1613031973,"event":{"mods":["BaseMod","Better Note","Colored Powertips","Good Game Mod","Minty Spire (QoL Compilation)","Quick Restart","Rare Cards Sparkle","Relic Filter Mod","Replay The Spire","StSLib","Waifu the Spire"],"gold_per_floor":[118,118,135,147,147,176,126,157,157,157,189,189,203,221,221,221,221],"floor_reached":16,"language":"ZHS","playtime":586,"items_purged":[],"score":144,"play_id":"a440b03e-a376-4f9a-be03-bbd384951fa3","local_time":"20210211162613","is_ascension_mode":true,"campfire_choices":[{"data":"Sunder","floor":12.0,"key":"SMITH"}],"circlet_count":0,"master_deck":["Strike_B","Strike_B","Strike_B+1","Defend_B","Defend_B","Defend_B","Defend_B+1","Zap","Dualcast","Electrodynamics","Heatsinks","Panic Button","Sunder+1","Undo","Chill+1","Creative AI","Turbo"],"relics":["Cracked Core","REME:ComplimentaryCards","NeowsBlessing","InkBottle","Replay:Kaleidoscope","Lantern","Torii","Strawberry","Replay:Towering Pillar of Hats"],"acts_visited":["Exordium"],"potions_floor_usage":[16],"damage_taken":[{"damage":0.0,"enemies":"2 Louse","floor":1.0,"turns":1.0},{"damage":0.0,"enemies":"Cultist","floor":3.0,"turns":1.0},{"damage":0.0,"enemies":"Small Slimes","floor":4.0,"turns":1.0},{"damage":16.0,"enemies":"Gremlin Nob","floor":6.0,"turns":3.0},{"damage":10.0,"enemies":"3 Sentries","floor":8.0,"turns":3.0},{"damage":8.0,"enemies":"Gremlin Nob","floor":11.0,"turns":3.0},{"damage":0.0,"enemies":"3 Louse","floor":13.0,"turns":3.0},{"damage":8.0,"enemies":"Blue Slaver","floor":14.0,"turns":2.0},{"damage":65,"enemies":"Fading Forest","floor":16,"turns":9}],"seed_played":"-2797865283769518717","potions_obtained":[{"floor":1.0,"key":"PowerPotion"},{"floor":8.0,"key":"ColorlessPotion"},{"floor":11.0,"key":"PowerPotion"}],"is_trial":false,"path_per_floor":["M","?","M","M","?","E","?","E","T","?","E","R","M","M","R","B"],"character_chosen":"DEFECT","items_purchased":[],"campfire_rested":0,"item_purchase_floors":[],"current_hp_per_floor":[75,75,75,75,60,44,44,34,34,34,26,26,26,18,42,0,0],"gold":221,"neow_bonus":"THREE_ENEMY_KILL","is_daily":false,"chose_seed":false,"campfire_upgraded":1,"win_rate":0.0,"timestamp":1613031973,"path_taken":["M","?","?","M","?","E","?","E","T","?","E","R","M","M","R","BOSS"],"items_purchased_type":[],"build_version":"2020-12-22","purchased_purges":0,"victory":false,"max_hp_per_floor":[75,75,75,75,75,75,75,75,75,82,82,82,82,82,82,82,82],"card_choices":[{"not_picked":["Scrape","BasicCrystalCard"],"picked":"Heatsinks","floor":1.0},{"not_picked":["Go for the Eyes","Redo"],"picked":"Panic Button","floor":3.0},{"not_picked":["Ball Lightning","Panic Button"],"picked":"Sunder","floor":4.0},{"not_picked":["Cold Snap","Beam Cell"],"picked":"Undo","floor":6.0},{"not_picked":["Compile Driver","Streamline"],"picked":"Chill","floor":8.0},{"not_picked":["Machine Learning","Auto Shields"],"picked":"Creative AI","floor":11.0},{"not_picked":["Panic Button","Sunder","Redo"],"picked":"SKIP","floor":13.0},{"not_picked":["Redo","BasicCrystalCard"],"picked":"Turbo","floor":14.0}],"player_experience":446618,"relics_obtained":[{"floor":2.0,"key":"InkBottle"},{"floor":6.0,"key":"Replay:Kaleidoscope"},{"floor":8.0,"key":"Lantern"},{"floor":9.0,"key":"Torii"},{"floor":11.0,"key":"Replay:Towering Pillar of Hats"}],"event_choices":[{"damage_healed":0.0,"max_hp_gain":0.0,"max_hp_loss":0.0,"gold_gain":0.0,"event_name":"Wheel of Change","player_choice":"Relic","floor":2.0,"gold_loss":0.0,"damage_taken":0.0},{"damage_healed":0.0,"max_hp_gain":0.0,"max_hp_loss":0.0,"gold_gain":0.0,"event_name":"Shining Light","player_choice":"Entered Light","floor":5.0,"gold_loss":0.0,"damage_taken":15.0,"cards_upgraded":["Defend_B","Strike_B"]},{"cards_removed":["Strike_B"],"damage_healed":0.0,"max_hp_gain":0.0,"max_hp_loss":0.0,"gold_gain":0.0,"event_name":"The Cleric","player_choice":"Card Removal","floor":7.0,"gold_loss":50.0,"damage_taken":0.0},{"damage_healed":0.0,"max_hp_gain":0.0,"max_hp_loss":0.0,"gold_gain":0.0,"event_name":"Scrap Ooze","player_choice":"Success","floor":10.0,"gold_loss":0.0,"damage_taken":7.0,"relics_obtained":["Strawberry"]}],"is_beta":false,"boss_relics":[],"items_purged_floors":[],"is_endless":false,"potions_floor_spawned":[1,8,11],"killed_by":"Fading Forest","ascension_level":4}}