{"host":"w4b7hmige5bnqipq","time":1613020549,"event":{"mods":["2.2 Compatiblity","BaseMod","Colored Map","DeckTracker","Keyboard Shortcuts","Minty Spire (QoL Compilation)","Permanent Neow","Rare Cards Sparkle","SuperFastMode","everything is the same but u backflip on backflip","slay the spire mod where everything is the same but ironclad has a cowboy hat"],"gold_per_floor":[362,33,33,183,183,183,196,214,291,291,291],"floor_reached":10,"language":"KOR","playtime":230,"items_purged":[],"score":112,"play_id":"8b4da936-6c30-448f-bb1f-b5bc5686cd0b","local_time":"20210211141549","is_ascension_mode":true,"campfire_choices":[{"floor":6,"key":"REST"}],"circlet_count":0,"master_deck":["AscendersBane","Strike_G","Strike_G","Strike_G","Strike_G","Strike_G+1","Defend_G","Defend_G","Defend_G+1","Defend_G","Defend_G","Survivor","Neutralize","Blur","PiercingWail","Blade Dance"],"relics":["Ring of the Snake","Tiny Chest","Nunchaku","Frozen Egg 2"],"acts_visited":["Exordium"],"potions_floor_usage":[],"damage_taken":[{"damage":1,"enemies":"Small Slimes","floor":1,"turns":4},{"damage":0,"enemies":"Cultist","floor":7,"turns":4},{"damage":0,"enemies":"2 Louse","floor":8,"turns":3},{"damage":44,"enemies":"3 Sentries","floor":10,"turns":13}],"seed_played":"144855832789646617","potions_obtained":[],"is_trial":false,"path_per_floor":["M","$","?","?","?","R","M","M","T","E"],"character_chosen":"THE_SILENT","items_purchased":["Tiny Chest","Nunchaku"],"campfire_rested":1,"item_purchase_floors":[2,2],"current_hp_per_floor":[43,43,23,23,16,35,35,35,35,0,0],"gold":291,"neow_bonus":"TWO_FIFTY_GOLD","is_daily":false,"chose_seed":false,"campfire_upgraded":0,"win_rate":0.0,"timestamp":1613020549,"path_taken":["M","$","?","?","?","R","M","M","T","E"],"items_purchased_type":["Relic","Relic"],"build_version":"2020-12-22","purchased_purges":0,"victory":false,"max_hp_per_floor":[66,66,66,66,66,66,66,66,66,66,66],"card_choices":[{"not_picked":["Slice","Cloak And Dagger"],"picked":"Blur","floor":1},{"not_picked":["Envenom","Slice"],"picked":"PiercingWail","floor":7},{"not_picked":["Footwork","Deadly Poison"],"picked":"Blade Dance","floor":8}],"player_experience":731867,"relics_obtained":[{"floor":9,"key":"Frozen Egg 2"}],"event_choices":[{"damage_healed":0,"gold_gain":0,"player_choice":"Entered Light","damage_taken":20,"max_hp_gain":0,"max_hp_loss":0,"event_name":"Shining Light","floor":3,"gold_loss":0,"cards_upgraded":["Defend_G","Strike_G"]},{"damage_healed":0,"gold_gain":150,"player_choice":"AGREE","damage_taken":0,"max_hp_gain":0,"max_hp_loss":0,"event_name":"Liars Game","floor":4,"gold_loss":0,"cards_obtained":["Doubt"]},{"cards_removed":["Doubt"],"damage_healed":0,"gold_gain":0,"player_choice":"Card Removal","damage_taken":7,"max_hp_gain":0,"max_hp_loss":0,"event_name":"Golden Wing","floor":5,"gold_loss":0}],"is_beta":false,"boss_relics":[],"items_purged_floors":[],"is_endless":false,"potions_floor_spawned":[],"killed_by":"3 Sentries","ascension_level":20}}