{"host":"pke0xxyzw0teju56","time":1613080607,"event":{"mods":["BaseMod","Bestiary","Colored Powertips","Highlight Path","Minty Spire (QoL Compilation)","Relic Stats","Slay the Relics Exporter","StSLib","ojb\u0027s Info Mod"],"gold_per_floor":[365,365,380,42,42,70,70,29,29,59,59,72,72,99,99,176,176,187,187,187,187,207,233,233,69,93,93,69,69,88,88,88,165,165,183,83,96,96,108,108,126,126,126,126,126],"floor_reached":44,"language":"ENG","playtime":1254,"items_purged":["Strike_R","Strike_R"],"score":930,"play_id":"3a31aaa1-7c34-4545-989c-3baedece455a","local_time":"20210211165647","is_ascension_mode":true,"campfire_choices":[{"floor":7,"key":"REST"},{"data":"Carnage","floor":13,"key":"SMITH"},{"data":"True Grit","floor":15,"key":"SMITH"},{"data":"Barricade","floor":24,"key":"SMITH"},{"data":"Body Slam","floor":27,"key":"SMITH"},{"data":"Hemokinesis","floor":29,"key":"SMITH"},{"floor":32,"key":"REST"},{"floor":40,"key":"RECALL"}],"circlet_count":0,"master_deck":["AscendersBane","Strike_R","Strike_R","Defend_R","Defend_R","Defend_R","Defend_R","Bash","Hemokinesis+1","Shrug It Off","Fiend Fire","Evolve","Shrug It Off","Shockwave","Carnage+1","Juggernaut","True Grit+1","Barricade+1","Ghostly","Ghostly","Ghostly","Body Slam+1","Exhume","Headbutt","Reaper","Feel No Pain"],"relics":["Burning Blood","Gremlin Horn","Pen Nib","Akabeko","Singing Bowl","MealTicket","Runic Dome","Nilry\u0027s Codex","FossilizedHelix","Tiny Chest","Ice Cream","Coffee Dripper","Lizard Tail"],"acts_visited":["Exordium","TheCity","TheBeyond"],"potions_floor_usage":[10,23,33,41],"damage_taken":[{"damage":12,"enemies":"Cultist","floor":1,"turns":4},{"damage":9,"enemies":"Jaw Worm","floor":3,"turns":3},{"damage":22,"enemies":"3 Sentries","floor":6,"turns":9},{"damage":6,"enemies":"Lagavulin","floor":10,"turns":3},{"damage":2,"enemies":"2 Louse","floor":12,"turns":1},{"damage":8,"enemies":"Gremlin Nob","floor":14,"turns":3},{"damage":20,"enemies":"Hexaghost","floor":16,"turns":4},{"damage":24,"enemies":"Shell Parasite","floor":18,"turns":5},{"damage":0,"enemies":"Spheric Guardian","floor":22,"turns":1},{"damage":8,"enemies":"Slavers","floor":23,"turns":6},{"damage":31,"enemies":"Snake Plant","floor":30,"turns":4},{"damage":27,"enemies":"Collector","floor":33,"turns":12},{"damage":0,"enemies":"3 Shapes","floor":35,"turns":4},{"damage":0,"enemies":"3 Darklings","floor":37,"turns":5},{"damage":0,"enemies":"Transient","floor":39,"turns":6},{"damage":1,"enemies":"Jaw Worm Horde","floor":41,"turns":4},{"damage":96,"enemies":"Giant Head","floor":44,"turns":7}],"seed_played":"455641582454455034","potions_obtained":[{"floor":1,"key":"FearPotion"},{"floor":16,"key":"HeartOfIron"},{"floor":30,"key":"Strength Potion"},{"floor":35,"key":"Fire Potion"},{"floor":37,"key":"DistilledChaos"}],"is_trial":false,"path_per_floor":["M","T","M","$","?","E","R","$","T","E","?","M","R","E","R","B",null,"M","?","?","?","M","E","R","$","T","R","$","R","M","T","R","B",null,"M","$","M","?","M","R","M","T","T","E"],"character_chosen":"IRONCLAD","items_purchased":["Fiend Fire","Evolve","Shrug It Off","Carnage","Exhume","Headbutt"],"campfire_rested":2,"item_purchase_floors":[4,4,4,8,25,28],"current_hp_per_floor":[44,44,41,41,34,18,40,40,40,42,42,48,48,46,46,32,67,51,40,40,19,25,25,25,40,40,40,42,42,19,19,32,11,36,46,46,48,46,48,48,48,48,48,0,0],"gold":126,"neow_bonus":"TWO_FIFTY_GOLD","is_daily":false,"chose_seed":false,"campfire_upgraded":5,"win_rate":0.0,"timestamp":1613080607,"path_taken":["M","?","M","$","?","E","R","$","T","E","?","M","R","E","R","BOSS","M","?","?","?","M","E","R","$","T","R","$","R","?","?","R","BOSS","M","$","M","?","M","R","M","?","T","E"],"items_purchased_type":["Card","Card","Card","Card","Card","Card"],"build_version":"2020-12-22","purchased_purges":2,"victory":false,"max_hp_per_floor":[75,75,75,75,75,75,75,75,75,77,77,79,79,79,79,79,79,81,40,40,40,40,42,42,42,42,42,42,42,44,44,44,44,44,46,46,48,46,48,48,48,48,48,48,48],"relic_stats":{"Lizard Tail":24,"Gremlin Horn":[11,13],"Singing Bowl":16,"counters":[17,81],"MealTicket":17,"Tiny Chest":1,"Pen Nib":[7],"obtain_stats":[{"Ice Cream":31,"Gremlin Horn":2,"Singing Bowl":10,"Nilry\u0027s Codex":21,"Pen Nib":6,"Burning Blood":0,"Akabeko":9,"Runic Dome":17,"Lizard Tail":43,"MealTicket":14,"Tiny Chest":26,"Coffee Dripper":34,"FossilizedHelix":23},{"Ice Cream":11,"Gremlin Horn":1,"Singing Bowl":4,"Nilry\u0027s Codex":8,"Pen Nib":3,"Burning Blood":0,"Akabeko":3,"Runic Dome":7,"Lizard Tail":16,"MealTicket":6,"Tiny Chest":10,"Coffee Dripper":12,"FossilizedHelix":10},{"Ice Cream":43,"Gremlin Horn":4,"Singing Bowl":19,"Nilry\u0027s Codex":32,"Pen Nib":16,"Burning Blood":0,"Akabeko":16,"Runic Dome":27,"Lizard Tail":74,"MealTicket":23,"Tiny Chest":39,"Coffee Dripper":55,"FossilizedHelix":39}],"Burning Blood":73},"card_choices":[{"not_picked":["Blood for Blood","Havoc"],"picked":"Hemokinesis","floor":1},{"not_picked":["Bloodletting","Rage"],"picked":"Shrug It Off","floor":3},{"not_picked":["Anger","Havoc"],"picked":"Shockwave","floor":6},{"not_picked":["Shockwave","Anger","Double Tap"],"picked":"Singing Bowl","floor":10},{"not_picked":["Sword Boomerang","Twin Strike","Hemokinesis"],"picked":"Singing Bowl","floor":12},{"not_picked":["Clash","Pommel Strike"],"picked":"True Grit","floor":14},{"not_picked":["Limit Break","Immolate"],"picked":"Barricade","floor":16},{"not_picked":["Intimidate","Bloodletting+1","Headbutt"],"picked":"Singing Bowl","floor":18},{"not_picked":["Armaments+1","True Grit"],"picked":"Body Slam","floor":22},{"not_picked":["Twin Strike","Body Slam","Feel No Pain"],"picked":"Singing Bowl","floor":23},{"not_picked":["Twin Strike+1","Body Slam","Thunderclap"],"picked":"Singing Bowl","floor":30},{"not_picked":["Bludgeon","Juggernaut"],"picked":"Reaper","floor":33},{"not_picked":["Body Slam+1","Headbutt","Sword Boomerang"],"picked":"Singing Bowl","floor":35},{"not_picked":["Headbutt","Havoc+1","Clothesline"],"picked":"Singing Bowl","floor":37},{"not_picked":["Body Slam","Sword Boomerang","Flex"],"picked":"Singing Bowl","floor":39},{"not_picked":["Thunderclap","Cleave+1"],"picked":"Feel No Pain","floor":41}],"player_experience":5330011,"relics_obtained":[{"floor":2,"key":"Gremlin Horn"},{"floor":6,"key":"Pen Nib"},{"floor":9,"key":"Akabeko"},{"floor":10,"key":"Singing Bowl"},{"floor":14,"key":"MealTicket"},{"floor":21,"key":"Nilry\u0027s Codex"},{"floor":23,"key":"FossilizedHelix"},{"floor":26,"key":"Tiny Chest"},{"floor":31,"key":"Ice Cream"},{"floor":43,"key":"Lizard Tail"}],"event_choices":[{"cards_removed":["Strike_R"],"damage_healed":0,"gold_gain":0,"player_choice":"Card Removal","damage_taken":7,"max_hp_gain":0,"max_hp_loss":0,"event_name":"Golden Wing","floor":5,"gold_loss":0},{"damage_healed":0,"gold_gain":0,"player_choice":"1 cards matched","damage_taken":0,"max_hp_gain":0,"max_hp_loss":0,"event_name":"Match and Keep!","floor":11,"gold_loss":0,"cards_obtained":["Juggernaut"]},{"damage_healed":0,"gold_gain":0,"player_choice":"Became a Ghost","damage_taken":0,"max_hp_gain":0,"max_hp_loss":41,"event_name":"Ghosts","floor":19,"gold_loss":0,"cards_obtained":["Ghostly","Ghostly","Ghostly"]},{"damage_healed":0,"gold_gain":0,"player_choice":"Ignored","damage_taken":0,"max_hp_gain":0,"max_hp_loss":0,"event_name":"Vampires","floor":20,"gold_loss":0},{"damage_healed":0,"gold_gain":0,"player_choice":"Obtained Book","damage_taken":21,"max_hp_gain":0,"max_hp_loss":0,"event_name":"Cursed Tome","floor":21,"gold_loss":0},{"damage_healed":0,"gold_gain":0,"player_choice":"Max HP","damage_taken":0,"max_hp_gain":0,"max_hp_loss":2,"event_name":"Winding Halls","floor":38,"gold_loss":0}],"is_beta":false,"boss_relics":[{"not_picked":["Tiny House","Empty Cage"],"picked":"Runic Dome"},{"not_picked":["SacredBark","Black Blood"],"picked":"Coffee Dripper"}],"items_purged_floors":[4,36],"is_endless":false,"potions_floor_spawned":[1,16,30,35,37],"killed_by":"Giant Head","ascension_level":20}}