{"host":"mmqs5ul2bvb60kyc","time":1613027504,"event":{"mods":["AchievementEnabler","Act Like it!","BaseMod","Colored Map","Colored Powertips","Minty Spire (QoL Compilation)","Quick Restart","StSLib"],"gold_per_floor":[424,455,467,554,581,593,637,649,715,727,756,159,172,205,205,284,284,299,299,256,270,62,94,94,144,167,179,206,206,206,216,216,216,216],"floor_reached":33,"language":"ZHS","playtime":1162,"items_purged":["Strike_G"],"score":571,"play_id":"7d911e90-81bc-490f-b1b9-4f7e889d8883","local_time":"20210211151143","is_ascension_mode":true,"campfire_choices":[{"data":"Caltrops","floor":6.0,"key":"SMITH"},{"floor":8.0,"key":"REST"},{"data":"Deadly Poison","floor":15.0,"key":"SMITH"},{"floor":24.0,"key":"REST"},{"floor":29.0,"key":"REST"},{"floor":32.0,"key":"REST"}],"circlet_count":0,"master_deck":["AscendersBane","Strike_G","Defend_G","Defend_G","Defend_G","Defend_G","Defend_G","Survivor","Neutralize","CurseOfTheBell","Caltrops+1","Deflect","Malaise","Backflip","Dagger Spray","Reflex","Expertise","Deadly Poison+1","Phantasmal Killer","Grand Finale+1","Corpse Explosion+1","Bane+1","Well Laid Plans","Tactician","Catalyst","Crippling Poison"],"relics":["Calling Bell","MawBank","Sundial","Old Coin","Toy Ornithopter","PreservedInsect","Bronze Scales","Lee\u0027s Waffle","HornCleat","Bottled Tornado","Astrolabe","Medical Kit","Shuriken","Snake Skull","MealTicket"],"acts_visited":["Exordium","TheCity"],"potions_floor_usage":[33],"damage_taken":[{"damage":7.0,"enemies":"Cultist","floor":1.0,"turns":5.0},{"damage":3.0,"enemies":"2 Louse","floor":2.0,"turns":3.0},{"damage":2.0,"enemies":"Small Slimes","floor":5.0,"turns":4.0},{"damage":33.0,"enemies":"3 Sentries","floor":7.0,"turns":9.0},{"damage":16.0,"enemies":"Exordium Thugs","floor":11.0,"turns":5.0},{"damage":37.0,"enemies":"Large Slime","floor":13.0,"turns":7.0},{"damage":18.0,"enemies":"Lagavulin","floor":14.0,"turns":8.0},{"damage":7.0,"enemies":"Hexaghost","floor":16.0,"turns":9.0},{"damage":17.0,"enemies":"Shell Parasite","floor":18.0,"turns":5.0},{"damage":33.0,"enemies":"Chosen","floor":21.0,"turns":6.0},{"damage":20.0,"enemies":"Slavers","floor":23.0,"turns":3.0},{"damage":7.0,"enemies":"Centurion and Healer","floor":27.0,"turns":4.0},{"damage":25.0,"enemies":"Book of Stabbing","floor":28.0,"turns":5.0},{"damage":22.0,"enemies":"Colosseum Slavers","floor":30.0,"turns":2.0},{"damage":6.0,"enemies":"Chosen and Byrds","floor":31.0,"turns":5.0},{"damage":61,"enemies":"Automaton","floor":33,"turns":6}],"seed_played":"-636282345253272554","potions_obtained":[{"floor":5.0,"key":"PowerPotion"},{"floor":7.0,"key":"Dexterity Potion"},{"floor":11.0,"key":"Explosive Potion"},{"floor":14.0,"key":"Explosive Potion"},{"floor":18.0,"key":"Regen Potion"},{"floor":23.0,"key":"Dexterity Potion"},{"floor":31.0,"key":"DistilledChaos"}],"is_trial":false,"path_per_floor":["M","M","?","?","M","R","E","R","T","?","M","$","M","E","R","B",null,"M","?","$","M","$","E","R","?","T","M","E","R","?","M","R","B"],"character_chosen":"THE_SILENT","items_purchased":["Reflex","Lee\u0027s Waffle","SkillPotion","HornCleat","Well Laid Plans","Medical Kit","Tactician"],"campfire_rested":4,"item_purchase_floors":[12,12,12,12,20,22,22],"current_hp_per_floor":[52,49,49,38,36,36,3,22,22,22,11,73,36,28,28,21,60,43,43,43,30,30,15,36,36,36,34,9,30,8,2,23,0,0],"gold":216,"neow_bonus":"BOSS_RELIC","is_daily":false,"chose_seed":false,"campfire_upgraded":2,"win_rate":0.0,"timestamp":1613027503,"path_taken":["M","M","?","?","M","R","E","R","T","?","?","$","M","E","R","BOSS","M","?","$","M","$","E","R","?","T","M","E","R","?","M","R","BOSS"],"items_purchased_type":["Card","Relic","Potion","Relic","Card","Relic","Card"],"build_version":"2020-12-22","purchased_purges":1,"victory":false,"max_hp_per_floor":[66,66,66,66,66,66,66,66,66,66,66,73,73,73,73,73,73,73,73,73,73,73,73,73,73,73,73,73,73,73,73,73,73,73],"card_choices":[{"not_picked":["Masterful Stab","Footwork"],"picked":"Caltrops","floor":1.0},{"not_picked":["Poisoned Stab","Cloak And Dagger"],"picked":"Deflect","floor":2.0},{"not_picked":["Quick Slash","PiercingWail"],"picked":"Malaise","floor":5.0},{"not_picked":["Blur","Riddle With Holes"],"picked":"Backflip","floor":7.0},{"not_picked":["Bane","Unload"],"picked":"Dagger Spray","floor":11.0},{"not_picked":["Dagger Spray","Bane"],"picked":"Expertise","floor":13.0},{"not_picked":["Cloak And Dagger","Outmaneuver"],"picked":"Deadly Poison","floor":14.0},{"not_picked":["Burst","Bullet Time"],"picked":"Phantasmal Killer","floor":16.0},{"not_picked":["Flying Knee","Dodge and Roll","Expertise"],"picked":"SKIP","floor":18.0},{"not_picked":["Cloak And Dagger","Poisoned Stab","Outmaneuver+1"],"picked":"SKIP","floor":21.0},{"not_picked":["Masterful Stab","Grand Finale"],"picked":"Catalyst","floor":23.0},{"not_picked":["Slice","Reflex","Skewer"],"picked":"SKIP","floor":27.0},{"not_picked":["Underhanded Strike","Blade Dance","Outmaneuver"],"picked":"SKIP","floor":28.0},{"not_picked":["Backflip","Expertise"],"picked":"Crippling Poison","floor":31.0}],"player_experience":348539,"relics_obtained":[{"floor":0.0,"key":"MawBank"},{"floor":0.0,"key":"Sundial"},{"floor":0.0,"key":"Old Coin"},{"floor":7.0,"key":"Toy Ornithopter"},{"floor":9.0,"key":"PreservedInsect"},{"floor":10.0,"key":"Bronze Scales"},{"floor":14.0,"key":"Bottled Tornado"},{"floor":23.0,"key":"Shuriken"},{"floor":26.0,"key":"Snake Skull"},{"floor":28.0,"key":"MealTicket"}],"event_choices":[{"damage_healed":0.0,"max_hp_gain":0.0,"max_hp_loss":0.0,"gold_gain":0.0,"event_name":"Scrap Ooze","player_choice":"Fled","floor":3.0,"gold_loss":0.0,"damage_taken":0.0},{"damage_healed":0.0,"max_hp_gain":0.0,"max_hp_loss":0.0,"gold_gain":75.0,"event_name":"World of Goop","player_choice":"Gather Gold","floor":4.0,"gold_loss":0.0,"damage_taken":11.0},{"damage_healed":0.0,"max_hp_gain":0.0,"max_hp_loss":0.0,"gold_gain":0.0,"event_name":"Wheel of Change","player_choice":"Relic","floor":10.0,"gold_loss":0.0,"damage_taken":0.0},{"damage_healed":0.0,"max_hp_gain":0.0,"max_hp_loss":0.0,"gold_gain":0.0,"event_name":"Cursed Tome","player_choice":"Ignored","floor":19.0,"gold_loss":0.0,"damage_taken":0.0},{"damage_healed":0.0,"max_hp_gain":0.0,"max_hp_loss":0.0,"gold_gain":50.0,"event_name":"Nest","player_choice":"Stole From Cult","floor":25.0,"gold_loss":0.0,"damage_taken":0.0},{"damage_healed":0.0,"max_hp_gain":0.0,"max_hp_loss":0.0,"gold_gain":0.0,"event_name":"Colosseum","player_choice":"Fight","floor":30.0,"gold_loss":0.0,"damage_taken":0.0},{"damage_healed":0.0,"max_hp_gain":0.0,"max_hp_loss":0.0,"gold_gain":0.0,"event_name":"Colosseum","player_choice":"Fled From Nobs","floor":30.0,"gold_loss":0.0,"damage_taken":0.0}],"is_beta":false,"boss_relics":[{"not_picked":["Sozu","Fusion Hammer"],"picked":"Astrolabe"}],"items_purged_floors":[12],"is_endless":false,"potions_floor_spawned":[5,7,11,14,18,23,31],"killed_by":"Automaton","ascension_level":19}}