{"host":"vyjryxuuuxkt43k4","time":1613014416,"event":{"mods":["AchievementEnabler","BaseMod","Colored Map","DeckTracker","Keyboard Shortcuts","Minty Spire (QoL Compilation)","Permanent Neow","Quick Restart","StSLib","SuperFastMode","everything is the same but u backflip on backflip"],"gold_per_floor":[113,127,138,151,39,39,58,68,114,114,125,155,155,155,155,232,232,248,248,13,31,31,31,48,48,48,48,67,67,67,67,67],"floor_reached":31,"language":"KOR","playtime":2789,"items_purged":["Strike_G","Strike_G"],"score":474,"play_id":"ade1ba20-859c-42c0-9d2c-586a293bcecb","local_time":"20210211123336","is_ascension_mode":true,"campfire_choices":[{"data":"Finisher","floor":6.0,"key":"SMITH"},{"floor":10.0,"key":"REST"},{"floor":13.0,"key":"REST"},{"data":"Footwork","floor":15.0,"key":"SMITH"},{"floor":23.0,"key":"REST"},{"data":"Tactician","floor":25.0,"key":"SMITH"}],"circlet_count":0,"master_deck":["AscendersBane","Strike_G","Defend_G","Defend_G","Defend_G","Defend_G","Defend_G","Survivor","Neutralize","Finisher+1","After Image","Footwork+1","Backflip","Dagger Spray","Acrobatics","Terror","Grand Finale","Calculated Gamble","Reflex","Tactician+1","Footwork","Well Laid Plans"],"relics":["Ring of the Snake","The Specimen","Vajra","Mercury Hourglass","CultistMask","SacredBark","Blue Candle"],"acts_visited":["Exordium","TheCity"],"potions_floor_usage":[],"damage_taken":[{"damage":8.0,"enemies":"Cultist","floor":1.0,"turns":5.0},{"damage":4.0,"enemies":"Jaw Worm","floor":2.0,"turns":6.0},{"damage":1.0,"enemies":"Small Slimes","floor":3.0,"turns":3.0},{"damage":20.0,"enemies":"Gremlin Gang","floor":4.0,"turns":5.0},{"damage":10.0,"enemies":"Lots of Slimes","floor":7.0,"turns":10.0},{"damage":0.0,"enemies":"Blue Slaver","floor":8.0,"turns":7.0},{"damage":0.0,"enemies":"2 Fungi Beasts","floor":11.0,"turns":2.0},{"damage":18.0,"enemies":"3 Sentries","floor":12.0,"turns":10.0},{"damage":14.0,"enemies":"The Guardian","floor":16.0,"turns":11.0},{"damage":24.0,"enemies":"Spheric Guardian","floor":18.0,"turns":11.0},{"damage":10.0,"enemies":"Chosen","floor":21.0,"turns":9.0},{"damage":17.0,"enemies":"Shelled Parasite and Fungi","floor":24.0,"turns":9.0},{"damage":6,"enemies":"Centurion and Healer","floor":28,"turns":7},{"damage":13,"enemies":"Cultist and Chosen","floor":31,"turns":5}],"seed_played":"8292898433069865653","potions_obtained":[{"floor":1.0,"key":"PowerPotion"},{"floor":8.0,"key":"AttackPotion"},{"floor":12.0,"key":"Strength Potion"},{"floor":18.0,"key":"SteroidPotion"}],"is_trial":false,"path_per_floor":["M","M","M","M","$","R","M","M","T","R","M","E","R","?","R","B",null,"M","?","$","M","?","R","M","R","T","$","M","?","$","M"],"character_chosen":"THE_SILENT","items_purchased":["Footwork","Reflex","SpeedPotion"],"campfire_rested":3,"item_purchase_floors":[5,20,20],"current_hp_per_floor":[51,47,46,26,26,26,16,16,16,34,34,16,34,34,34,20,50,26,26,26,16,16,34,17,17,17,17,11,11,11,0,0],"gold":67,"neow_bonus":"ONE_RARE_RELIC","is_daily":false,"chose_seed":false,"campfire_upgraded":3,"win_rate":0.0,"timestamp":1613014416,"path_taken":["M","M","M","M","$","R","M","M","T","R","?","E","R","?","R","BOSS","M","?","$","M","?","R","?","R","T","?","M","?","$","M"],"items_purchased_type":["Card","Card","Potion"],"build_version":"2020-12-22","purchased_purges":2,"victory":false,"max_hp_per_floor":[60,60,60,60,60,60,60,60,60,60,60,60,60,60,60,60,60,60,60,60,60,60,60,60,60,60,60,60,60,60,60,60],"card_choices":[{"not_picked":["Well Laid Plans","Outmaneuver"],"picked":"Finisher","floor":1.0},{"not_picked":["Underhanded Strike","Distraction","Outmaneuver"],"picked":"SKIP","floor":2.0},{"not_picked":["Deflect","Setup","Sucker Punch"],"picked":"SKIP","floor":3.0},{"not_picked":["Poisoned Stab","Quick Slash"],"picked":"After Image","floor":4.0},{"not_picked":["Skewer","Sucker Punch"],"picked":"Backflip","floor":7.0},{"not_picked":["Bane","Poisoned Stab"],"picked":"Dagger Spray","floor":8.0},{"not_picked":["Poisoned Stab","Outmaneuver"],"picked":"Acrobatics","floor":11.0},{"not_picked":["Poisoned Stab","Backstab"],"picked":"Terror","floor":12.0},{"not_picked":["Malaise","Die Die Die"],"picked":"Grand Finale","floor":16.0},{"not_picked":["Bane","Blade Dance"],"picked":"Calculated Gamble","floor":18.0},{"not_picked":["Blade Dance","Bane"],"picked":"Tactician","floor":21.0},{"not_picked":["Flying Knee","Sucker Punch"],"picked":"Footwork","floor":24.0},{"not_picked":["Backflip","Corpse Explosion"],"picked":"Well Laid Plans","floor":28}],"player_experience":917678,"relics_obtained":[{"floor":9.0,"key":"Vajra"},{"floor":12.0,"key":"Mercury Hourglass"},{"floor":26.0,"key":"Blue Candle"}],"event_choices":[{"damage_healed":0.0,"max_hp_gain":0.0,"max_hp_loss":0.0,"gold_gain":0.0,"event_name":"FaceTrader","player_choice":"Trade","floor":14.0,"gold_loss":0.0,"damage_taken":0.0,"relics_obtained":["CultistMask"]},{"cards_removed":["Strike_G"],"damage_healed":0.0,"max_hp_gain":0.0,"max_hp_loss":0.0,"gold_gain":0.0,"event_name":"Back to Basics","player_choice":"Elegance","floor":19.0,"gold_loss":0.0,"damage_taken":0.0},{"cards_removed":["Strike_G"],"damage_healed":0.0,"max_hp_gain":0.0,"max_hp_loss":0.0,"gold_gain":0.0,"event_name":"Purifier","player_choice":"Purged","floor":22.0,"gold_loss":0.0,"damage_taken":0.0},{"damage_healed":0,"gold_gain":0,"player_choice":"Ignored","damage_taken":0,"max_hp_gain":0,"max_hp_loss":0,"event_name":"The Mausoleum","floor":29,"gold_loss":0}],"is_beta":false,"boss_relics":[{"not_picked":["Busted Crown","WristBlade"],"picked":"SacredBark"}],"items_purged_floors":[5,20],"is_endless":false,"potions_floor_spawned":[1,8,12,18],"killed_by":"Cultist and Chosen","ascension_level":20}}