{"host":"815dqs41i1y8uxms","time":1613037453,"event":{"mods":["2.2 Compatiblity","A Penny For Your Troubles","Act Like it!","BaseMod","Dark Map","Elementarium","Fox Events","Jorbs\u0027s Wanderer Trilogy","Minty Spire (QoL Compilation)","Rare Cards Sparkle","Shop Mod","Spire Arcade","StSLib","The Cursed","The Hierophant","The Marked","Wandering Minibosses"],"gold_per_floor":[110,4,179,129,155,185,203,203,280,293,307,307,322,353,353,450,527,545,545,443,443,462,492,3,30,107,40,66,66,219,237,237,335,412,431,31,44,59,1,33,33,33,137,137,156,156,156,171,171,172,172,172,17,50,50,50],"floor_reached":55,"language":"ENG","playtime":5696,"items_purged":[],"score":836,"play_id":"26db72c6-f1f5-48b3-a019-2ee85bfcd86b","local_time":"20210211105733","is_ascension_mode":false,"campfire_choices":[{"floor":15,"key":"REST"},{"data":"1","floor":29,"key":"LIFT"},{"floor":32,"key":"REST"},{"data":"2","floor":41,"key":"LIFT"},{"data":"3","floor":44,"key":"LIFT"},{"floor":49,"key":"REST"},{"data":"theMarked:Convert","floor":52,"key":"SMITH"}],"circlet_count":0,"master_deck":["theMarked:Strike","theMarked:Strike","theMarked:Strike","theMarked:Strike","theMarked:Strike","theMarked:Defend","theMarked:Defend","theMarked:Defend","theMarked:Defend","theMarked:SoldierOfQuellstein","theMarked:OneWithTheBlade","theMarked:ComboAttacks","theMarked:Electrify","theMarked:ChannelForce","theMarked:Convert+1","theMarked:TakeCover","theMarked:Pokerface","theMarked:Electrocute","theMarked:TakeOffHeels","theMarked:ElectricStrings","theMarked:Aftermath","theMarked:Polarize","theMarked:Indomitable","Panacea","theMarked:StartUp","theMarked:TwofoldDefense","theMarked:ChainLightning+1","theMarked:CreepingChasm+1","theMarked:TurnInvisible","theMarked:Electrocute+1","theMarked:LightningStrikesTwice","theMarked:TakeOffHeels","theMarked:Parkour","theMarked:ComboAttacks+1","theMarked:Overcharge+1","theMarked:ParalyzingBlade+1","theMarked:Overthink","theMarked:GodGivenPower","theMarked:Parkour","theMarked:Opportunist","theMarked:StartUp","Flash of Steel","theMarked:Opportunist","theMarked:LightningStrikesTwice","theMarked:RepellingDischarge+1"],"relics":["theMarked:ArtifactOfAir","NeowsBlessing","foxEvents:LuckyCharm","Turnip","Girya","White Beast Statue","theMarked:VonisonLock","SacredBark","Sundial","Ginger","Mummified Hand","MerchantsRug","PreservedInsect","Ornamental Fan","Elementarium:ElementariumTrophy","Nunchaku","Pantograph","theMarked:SecretDocuments","Blood Vial","Kunai","Bag of Marbles","Unceasing Top","Lantern","theMarked:KettuFlask"],"acts_visited":["Exordium","Elementarium:Elementarium","TheBeyond","TheEnding"],"potions_floor_usage":[13,14,22,23,28,28,33,33,37,39,40,50,50,54,55,55],"damage_taken":[{"damage":0,"enemies":"2 Louse","floor":1,"turns":1},{"damage":0,"enemies":"Colosseum Slavers","floor":5,"turns":1},{"damage":0,"enemies":"Lagavulin","floor":6,"turns":1},{"damage":13,"enemies":"Jaw Worm","floor":7,"turns":3},{"damage":9,"enemies":"Small Slimes","floor":10,"turns":3},{"damage":13,"enemies":"Red Slaver","floor":11,"turns":2},{"damage":12,"enemies":"2 Fungi Beasts","floor":13,"turns":3},{"damage":29,"enemies":"Gremlin Nob","floor":14,"turns":4},{"damage":23,"enemies":"Slime Boss","floor":16,"turns":11},{"damage":15,"enemies":"Elementarium:2_ELEMENTALS","floor":18,"turns":5},{"damage":0,"enemies":"Elementarium:VoidCorruption","floor":22,"turns":3},{"damage":51,"enemies":"Elementarium:ElementalPortal","floor":23,"turns":11},{"damage":21,"enemies":"Elementarium:WarGolem","floor":25,"turns":10},{"damage":31,"enemies":"Elementarium:FIRE_NOBILITY","floor":28,"turns":11},{"damage":22,"enemies":"Elementarium:RubyGolem","floor":31,"turns":4},{"damage":22,"enemies":"Elementarium:GolemEmperor","floor":33,"turns":11},{"damage":27,"enemies":"Orb Walker","floor":35,"turns":7},{"damage":8,"enemies":"3 Shapes","floor":37,"turns":4},{"damage":21,"enemies":"Spire Growth","floor":38,"turns":7},{"damage":25,"enemies":"Nemesis","floor":40,"turns":8},{"damage":11,"enemies":"4 Shapes","floor":45,"turns":5},{"damage":57,"enemies":"Transient","floor":48,"turns":5},{"damage":79,"enemies":"Donu and Deca","floor":50,"turns":15},{"damage":76,"enemies":"Shield and Spear","floor":54,"turns":6},{"damage":111,"enemies":"The Heart","floor":55,"turns":8}],"seed_played":"-6836744124740028220","potions_obtained":[{"floor":1,"key":"FairyPotion"},{"floor":6,"key":"BlessingOfTheForge"},{"floor":10,"key":"SmokeBomb"},{"floor":13,"key":"Dexterity Potion"},{"floor":14,"key":"FairyPotion"},{"floor":16,"key":"FearPotion"},{"floor":18,"key":"DistilledChaos"},{"floor":22,"key":"DuplicationPotion"},{"floor":23,"key":"SneckoOil"},{"floor":25,"key":"Block Potion"},{"floor":28,"key":"ColorlessPotion"},{"floor":31,"key":"DistilledChaos"},{"floor":33,"key":"PowerPotion"},{"floor":35,"key":"Block Potion"},{"floor":37,"key":"Fruit Juice"},{"floor":38,"key":"EntropicBrew"},{"floor":40,"key":"Fruit Juice"},{"floor":45,"key":"Block Potion"},{"floor":48,"key":"SkillPotion"},{"floor":54,"key":"Ancient Potion"}],"is_trial":false,"path_per_floor":["M","$","?","?","?","E","M","?","T","M","M","?","M","E","R","B",null,"M","?","?","?","M","E","$","E","T","$","E","R","T","M","R","B",null,"M","$","M","M","$","E","R","?","T","R","M","?","?","M","R","B",null,"R","$","E","B"],"character_chosen":"THE_DEFAULT","items_purchased":["theMarked:ComboAttacks","theMarked:Electrify","MerchantsRug","Matryoshka","theMarked:Indomitable","Panacea","Regen Potion","theMarked:TwofoldDefense","theMarked:LightningStrikesTwice","DollysMirror","Blood Vial","Kunai","theMarked:Parkour","Membership Card","Bag of Marbles","CultistPotion","FairyPotion","theMarked:Parkour","theMarked:Opportunist","theMarked:StartUp","Flash of Steel","BlessingOfTheForge","theMarked:Opportunist","theMarked:LightningStrikesTwice","Lantern"],"campfire_rested":3,"item_purchase_floors":[2,2,24,24,24,24,27,27,36,36,36,36,36,39,39,53,53,53,53,53,53,53,53,53,53],"current_hp_per_floor":[70,70,70,70,70,70,57,80,80,71,58,55,43,14,38,15,80,65,65,65,50,50,51,51,30,30,30,54,54,54,32,57,35,85,58,58,62,43,43,30,30,56,56,56,47,47,92,35,62,10,92,92,92,16,0,0],"gold":50,"neow_bonus":"THREE_ENEMY_KILL","is_daily":false,"chose_seed":false,"campfire_upgraded":1,"win_rate":0.0,"timestamp":1613037453,"path_taken":["M","$","?","?","?","E","M","?","T","?","M","?","M","E","R","BOSS","M","?","?","?","?","E","$","E","T","?","E","R","?","M","R","BOSS","M","?","M","M","$","E","R","?","T","R","M","?","?","M","R","BOSS","R","$","E","BOSS"],"items_purchased_type":["Card","Card","Relic","Relic","Card","Card","Potion","Card","Card","Relic","Relic","Relic","Card","Relic","Relic","Potion","Potion","Card","Card","Card","Card","Potion","Card","Card","Relic"],"build_version":"2020-12-22","purchased_purges":0,"victory":false,"max_hp_per_floor":[70,70,70,70,70,70,70,80,80,80,80,80,80,80,80,80,80,80,80,80,85,85,85,85,85,85,85,85,85,85,85,85,85,85,85,85,95,95,95,105,105,105,105,105,105,105,92,92,92,92,92,92,92,92,92,92],"card_choices":[{"not_picked":["theMarked:RepellingDischarge","theMarked:WastefulAttack"],"picked":"theMarked:OneWithTheBlade","floor":1},{"not_picked":["theMarked:Improvise","theMarked:Parry"],"picked":"theMarked:Toughness","floor":6},{"not_picked":["theMarked:Standoff","theMarked:ChainLightning"],"picked":"theMarked:ChannelForce","floor":7},{"not_picked":["theMarked:ResourceFulStrike","theMarked:BanishingStrike"],"picked":"theMarked:Convert","floor":10},{"not_picked":["theMarked:Standoff","theMarked:Reabsorb"],"picked":"theMarked:TakeCover","floor":11},{"not_picked":["theMarked:Reabsorb","theMarked:Frustration"],"picked":"theMarked:Pokerface","floor":13},{"not_picked":["theMarked:TwofoldDefense","theMarked:ChainLightning"],"picked":"theMarked:Electrocute","floor":14},{"not_picked":["theMarked:Challenge","theMarked:FavorableWinds"],"picked":"theMarked:TakeOffHeels","floor":16},{"not_picked":["theMarked:Memento","theMarked:TakeCover"],"picked":"theMarked:ElectricStrings","floor":18},{"not_picked":["theMarked:TwofoldDefense","theMarked:TunnelVision"],"picked":"theMarked:Aftermath","floor":22},{"not_picked":["theMarked:TurnInvisible","theMarked:Heritage"],"picked":"theMarked:Polarize","floor":23},{"not_picked":["theMarked:WastefulAttack","theMarked:HeightenedSenses"],"picked":"theMarked:StartUp","floor":25},{"not_picked":["theMarked:WastefulAttack","theMarked:Electrocute"],"picked":"theMarked:ChainLightning+1","floor":28},{"not_picked":["theMarked:Maelstrom","theMarked:WastefulAttack"],"picked":"theMarked:CreepingChasm+1","floor":31},{"not_picked":["theMarked:Vacuum","theMarked:DispelDoubt"],"picked":"theMarked:TurnInvisible","floor":33},{"not_picked":["theMarked:BanishingStrike","theMarked:WardOff+1"],"picked":"theMarked:Electrocute+1","floor":35},{"not_picked":["theMarked:SelfDefenseTraining","theMarked:Memento"],"picked":"theMarked:ComboAttacks+1","floor":37},{"not_picked":["theMarked:BanishingStrike","theMarked:Improvise+1"],"picked":"theMarked:Overcharge+1","floor":38},{"not_picked":["theMarked:Aftermath+1","theMarked:Frustration"],"picked":"theMarked:ParalyzingBlade+1","floor":40},{"not_picked":["theMarked:Memento","theMarked:Frustration+1"],"picked":"theMarked:Overthink","floor":45},{"not_picked":["theMarked:Memento+1","theMarked:BanishingWave+1"],"picked":"theMarked:GodGivenPower","floor":48},{"not_picked":["theMarked:EmpowerWeapon+1","theMarked:Overthink+1"],"picked":"theMarked:RepellingDischarge+1","floor":54}],"player_experience":4170381,"relics_obtained":[{"floor":5,"key":"foxEvents:LuckyCharm"},{"floor":6,"key":"Turnip"},{"floor":9,"key":"Girya"},{"floor":14,"key":"theMarked:VonisonLock"},{"floor":23,"key":"Mummified Hand"},{"floor":25,"key":"Bag of Preparation"},{"floor":26,"key":"PreservedInsect"},{"floor":26,"key":"Ornamental Fan"},{"floor":28,"key":"Juzu Bracelet"},{"floor":30,"key":"Omamori"},{"floor":30,"key":"The Courier"},{"floor":34,"key":"Nunchaku"},{"floor":34,"key":"Pantograph"},{"floor":34,"key":"theMarked:SecretDocuments"},{"floor":40,"key":"Unceasing Top"},{"floor":54,"key":"theMarked:KettuFlask"}],"event_choices":[{"damage_healed":0,"gold_gain":175,"player_choice":"AGREE","damage_taken":0,"max_hp_gain":0,"max_hp_loss":0,"event_name":"Liars Game","floor":3,"gold_loss":0,"cards_obtained":["Doubt"]},{"cards_removed":["Doubt"],"damage_healed":0,"gold_gain":0,"player_choice":"Card Removal","damage_taken":0,"max_hp_gain":0,"max_hp_loss":0,"event_name":"The Cleric","floor":4,"gold_loss":50},{"cards_removed":["theMarked:Toughness"],"damage_healed":13,"gold_gain":0,"player_choice":"Offered Rare","damage_taken":0,"max_hp_gain":10,"max_hp_loss":0,"event_name":"Bonfire Elementals","floor":8,"gold_loss":0},{"damage_healed":0,"gold_gain":0,"player_choice":"Success","damage_taken":3,"relics_obtained":["White Beast Statue"],"max_hp_gain":0,"max_hp_loss":0,"event_name":"Scrap Ooze","floor":12,"gold_loss":0},{"damage_healed":0,"gold_gain":0,"player_choice":"Open","damage_taken":0,"relics_obtained":["Sundial"],"max_hp_gain":0,"max_hp_loss":0,"event_name":"Elementarium:TarCoveredCasket","floor":19,"gold_loss":0,"cards_obtained":["Elementarium:StickyTar"]},{"damage_healed":0,"gold_gain":0,"player_choice":"Gold","damage_taken":0,"relics_obtained":["Ginger"],"max_hp_gain":0,"max_hp_loss":0,"event_name":"Elementarium:ShatteredPortal","floor":20,"gold_loss":102},{"damage_healed":0,"gold_gain":0,"player_choice":"Sacrifice","damage_taken":20,"max_hp_gain":5,"max_hp_loss":0,"event_name":"Elementarium:RadiantAltar","floor":21,"gold_loss":0},{"damage_healed":26,"gold_gain":0,"player_choice":"Writhe","damage_taken":0,"max_hp_gain":0,"max_hp_loss":0,"event_name":"Winding Halls","floor":42,"gold_loss":0,"cards_obtained":["Writhe"]},{"damage_healed":92,"gold_gain":0,"player_choice":"Heal","damage_taken":0,"max_hp_gain":0,"max_hp_loss":13,"event_name":"The Moai Head","floor":47,"gold_loss":0}],"is_beta":false,"boss_relics":[{"not_picked":["Coffee Dripper","Empty Cage"],"picked":"SacredBark"},{"not_picked":["Velvet Choker","Busted Crown"],"picked":"Calling Bell"}],"items_purged_floors":[],"is_endless":false,"potions_floor_spawned":[1,6,10,13,14,16,18,22,23,25,28,31,33,35,37,38,40,45,48,54],"killed_by":"The Heart","ascension_level":0}}