{"host":"czen9m7c7ttmirt2","time":1613029768,"event":{"mods":["AchievementEnabler","Aspiration","BaseMod","Better Third Choice","Colored Map","Colored Powertips","Conspire","Hubris","Minty Spire (QoL Compilation)","Replay The Spire","StSLib"],"gold_per_floor":[211,386,399,399,409,409,443,443,466,491,491,510,510,530,530,630,630,649,649,668,679,528,528,545,545,545,644,654,671,684,700,700,800,800,818,832,832,849,149,149,180,199,225,225,225],"floor_reached":44,"language":"ENG","playtime":1849,"items_purged":["Doubt"],"score":572,"play_id":"bfcb2454-7af3-4113-b72d-6e320a3d2c42","local_time":"20210211014928","is_ascension_mode":true,"campfire_choices":[{"floor":6,"key":"RECALL"},{"floor":8,"key":"REST"},{"floor":11,"key":"REST"},{"floor":15,"key":"REST"},{"floor":23,"key":"REST"},{"floor":25,"key":"REST"},{"floor":32,"key":"REST"},{"floor":40,"key":"REST"}],"circlet_count":0,"master_deck":["Strike_B+1","Strike_B","Strike_B","Strike_B","Defend_B","Defend_B","Defend_B","Defend_B","Zap","Dualcast","Conserve Battery","Hologram","Ball Lightning+1","Ball Lightning","ReplayTheSpireMod:Omega Cannon","ReplaySolidLightProjector","Heatsinks","Echo Form","conspire:Rain","Pain","Echo Form","Storm","Loop","Ball Lightning","Reinforced Body","hubris:PowerSurge","Self Repair","White Noise","Rainbow","Ball Lightning+1","Lockon+1","Rebound+1","FIFO Queue","Mayhem","Coolheaded","ReplayRNGCard","Tempest+1"],"relics":["Cracked Core","Onion Ring","Whetstone","DataDisk","Painkiller Herb","WarpedTongs","ChewingGum","Runic Capacitor","ReplayFunnel","Replay:Wax Seal","Strawberry"],"acts_visited":["Exordium","TheCity","TheBeyond"],"potions_floor_usage":[10,10,16,16,21,33,33,38,38,41,41],"damage_taken":[{"damage":0,"enemies":"Small Slimes","floor":1,"turns":3},{"damage":1,"enemies":"Cultist","floor":3,"turns":3},{"damage":9,"enemies":"2 Louse","floor":5,"turns":3},{"damage":50,"enemies":"Gremlin Nob","floor":7,"turns":5},{"damage":18,"enemies":"3 Sentries","floor":10,"turns":7},{"damage":0,"enemies":"Large Slime","floor":12,"turns":2},{"damage":32,"enemies":"Lots of Slimes","floor":14,"turns":3},{"damage":36,"enemies":"The Guardian","floor":16,"turns":9},{"damage":10,"enemies":"3 Byrds","floor":18,"turns":4},{"damage":23,"enemies":"Shell Parasite","floor":20,"turns":5},{"damage":0,"enemies":"3 Cultists","floor":21,"turns":2},{"damage":25,"enemies":"Snecko","floor":24,"turns":5},{"damage":0,"enemies":"Sentry and Sphere","floor":28,"turns":2},{"damage":15,"enemies":"Centurion and Healer","floor":29,"turns":3},{"damage":15,"enemies":"Snake Plant","floor":30,"turns":3},{"damage":6,"enemies":"conspire:HollyBat","floor":31,"turns":6},{"damage":58,"enemies":"Automaton","floor":33,"turns":8},{"damage":41,"enemies":"3 Darklings","floor":35,"turns":5},{"damage":11,"enemies":"Orb Walker","floor":36,"turns":2},{"damage":27,"enemies":"Maw","floor":38,"turns":5},{"damage":40,"enemies":"Nemesis","floor":41,"turns":5},{"damage":29,"enemies":"Transient","floor":42,"turns":5},{"damage":46,"enemies":"3 Darklings","floor":44,"turns":2}],"seed_played":"-4639696298543539152","potions_obtained":[{"floor":4,"key":"Regen Potion"},{"floor":4,"key":"DistilledChaos"},{"floor":4,"key":"BlessingOfTheForge"},{"floor":5,"key":"PotionOfCapacity"},{"floor":10,"key":"PotionOfCapacity"},{"floor":12,"key":"EssenceOfSteel"},{"floor":16,"key":"Dexterity Potion"},{"floor":18,"key":"Cursed Concoction"},{"floor":28,"key":"FocusPotion"},{"floor":33,"key":"AttackPotion"},{"floor":41,"key":"FairyPotion"},{"floor":42,"key":"DuplicationPotion"}],"is_trial":false,"path_per_floor":["M","?","M","?","M","R","E","R","T","E","R","M","?","M","R","B",null,"?","?","?","?","T","T","?","T","T","?","?","?","?","?","T","B",null,"?","?","?","?","T","T","E","?","T","?"],"character_chosen":"DEFECT","items_purchased":["Loop","FIFO Queue","Mayhem","Runic Capacitor","ReplayFunnel","FocusPotion","Block Potion","Coolheaded"],"campfire_rested":7,"item_purchase_floors":[22,39,39,39,39,39,39,39],"current_hp_per_floor":[75,75,74,74,65,65,15,37,37,28,50,50,55,23,47,11,80,70,70,47,47,47,71,46,70,70,70,70,55,40,41,65,17,80,46,35,43,23,23,47,14,32,39,0,0],"gold":225,"neow_bonus":"HUNDRED_GOLD","is_daily":false,"chose_seed":false,"campfire_upgraded":0,"win_rate":0.0,"timestamp":1613029768,"path_taken":["M","?","M","?","?","R","E","R","T","E","R","?","?","M","R","BOSS","?","?","?","?","T","T","?","T","T","?","?","?","?","?","T","BOSS","?","?","?","?","T","T","E","?","T","?"],"items_purchased_type":["Card","Card","Card","Relic","Relic","Potion","Potion","Card"],"build_version":"2020-12-22","purchased_purges":1,"victory":false,"max_hp_per_floor":[75,75,75,75,75,75,75,75,75,75,75,75,80,80,80,80,80,80,80,80,80,80,80,80,80,80,80,80,80,80,80,80,80,80,80,80,80,80,80,80,80,80,87,87,87],"card_choices":[{"not_picked":["Panic Button","Double Energy"],"picked":"Conserve Battery","floor":1},{"not_picked":["Gash","ReplayTheSpireMod:System Scan"],"picked":"Hologram","floor":3},{"not_picked":["Coolheaded","Steam"],"picked":"Ball Lightning","floor":5},{"not_picked":["Barrage","Sweeping Beam"],"picked":"Ball Lightning","floor":7},{"not_picked":["Gash","Rip and Tear"],"picked":"ReplayTheSpireMod:Omega Cannon","floor":10},{"not_picked":["hubris:Ukulele","Redo"],"picked":"ReplaySolidLightProjector","floor":12},{"not_picked":["Streamline","Hologram"],"picked":"Heatsinks","floor":14},{"not_picked":["Rainbow","ReplayRNGCard"],"picked":"Echo Form","floor":16},{"not_picked":["Sweeping Beam","Turbo"],"picked":"conspire:Rain","floor":18},{"not_picked":["Leap","Hologram"],"picked":"Echo Form","floor":20},{"not_picked":["Compile Driver+1","BootSequence"],"picked":"Storm","floor":21},{"not_picked":["Leap","Steam+1"],"picked":"Ball Lightning","floor":24},{"not_picked":["Melter","conspire:Rain"],"picked":"Reinforced Body","floor":28},{"not_picked":["Coolheaded","Steam Power+1"],"picked":"hubris:PowerSurge","floor":29},{"not_picked":["Skim","Steam+1"],"picked":"Self Repair","floor":30},{"not_picked":["Streamline","Heatsinks"],"picked":"White Noise","floor":31},{"not_picked":["Multi-Cast","Thunder Strike"],"picked":"Rainbow","floor":33},{"not_picked":["Panic Button","Rebound"],"picked":"Ball Lightning+1","floor":35},{"not_picked":["Conserve Battery","Steam"],"picked":"Lockon+1","floor":36},{"not_picked":["Streamline+1","Genetic Algorithm+1"],"picked":"Rebound+1","floor":38},{"not_picked":["BasicCrystalCard+1","Doom and Gloom"],"picked":"ReplayRNGCard","floor":41},{"not_picked":["Compile Driver","Barrage"],"picked":"Tempest+1","floor":42}],"player_experience":213885,"relics_obtained":[{"floor":7,"key":"Onion Ring"},{"floor":9,"key":"Whetstone"},{"floor":10,"key":"DataDisk"},{"floor":41,"key":"Replay:Wax Seal"},{"floor":43,"key":"Strawberry"}],"event_choices":[{"damage_healed":0,"gold_gain":175,"player_choice":"AGREE","damage_taken":211,"max_hp_gain":0,"max_hp_loss":0,"event_name":"betterThird:BetterSerpent","floor":2,"gold_loss":0},{"damage_healed":0,"gold_gain":0,"player_choice":"Got Potions","damage_taken":0,"max_hp_gain":0,"max_hp_loss":0,"event_name":"Lab","floor":4,"gold_loss":0},{"damage_healed":0,"gold_gain":0,"player_choice":"Donut","damage_taken":0,"max_hp_gain":5,"max_hp_loss":0,"event_name":"Big Fish","floor":13,"gold_loss":0},{"damage_healed":0,"gold_gain":0,"player_choice":"Rummage","damage_taken":0,"relics_obtained":["WarpedTongs"],"max_hp_gain":0,"max_hp_loss":0,"event_name":"Accursed Blacksmith","floor":19,"gold_loss":0,"cards_obtained":["Pain"]},{"damage_healed":0,"gold_gain":99,"player_choice":"Steal","damage_taken":0,"max_hp_gain":0,"max_hp_loss":0,"event_name":"betterThird:BetterNest","floor":27,"gold_loss":0}],"is_beta":false,"boss_relics":[{"not_picked":["hubris:TerracottaHorce","aspiration:SecretTechniqueScroll"],"picked":"Painkiller Herb"},{"not_picked":["aspiration:BursterCore","FrozenCore"],"picked":"ChewingGum"}],"items_purged_floors":[22],"is_endless":false,"potions_floor_spawned":[5,10,12,16,18,28,30,33,41,42],"killed_by":"3 Darklings","ascension_level":3}}