{"host":"fc5kl670efuhtomy","time":1613009149,"event":{"mods":["AchievementEnabler","BaseMod","Colored Powertips","Downfall","Marisa（F雨　魔理沙）","Minty Spire (QoL Compilation)","Quick Restart","Relic Stats","Replay The Spire","StSLib","The Bug Knight","The Construct","The Cursed","WarShipGirlsR/战舰少女R mod"],"gold_per_floor":[114,114,104,29,45,71,85,142,142,154,165,165,185,196,196,196,196],"floor_reached":16,"language":"ZHS","playtime":982,"items_purged":["TheCursedMod:Strike_TheCursed"],"score":104,"play_id":"bff864e8-72bb-4035-843a-43d58a0cb608","local_time":"20210211100549","is_ascension_mode":false,"campfire_choices":[{"floor":12,"key":"REST"},{"data":"TheCursedMod:RavingStaff","floor":15,"key":"SMITH"}],"circlet_count":0,"master_deck":["TheCursedMod:Strike_TheCursed","TheCursedMod:Strike_TheCursed","TheCursedMod:Strike_TheCursed","TheCursedMod:Defend_TheCursed","TheCursedMod:Defend_TheCursed","TheCursedMod:Defend_TheCursed","TheCursedMod:Defend_TheCursed","TheCursedMod:CursedWand","TheCursedMod:CleanUpWorkshop","TheCursedMod:Dregs","TheCursedMod:ManaBullet","Doubt","TheCursedMod:FuryStrike","TheCursedMod:Obscuration","TheCursedMod:AntiAging","TheCursedMod:RavingStaff+1","TheCursedMod:CursedSpellbook","TheCursedMod:CircleOfWindfury","TheCursedMod:SoulReap","TheCursedMod:WearCloak"],"relics":["construct:ClawGrip","Gremlin Horn","Thread and Needle","Darkstone Periapt"],"acts_visited":["Exordium"],"potions_floor_usage":[11,16,16],"damage_taken":[{"damage":3,"enemies":"2 Louse","floor":1,"turns":3},{"damage":3,"enemies":"Small Slimes","floor":5,"turns":3},{"damage":43,"enemies":"3 Sentries","floor":6,"turns":16},{"damage":8,"enemies":"Jaw Worm","floor":7,"turns":7},{"damage":13,"enemies":"3 Sentries","floor":8,"turns":11},{"damage":1,"enemies":"3 Louse","floor":10,"turns":2},{"damage":0,"enemies":"Exordium Wildlife","floor":11,"turns":6},{"damage":2,"enemies":"2 Fungi Beasts","floor":13,"turns":3},{"damage":12,"enemies":"Exordium Thugs","floor":14,"turns":6},{"damage":35,"enemies":"The Guardian","floor":16,"turns":15}],"seed_played":"-7456370966156179915","potions_obtained":[{"floor":8,"key":"FearPotion"},{"floor":11,"key":"Weak Potion"},{"floor":14,"key":"LifebloodPotion"}],"is_trial":false,"path_per_floor":["M","?","?","$","M","E","M","?","T","M","M","R","M","M","R","B"],"character_chosen":"THE_CURSED","items_purchased":[],"campfire_rested":1,"item_purchase_floors":[],"current_hp_per_floor":[72,72,72,72,69,26,20,9,9,10,12,36,36,31,31,0,0],"gold":196,"neow_bonus":"BOSS_RELIC","is_daily":false,"chose_seed":false,"campfire_upgraded":1,"win_rate":0.0,"timestamp":1613009149,"path_taken":["M","?","?","$","M","E","M","?","T","M","M","R","?","M","R","BOSS"],"items_purchased_type":[],"build_version":"2020-12-22","purchased_purges":1,"victory":false,"max_hp_per_floor":[75,75,75,75,75,75,77,79,79,81,83,83,85,87,87,87,87],"relic_stats":{"Darkstone Periapt":0,"Gremlin Horn":[7,7],"counters":[10,72],"obtain_stats":[{"Darkstone Periapt":9,"TheCursedMod:BlackMagic101":0,"construct:ClawGrip":0,"Gremlin Horn":6,"Thread and Needle":8},{"Darkstone Periapt":5,"TheCursedMod:BlackMagic101":0,"construct:ClawGrip":0,"Gremlin Horn":3,"Thread and Needle":5},{"Darkstone Periapt":40,"TheCursedMod:BlackMagic101":0,"construct:ClawGrip":0,"Gremlin Horn":22,"Thread and Needle":40}]},"card_choices":[{"not_picked":["TheCursedMod:Obscuration","TheCursedMod:Stigma"],"picked":"TheCursedMod:ManaBullet","floor":1},{"not_picked":[],"picked":"TheCursedMod:FuryStrike","floor":3},{"not_picked":["TheCursedMod:RapidMovement","TheCursedMod:CursedMace"],"picked":"TheCursedMod:Obscuration","floor":5},{"not_picked":["TheCursedMod:BloodBarrier","TheCursedMod:HellsGateOpen"],"picked":"TheCursedMod:AntiAging","floor":6},{"not_picked":["TheCursedMod:Stigma","TheCursedMod:Obscuration","TheCursedMod:Torture"],"picked":"SKIP","floor":7},{"not_picked":["TheCursedMod:Torture","TheCursedMod:SmokeScreen"],"picked":"TheCursedMod:RavingStaff","floor":8},{"not_picked":["TheCursedMod:PrepareRite","TheCursedMod:CursedAmulet"],"picked":"TheCursedMod:CursedSpellbook","floor":10},{"not_picked":["TheCursedMod:RapidMovement","TheCursedMod:CircleOfFlame"],"picked":"TheCursedMod:CircleOfWindfury","floor":11},{"not_picked":["TheCursedMod:CursedMace","TheCursedMod:SpitefulStrike"],"picked":"TheCursedMod:SoulReap","floor":13},{"not_picked":["TheCursedMod:RapidMovement","TheCursedMod:SpitefulStrike"],"picked":"TheCursedMod:WearCloak","floor":14}],"player_experience":219267,"relics_obtained":[{"floor":6,"key":"Gremlin Horn"},{"floor":8,"key":"Thread and Needle"},{"floor":9,"key":"Darkstone Periapt"}],"event_choices":[{"damage_healed":0,"gold_gain":0,"player_choice":"Searched \u00271\u0027 times","damage_taken":0,"max_hp_gain":0,"max_hp_loss":0,"event_name":"Dead Adventurer","floor":8,"gold_loss":0}],"is_beta":false,"boss_relics":[],"items_purged_floors":[4],"is_endless":false,"potions_floor_spawned":[8,11,14],"killed_by":"The Guardian","ascension_level":0}}