{"host":"mqhvlr3kpxebko0t","time":1613043070,"event":{"mods":["AchievementEnabler","BaseMod","Colored Map","Colored Powertips","KOR Keyword Fix","Keyboard Shortcuts","Minty Spire (QoL Compilation)","StSLib","SuperFastMode"],"gold_per_floor":[12,27,27,47,61,61,91,107,176,101,120,133,161,173,173,173,173],"floor_reached":16,"language":"KOR","playtime":301,"items_purged":["Strike_R"],"score":232,"play_id":"c477ad2e-7a2f-494a-ae5f-be7b53992f98","local_time":"20210211203110","is_ascension_mode":true,"campfire_choices":[{"data":"Blood for Blood","floor":6,"key":"SMITH"},{"data":"Disarm","floor":15,"key":"SMITH"}],"circlet_count":0,"master_deck":["AscendersBane","Strike_R","Strike_R","Defend_R","Defend_R","Defend_R","Defend_R","Bash","Shrug It Off","Pommel Strike","Blood for Blood+1","Carnage","Shrug It Off","Disarm+1"],"relics":["Burning Blood","Dream Catcher","Unceasing Top","Mummified Hand","Vajra"],"acts_visited":["Exordium"],"potions_floor_usage":[5,16,16,16],"damage_taken":[{"damage":6,"enemies":"Jaw Worm","floor":1,"turns":7},{"damage":6,"enemies":"Cultist","floor":2,"turns":3},{"damage":3,"enemies":"2 Louse","floor":4,"turns":4},{"damage":0,"enemies":"Large Slime","floor":5,"turns":3},{"damage":33,"enemies":"Lagavulin","floor":7,"turns":6},{"damage":15,"enemies":"Exordium Wildlife","floor":8,"turns":5},{"damage":1,"enemies":"Blue Slaver","floor":11,"turns":4},{"damage":1,"enemies":"2 Fungi Beasts","floor":12,"turns":4},{"damage":39,"enemies":"3 Sentries","floor":13,"turns":9},{"damage":4,"enemies":"Red Slaver","floor":14,"turns":6},{"damage":15,"enemies":"The Guardian","floor":16,"turns":13}],"seed_played":"5402731690390360104","potions_obtained":[{"floor":1,"key":"Dexterity Potion"},{"floor":2,"key":"Fire Potion"},{"floor":8,"key":"EntropicBrew"}],"is_trial":false,"path_per_floor":["M","M","?","M","M","R","E","M","T","$","M","M","E","M","R","B"],"character_chosen":"IRONCLAD","items_purchased":[],"campfire_rested":0,"item_purchase_floors":[],"current_hp_per_floor":[68,68,68,71,75,75,48,39,39,39,44,49,16,18,18,3,3],"gold":173,"neow_bonus":"TRANSFORM_TWO_CARDS","is_daily":false,"chose_seed":false,"campfire_upgraded":2,"win_rate":0.0,"timestamp":1613043070,"path_taken":["M","M","?","M","M","R","E","M","T","$","M","M","E","M","R","BOSS"],"items_purchased_type":[],"build_version":"2020-12-22","purchased_purges":1,"victory":false,"max_hp_per_floor":[75,75,75,75,75,75,75,75,75,75,75,75,75,75,75,75,75],"card_choices":[{"not_picked":["Sever Soul","Intimidate"],"picked":"Pommel Strike","floor":1},{"not_picked":["Headbutt","Cleave"],"picked":"Blood for Blood","floor":2},{"not_picked":["Body Slam","Cleave"],"picked":"Carnage","floor":4},{"not_picked":["Intimidate","Rampage"],"picked":"Shrug It Off","floor":5},{"not_picked":["Headbutt","Heavy Blade","Rampage"],"picked":"SKIP","floor":7},{"not_picked":["Pommel Strike","Thunderclap"],"picked":"Disarm","floor":8},{"not_picked":["Flex","Reckless Charge","Demon Form"],"picked":"SKIP","floor":11},{"not_picked":["Clash","Havoc","Warcry"],"picked":"SKIP","floor":12},{"not_picked":["Clothesline","Rupture","True Grit"],"picked":"SKIP","floor":13},{"not_picked":["Pommel Strike","Iron Wave","Cleave"],"picked":"SKIP","floor":14}],"player_experience":711901,"relics_obtained":[{"floor":7,"key":"Unceasing Top"},{"floor":9,"key":"Mummified Hand"},{"floor":13,"key":"Vajra"}],"event_choices":[{"cards_removed":["Flame Barrier"],"damage_healed":0,"gold_gain":0,"player_choice":"Gave Card","damage_taken":0,"relics_obtained":["Dream Catcher"],"max_hp_gain":0,"max_hp_loss":0,"event_name":"WeMeetAgain","floor":3,"gold_loss":0}],"is_beta":false,"boss_relics":[],"items_purged_floors":[10],"is_endless":false,"potions_floor_spawned":[1,2,8,11],"killed_by":"The Guardian","ascension_level":20}}