{"host":"ocll6kdfqxraqtza","time":1613043460,"event":{"mods":["2.2 Compatiblity","Act Like it!","Arknights","Aspiration","BaseMod","Better Third Choice","Gensokyo","Hallownest","Hermit","Hubris","Jorbs\u0027s Wanderer Trilogy","Luminous","Marisa（霧雨　魔理沙）","Minty Spire (QoL Compilation)","Reimu（博??梦）","Reliquary","Replay The Spire","Shade Mod","StSLib","The Alterego","The Bug Knight","The Cursed","The Hierophant","The Marked","The Runesmith","TheBandit","Wandering Minibosses"],"gold_per_floor":[109,109,125,125,125,173,173,173,243,25,60,60,83,13,13,114,114,274,274,274,274,524,524,535,535,535,535,613,336,336,385,385,515,515,549,634,728,774,774,823,823,904,904,904,936,389,500,579,579,605,605,605,21,99,121],"floor_reached":56,"language":"ENG","playtime":2170,"items_purged":["Pain","Amnesia"],"score":1523,"play_id":"3af93f79-bbe0-435a-9c3c-66525f7bf70e","local_time":"20210211193740","is_ascension_mode":false,"campfire_choices":[{"data":"ats:Part Time Job","floor":7.0,"key":"SMITH"},{"floor":15.0,"key":"DIG"},{"data":"Glass Knife","floor":23.0,"key":"SMITH"},{"data":"Distraction","floor":25.0,"key":"SMITH"},{"data":"ats:Mental Burst","floor":27.0,"key":"SMITH"},{"data":"ats:Demon Strength","floor":32.0,"key":"SMITH"},{"data":"ats:Echo Reverb","floor":41.0,"key":"SMITH"},{"floor":44.0,"key":"RECALL"},{"data":"ats:Emotion Absorption","floor":49,"key":"SMITH"},{"data":"ats:Ambush","floor":52,"key":"SMITH"}],"circlet_count":0,"master_deck":["ats:Emotion Absorption+1","ats:Part Time Job+1","Distraction+1","Flechettes+1","ats:Explosion Area Strengthen","ats:Healing Strengthening+1","Glass Knife+1","Underhanded Strike","Slice","ats:Demon Strength+1","ats:Rat Pack","ats:Ignite+1","Distraction+1","ats:Mental Burst+1","ats:Sunburst+1","ats:Collapsing Strike+1","ats:Calcification+1","ats:Wolf Pack","ats:Guard Mode+1","ats:Ambush+1","ats:Burning Ground+1","ats:Cat Scratch+1","Madness","Madness","ats:Rapid Magazine+1","ats:Echo Reverb+1","ats:Dogmatic Field","ats:Charging Defense+1","ats:Serious Mode","ats:Powerful Strike+1","ats:Curse Doll+1","ats:Charging Defense+1","ats:Assault Order","ats:Closed Bolt Burst Fire","ats:Guard Mode+1"],"relics":["ats:Sanity","NeowsBlessing","Gensokyo:LunaticRedEyes","ReplayTheSpireMod:Ring of Challenge","Ring of Fury","ats:Originium","reliquary:Aerogel","Replay:Bottled Eggs","Juzu Bracelet","Pondfish Scales","hubris:Icosahedron","ats:Ability Aura","ReplayTheSpireMod:Lightbulb","hubris:GlazedTorus","Philosopher\u0027s Stone","hubris:Towel","Replay:Ringing Soul","Replay:Bandana","Toolbox","RuthlessExorcism:ReiMu","Painkiller Herb","Unceasing Top","Replay:PocketPolymizer","Whetstone","reliquary:TuningFork","TungstenRod","CaptainsWheel","reliquary:SilkGlove","Gambling Chip","FossilizedHelix","Ice Cream","Runesmith:AutoHammer","Vajra"],"acts_visited":["Gensokyo:Gensokyo","Gensokyo:Gensokyoer","TheBeyond","TheEnding"],"potions_floor_usage":[47,47,47,50,50,55,55,55,55],"damage_taken":[{"damage":0.0,"enemies":"Gensokyo:2_Kodama","floor":1.0,"turns":1.0},{"damage":0.0,"enemies":"Gensokyo:3_Fairies","floor":3.0,"turns":2.0},{"damage":3.0,"enemies":"Gensokyo:Aya","floor":6.0,"turns":2.0},{"damage":11.0,"enemies":"Gensokyo:Mamizou","floor":11.0,"turns":6.0},{"damage":16.0,"enemies":"Gensokyo:Yukari","floor":16.0,"turns":8.0},{"damage":25.0,"enemies":"Gensokyo:AngelMirror","floor":18.0,"turns":4.0},{"damage":4.0,"enemies":"Gensokyo:Chomper","floor":24.0,"turns":4.0},{"damage":0.0,"enemies":"Gensokyo:Reisen","floor":28.0,"turns":3.0},{"damage":0.0,"enemies":"Gensokyo:Koishi","floor":31.0,"turns":2.0},{"damage":32.0,"enemies":"Gensokyo:Eternal_Rivals","floor":33.0,"turns":9.0},{"damage":0.0,"enemies":"Orb Walker","floor":35.0,"turns":2.0},{"damage":16.0,"enemies":"3 Shapes","floor":36.0,"turns":6.0},{"damage":8.0,"enemies":"Writhing Mass","floor":37.0,"turns":5.0},{"damage":0.0,"enemies":"Transient","floor":38.0,"turns":5.0},{"damage":8.0,"enemies":"Nemesis","floor":40.0,"turns":6.0},{"damage":15.0,"enemies":"R_Hoarder","floor":45.0,"turns":6.0},{"damage":0,"enemies":"Reptomancer","floor":47,"turns":5},{"damage":5,"enemies":"4 Shapes","floor":48,"turns":4},{"damage":18,"enemies":"Awakened One","floor":50,"turns":7},{"damage":45,"enemies":"Shield and Spear","floor":54,"turns":4},{"damage":34,"enemies":"The Heart","floor":55,"turns":7}],"seed_played":"-7683353109232732823","potions_obtained":[{"floor":1.0,"key":"MagicPotion:ReiMu"},{"floor":3.0,"key":"Fruit Juice"},{"floor":18.0,"key":"Fire Potion"},{"floor":31.0,"key":"PowerPotion"},{"floor":35.0,"key":"EntropicBrew"},{"floor":40.0,"key":"Fire Potion"}],"is_trial":false,"path_per_floor":["M","?","M","?","?","E","R","?","T","$","E","?","T","?","R","B",null,"M","?","?","?","?","R","M","R","T","R","E","COS","?","E","R","B",null,"?","?","?","?","?","E","T","?","T","T","E","T","E","?","T","B",null,"T","T","E","B",null],"character_chosen":"DOCTOR_CLASS","items_purchased":["Juzu Bracelet","CaptainsWheel","reliquary:SilkGlove","FossilizedHelix","Ice Cream"],"campfire_rested":0,"item_purchase_floors":[10,46,46,53,53],"current_hp_per_floor":[72,72,77,77,77,77,77,77,77,77,77,77,77,77,77,74,77,64,72,72,72,72,72,70,70,70,70,75,78,78,81,81,80,85,88,89,94,97,88,95,98,59,59,62,96,96,113,114,117,124,124,127,127,94,89],"gold":121,"neow_bonus":"THREE_ENEMY_KILL","is_daily":false,"chose_seed":false,"campfire_upgraded":8,"win_rate":0.0,"timestamp":1613043460,"path_taken":["M","?","?","?","?","E","R","?","T","$","E","?","?","?","R","BOSS","M","?","?","?","?","R","M","R","T","R","E","COS","?","E","R","BOSS","?","?","?","?","?","E","T","?","T","T","E","T","E","?","T","BOSS","T","T","E","BOSS"],"items_purchased_type":["Relic","Relic","Relic","Relic","Relic"],"build_version":"2020-12-22","purchased_purges":2,"victory":true,"max_hp_per_floor":[72,72,77,77,77,77,77,77,77,77,77,77,77,77,77,77,77,77,77,77,77,73,73,73,73,73,73,76,79,79,82,82,85,85,88,91,94,97,100,103,106,109,109,112,115,115,118,121,124,124,124,127,127,130,130],"card_choices":[{"not_picked":["ats:Healing Drone","ats:Phantom"],"picked":"ats:Part Time Job","floor":1.0},{"not_picked":["ats:Collapsing Strike","ats:Very Hot Blade"],"picked":"ats:Explosion Area Strengthen","floor":3.0},{"not_picked":["ats:Revitalization","ats:Closed Bolt Burst Fire"],"picked":"ats:Healing Strengthening","floor":6.0},{"not_picked":["ats:Powerful Strike","ats:Blood Oath"],"picked":"ats:Demon Strength","floor":11.0},{"not_picked":["ats:Wolf Pack","ats:Nebulous Foxfire"],"picked":"ats:Rat Pack","floor":16.0},{"not_picked":["ats:Consecutive Shot Auto","ats:Very Hot Blade"],"picked":"ats:Ignite","floor":18.0},{"not_picked":["ats:Flexible Camouflage","ats:Serious Mode"],"picked":"ats:Mental Burst","floor":24.0},{"not_picked":["ats:Volcano","ats:Very Hot Blade"],"picked":"ats:Sunburst+1","floor":28.0},{"not_picked":["ats:Explosion Area Strengthen+1","ats:Leaping Hammer"],"picked":"ats:Collapsing Strike+1","floor":31.0},{"not_picked":["ats:Rat Pack+1","ats:Fractured Body+1"],"picked":"ats:Calcification+1","floor":33.0},{"not_picked":["ats:Rat Pack","ats:Ambush"],"picked":"ats:Wolf Pack","floor":33.0},{"not_picked":["ats:Poison Spread","ats:Leaping Hammer"],"picked":"ats:Guard Mode+1","floor":35.0},{"not_picked":["ats:Leaping Hammer","ats:Thermite Blade"],"picked":"ats:Ambush","floor":36.0},{"not_picked":["ats:Beaten Up+1","ats:Flame Of Heaven+1"],"picked":"ats:Burning Ground+1","floor":37.0},{"not_picked":["ats:Apocalypse","ats:Closed Bolt Burst Fire"],"picked":"ats:Cat Scratch+1","floor":38.0},{"not_picked":["ats:Guardian Obelisk","ats:Counter Healing Mode"],"picked":"ats:Rapid Magazine+1","floor":40.0},{"not_picked":["ats:Consecutive Shot Auto+1","ats:Beaten Up"],"picked":"ats:Dogmatic Field","floor":42.0},{"not_picked":["ats:Thermite Blade","ats:Serious Mode+1"],"picked":"ats:Charging Defense+1","floor":42.0},{"not_picked":["ats:Charging Defense+1","ats:Revitalization"],"picked":"ats:Powerful Strike+1","floor":45},{"not_picked":["ats:Closed Bolt Burst Fire+1","ats:Guardian Obelisk"],"picked":"ats:Curse Doll+1","floor":47},{"not_picked":["ats:Blood Oath+1","ats:Closed Bolt Burst Fire+1"],"picked":"ats:Charging Defense+1","floor":48},{"not_picked":["ats:Collapsing Strike+1","ats:Leaping Hammer"],"picked":"ats:Guard Mode+1","floor":54}],"player_experience":525189,"relics_obtained":[{"floor":5.0,"key":"ReplayTheSpireMod:Ring of Challenge"},{"floor":5.0,"key":"Ring of Fury"},{"floor":6.0,"key":"ats:Originium"},{"floor":6.0,"key":"reliquary:Aerogel"},{"floor":9.0,"key":"Replay:Bottled Eggs"},{"floor":11.0,"key":"ats:Originium"},{"floor":11.0,"key":"Pondfish Scales"},{"floor":13.0,"key":"ats:Ability Aura"},{"floor":15.0,"key":"hubris:GlazedTorus"},{"floor":26.0,"key":"Replay:Ringing Soul"},{"floor":28.0,"key":"ats:Originium"},{"floor":28.0,"key":"Replay:Bandana"},{"floor":31.0,"key":"ats:Originium"},{"floor":31.0,"key":"RuthlessExorcism:ReiMu"},{"floor":36.0,"key":"Unceasing Top"},{"floor":40.0,"key":"Whetstone"},{"floor":42.0,"key":"reliquary:TuningFork"},{"floor":45,"key":"TungstenRod"},{"floor":47,"key":"Gambling Chip"},{"floor":54,"key":"Runesmith:AutoHammer"},{"floor":54,"key":"Vajra"}],"event_choices":[{"damage_healed":0.0,"max_hp_gain":0.0,"max_hp_loss":0.0,"gold_gain":0.0,"event_name":"Winding Halls","player_choice":"Embrace Madness","floor":39.0,"gold_loss":0.0,"damage_taken":12.0,"cards_obtained":["Madness","Madness"]}],"is_beta":false,"boss_relics":[{"not_picked":["Velvet Choker","reliquary:RedCape"],"picked":"Philosopher\u0027s Stone"},{"not_picked":["aspiration:IroncladSkillbook","reliquary:KinkedSpring"],"picked":"Painkiller Herb"}],"items_purged_floors":[10,46],"is_endless":false,"potions_floor_spawned":[1,3,18,31,35,38,40],"ascension_level":0}}