{"host":"wshey5htrz8rni6u","time":1613028804,"event":{"mods":["2.2 Compatiblity","BaseMod","Block Reminder","Colored Map","Colored Powertips","Current Relic Mod","Curses Come First","Dark Map","Key Reminder","Minty Spire (QoL Compilation)","Potion Indicator Mod","Quick Restart","Random Character Button","Relic Sorter","Relic Stats","StSLib","SuperFastMode","Twitch Utils","Unceasing Turn Reminder","Weighted Paths","everything is the same but u backflip on backflip"],"gold_per_floor":[114,114,126,126,126,126,153,153,153,182,192,467,354,369,369,470,470,483,582,592,592,603,603,620,646,646,571,571,571],"floor_reached":28,"language":"ENG","playtime":1085,"items_purged":["Regret"],"score":312,"play_id":"c761d9dc-9066-4312-9a27-a9c0b7772c52","local_time":"20210210233324","is_ascension_mode":true,"campfire_choices":[{"data":"Neutralize","floor":6,"key":"SMITH"},{"data":"Infinite Blades","floor":8,"key":"SMITH"},{"data":"Accuracy","floor":15,"key":"SMITH"},{"data":"Neutralize","floor":23,"key":"SMITH"}],"circlet_count":0,"master_deck":["Strike_G","Strike_G","Strike_G","Strike_G","Defend_G","Defend_G+1","Defend_G","Defend_G","Defend_G+1","Survivor","Neutralize+1","All Out Attack","Cloak And Dagger","Quick Slash","Neutralize+1","Infinite Blades+1","Accuracy+1","Cloak And Dagger","Dash","Dagger Throw","Corpse Explosion","PiercingWail","Crippling Poison","Caltrops","Terror","Acrobatics"],"relics":["Ring of the Snake","NeowsBlessing","Regal Pillow","Pen Nib","FossilizedHelix","Pantograph","Sozu","Sundial","Calipers","keyreminder:keyreminder"],"acts_visited":["Exordium","TheCity"],"potions_floor_usage":[28],"damage_taken":[{"damage":0,"enemies":"Jaw Worm","floor":1,"turns":1},{"damage":0,"enemies":"2 Louse","floor":3,"turns":1},{"damage":0,"enemies":"Gremlin Nob","floor":7,"turns":1},{"damage":8,"enemies":"3 Sentries","floor":10,"turns":5},{"damage":0,"enemies":"Cultist","floor":11,"turns":3},{"damage":0,"enemies":"3 Louse","floor":14,"turns":2},{"damage":34,"enemies":"The Guardian","floor":16,"turns":15},{"damage":0,"enemies":"2 Thieves","floor":18,"turns":3},{"damage":0,"enemies":"Shell Parasite","floor":20,"turns":4},{"damage":9,"enemies":"3 Cultists","floor":22,"turns":4},{"damage":0,"enemies":"Cultist and Chosen","floor":24,"turns":5},{"damage":16,"enemies":"Book of Stabbing","floor":25,"turns":5},{"damage":45,"enemies":"Slavers","floor":28,"turns":4}],"seed_played":"2709201980450593632","potions_obtained":[{"floor":3,"key":"PowerPotion"},{"floor":10,"key":"Energy Potion"}],"is_trial":false,"path_per_floor":["M","?","M","?","?","R","E","R","T","E","M","?","$","M","R","B",null,"M","?","M","?","M","R","M","E","T","?","E"],"character_chosen":"THE_SILENT","items_purchased":["Dash"],"campfire_rested":0,"item_purchase_floors":[13],"current_hp_per_floor":[70,67,67,53,53,53,53,53,53,45,45,45,45,45,45,36,70,70,70,70,70,61,61,61,45,45,45,0,0],"gold":571,"neow_bonus":"THREE_ENEMY_KILL","is_daily":false,"chose_seed":false,"campfire_upgraded":4,"win_rate":0.0,"timestamp":1613028804,"path_taken":["M","?","M","?","?","R","E","R","T","E","?","?","$","M","R","BOSS","M","?","M","?","M","R","?","E","T","?","E"],"items_purchased_type":["Card"],"build_version":"2020-12-13","purchased_purges":1,"victory":false,"max_hp_per_floor":[70,70,70,70,70,70,70,70,70,70,70,70,70,70,70,70,70,70,70,70,70,70,70,70,70,70,70,70,70],"relic_stats":{"Sozu":3,"Regal Pillow":0,"counters":[13,53],"Sundial":[0],"Pantograph":25,"Pen Nib":[13],"obtain_stats":[{"Sozu":17,"keyreminder:keyreminder":25,"Regal Pillow":2,"Calipers":25,"NeowsBlessing":0,"Sundial":21,"Pantograph":10,"Pen Nib":7,"FossilizedHelix":9,"Ring of the Snake":0},{"Sozu":7,"keyreminder:keyreminder":12,"Regal Pillow":1,"Calipers":12,"NeowsBlessing":0,"Sundial":9,"Pantograph":4,"Pen Nib":3,"FossilizedHelix":3,"Ring of the Snake":0},{"Sozu":28,"keyreminder:keyreminder":49,"Regal Pillow":1,"Calipers":49,"NeowsBlessing":0,"Sundial":35,"Pantograph":8,"Pen Nib":3,"FossilizedHelix":3,"Ring of the Snake":0}],"Ring of the Snake":[26]},"card_choices":[{"not_picked":["Underhanded Strike","Dagger Spray"],"picked":"All Out Attack","floor":1},{"not_picked":["Dagger Throw","Acrobatics"],"picked":"Cloak And Dagger","floor":3},{"not_picked":["Deflect","Dagger Throw"],"picked":"Infinite Blades","floor":7},{"not_picked":["Bane","Dagger Throw"],"picked":"Accuracy","floor":10},{"not_picked":["Riddle With Holes","Eviscerate"],"picked":"Cloak And Dagger","floor":11},{"not_picked":["Bane","Deadly Poison"],"picked":"Dagger Throw","floor":14},{"not_picked":["A Thousand Cuts","Burst"],"picked":"Corpse Explosion","floor":16},{"not_picked":["Dagger Throw+1","Acrobatics+1"],"picked":"PiercingWail","floor":18},{"not_picked":["Slice","Sucker Punch"],"picked":"Crippling Poison","floor":20},{"not_picked":["Underhanded Strike","Slice"],"picked":"Caltrops","floor":22},{"not_picked":["Slice","Eviscerate"],"picked":"Terror","floor":24},{"not_picked":["Acrobatics","Predator","Choke"],"picked":"SKIP","floor":25},{"not_picked":["Predator","Choke"],"picked":"Acrobatics","floor":25}],"player_experience":41224,"relics_obtained":[{"floor":7,"key":"Pen Nib"},{"floor":9,"key":"FossilizedHelix"},{"floor":10,"key":"Pantograph"},{"floor":25,"key":"Calipers"}],"event_choices":[{"damage_healed":0,"gold_gain":0,"player_choice":"Success","damage_taken":3,"relics_obtained":["Regal Pillow"],"max_hp_gain":0,"max_hp_loss":0,"event_name":"Scrap Ooze","floor":2,"gold_loss":0},{"damage_healed":0,"gold_gain":0,"player_choice":"Entered Light","damage_taken":14,"max_hp_gain":0,"max_hp_loss":0,"event_name":"Shining Light","floor":4,"gold_loss":0,"cards_upgraded":["Defend_G","Defend_G"]},{"damage_healed":0,"gold_gain":0,"player_choice":"2 cards matched","damage_taken":0,"max_hp_gain":0,"max_hp_loss":0,"event_name":"Match and Keep!","floor":5,"gold_loss":0,"cards_obtained":["Quick Slash","Neutralize"]},{"damage_healed":0,"gold_gain":275,"player_choice":"Desecrate","damage_taken":0,"max_hp_gain":0,"max_hp_loss":0,"event_name":"Golden Shrine","floor":12,"gold_loss":0,"cards_obtained":["Regret"]},{"damage_healed":0,"gold_gain":99,"player_choice":"Stole From Cult","damage_taken":0,"max_hp_gain":0,"max_hp_loss":0,"event_name":"Nest","floor":19,"gold_loss":0},{"damage_healed":0,"gold_gain":0,"player_choice":"Gave Potion","damage_taken":0,"relics_obtained":["Sundial"],"max_hp_gain":0,"max_hp_loss":0,"event_name":"WeMeetAgain","floor":21,"gold_loss":0},{"cards_removed":["Strike_G"],"damage_healed":0,"gold_gain":0,"player_choice":"Gave Gold","damage_taken":0,"max_hp_gain":0,"max_hp_loss":0,"event_name":"Beggar","floor":27,"gold_loss":75}],"is_beta":false,"boss_relics":[{"not_picked":["Ring of the Serpent","Tiny House"],"picked":"Sozu"}],"items_purged_floors":[13],"is_endless":false,"potions_floor_spawned":[3,10,18,20,24],"killed_by":"Slavers","ascension_level":3}}