{"host":"x5w9zppki4gdwvc7","time":1613070635,"event":{"mods":["AchievementEnabler","BaseMod","Colored Powertips","DeckTracker","Minty Spire (QoL Compilation)","SuperFastMode"],"gold_per_floor":[114,114,129,145,72,100,100,100,100,121,2,2,2,22,22,147,147,167,180,180,194,194,238,238,272,272,187,212,252,9,28,28,151,151,174,193,113,113,173,173,206,269,269,269,313,313,17,42,42,42,42,42,4,42,42],"floor_reached":56,"language":"ENG","playtime":5035,"items_purged":["Strike_P","Defend_P","Injury"],"score":1311,"play_id":"f9a1c5f2-ab8e-40aa-beaa-2a3723ef2fa3","local_time":"20210211201035","is_ascension_mode":false,"campfire_choices":[{"data":"Study","floor":12.0,"key":"SMITH"},{"floor":15.0,"key":"REST"},{"data":"Ghostly","floor":24.0,"key":"SMITH"},{"data":"LikeWater","floor":32.0,"key":"SMITH"},{"floor":40.0,"key":"RECALL"},{"data":"Fasting2","floor":44,"key":"SMITH"},{"data":"Swivel","floor":46,"key":"SMITH"},{"data":"DevaForm","floor":49,"key":"SMITH"},{"data":"Perseverance","floor":52,"key":"SMITH"}],"circlet_count":0,"master_deck":["Strike_P","Strike_P","Strike_P","Defend_P","Defend_P","Defend_P","Eruption","Vigilance","Perseverance+1","PathToVictory","CrushJoints","Study+1","WheelKick","PathToVictory","DeceiveReality","DevaForm+1","Wireheading+1","Evaluate+1","Swivel+1","Ghostly+1","Ghostly","Ghostly","Ghostly","Ghostly","Fasting2+1","LikeWater+1","FearNoEvil+1","Establishment","Swift Strike","InnerPeace","ConjureBlade","Fasting2+1","Parasite"],"relics":["PureWater","NeowsBlessing","The Courier","Golden Idol","HornCleat","Meat on the Bone","Oddly Smooth Stone","Runic Pyramid","Darkstone Periapt","Singing Bowl","Pear","Mercury Hourglass","Cursed Key","Gambling Chip","Ornamental Fan","Bird Faced Urn","Lantern","Smiling Mask","Blue Candle","Bottled Flame"],"acts_visited":["Exordium","TheCity","TheBeyond","TheEnding"],"potions_floor_usage":[45,50,50,55],"damage_taken":[{"damage":0.0,"enemies":"Small Slimes","floor":1.0,"turns":1.0},{"damage":0.0,"enemies":"Cultist","floor":3.0,"turns":1.0},{"damage":0.0,"enemies":"2 Louse","floor":4.0,"turns":1.0},{"damage":38.0,"enemies":"3 Sentries","floor":6.0,"turns":11.0},{"damage":0.0,"enemies":"Exordium Wildlife","floor":10.0,"turns":6.0},{"damage":3.0,"enemies":"3 Louse","floor":14.0,"turns":4.0},{"damage":0.0,"enemies":"The Guardian","floor":16.0,"turns":9.0},{"damage":16.0,"enemies":"Chosen","floor":18.0,"turns":6.0},{"damage":39.0,"enemies":"2 Thieves","floor":19.0,"turns":5.0},{"damage":25.0,"enemies":"Snake Plant","floor":21.0,"turns":6.0},{"damage":32.0,"enemies":"Gremlin Leader","floor":23.0,"turns":9.0},{"damage":3.0,"enemies":"Book of Stabbing","floor":25.0,"turns":6.0},{"damage":3.0,"enemies":"Centurion and Healer","floor":28.0,"turns":9.0},{"damage":25.0,"enemies":"Gremlin Leader","floor":29.0,"turns":11.0},{"damage":2.0,"enemies":"Cultist and Chosen","floor":31.0,"turns":7.0},{"damage":0.0,"enemies":"Collector","floor":33.0,"turns":11.0},{"damage":0.0,"enemies":"3 Darklings","floor":35.0,"turns":8.0},{"damage":1.0,"enemies":"Orb Walker","floor":36.0,"turns":4.0},{"damage":20.0,"enemies":"2 Orb Walkers","floor":39.0,"turns":6.0},{"damage":2,"enemies":"Reptomancer","floor":41,"turns":8},{"damage":3,"enemies":"Mind Bloom Boss Battle","floor":42,"turns":11},{"damage":2,"enemies":"Nemesis","floor":45,"turns":9},{"damage":1,"enemies":"Spire Growth","floor":48,"turns":6},{"damage":10,"enemies":"Awakened One","floor":50,"turns":12},{"damage":51,"enemies":"Shield and Spear","floor":54,"turns":12},{"damage":46,"enemies":"The Heart","floor":55,"turns":12}],"seed_played":"6321660785785392024","potions_obtained":[{"floor":1.0,"key":"Explosive Potion"},{"floor":2.0,"key":"Block Potion"},{"floor":2.0,"key":"PowerPotion"},{"floor":10.0,"key":"Swift Potion"},{"floor":14.0,"key":"SmokeBomb"},{"floor":19.0,"key":"Swift Potion"},{"floor":21.0,"key":"SkillPotion"},{"floor":23.0,"key":"Weak Potion"},{"floor":31.0,"key":"SpeedPotion"},{"floor":33.0,"key":"Ambrosia"},{"floor":39.0,"key":"ColorlessPotion"},{"floor":45,"key":"Weak Potion"}],"is_trial":false,"path_per_floor":["M","?","M","M","$","E","?","?","T","M","$","R","$","M","R","B",null,"M","M","?","M","?","E","R","E","T","?","M","E","$","M","R","B",null,"M","M","$","?","?","R","E","?","T","R","E","R","$","M","R","B",null,"R","$","E","B",null],"character_chosen":"WATCHER","items_purchased":["Study","Oddly Smooth Stone","Establishment","Swift Strike","Blue Candle","BottledMiracle","Dexterity Potion"],"campfire_rested":1,"item_purchase_floors":[5,11,30,30,47,47,53],"current_hp_per_floor":[72,72,72,72,72,34,34,1,1,13,13,13,13,22,43,43,72,56,29,53,40,36,16,16,25,25,35,34,21,21,31,31,31,48,50,51,51,53,33,33,33,32,38,38,52,52,52,67,67,61,68,68,68,38,18],"gold":42,"neow_bonus":"THREE_ENEMY_KILL","is_daily":false,"chose_seed":false,"campfire_upgraded":7,"win_rate":0.0,"timestamp":1613070635,"path_taken":["M","?","?","M","$","E","?","?","T","M","$","R","?","M","R","BOSS","M","M","?","M","?","E","R","E","T","?","?","E","$","M","R","BOSS","M","M","$","?","?","R","E","?","T","R","E","R","?","?","R","BOSS","R","$","E","BOSS"],"items_purchased_type":["Card","Relic","Card","Card","Relic","Potion","Potion"],"build_version":"2020-12-22","purchased_purges":3,"victory":true,"max_hp_per_floor":[72,72,72,72,72,72,72,72,72,72,72,72,72,72,72,72,72,72,72,72,72,36,36,36,36,36,46,48,48,48,48,48,48,48,50,52,52,54,54,54,56,58,64,64,66,66,66,68,68,68,68,68,68,68,68],"card_choices":[{"not_picked":["TalkToTheHand","ClearTheMind"],"picked":"Perseverance","floor":1.0},{"not_picked":["ThirdEye","Evaluate"],"picked":"PathToVictory","floor":3.0},{"not_picked":["PathToVictory","FollowUp"],"picked":"CrushJoints","floor":4.0},{"not_picked":["CutThroughFate","Halt"],"picked":"WheelKick","floor":6.0},{"not_picked":["FlyingSleeves","ThirdEye"],"picked":"PathToVictory","floor":10.0},{"not_picked":["TalkToTheHand","Wish"],"picked":"DeceiveReality","floor":14.0},{"not_picked":["Judgement","Ragnarok"],"picked":"DevaForm","floor":16.0},{"not_picked":["EmptyFist","FollowUp"],"picked":"Wireheading+1","floor":18.0},{"not_picked":["Tantrum+1","Crescendo"],"picked":"Evaluate+1","floor":19.0},{"not_picked":["ClearTheMind","Pray"],"picked":"Swivel","floor":21.0},{"not_picked":["Prostrate","Perseverance"],"picked":"Fasting2","floor":23.0},{"not_picked":["Evaluate+1","Halt"],"picked":"LikeWater","floor":25.0},{"not_picked":["BattleHymn","SashWhip","Vengeance"],"picked":"Singing Bowl","floor":28.0},{"not_picked":["SashWhip","WindmillStrike"],"picked":"FearNoEvil+1","floor":29.0},{"not_picked":["CrushJoints","CutThroughFate+1"],"picked":"InnerPeace","floor":31.0},{"not_picked":["Devotion","LessonLearned"],"picked":"ConjureBlade","floor":33.0},{"not_picked":["FollowUp","CutThroughFate+1","Sanctity"],"picked":"Singing Bowl","floor":35.0},{"not_picked":["Crescendo","Collect","SignatureMove"],"picked":"Singing Bowl","floor":36.0},{"not_picked":["The Bomb","Madness","Magnetism"],"picked":"Singing Bowl","floor":38.0},{"not_picked":["Crescendo+1","CutThroughFate"],"picked":"Fasting2+1","floor":39.0},{"not_picked":["ForeignInfluence","Protect","SashWhip"],"picked":"Singing Bowl","floor":41},{"not_picked":["FlyingSleeves+1","BowlingBash","Devotion"],"picked":"Singing Bowl","floor":42},{"not_picked":["ForeignInfluence+1","FlyingSleeves+1","Adaptation+1"],"picked":"Singing Bowl","floor":45},{"not_picked":["EmptyFist","JustLucky+1","FlyingSleeves+1"],"picked":"Singing Bowl","floor":48},{"not_picked":["BowlingBash","Pray+1","DevaForm"],"picked":"SKIP","floor":54}],"player_experience":616257,"relics_obtained":[{"floor":6.0,"key":"The Courier"},{"floor":9.0,"key":"Meat on the Bone"},{"floor":23.0,"key":"Darkstone Periapt"},{"floor":25.0,"key":"Singing Bowl"},{"floor":29.0,"key":"Mercury Hourglass"},{"floor":39.0,"key":"Gambling Chip"},{"floor":41,"key":"Ornamental Fan"},{"floor":42,"key":"Bird Faced Urn"},{"floor":43,"key":"Lantern"},{"floor":45,"key":"Smiling Mask"},{"floor":54,"key":"Bottled Flame"}],"event_choices":[{"damage_healed":0.0,"max_hp_gain":0.0,"max_hp_loss":0.0,"gold_gain":0.0,"event_name":"Lab","player_choice":"Got Potions","floor":2.0,"gold_loss":0.0,"damage_taken":0.0},{"damage_healed":0.0,"max_hp_gain":0.0,"max_hp_loss":0.0,"gold_gain":0.0,"event_name":"Golden Idol","player_choice":"Take Wound","floor":7.0,"gold_loss":0.0,"damage_taken":0.0,"relics_obtained":["Golden Idol"],"cards_obtained":["Injury"]},{"damage_healed":0.0,"max_hp_gain":0.0,"max_hp_loss":0.0,"gold_gain":0.0,"event_name":"Scrap Ooze","player_choice":"Success","floor":8.0,"gold_loss":0.0,"damage_taken":33.0,"relics_obtained":["HornCleat"]},{"damage_healed":24.0,"max_hp_gain":0.0,"max_hp_loss":0.0,"gold_gain":0.0,"event_name":"The Library","player_choice":"Heal","floor":20.0,"gold_loss":0.0,"damage_taken":0.0},{"damage_healed":0.0,"max_hp_gain":0.0,"max_hp_loss":36.0,"gold_gain":0.0,"event_name":"Ghosts","player_choice":"Became a Ghost","floor":22.0,"gold_loss":0.0,"damage_taken":0.0,"cards_obtained":["Ghostly","Ghostly","Ghostly","Ghostly","Ghostly"]},{"damage_healed":0.0,"max_hp_gain":0.0,"max_hp_loss":0.0,"gold_gain":0.0,"event_name":"Addict","player_choice":"Obtained Relic","floor":27.0,"gold_loss":85.0,"damage_taken":0.0,"relics_obtained":["Pear"]},{"damage_healed":0.0,"max_hp_gain":0.0,"max_hp_loss":0.0,"gold_gain":0.0,"event_name":"SensoryStone","player_choice":"Memory 1","floor":38.0,"gold_loss":0.0,"damage_taken":0.0},{"damage_healed":0.0,"max_hp_gain":0.0,"max_hp_loss":0.0,"gold_gain":0.0,"event_name":"Mysterious Sphere","player_choice":"Fight","floor":39.0,"gold_loss":0.0,"damage_taken":0.0},{"damage_healed":0,"gold_gain":0,"player_choice":"Fight","damage_taken":0,"max_hp_gain":0,"max_hp_loss":0,"event_name":"MindBloom","floor":42,"gold_loss":0}],"is_beta":false,"boss_relics":[{"not_picked":["SlaversCollar","Sozu"],"picked":"Runic Pyramid"},{"not_picked":["Astrolabe","Runic Dome"],"picked":"Cursed Key"}],"items_purged_floors":[30,37,47],"is_endless":false,"potions_floor_spawned":[1,10,14,19,21,23,31,33,39,45],"ascension_level":0}}