{"host":"1bzbl1adcbkdzqlf","time":1613084244,"event":{"mods":["BaseMod","Minty Spire (QoL Compilation)","Slay the Relics Exporter"],"gold_per_floor":[111,121,134,146,421,455,455,468,468,498,509,509,136,170,170,248,248,261,261,275,293,309,336,353,353,353],"floor_reached":25,"language":"ENG","playtime":2795,"items_purged":["Strike_R"],"score":420,"play_id":"4417897c-02d7-478e-b8cd-b32a3e1fdaa9","local_time":"20210211165724","is_ascension_mode":true,"campfire_choices":[{"floor":7,"key":"REST"},{"floor":12,"key":"REST"},{"floor":15,"key":"REST"}],"circlet_count":0,"master_deck":["AscendersBane","Strike_R","Strike_R","Strike_R","Strike_R","Defend_R","Defend_R","Defend_R","Defend_R","Bash","Cleave","Disarm","Shockwave","Regret","Thunderclap","Iron Wave","Feed","Carnage","Flex+1","Battle Trance+1","Reaper","Rampage+1","Entrench+1","Armaments+1","Inflame","Headbutt+1"],"relics":["SlaversCollar","Red Skull","Akabeko","Bag of Marbles","Toxic Egg 2","White Beast Statue","Black Star","Letter Opener","Ornamental Fan"],"acts_visited":["Exordium","TheCity"],"potions_floor_usage":[4,14,14,14,16,16,16,18,20,21,23,24,25,25],"damage_taken":[{"damage":14,"enemies":"Jaw Worm","floor":1,"turns":3},{"damage":1,"enemies":"Cultist","floor":2,"turns":3},{"damage":1,"enemies":"2 Louse","floor":3,"turns":2},{"damage":16,"enemies":"Exordium Thugs","floor":4,"turns":4},{"damage":27,"enemies":"Gremlin Nob","floor":6,"turns":4},{"damage":16,"enemies":"3 Louse","floor":8,"turns":4},{"damage":8,"enemies":"Lagavulin","floor":10,"turns":6},{"damage":0,"enemies":"Gremlin Gang","floor":11,"turns":1},{"damage":6,"enemies":"3 Sentries","floor":14,"turns":4},{"damage":11,"enemies":"Slime Boss","floor":16,"turns":7},{"damage":13,"enemies":"Chosen","floor":18,"turns":4},{"damage":17,"enemies":"2 Thieves","floor":20,"turns":2},{"damage":30,"enemies":"Centurion and Healer","floor":21,"turns":6},{"damage":38,"enemies":"Chosen and Byrds","floor":22,"turns":5},{"damage":19,"enemies":"Slavers","floor":23,"turns":4},{"damage":22,"enemies":"Snecko","floor":24,"turns":4},{"damage":18,"enemies":"Shelled Parasite and Fungi","floor":25,"turns":2}],"seed_played":"-7884942596417915990","potions_obtained":[{"floor":3,"key":"Explosive Potion"},{"floor":10,"key":"SpeedPotion"},{"floor":11,"key":"EntropicBrew"},{"floor":14,"key":"EntropicBrew"},{"floor":16,"key":"LiquidBronze"},{"floor":18,"key":"Swift Potion"},{"floor":20,"key":"SpeedPotion"},{"floor":21,"key":"EssenceOfSteel"},{"floor":22,"key":"AttackPotion"},{"floor":23,"key":"ElixirPotion"},{"floor":24,"key":"PowerPotion"}],"is_trial":false,"path_per_floor":["M","M","M","M","?","E","R","M","T","E","M","R","$","E","R","B",null,"M","?","M","M","M","E","M","M"],"character_chosen":"IRONCLAD","items_purchased":["Toxic Egg 2","Flex+1"],"campfire_rested":3,"item_purchase_floors":[13,13],"current_hp_per_floor":[54,53,52,36,36,9,31,15,15,7,7,29,29,23,45,34,65,55,55,41,28,26,20,17,0,0],"gold":353,"neow_bonus":"BOSS_RELIC","is_daily":false,"chose_seed":false,"campfire_upgraded":0,"win_rate":0.0,"timestamp":1613084244,"path_taken":["M","M","M","M","?","E","R","?","T","E","M","R","$","E","R","BOSS","M","?","M","M","M","E","M","M"],"items_purchased_type":["Relic","Card"],"build_version":"2020-12-22","purchased_purges":1,"victory":false,"max_hp_per_floor":[75,75,75,75,75,75,75,75,75,75,75,75,75,75,75,75,75,78,78,81,81,84,87,87,87,87],"card_choices":[{"not_picked":["Wild Strike","Dual Wield"],"picked":"Cleave","floor":1},{"not_picked":["Perfected Strike","Searing Blow","Burning Pact"],"picked":"SKIP","floor":2},{"not_picked":["Infernal Blade","Hemokinesis"],"picked":"Disarm","floor":3},{"not_picked":["Wild Strike","Evolve"],"picked":"Shockwave","floor":4},{"not_picked":["Flex","Combust"],"picked":"Thunderclap","floor":6},{"not_picked":["Intimidate","Dark Embrace"],"picked":"Iron Wave","floor":8},{"not_picked":["Bludgeon","Headbutt"],"picked":"Feed","floor":10},{"not_picked":["Combust","Reckless Charge"],"picked":"Carnage","floor":11},{"not_picked":["Barricade","Cleave"],"picked":"Battle Trance+1","floor":14},{"not_picked":["Offering+1","Limit Break+1"],"picked":"Reaper","floor":16},{"not_picked":["Searing Blow","Warcry+1"],"picked":"Rampage+1","floor":18},{"not_picked":["Havoc+1","Whirlwind"],"picked":"Entrench+1","floor":20},{"not_picked":["Wild Strike+1","Infernal Blade+1"],"picked":"Armaments+1","floor":21},{"not_picked":["Twin Strike","Burning Pact+1","Sword Boomerang"],"picked":"SKIP","floor":22},{"not_picked":["Anger","Bludgeon"],"picked":"Inflame","floor":23},{"not_picked":["Burning Pact+1","Thunderclap"],"picked":"Headbutt+1","floor":24}],"player_experience":448195,"relics_obtained":[{"floor":6,"key":"Red Skull"},{"floor":9,"key":"Akabeko"},{"floor":10,"key":"Bag of Marbles"},{"floor":14,"key":"White Beast Statue"},{"floor":23,"key":"Letter Opener"},{"floor":23,"key":"Ornamental Fan"}],"event_choices":[{"damage_healed":0,"gold_gain":275,"player_choice":"Desecrate","damage_taken":0,"max_hp_gain":0,"max_hp_loss":0,"event_name":"Golden Shrine","floor":5,"gold_loss":0,"cards_obtained":["Regret"]},{"damage_healed":0,"gold_gain":0,"player_choice":"Ignored","damage_taken":0,"max_hp_gain":0,"max_hp_loss":0,"event_name":"N\u0027loth","floor":19,"gold_loss":0}],"is_beta":false,"boss_relics":[{"not_picked":["Snecko Eye","SacredBark"],"picked":"Black Star"}],"items_purged_floors":[13],"is_endless":false,"potions_floor_spawned":[3,10,11,14,16,18,20,21,22,23,24],"killed_by":"Shelled Parasite and Fungi","ascension_level":14}}