{"host":"zq15pup7vna0uxo1","time":1613068761,"event":{"mods":["BaseMod","Bestiary","Colored Map","Downfall","Minty Spire (QoL Compilation)","Replay The Spire","StSLib","The Cursed","The Marked","The Servant 0.9.4"],"gold_per_floor":[116,203,203,13,30,64,64,92,92,92,92,110,110,125,125,224,224,234,261,277,30,41,67,67,101,101,101,131,144,69,79,79,183,233,248,259,275,18,37,37,37,48,48,74,74,96,96],"floor_reached":46,"language":"ENG","playtime":2124,"items_purged":["Warcry","Strike_R+1"],"score":847,"play_id":"6959f4e7-00cc-4484-a4bf-bf72c57ad1eb","local_time":"20210211193921","is_ascension_mode":true,"campfire_choices":[{"data":"Perfected Strike","floor":7,"key":"SMITH"},{"data":"Flex","floor":15,"key":"SMITH"},{"floor":24,"key":"REST"},{"floor":32,"key":"REST"},{"floor":40,"key":"REST"}],"circlet_count":0,"master_deck":["Strike_R+1","Strike_R+1","Strike_R+1","Defend_R+1","Defend_R+1","Defend_R+1","Defend_R+1","Bash","Perfected Strike+1","Flex+1","Whirlwind+1","Rage","Double Tap+1","ReplayTheSpireMod:LeadingStrike","Twin Strike","Feed","Infernal Blade+1","Demon Form","Inflame","Anger+1","Pommel Strike+1","Clash+1","Rampage+1","Anger+1","Heavy Blade","Anger+1","Barricade"],"relics":["Burning Blood","NeowsBlessing","Pen Nib","Replay:Bottled Snecko","Shuriken","Pantograph","Painkiller Herb","Replay:Baseball","Replay:Ringing Soul","Prayer Wheel","Lantern","Mummified Hand","PreservedInsect","Tiny House","Blood Vial","Pear","Replay:Bandana"],"acts_visited":["Exordium","TheCity","TheBeyond"],"potions_floor_usage":[8,16,16,16,20,28,29,33,33,44],"damage_taken":[{"damage":0,"enemies":"Small Slimes","floor":1,"turns":1},{"damage":0,"enemies":"Jaw Worm","floor":5,"turns":1},{"damage":0,"enemies":"3 Sentries","floor":6,"turns":2},{"damage":8,"enemies":"Gremlin Nob","floor":8,"turns":4},{"damage":0,"enemies":"2 Louse","floor":12,"turns":1},{"damage":5,"enemies":"Blue Slaver","floor":14,"turns":3},{"damage":53,"enemies":"Fading Forest","floor":16,"turns":11},{"damage":0,"enemies":"Spheric Guardian","floor":18,"turns":3},{"damage":15,"enemies":"Chosen","floor":20,"turns":5},{"damage":24,"enemies":"Snake Plant","floor":22,"turns":4},{"damage":35,"enemies":"Slavers","floor":23,"turns":4},{"damage":13,"enemies":"Gremlin Leader","floor":25,"turns":7},{"damage":10,"enemies":"Book of Stabbing","floor":28,"turns":4},{"damage":6,"enemies":"Centurion and Healer","floor":29,"turns":4},{"damage":12,"enemies":"Snecko","floor":31,"turns":4},{"damage":2,"enemies":"Pondfish","floor":33,"turns":9},{"damage":16,"enemies":"Orb Walker","floor":35,"turns":2},{"damage":37,"enemies":"3 Shapes","floor":36,"turns":2},{"damage":30,"enemies":"Sphere and 2 Shapes","floor":37,"turns":4},{"damage":16,"enemies":"Transient","floor":39,"turns":5},{"damage":37,"enemies":"3 Darklings","floor":42,"turns":4},{"damage":63,"enemies":"Reptomancer","floor":44,"turns":5},{"damage":16,"enemies":"Sphere and 2 Shapes","floor":46,"turns":3}],"seed_played":"7900452144386473252","potions_obtained":[{"floor":6,"key":"Flashbang"},{"floor":12,"key":"EntropicBrew"},{"floor":22,"key":"Weak Potion"},{"floor":23,"key":"SteroidPotion"},{"floor":28,"key":"LiquidMemories"},{"floor":31,"key":"Adrenaline Potion"},{"floor":34,"key":"Death Potion"},{"floor":37,"key":"sneckomod:MuddlingPotion"},{"floor":42,"key":"LifebloodPotion"}],"is_trial":false,"path_per_floor":["M","?","?","$","M","E","R","E","T","?","$","M","?","M","R","B",null,"?","T","?","T","?","E","T","E","T","?","E","?","T","?","T","B",null,"?","?","?","T","?","T","?","?","T","E","T","?"],"character_chosen":"IRONCLAD","items_purchased":["Pen Nib","Whirlwind","Replay:Ringing Soul","Blood Vial"],"campfire_rested":3,"item_purchase_floors":[4,4,21,38],"current_hp_per_floor":[80,48,53,53,59,65,65,63,63,56,56,62,62,63,63,50,85,85,85,76,76,58,29,54,47,47,47,46,49,49,46,74,97,105,98,70,49,49,44,79,79,53,63,11,11,0,0],"gold":96,"neow_bonus":"THREE_ENEMY_KILL","is_daily":false,"chose_seed":false,"campfire_upgraded":2,"win_rate":0.0,"timestamp":1613068761,"path_taken":["M","?","?","$","M","E","R","E","T","?","?","M","?","M","R","BOSS","?","?","?","T","?","E","T","E","T","?","E","?","T","?","T","BOSS","?","?","?","T","?","T","?","?","T","E","T","?"],"items_purchased_type":["Relic","Card","Relic","Relic"],"build_version":"2020-12-22","purchased_purges":2,"victory":false,"max_hp_per_floor":[80,80,85,85,85,85,85,85,85,85,85,85,85,85,85,85,85,85,85,85,85,85,85,85,85,85,85,88,91,91,94,94,97,105,108,111,114,114,117,117,117,120,130,133,133,133,133],"card_choices":[{"not_picked":["Armaments","Wild Strike"],"picked":"Warcry","floor":1},{"not_picked":["Sentinel","Run Through"],"picked":"Perfected Strike","floor":2},{"not_picked":["Rage","Sever Soul"],"picked":"Flex","floor":2},{"not_picked":["Clothesline","Wild Strike","Replay:Undeath\u0027s Touch"],"picked":"SKIP","floor":5},{"not_picked":["Abandon","Offering","Fiend Fire"],"picked":"SKIP","floor":6},{"not_picked":["Burning Pact","Blood for Blood"],"picked":"Rage","floor":8},{"not_picked":["Havoc","Headbutt","Second Wind"],"picked":"SKIP","floor":12},{"not_picked":["Rage","Headbutt","ReplayTheSpireMod:Strike From Hell"],"picked":"SKIP","floor":14},{"not_picked":["Corruption","Replay:Many Hands"],"picked":"Double Tap","floor":16},{"not_picked":["ReplayTheSpireMod:Strike From Hell+1","Replay:Undeath\u0027s Touch","Burning Pact"],"picked":"SKIP","floor":18},{"not_picked":["Burning Pact+1","Disarm"],"picked":"ReplayTheSpireMod:LeadingStrike","floor":20},{"not_picked":["Burning Pact","Dropkick+1","Bloodletting"],"picked":"SKIP","floor":22},{"not_picked":["Havoc+1","ReplayReversal","Sentinel"],"picked":"SKIP","floor":23},{"not_picked":["True Grit","Wild Strike","Heavy Blade"],"picked":"SKIP","floor":25},{"not_picked":["Headbutt","Warcry"],"picked":"Twin Strike","floor":28},{"not_picked":["Perfected Strike","Whirlwind"],"picked":"Feed","floor":29},{"not_picked":["Run Through","Sentinel+1","Sword Boomerang"],"picked":"SKIP","floor":29},{"not_picked":["Fire Breathing","Shrug It Off+1"],"picked":"Infernal Blade+1","floor":31},{"not_picked":["Twin Strike","Armaments","True Grit"],"picked":"SKIP","floor":31},{"not_picked":["Impervious","Bludgeon"],"picked":"Demon Form","floor":33},{"not_picked":["Armaments+1","Body Slam"],"picked":"Inflame","floor":34},{"not_picked":["Clothesline+1","Dropkick+1"],"picked":"Anger+1","floor":35},{"not_picked":["Shrug It Off+1","Offering"],"picked":"Pommel Strike+1","floor":35},{"not_picked":["Armaments+1","Rampage+1"],"picked":"Clash+1","floor":36},{"not_picked":["Iron Wave+1","Thunderclap"],"picked":"Rampage+1","floor":36},{"not_picked":["Havoc","ReplayReversal+1","Pommel Strike+1"],"picked":"SKIP","floor":37},{"not_picked":["Replay:Undeath\u0027s Touch","Twin Strike+1","Whirlwind"],"picked":"SKIP","floor":37},{"not_picked":["Thunderclap+1","True Grit"],"picked":"Anger+1","floor":39},{"not_picked":["Berserk","Flame Barrier+1","ReplayTheSpireMod:Strike From Hell+1"],"picked":"SKIP","floor":39},{"not_picked":["True Grit+1","Intimidate"],"picked":"Heavy Blade","floor":42},{"not_picked":["Defy Death+1","Infernal Blade"],"picked":"Anger+1","floor":42},{"not_picked":["Cleave","Demonic Infusion"],"picked":"Barricade","floor":44}],"player_experience":1189075,"relics_obtained":[{"floor":6,"key":"Replay:Bottled Snecko"},{"floor":8,"key":"Shuriken"},{"floor":9,"key":"Pantograph"},{"floor":19,"key":"Replay:Baseball"},{"floor":23,"key":"Prayer Wheel"},{"floor":25,"key":"Lantern"},{"floor":26,"key":"Mummified Hand"},{"floor":28,"key":"PreservedInsect"},{"floor":43,"key":"Pear"},{"floor":44,"key":"Replay:Bandana"}],"event_choices":[{"damage_healed":0,"gold_gain":0,"player_choice":"Donut","damage_taken":0,"max_hp_gain":5,"max_hp_loss":0,"event_name":"Big Fish","floor":3,"gold_loss":0},{"cards_removed":["Strike_R"],"damage_healed":0,"gold_gain":0,"player_choice":"Card Removal","damage_taken":7,"max_hp_gain":0,"max_hp_loss":0,"event_name":"Golden Wing","floor":10,"gold_loss":0},{"damage_healed":0,"gold_gain":0,"player_choice":"Ignored","damage_taken":0,"max_hp_gain":0,"max_hp_loss":0,"event_name":"Transmorgrifier","floor":13,"gold_loss":0},{"damage_healed":0,"gold_gain":0,"player_choice":"Simplicity","damage_taken":0,"max_hp_gain":0,"max_hp_loss":0,"event_name":"Back to Basics","floor":27,"gold_loss":0,"cards_upgraded":["Strike_R","Strike_R","Strike_R","Strike_R","Defend_R","Defend_R","Defend_R","Defend_R"]},{"damage_healed":0,"gold_gain":0,"player_choice":"Upgraded","damage_taken":0,"max_hp_gain":0,"max_hp_loss":0,"event_name":"Upgrade Shrine","floor":41,"gold_loss":0,"cards_upgraded":["Double Tap"]}],"is_beta":false,"boss_relics":[{"not_picked":["Electric Blood","Runic Dome"],"picked":"Painkiller Herb"},{"not_picked":["Replay:Wanted Poster","Pandora\u0027s Box"],"picked":"Tiny House"}],"items_purged_floors":[30,38],"is_endless":false,"potions_floor_spawned":[6,12,22,23,28,31,37,42],"killed_by":"Sphere and 2 Shapes","ascension_level":3}}