{"host":"188x3om7sf6mgxv1","time":1613076903,"event":{"mods":["BaseMod","Block Reminder","Jorbs\u0027s Wanderer Trilogy","Minty Spire (QoL Compilation)","Relic Stats","StSLib"],"gold_per_floor":[18,18,37,56,56,86,96,123,191,191,191,204,235,252,252,347,347,365,390,8,8,8,39,39,65,65,65,83,83,93,118,118,219,219,234,254,164,181,30,60,60,91,91,106,125,125,125],"floor_reached":46,"language":"ENG","playtime":3765,"items_purged":["Strike_P","Strike_P+1"],"score":695,"play_id":"ebc9724d-7ae3-4354-a0bd-0452939d31fb","local_time":"20210211155503","is_ascension_mode":true,"campfire_choices":[{"data":"SashWhip","floor":10.0,"key":"SMITH"},{"data":"Wireheading","floor":15.0,"key":"SMITH"},{"floor":24.0,"key":"REST"},{"data":"Vigilance","floor":27.0,"key":"SMITH"},{"floor":29.0,"key":"REST"},{"data":"Prostrate","floor":32.0,"key":"SMITH"},{"floor":41.0,"key":"REST"}],"circlet_count":0,"master_deck":["Strike_P+1","Defend_P+1","Defend_P+1","Defend_P+1","Defend_P+1","Eruption+1","Vigilance+1","Protect+1","SashWhip+1","SashWhip+1","FlurryOfBlows+1","CarveReality+1","Wireheading+1","DevaForm+1","Consecrate+1","Brilliance+1","Wallop+1","Halt+1","LessonLearned+1","Weave+1","Prostrate+1","FearNoEvil+1","Prostrate+1","SandsOfTime+1","DevaForm+1","Halt+1","Adaptation","FlurryOfBlows+1","JustLucky+1"],"relics":["HolyWater","Torii","GremlinMask","Toy Ornithopter","GoldenEye","Molten Egg 2","Omamori","Runic Pyramid","Red Mask","Medical Kit","Bag of Preparation","Orichalcum","TungstenRod","Pear","Dream Catcher","Ginger"],"acts_visited":["Exordium","TheCity","TheBeyond"],"potions_floor_usage":[46,46,46],"damage_taken":[{"damage":0.0,"enemies":"Small Slimes","floor":1.0,"turns":2.0},{"damage":1.0,"enemies":"Cultist","floor":3.0,"turns":4.0},{"damage":1.0,"enemies":"Jaw Worm","floor":4.0,"turns":3.0},{"damage":16.0,"enemies":"Lagavulin","floor":6.0,"turns":10.0},{"damage":2.0,"enemies":"3 Louse","floor":7.0,"turns":4.0},{"damage":11.0,"enemies":"Gremlin Nob","floor":8.0,"turns":3.0},{"damage":0.0,"enemies":"2 Fungi Beasts","floor":12.0,"turns":3.0},{"damage":3.0,"enemies":"3 Sentries","floor":13.0,"turns":5.0},{"damage":1.0,"enemies":"Exordium Wildlife","floor":14.0,"turns":4.0},{"damage":20.0,"enemies":"The Guardian","floor":16.0,"turns":11.0},{"damage":1.0,"enemies":"Chosen","floor":18.0,"turns":4.0},{"damage":32.0,"enemies":"Masked Bandits","floor":19.0,"turns":4.0},{"damage":33.0,"enemies":"Slavers","floor":23.0,"turns":6.0},{"damage":9.0,"enemies":"Book of Stabbing","floor":25.0,"turns":5.0},{"damage":0.0,"enemies":"2 Thieves","floor":28.0,"turns":2.0},{"damage":0.0,"enemies":"Snecko","floor":30.0,"turns":6.0},{"damage":0.0,"enemies":"Gremlin Leader","floor":31.0,"turns":5.0},{"damage":15.0,"enemies":"Collector","floor":33.0,"turns":6.0},{"damage":5.0,"enemies":"3 Shapes","floor":35.0,"turns":8.0},{"damage":30.0,"enemies":"3 Darklings","floor":36.0,"turns":6.0},{"damage":6.0,"enemies":"Spire Growth","floor":38.0,"turns":4.0},{"damage":32.0,"enemies":"Nemesis","floor":40.0,"turns":7.0},{"damage":20.0,"enemies":"Giant Head","floor":42.0,"turns":8.0},{"damage":0.0,"enemies":"Writhing Mass","floor":44.0,"turns":8.0},{"damage":0,"enemies":"Transient","floor":45,"turns":5},{"damage":65,"enemies":"Reptomancer","floor":46,"turns":4}],"seed_played":"-8996686579886443747","potions_obtained":[{"floor":1.0,"key":"Energy Potion"},{"floor":4.0,"key":"Ambrosia"},{"floor":6.0,"key":"Explosive Potion"},{"floor":12.0,"key":"Dexterity Potion"},{"floor":18.0,"key":"Regen Potion"},{"floor":25.0,"key":"Dexterity Potion"},{"floor":30.0,"key":"SkillPotion"},{"floor":31.0,"key":"Energy Potion"},{"floor":33.0,"key":"DuplicationPotion"},{"floor":38.0,"key":"Fruit Juice"}],"is_trial":false,"path_per_floor":["M","?","M","M","?","E","M","E","T","R","?","M","E","M","R","B",null,"M","?","$","?","?","E","R","E","T","R","M","R","M","E","R","B",null,"M","M","?","M","$","E","R","E","T","M","M","E"],"character_chosen":"WATCHER","items_purchased":["LessonLearned+1","Medical Kit","PowerPotion"],"campfire_rested":3,"item_purchase_floors":[20,20,39],"current_hp_per_floor":[72,72,71,70,70,54,52,46,46,46,32,32,34,33,33,13,72,71,40,40,40,40,27,48,39,39,39,39,60,60,70,70,60,82,77,47,47,41,51,19,45,25,25,25,25,0,0],"gold":125,"neow_bonus":"ONE_RARE_RELIC","is_daily":false,"chose_seed":false,"campfire_upgraded":4,"win_rate":0.0,"timestamp":1613076903,"path_taken":["M","?","M","M","?","E","?","E","T","R","?","M","E","M","R","BOSS","M","?","$","?","?","E","R","E","T","R","?","R","M","E","R","BOSS","M","?","?","M","$","E","R","E","T","?","M","E"],"items_purchased_type":["Card","Relic","Potion"],"build_version":"2020-12-22","purchased_purges":2,"victory":false,"max_hp_per_floor":[72,72,72,72,72,72,72,72,72,72,72,72,72,72,72,72,72,72,72,72,72,72,72,72,72,72,72,72,72,72,82,82,82,82,82,82,82,82,87,87,87,87,87,87,87,87,87],"relic_stats":{"Dream Catcher":1,"Torii":39,"counters":[26,137],"Bag of Preparation":[26],"Ginger":[11],"Orichalcum":[72],"GoldenEye":[62],"Medical Kit":[2],"obtain_stats":[{"Pear":31,"Torii":0,"GremlinMask":5,"Omamori":13,"Bag of Preparation":23,"Ginger":42,"Orichalcum":25,"GoldenEye":8,"Medical Kit":20,"Dream Catcher":40,"HolyWater":34,"Molten Egg 2":9,"Red Mask":19,"PureWater":0,"Toy Ornithopter":6,"TungstenRod":26,"Runic Pyramid":17},{"Pear":17,"Torii":0,"GremlinMask":3,"Omamori":8,"Bag of Preparation":13,"Ginger":23,"Orichalcum":14,"GoldenEye":6,"Medical Kit":12,"Dream Catcher":22,"HolyWater":18,"Molten Egg 2":6,"Red Mask":12,"PureWater":0,"Toy Ornithopter":4,"TungstenRod":14,"Runic Pyramid":10},{"Pear":81,"Torii":0,"GremlinMask":9,"Omamori":34,"Bag of Preparation":63,"Ginger":120,"Orichalcum":68,"GoldenEye":26,"Medical Kit":57,"Dream Catcher":112,"HolyWater":87,"Molten Egg 2":26,"Red Mask":57,"PureWater":0,"Toy Ornithopter":19,"TungstenRod":68,"Runic Pyramid":49}],"Toy Ornithopter":41,"TungstenRod":19},"card_choices":[{"not_picked":["Indignation","ThirdEye"],"picked":"Protect","floor":1.0},{"not_picked":["BattleHymn","WindmillStrike"],"picked":"SashWhip","floor":3.0},{"not_picked":["ThirdEye","Evaluate"],"picked":"SashWhip","floor":4.0},{"not_picked":["ThirdEye","Consecrate"],"picked":"FlurryOfBlows","floor":6.0},{"not_picked":["ReachHeaven","EmptyBody"],"picked":"CarveReality","floor":7.0},{"not_picked":["Crescendo","Alpha"],"picked":"Wireheading","floor":8.0},{"not_picked":["Evaluate","PathToVictory","SignatureMove+1"],"picked":"SKIP","floor":12.0},{"not_picked":["Crescendo","DeceiveReality"],"picked":"DevaForm","floor":13.0},{"not_picked":["SashWhip+1","Halt"],"picked":"Consecrate+1","floor":14.0},{"not_picked":["ConjureBlade","Alpha"],"picked":"Brilliance+1","floor":16.0},{"not_picked":["Evaluate","ThirdEye"],"picked":"Wallop+1","floor":18.0},{"not_picked":["Crescendo+1","Fasting2"],"picked":"Halt+1","floor":19.0},{"not_picked":["InnerPeace","CarveReality+1"],"picked":"Weave+1","floor":23.0},{"not_picked":["Worship","Alpha"],"picked":"Prostrate+1","floor":25.0},{"not_picked":["ThirdEye","EmptyBody+1"],"picked":"FearNoEvil+1","floor":28.0},{"not_picked":["WreathOfFlame","PathToVictory"],"picked":"Prostrate","floor":30.0},{"not_picked":["MasterReality","SignatureMove+1"],"picked":"SandsOfTime+1","floor":31.0},{"not_picked":["ConjureBlade","Alpha"],"picked":"DevaForm","floor":33.0},{"not_picked":["ClearTheMind+1","Conclude+1"],"picked":"Halt+1","floor":35.0},{"not_picked":["EmptyFist+1","BowlingBash+1","CrushJoints+1"],"picked":"SKIP","floor":36.0},{"not_picked":["Vengeance","EmptyBody"],"picked":"Adaptation","floor":38.0},{"not_picked":["Indignation","BowlingBash+1","CrushJoints+1"],"picked":"SKIP","floor":40.0},{"not_picked":["Establishment","FearNoEvil+1"],"picked":"FlurryOfBlows+1","floor":42.0},{"not_picked":["EmptyFist+1","Crescendo"],"picked":"JustLucky+1","floor":44.0},{"not_picked":["InnerPeace+1","ForeignInfluence+1","Consecrate+1"],"picked":"SKIP","floor":45}],"player_experience":63115,"relics_obtained":[{"floor":6.0,"key":"Toy Ornithopter"},{"floor":8.0,"key":"GoldenEye"},{"floor":9.0,"key":"Molten Egg 2"},{"floor":13.0,"key":"Omamori"},{"floor":19.0,"key":"Red Mask"},{"floor":23.0,"key":"Bag of Preparation"},{"floor":25.0,"key":"Orichalcum"},{"floor":26.0,"key":"TungstenRod"},{"floor":31.0,"key":"Pear"},{"floor":40.0,"key":"Dream Catcher"},{"floor":42.0,"key":"Ginger"}],"event_choices":[{"damage_healed":0.0,"max_hp_gain":0.0,"max_hp_loss":0.0,"gold_gain":0.0,"event_name":"Living Wall","player_choice":"Grow","floor":2.0,"gold_loss":0.0,"damage_taken":0.0,"cards_upgraded":["Protect"]},{"damage_healed":0.0,"max_hp_gain":0.0,"max_hp_loss":0.0,"gold_gain":0.0,"event_name":"FaceTrader","player_choice":"Trade","floor":5.0,"gold_loss":0.0,"damage_taken":0.0,"relics_obtained":["GremlinMask"]},{"damage_healed":0.0,"max_hp_gain":0.0,"max_hp_loss":0.0,"gold_gain":0.0,"event_name":"Shining Light","player_choice":"Entered Light","floor":11.0,"gold_loss":0.0,"damage_taken":14.0,"cards_upgraded":["Defend_P","Eruption"]},{"damage_healed":0.0,"max_hp_gain":0.0,"max_hp_loss":0.0,"gold_gain":0.0,"event_name":"Masked Bandits","player_choice":"Fought Bandits","floor":19.0,"gold_loss":0.0,"damage_taken":0.0},{"damage_healed":0.0,"max_hp_gain":0.0,"max_hp_loss":0.0,"gold_gain":0.0,"event_name":"Back to Basics","player_choice":"Simplicity","floor":22.0,"gold_loss":0.0,"damage_taken":0.0,"cards_upgraded":["Strike_P","Strike_P","Strike_P","Defend_P","Defend_P","Defend_P"]},{"cards_removed":["Strike_P"],"damage_healed":0.0,"max_hp_gain":0.0,"max_hp_loss":0.0,"gold_gain":0.0,"event_name":"Designer","player_choice":"Removal","floor":37.0,"gold_loss":90.0,"damage_taken":0.0}],"is_beta":false,"boss_relics":[{"not_picked":["Astrolabe","SlaversCollar"],"picked":"Runic Pyramid"},{"not_picked":["Black Star","Busted Crown"],"picked":"HolyWater"}],"items_purged_floors":[20,39],"is_endless":false,"potions_floor_spawned":[1,4,6,12,18,25,30,31,33,36,38,42],"killed_by":"Reptomancer","ascension_level":3}}