{"host":"ls51t9cob9m2p2s9","time":1613004822,"event":{"mods":["AchievementEnabler","BaseMod","Become a monster ???","Colored Powertips","Downfall","Highlight Path","Minty Spire (QoL Compilation)","Quick Restart","Rare Cards Sparkle","StSLib","Uncapped"],"gold_per_floor":[99,117,117,128,128,143,143,593,607,4,14,14,14,44,54,154,154,54,66,77,95,95,80,106,118,145,157,157,157],"floor_reached":27,"language":"ENG","playtime":4915,"items_purged":[],"score":240,"play_id":"44c5a2d1-e88d-4a53-90bc-d116ad20089e","local_time":"20210211005342","is_ascension_mode":false,"campfire_choices":[{"floor":1,"key":"RECALL"},{"data":"Writhe","floor":12,"key":"PURGE"},{"floor":25,"key":"REST"}],"circlet_count":0,"master_deck":["sneckomod:Strike","sneckomod:Strike","sneckomod:Strike","sneckomod:Defend","sneckomod:Defend","sneckomod:Defend","sneckomod:TailWhip","sneckomod:SnekBite","sneckomod:Unknown+1","sneckomod:Unknown+1","sneckomod:UnknownCommonSkill","sneckomod:QuickMove","sneckomod:SoulRoll","downfall:Icky","downfall:Icky","downfall:Icky","sneckomod:CheapStock","sneckomod:UnknownUncommonPower","sneckomod:UnlimitedRolls+1","expansioncontent:QuickStudy+1","sneckomod:SlitherStrike","sneckomod:QuickMove","sneckomod:UnlimitedRolls+1","Envenom+1","sneckomod:UnknownClassGREEN","sneckomod:UnknownUncommonSkill","sneckomod:UnknownClassSLIMEBOUND","sneckomod:CheapStock+1"],"relics":["sneckomod:SneckoSoul","Peace Pipe","Frozen Egg 2","Bottled Lightning","SlaversCollar","downfall:HeartBlessingBlue","MawBank"],"acts_visited":["Exordium","TheCity"],"potions_floor_usage":[14,21],"damage_taken":[{"damage":3,"enemies":"Jaw Worm","floor":2,"turns":5},{"damage":0,"enemies":"Small Slimes","floor":4,"turns":4},{"damage":0,"enemies":"Cultist","floor":6,"turns":5},{"damage":0,"enemies":"3 Louse","floor":9,"turns":3},{"damage":5,"enemies":"downfall:FleeingMerchant","floor":10,"turns":4},{"damage":7,"enemies":"2 Fungi Beasts","floor":11,"turns":2},{"damage":47,"enemies":"3 Sentries","floor":14,"turns":15},{"damage":20,"enemies":"Gremlin Gang","floor":15,"turns":7},{"damage":16,"enemies":"DF_ARCHETYPE_STREAMLINE","floor":16,"turns":10},{"damage":15,"enemies":"Shell Parasite","floor":19,"turns":7},{"damage":24,"enemies":"Chosen","floor":20,"turns":5},{"damage":69,"enemies":"Centurion and Healer","floor":21,"turns":18},{"damage":0,"enemies":"downfall:FleeingMerchant","floor":23,"turns":4},{"damage":57,"enemies":"Snake Plant","floor":26,"turns":7},{"damage":57,"enemies":"Chosen and Byrds","floor":27,"turns":4}],"seed_played":"364680684239367704","potions_obtained":[{"floor":4,"key":"Ancient Potion"},{"floor":13,"key":"sneckomod:MuddlingPotion"},{"floor":13,"key":"Block Potion"},{"floor":13,"key":"Swift Potion"},{"floor":14,"key":"LiquidBronze"},{"floor":21,"key":"sneckomod:MuddlingPotion"}],"is_trial":false,"path_per_floor":["R","M","?","M","?","M","T","?","M","$","M","R","?","E","M","B",null,"R","M","M","M","?","$","T","R","M","M"],"character_chosen":"THE_SNECKO","items_purchased":["Frozen Egg 2","sneckomod:UnlimitedRolls+1","expansioncontent:QuickStudy"],"campfire_rested":1,"item_purchase_floors":[10,10,10],"current_hp_per_floor":[99,96,96,96,96,96,96,96,96,91,84,84,84,44,24,8,99,109,94,70,1,1,1,1,33,16,0,0,0],"gold":157,"neow_bonus":"TEN_PERCENT_HP_BONUS","is_daily":false,"chose_seed":false,"campfire_upgraded":0,"win_rate":0.0,"timestamp":1613004822,"path_taken":["R","M","?","M","?","?","T","?","M","$","M","R","?","E","M","BOSS","R","M","?","M","?","$","T","R","?","?"],"items_purchased_type":["Relic","Card","Card"],"build_version":"2020-12-22","purchased_purges":0,"victory":false,"max_hp_per_floor":[99,99,99,99,99,99,99,99,99,99,99,99,99,99,99,99,99,109,109,109,109,109,109,109,109,109,109,109,109],"card_choices":[{"not_picked":["sneckomod:SoulDraw","sneckomod:RainOfDice"],"picked":"sneckomod:UnknownCommonSkill","floor":2},{"not_picked":["sneckomod:ImprovisedAttack","sneckomod:UnknownStrike"],"picked":"sneckomod:QuickMove","floor":4},{"not_picked":["sneckomod:DiceCrush","sneckomod:IronFang"],"picked":"sneckomod:SoulRoll","floor":6},{"not_picked":["sneckomod:DefensiveFlair","sneckomod:DiceBlock"],"picked":"sneckomod:CheapStock","floor":9},{"not_picked":["sneckomod:UnknownCommonAttack","sneckomod:WideSting"],"picked":"sneckomod:UnknownUncommonPower","floor":10},{"not_picked":["sneckomod:QuickMove","sneckomod:DiceBlock"],"picked":"sneckomod:SlitherStrike","floor":11},{"not_picked":["sneckomod:SnekBeam","sneckomod:DiceCrush"],"picked":"sneckomod:UnknownRarePower+1","floor":14},{"not_picked":["sneckomod:Unknown1Cost","sneckomod:SerpentIdol"],"picked":"sneckomod:QuickMove","floor":15},{"not_picked":["sneckomod:DangerNoodle","sneckomod:Cheat"],"picked":"sneckomod:UnlimitedRolls+1","floor":16},{"not_picked":["sneckomod:UnknownUncommonSkill","sneckomod:Unknown1Cost+1"],"picked":"sneckomod:UnknownClassGREEN","floor":19},{"not_picked":["sneckomod:IronFang","sneckomod:QuickBite+1"],"picked":"sneckomod:UnknownUncommonSkill","floor":20},{"not_picked":["sneckomod:RainOfDice","sneckomod:Unknown1Cost"],"picked":"sneckomod:UnknownClassSLIMEBOUND","floor":21},{"not_picked":["sneckomod:DiceBlock+1","sneckomod:QuickMove"],"picked":"sneckomod:CheapStock+1","floor":23},{"not_picked":["sneckomod:CheapStock+1","sneckomod:UnknownCommonAttack","sneckomod:UnknownX"],"picked":"SKIP","floor":26}],"player_experience":408806,"relics_obtained":[{"floor":14,"key":"Bottled Lightning"},{"floor":24,"key":"MawBank"}],"event_choices":[{"damage_healed":0,"gold_gain":0,"player_choice":"Got Potions","damage_taken":0,"max_hp_gain":0,"max_hp_loss":0,"event_name":"Lab","floor":13,"gold_loss":0},{"damage_healed":0,"gold_gain":0,"player_choice":"Forge","damage_taken":0,"max_hp_gain":0,"max_hp_loss":0,"event_name":"Accursed Blacksmith","floor":22,"gold_loss":0,"cards_upgraded":["expansioncontent:QuickStudy"]}],"is_beta":false,"boss_relics":[{"not_picked":["Coffee Dripper","Astrolabe"],"picked":"SlaversCollar"}],"items_purged_floors":[],"is_endless":false,"potions_floor_spawned":[4,14,21,26],"killed_by":"Chosen and Byrds","ascension_level":0}}