{"host":"d85gwtocd8go8gx0","time":1613020421,"event":{"mods":["AchievementEnabler","BaseMod","Better Altar","Better Skull","Better Third Choice","Block Reminder","Colored Powertips","Curses Come First","Dark Map","Filter the Spire","Highlight Path","Minty Spire (QoL Compilation)","Permanent Neow","Quick Restart","Shop Mod","StSLib","SuperFastMode","UnlockEverythingMod"],"gold_per_floor":[115,126,126,126,142,142,170,170,170,180,214,214,245,263,263,337,337,351,371,40,40,40,40],"floor_reached":22,"language":"ENG","playtime":800,"items_purged":[],"score":558,"play_id":"2d962b73-d338-4110-8038-e99c57df4766","local_time":"20210210211341","is_ascension_mode":true,"campfire_choices":[{"floor":6.0,"key":"REST"},{"data":"Vault","floor":12.0,"key":"SMITH"},{"floor":15.0,"key":"REST"}],"circlet_count":0,"master_deck":["AscendersBane","Strike_P","Strike_P","Strike_P","Strike_P","Defend_P+1","Defend_P","Defend_P+1","Eruption","Vigilance","Scrawl","MentalFortress","Crescendo","SandsOfTime","CrushJoints","FearNoEvil","Vault+1","TalkToTheHand","ClearTheMind","Devotion","EmptyBody+1","Protect+1","BowlingBash","Pain"],"relics":["HolyWater","War Paint","Bottled Flame","Blue Candle","Tiny Chest","GoldenEye","Meat on the Bone","WarpedTongs"],"acts_visited":["Exordium","TheCity"],"potions_floor_usage":[],"damage_taken":[{"damage":4.0,"enemies":"Jaw Worm","floor":1.0,"turns":4.0},{"damage":7.0,"enemies":"2 Louse","floor":2.0,"turns":2.0},{"damage":0.0,"enemies":"Cultist","floor":5.0,"turns":3.0},{"damage":38.0,"enemies":"3 Sentries","floor":7.0,"turns":7.0},{"damage":1.0,"enemies":"Blue Slaver","floor":10.0,"turns":2.0},{"damage":0.0,"enemies":"Lagavulin","floor":11.0,"turns":7.0},{"damage":9.0,"enemies":"3 Sentries","floor":13.0,"turns":4.0},{"damage":14.0,"enemies":"Red Slaver","floor":14.0,"turns":2.0},{"damage":0.0,"enemies":"Slime Boss","floor":16.0,"turns":4.0},{"damage":22,"enemies":"3 Byrds","floor":18,"turns":6},{"damage":22,"enemies":"Chosen","floor":19,"turns":6},{"damage":15,"enemies":"Centurion and Healer","floor":22,"turns":1}],"seed_played":"5073511732445679225","potions_obtained":[{"floor":1.0,"key":"BottledMiracle"},{"floor":11.0,"key":"LiquidMemories"},{"floor":14.0,"key":"Regen Potion"}],"is_trial":false,"path_per_floor":["M","M","?","?","M","R","E","?","T","M","E","R","E","M","R","B",null,"M","M","$","?","M"],"character_chosen":"WATCHER","items_purchased":["Meat on the Bone","BowlingBash"],"campfire_rested":2,"item_purchase_floors":[20,20],"current_hp_per_floor":[57,50,39,32,32,52,14,36,36,35,35,35,26,12,32,32,59,37,15,15,15,0,0],"gold":40,"neow_bonus":"ONE_RANDOM_RARE_CARD","is_daily":false,"chose_seed":false,"campfire_upgraded":1,"win_rate":0.0,"timestamp":1613020421,"path_taken":["M","M","?","?","M","R","E","?","T","M","E","R","E","?","R","BOSS","M","M","$","?","M"],"items_purchased_type":["Relic","Card"],"build_version":"2020-12-22","purchased_purges":0,"victory":false,"max_hp_per_floor":[68,68,68,68,68,68,68,68,68,68,68,68,68,68,68,68,68,68,68,68,68,68,68],"card_choices":[{"not_picked":["LikeWater","JustLucky"],"picked":"MentalFortress","floor":1.0},{"not_picked":["Nirvana","CrushJoints"],"picked":"Crescendo","floor":2.0},{"not_picked":["Nirvana","JustLucky"],"picked":"SandsOfTime","floor":5.0},{"not_picked":["WaveOfTheHand","Weave"],"picked":"CrushJoints","floor":7.0},{"not_picked":["CutThroughFate","Study"],"picked":"FearNoEvil","floor":10.0},{"not_picked":["Indignation","SpiritShield"],"picked":"Vault","floor":11.0},{"not_picked":["Evaluate","JustLucky"],"picked":"TalkToTheHand","floor":13.0},{"not_picked":["Consecrate","ThirdEye"],"picked":"ClearTheMind","floor":14.0},{"not_picked":["Wish","SpiritShield"],"picked":"Devotion","floor":16.0},{"not_picked":["ForeignInfluence+1","Swivel"],"picked":"EmptyBody+1","floor":18},{"not_picked":["CutThroughFate","Evaluate"],"picked":"Protect+1","floor":19}],"player_experience":51462,"relics_obtained":[{"floor":7.0,"key":"Bottled Flame"},{"floor":9.0,"key":"Blue Candle"},{"floor":11.0,"key":"Tiny Chest"},{"floor":13.0,"key":"GoldenEye"}],"event_choices":[{"damage_healed":0.0,"max_hp_gain":0.0,"max_hp_loss":0.0,"gold_gain":0.0,"event_name":"betterThird:BetterScrap","player_choice":"Relic ","floor":3.0,"gold_loss":0.0,"damage_taken":11.0,"cards_obtained":["Heel Hook"]},{"cards_removed":["Defend_P"],"damage_healed":0.0,"max_hp_gain":0.0,"max_hp_loss":0.0,"gold_gain":0.0,"event_name":"Golden Wing","player_choice":"Card Removal","floor":4.0,"gold_loss":0.0,"damage_taken":7.0},{"damage_healed":22.0,"max_hp_gain":0.0,"max_hp_loss":0.0,"gold_gain":0.0,"event_name":"Big Fish","player_choice":"Banana","floor":8.0,"gold_loss":0.0,"damage_taken":0.0},{"damage_healed":0,"gold_gain":0,"player_choice":"Rummage","damage_taken":0,"relics_obtained":["WarpedTongs"],"max_hp_gain":0,"max_hp_loss":0,"event_name":"Accursed Blacksmith","floor":21,"gold_loss":0,"cards_obtained":["Pain"]}],"is_beta":false,"boss_relics":[{"not_picked":["Astrolabe","Pandora\u0027s Box"],"picked":"HolyWater"}],"items_purged_floors":[],"is_endless":false,"potions_floor_spawned":[1,11,14],"killed_by":"Centurion and Healer","ascension_level":20}}