{"host":"6qo42zgaknezulyg","time":1613029306,"event":{"mods":["2.2 Compatiblity","BaseMod","Colored Map","Faster Ascension Climbing","Highlight Path","Keyboard Shortcuts","Minty Spire (QoL Compilation)","Permanent Neow","Quick Restart","StSLib","SuperFastMode","The Saiyan"],"gold_per_floor":[15,15,39,59,209,209,250,250,276,316,162,176,176,217,217,308,308,321,246,75,75,99,99,118,118,118,156,156,156,169,207,207,296,296,311,324,624,642,673,673,673,673,673,421,444,444,44,67,67,67,67],"floor_reached":52,"language":"ENG","playtime":2661,"items_purged":["Doubt","Shame","Saiyan:SAIYA_Strike+1"],"score":2037,"play_id":"2768b220-c1d2-4945-b794-cb009359622d","local_time":"20210211164146","is_ascension_mode":true,"campfire_choices":[{"data":"Saiyan:MonkeyTail","floor":6.0,"key":"SMITH"},{"data":"Saiyan:BurningSoul","floor":8.0,"key":"SMITH"},{"data":"Saiyan:PowerPole","floor":15.0,"key":"SMITH"},{"data":"Saiyan:SuperSaiyanThree","floor":23.0,"key":"SMITH"},{"data":"Saiyan:GhostAttack","floor":25.0,"key":"SMITH"},{"data":"Saiyan:PowerUp","floor":32.0,"key":"SMITH"},{"data":"Saiyan:KaioKen","floor":40.0,"key":"SMITH"},{"floor":41.0,"key":"REST"},{"data":"Saiyan:Fly","floor":46.0,"key":"SMITH"},{"data":"Thinking Ahead","floor":49.0,"key":"SMITH"}],"circlet_count":0,"master_deck":["AscendersBane","Saiyan:SAIYA_Defend+1","Saiyan:SAIYA_Defend","Saiyan:SAIYA_Defend+1","Saiyan:SAIYA_Defend+1","Saiyan:EnergyBlast+1","Saiyan:KaioKen+1","Saiyan:RuthlessBlow","Saiyan:MonkeyTail+1","Saiyan:BurningSoul+1","Saiyan:PowerPole+1","Saiyan:GhostAttack+1","Saiyan:SuperSaiyanThree+1","Saiyan:PowerUp+1","Saiyan:Fly+1","Thinking Ahead+1","Saiyan:ThirstForFight"],"relics":["SaiyanSoul","SaiyanHeart","Golden Idol","Centennial Puzzle","Whetstone","War Paint","MealTicket","Runic Dome","OrangePellets","WingedGreaves","Toy Ornithopter","MutagenicStrength","Oddly Smooth Stone","Cursed Key","Ginger","TungstenRod","Mercury Hourglass"],"acts_visited":["Exordium","TheCity","TheBeyond"],"potions_floor_usage":[],"damage_taken":[{"damage":5.0,"enemies":"Jaw Worm","floor":1.0,"turns":3.0},{"damage":1.0,"enemies":"Small Slimes","floor":3.0,"turns":4.0},{"damage":3.0,"enemies":"2 Louse","floor":4.0,"turns":3.0},{"damage":4.0,"enemies":"Lagavulin","floor":7.0,"turns":5.0},{"damage":10.0,"enemies":"3 Sentries","floor":10.0,"turns":5.0},{"damage":5.0,"enemies":"Blue Slaver","floor":12.0,"turns":4.0},{"damage":4.0,"enemies":"Gremlin Nob","floor":14.0,"turns":4.0},{"damage":0.0,"enemies":"Hexaghost","floor":16.0,"turns":7.0},{"damage":0.0,"enemies":"Spheric Guardian","floor":18.0,"turns":2.0},{"damage":0.0,"enemies":"Chosen","floor":22.0,"turns":3.0},{"damage":1.0,"enemies":"Centurion and Healer","floor":24.0,"turns":3.0},{"damage":2.0,"enemies":"Book of Stabbing","floor":27.0,"turns":4.0},{"damage":14.0,"enemies":"Shelled Parasite and Fungi","floor":30.0,"turns":2.0},{"damage":12.0,"enemies":"Slavers","floor":31.0,"turns":2.0},{"damage":14.0,"enemies":"Champ","floor":33.0,"turns":5.0},{"damage":23.0,"enemies":"3 Shapes","floor":35.0,"turns":3.0},{"damage":6.0,"enemies":"3 Darklings","floor":36.0,"turns":2.0},{"damage":5.0,"enemies":"Writhing Mass","floor":38.0,"turns":3.0},{"damage":0.0,"enemies":"Mind Bloom Boss Battle","floor":39.0,"turns":1.0},{"damage":0.0,"enemies":"Spire Growth","floor":45.0,"turns":5.0},{"damage":0.0,"enemies":"3 Darklings","floor":48.0,"turns":3.0},{"damage":85.0,"enemies":"Awakened One","floor":50.0,"turns":8.0},{"damage":41,"enemies":"Time Eater","floor":51,"turns":8}],"seed_played":"465502918311422342","potions_obtained":[{"floor":3.0,"key":"Fire Potion"},{"floor":7.0,"key":"Block Potion"},{"floor":16.0,"key":"BlessingOfTheForge"},{"floor":18.0,"key":"FairyPotion"},{"floor":35.0,"key":"Swift Potion"}],"is_trial":false,"path_per_floor":["M","?","M","M","?","R","E","R","T","E","$","M","?","E","R","B",null,"M","?","$","?","M","R","M","R","T","E","?","?","M","E","R","B",null,"M","M","?","M","?","R","R","?","T","$","M","R","$","M","R","B","B",null],"character_chosen":"SAIYAJIN","items_purchased":["Saiyan:GhostAttack","OrangePellets","FairyPotion","Saiyan:ThirstForFight","Mercury Hourglass"],"campfire_rested":1,"item_purchase_floors":[11,20,44,44,47],"current_hp_per_floor":[46,46,47,46,46,46,44,44,44,36,36,33,15,13,13,14,52,54,54,66,66,70,70,71,71,71,71,71,71,60,50,50,40,72,55,51,51,48,50,50,77,77,77,90,94,94,94,96,96,13,31],"gold":67,"neow_bonus":"TRANSFORM_TWO_CARDS","is_daily":false,"chose_seed":false,"campfire_upgraded":9,"win_rate":0.0,"timestamp":1613029306,"path_taken":["M","?","M","M","?","R","E","R","T","E","$","M","?","E","R","BOSS","M","?","$","?","?","R","M","R","T","E","?","?","M","E","R","BOSS","M","M","?","?","?","R","R","?","T","$","M","R","$","?","R","BOSS","BOSS"],"items_purchased_type":["Card","Relic","Potion","Card","Relic"],"build_version":"2020-12-22","purchased_purges":3,"victory":true,"max_hp_per_floor":[56,51,53,55,55,55,57,57,57,59,59,61,61,63,63,64,64,66,66,66,66,70,70,72,72,72,74,74,74,77,79,79,83,83,84,86,86,88,90,90,90,90,90,90,94,94,94,96,96,98,104],"card_choices":[{"not_picked":["Saiyan:Planning","Saiyan:BurningSoul","Saiyan:BackAttack"],"picked":"SKIP","floor":1.0},{"not_picked":["Saiyan:Scouter","Saiyan:TurtleShell"],"picked":"Saiyan:PowerPole","floor":3.0},{"not_picked":["Saiyan:Scouter","Saiyan:RemoveWeights","Saiyan:Planning"],"picked":"SKIP","floor":4.0},{"not_picked":["Saiyan:Teleport","Saiyan:KameHameHa"],"picked":"Saiyan:FinalFlash","floor":7.0},{"not_picked":["Saiyan:KameHameHa","Saiyan:RemoveWeights","Saiyan:MeteorDash"],"picked":"SKIP","floor":10.0},{"not_picked":["Saiyan:Quickening","Saiyan:ReverberatingForce","Saiyan:ExpandingShockwave"],"picked":"SKIP","floor":12.0},{"not_picked":["Saiyan:KiExplosion","Saiyan:TheBomb","Saiyan:BigBangAttack"],"picked":"SKIP","floor":14.0},{"not_picked":["Saiyan:TheBomb","Saiyan:GenkiDama"],"picked":"Saiyan:SuperSaiyanThree","floor":16.0},{"not_picked":["Saiyan:AugmentedBlast","Saiyan:Planning+1","Saiyan:DragonFist"],"picked":"SKIP","floor":18.0},{"not_picked":["Saiyan:KiExplosion","Saiyan:DragonFist","Saiyan:Teleport"],"picked":"SKIP","floor":22.0},{"not_picked":["Saiyan:BackAttack","Saiyan:Afterimage","Saiyan:Pacing"],"picked":"SKIP","floor":24.0},{"not_picked":["Saiyan:BackAttack","Saiyan:Afterimage","Saiyan:Pacing"],"picked":"SKIP","floor":24.0},{"not_picked":["Saiyan:Planning","Saiyan:Scouter","Saiyan:BigBangAttack+1"],"picked":"SKIP","floor":27.0},{"not_picked":["Saiyan:Planning","Saiyan:Scouter","Saiyan:BigBangAttack+1"],"picked":"SKIP","floor":27.0},{"not_picked":["Saiyan:SuperSaiyanForm","Saiyan:Planning","Saiyan:MeteorDash"],"picked":"SKIP","floor":30.0},{"not_picked":["Saiyan:SuperSaiyanForm","Saiyan:Planning","Saiyan:MeteorDash"],"picked":"SKIP","floor":30.0},{"not_picked":["Saiyan:PowerStance","Saiyan:Medicine","Saiyan:Taunt"],"picked":"SKIP","floor":31.0},{"not_picked":["Saiyan:FinalFlash","Saiyan:ConcussiveBlow","Saiyan:CCCapsule"],"picked":"SKIP","floor":35.0},{"not_picked":["Saiyan:ConcussiveBlow","Saiyan:DragonFist+1","Saiyan:SuperSaiyanForm"],"picked":"SKIP","floor":36.0},{"not_picked":["Saiyan:Flurry+1","Saiyan:SaiyanHubris"],"picked":"Saiyan:Fly","floor":38.0},{"not_picked":["Trip","Enlightenment"],"picked":"Thinking Ahead","floor":42.0},{"not_picked":["Saiyan:Quickening+1","Saiyan:Honing+1","Saiyan:Expend+1"],"picked":"SKIP","floor":45.0},{"not_picked":["Saiyan:KiExplosion","Saiyan:Scouter","Saiyan:PowerStance"],"picked":"SKIP","floor":48.0}],"player_experience":729319,"relics_obtained":[{"floor":7.0,"key":"Centennial Puzzle"},{"floor":9.0,"key":"Whetstone"},{"floor":10.0,"key":"War Paint"},{"floor":14.0,"key":"MealTicket"},{"floor":26.0,"key":"WingedGreaves"},{"floor":27.0,"key":"Toy Ornithopter"},{"floor":31.0,"key":"Oddly Smooth Stone"},{"floor":39.0,"key":"Ginger"},{"floor":43.0,"key":"TungstenRod"}],"event_choices":[{"damage_healed":0.0,"max_hp_gain":0.0,"max_hp_loss":5.0,"gold_gain":0.0,"event_name":"Golden Idol","player_choice":"Lose Max HP","floor":2.0,"gold_loss":0.0,"damage_taken":0.0,"relics_obtained":["Golden Idol"]},{"damage_healed":0.0,"max_hp_gain":0.0,"max_hp_loss":0.0,"gold_gain":150.0,"event_name":"Liars Game","player_choice":"AGREE","floor":5.0,"gold_loss":0.0,"damage_taken":0.0,"cards_obtained":["Doubt"]},{"damage_healed":0.0,"max_hp_gain":0.0,"max_hp_loss":0.0,"gold_gain":0.0,"event_name":"Shining Light","player_choice":"Entered Light","floor":13.0,"gold_loss":0.0,"damage_taken":18.0,"cards_upgraded":["Saiyan:EnergyBlast","Saiyan:SAIYA_Defend"]},{"cards_removed":["Saiyan:SAIYA_Strike"],"damage_healed":0.0,"max_hp_gain":0.0,"max_hp_loss":0.0,"gold_gain":0.0,"event_name":"Beggar","player_choice":"Gave Gold","floor":19.0,"gold_loss":75.0,"damage_taken":0.0},{"cards_removed":["Saiyan:FinalFlash"],"damage_healed":0.0,"max_hp_gain":0.0,"max_hp_loss":0.0,"gold_gain":0.0,"event_name":"Bonfire Elementals","player_choice":"Offered Uncommon","floor":21.0,"gold_loss":0.0,"damage_taken":0.0},{"damage_healed":0.0,"max_hp_gain":0.0,"max_hp_loss":0.0,"gold_gain":0.0,"event_name":"Drug Dealer","player_choice":"Inject Mutagens","floor":28.0,"gold_loss":0.0,"damage_taken":0.0,"relics_obtained":["MutagenicStrength"]},{"damage_healed":0.0,"max_hp_gain":0.0,"max_hp_loss":0.0,"gold_gain":0.0,"event_name":"The Library","player_choice":"Read","floor":29.0,"gold_loss":0.0,"damage_taken":0.0,"cards_obtained":["Saiyan:PowerUp"]},{"damage_healed":0.0,"max_hp_gain":0.0,"max_hp_loss":0.0,"gold_gain":300.0,"event_name":"Wheel of Change","player_choice":"Gold","floor":37.0,"gold_loss":0.0,"damage_taken":0.0},{"damage_healed":0.0,"max_hp_gain":0.0,"max_hp_loss":0.0,"gold_gain":0.0,"event_name":"MindBloom","player_choice":"Fight","floor":39.0,"gold_loss":0.0,"damage_taken":0.0},{"damage_healed":0.0,"max_hp_gain":0.0,"max_hp_loss":0.0,"gold_gain":0.0,"event_name":"SensoryStone","player_choice":"Memory 1","floor":42.0,"gold_loss":0.0,"damage_taken":0.0}],"is_beta":false,"boss_relics":[{"not_picked":["Calling Bell","Empty Cage"],"picked":"Runic Dome"},{"not_picked":["Fusion Hammer","Philosopher\u0027s Stone"],"picked":"Cursed Key"}],"items_purged_floors":[11,44,47],"is_endless":false,"potions_floor_spawned":[3,7,10,16,18,31,35,45,48],"ascension_level":20}}