{"host":"7z347kdhnquy3q4q","time":1613081582,"event":{"mods":["BaseMod","Hubris","Minty Spire (QoL Compilation)","MostiFishMod","Permanent Neow","StSLib","Wandering Minibosses"],"gold_per_floor":[119,119,133,34,46,78,78,105,159,159,209,236,73,86,86,164,164,177,187,187,202,202,202],"floor_reached":22,"language":"ENG","playtime":936,"items_purged":["Regret"],"score":408,"play_id":"cd7b5090-c18e-42be-93b1-d702eac59ae4","local_time":"20210211161302","is_ascension_mode":true,"campfire_choices":[{"floor":7,"key":"REST"},{"floor":10,"key":"REST"},{"floor":15,"key":"REST"}],"circlet_count":0,"master_deck":["AscendersBane","Strike_B","Strike_B","Strike_B","Defend_B","Defend_B","Defend_B","Defend_B","Zap","Dualcast","Loop","Melter","Steam","hubris:PowerSurge","Ball Lightning","MostiFishMod:Nova","Self Repair","MostiFishMod:LinkProtocol","Echo Form","Sweeping Beam","Doom and Gloom","Multi-Cast","Steam+1"],"relics":["DaveBox","Eternal Feather","RhineCircuit","SynthV:TestCard","Anchor","Vajra","Ginger","Regal Pillow","hubris:Metronome","Omamori","Cursed Key"],"acts_visited":["Exordium","TheCity"],"potions_floor_usage":[5,6,16,19],"damage_taken":[{"damage":2,"enemies":"2 Louse","floor":1,"turns":2},{"damage":4,"enemies":"Small Slimes","floor":3,"turns":3},{"damage":0,"enemies":"Cultist","floor":5,"turns":5},{"damage":37,"enemies":"Lagavulin","floor":6,"turns":6},{"damage":10,"enemies":"3 Sentries","floor":8,"turns":6},{"damage":60,"enemies":"Gremlin Nob","floor":12,"turns":5},{"damage":6,"enemies":"3 Louse","floor":14,"turns":5},{"damage":33,"enemies":"Slime Boss","floor":16,"turns":8},{"damage":45,"enemies":"2 Thieves","floor":18,"turns":4},{"damage":7,"enemies":"Chosen","floor":19,"turns":3},{"damage":26,"enemies":"Centurion and Healer","floor":21,"turns":4},{"damage":18,"enemies":"Cultist and Chosen","floor":22,"turns":3}],"seed_played":"-5188839722043773600","potions_obtained":[{"floor":1,"key":"Fire Potion"},{"floor":3,"key":"FearPotion"},{"floor":12,"key":"EssenceOfSteel"},{"floor":18,"key":"Strength Potion"}],"is_trial":false,"path_per_floor":["M","?","M","$","M","E","R","E","T","R","?","E","$","M","R","B",null,"M","M","?","M","M"],"character_chosen":"DEFECT","items_purchased":["Steam","Omamori"],"campfire_rested":3,"item_purchase_floors":[4,13],"current_hp_per_floor":[62,62,58,58,58,21,51,41,41,71,71,11,11,12,57,31,61,30,30,30,11,0,0],"gold":202,"neow_bonus":"BOSS_RELIC","is_daily":false,"chose_seed":false,"campfire_upgraded":0,"win_rate":0.0,"timestamp":1613081582,"path_taken":["M","?","M","$","M","E","R","E","T","R","?","E","$","?","R","BOSS","M","M","?","M","?"],"items_purchased_type":["Card","Relic"],"build_version":"2020-12-22","purchased_purges":1,"victory":false,"max_hp_per_floor":[71,71,71,71,71,71,71,71,71,71,71,71,71,71,71,71,71,71,71,71,71,71,71],"card_choices":[{"not_picked":["MostiFishMod:PushDownKick","Steam"],"picked":"Loop","floor":1},{"not_picked":["hubris:Ukulele","Beam Cell","Recycle","Go for the Eyes"],"picked":"Melter","floor":3},{"not_picked":["Steam","Streamline","Go for the Eyes","Compile Driver"],"picked":"hubris:PowerSurge","floor":5},{"not_picked":["Turbo","Go for the Eyes","Consume","Redo"],"picked":"Ball Lightning","floor":6},{"not_picked":["Sweeping Beam","Gash","Conserve Battery","Streamline"],"picked":"MostiFishMod:Nova","floor":8},{"not_picked":["Genetic Algorithm","Scrape","Leap","Beam Cell"],"picked":"Self Repair","floor":12},{"not_picked":["Ball Lightning","Scrape","Streamline","Undo"],"picked":"MostiFishMod:LinkProtocol","floor":14},{"not_picked":["MostiFishMod:InterfaceCompatibility","Fission","MostiFishMod:StrandedSiren","MostiFishMod:Culaccino"],"picked":"Echo Form","floor":16},{"not_picked":["Barrage","MostiFishMod:IceShield","Turbo+1","Rebound"],"picked":"Sweeping Beam","floor":18},{"not_picked":["Turbo+1","Cold Snap","Skim+1","Ball Lightning"],"picked":"Doom and Gloom","floor":19},{"not_picked":["Conserve Battery","Coolheaded","Cold Snap","Beam Cell"],"picked":"Steam+1","floor":21}],"player_experience":1855140,"relics_obtained":[{"floor":1,"key":"SynthV:TestCard"},{"floor":6,"key":"Vajra"},{"floor":8,"key":"Ginger"},{"floor":9,"key":"Regal Pillow"},{"floor":12,"key":"hubris:Metronome"}],"event_choices":[{"damage_healed":0,"gold_gain":0,"player_choice":"Box","damage_taken":0,"relics_obtained":["Anchor"],"max_hp_gain":0,"max_hp_loss":0,"event_name":"Big Fish","floor":2,"gold_loss":0,"cards_obtained":["Regret"]},{"damage_healed":0,"gold_gain":50,"player_choice":"Pray","damage_taken":0,"max_hp_gain":0,"max_hp_loss":0,"event_name":"Golden Shrine","floor":11,"gold_loss":0},{"damage_healed":0,"gold_gain":0,"cards_transformed":["Strike_B"],"player_choice":"Transformed","damage_taken":0,"max_hp_gain":0,"max_hp_loss":0,"event_name":"Transmorgrifier","floor":20,"gold_loss":0,"cards_obtained":["Multi-Cast"]}],"is_beta":false,"boss_relics":[{"not_picked":["Pandora\u0027s Box","NightmareShop"],"picked":"Cursed Key"}],"items_purged_floors":[4],"is_endless":false,"potions_floor_spawned":[1,3,12,18],"killed_by":"Cultist and Chosen","ascension_level":20}}