{"host":"d61fcf2p3sjwe6yo","time":1613042642,"event":{"mods":["Act Like it!","BaseMod","Colored Map","Hallownest","Minty Spire (QoL Compilation)","StSLib","SuperFastMode","The Bug Knight"],"gold_per_floor":[114,114,134,154,173,199,199,226,271,304,316,358,370,57,57,131,131,142,142,157,157,170,170,200,200,226,240,274,274,292,320,320,393,393,408,408,132,132,146,179,196,223,223,58,69,104,104,123,123,123,123,123,123,23,23,23],"floor_reached":55,"language":"ENG","playtime":3694,"items_purged":["HollowMod:NailStrikeStart","HollowMod:NailStrikeStart"],"score":1971,"play_id":"f4b21cd1-f10c-461a-8958-8214113d9866","local_time":"20210211142402","is_ascension_mode":true,"campfire_choices":[{"data":"HollowMod:RecoilStrike","floor":13.0,"key":"SMITH"},{"data":"HollowMod:DoubleDash","floor":15.0,"key":"SMITH"},{"data":"HollowMod:Weaversong","floor":23.0,"key":"SMITH"},{"data":"HollowMod:SlysStrikes","floor":25.0,"key":"SMITH"},{"data":"HollowMod:DashSlash","floor":32.0,"key":"SMITH"},{"floor":47,"key":"RECALL"},{"data":"HollowMod:Weaversong","floor":49,"key":"SMITH"},{"data":"HollowMod:MonarchWings","floor":53,"key":"SMITH"}],"circlet_count":0,"master_deck":["AscendersBane","HollowMod:NailStrikeStart+1","HollowMod:NailStrikeStart+1","HollowMod:QuickDashStart","HollowMod:QuickDashStart","HollowMod:FocusHealStart","HollowMod:PogoStrike","HollowMod:SoulSplash","HollowMod:BaldurShell","HollowMod:HowlingWraiths+1","HollowMod:RecoilStrike+1","HollowMod:DoubleDash+1","HollowMod:GoodIntentions","HollowMod:DashSlash+1","HollowMod:PureVessel","HollowMod:Weaversong+1","HollowMod:SlysStrikes+1","HollowMod:DashSlash+1","HollowMod:RecoilStrike+1","HollowMod:Weaversong+1","HollowMod:MonarchWings+1","HollowMod:HuntersJournal+1","HollowMod:Weaversong+1","HollowMod:LifebloodCocoon+1"],"relics":["HollowMod:VesselMask","Blood Vial","Singing Bowl","Anchor","MawBank","Akabeko","Whetstone","Bag of Preparation","Philosopher\u0027s Stone","WarpedTongs","Oddly Smooth Stone","Juzu Bracelet","Toy Ornithopter","Lantern","Busted Crown","Nunchaku","HollowMod:StagPassRelic","Ornamental Fan","DollysMirror","Toxic Egg 2"],"acts_visited":["Hallownest:Greenpath","Hallownest:CityofTears","Hallownest:KingdomsEdge","TheEnding"],"potions_floor_usage":[],"damage_taken":[{"damage":6.0,"enemies":"Hallownest:monsterHuskGuard","floor":1.0,"turns":5.0},{"damage":3.0,"enemies":"Hallownest:2_MossCreeps","floor":3.0,"turns":8.0},{"damage":3.0,"enemies":"Hallownest:2_Baldur","floor":4.0,"turns":3.0},{"damage":4.0,"enemies":"Hallownest:monsterMossCharger","floor":5.0,"turns":4.0},{"damage":12.0,"enemies":"Hallownest:eliteCrystalGuardian","floor":6.0,"turns":6.0},{"damage":10.0,"enemies":"Hallownest:eliteVengeflyKing","floor":8.0,"turns":7.0},{"damage":1.0,"enemies":"Hallownest:eliteMossKnight","floor":10.0,"turns":6.0},{"damage":0.0,"enemies":"Hallownest:eliteVengeflyKing","floor":12.0,"turns":6.0},{"damage":39.0,"enemies":"Hallownest:BossHornet","floor":16.0,"turns":14.0},{"damage":0.0,"enemies":"Hallownest:Guard_and_Sentry","floor":18.0,"turns":4.0},{"damage":5.0,"enemies":"Hallownest:3_Youths","floor":20.0,"turns":6.0},{"damage":18.0,"enemies":"Hallownest:monsterShrumalOgre","floor":22.0,"turns":5.0},{"damage":18.0,"enemies":"Hallownest:eliteWatcherKnight","floor":24.0,"turns":9.0},{"damage":26.0,"enemies":"Hallownest:Warrior_and_Youth","floor":27.0,"turns":5.0},{"damage":6.0,"enemies":"Hallownest:Nosk","floor":28.0,"turns":6.0},{"damage":4.0,"enemies":"Hallownest:Master_and_Novice","floor":30.0,"turns":2.0},{"damage":3.0,"enemies":"Hallownest:eliteSoulWarrior","floor":31.0,"turns":4.0},{"damage":30.0,"enemies":"Hallownest:BossMantisLord","floor":33.0,"turns":6.0},{"damage":13.0,"enemies":"Hallownest:2_Littles","floor":35.0,"turns":4.0},{"damage":15,"enemies":"Hallownest:Shield_Heavy","floor":39,"turns":5},{"damage":0,"enemies":"Hallownest:eliteHiveKnight","floor":40,"turns":6},{"damage":11,"enemies":"Hallownest:Shield_Sturdy","floor":41,"turns":5},{"damage":0,"enemies":"Hallownest:eliteCollector","floor":42,"turns":6},{"damage":0,"enemies":"Hallownest:2_Great","floor":45,"turns":4},{"damage":1,"enemies":"Hallownest:StalkingDevout","floor":46,"turns":6},{"damage":0,"enemies":"Hallownest:2_Soldiers_and_1_Guardian","floor":48,"turns":5},{"damage":16,"enemies":"Hallownest:Radiance","floor":50,"turns":7},{"damage":27,"enemies":"Hallownest:BossHollowKnight","floor":51,"turns":10},{"damage":98,"enemies":"Shield and Spear","floor":55,"turns":6}],"seed_played":"-1157509079246192051","potions_obtained":[{"floor":3.0,"key":"Block Potion"},{"floor":6.0,"key":"DuplicationPotion"},{"floor":12.0,"key":"Swift Potion"},{"floor":22.0,"key":"DuplicationPotion"},{"floor":30.0,"key":"SkillPotion"},{"floor":39,"key":"CultistPotion"}],"is_trial":false,"path_per_floor":["M","?","M","M","M","E","?","E","T","E","?","E","R","$","R","B",null,"M","?","M","?","M","R","E","R","T","M","E","?","M","E","R","B",null,"M","?","$","?","M","E","M","E","T","$","M","E","R","M","R","B","B",null,"R","$","E"],"character_chosen":"THE_BUGKNIGHT","items_purchased":["Whetstone","Bag of Preparation","HollowMod:MonarchWings","Nunchaku","DollysMirror"],"campfire_rested":0,"item_purchase_floors":[14,14,37,37,44],"current_hp_per_floor":[75,75,82,82,78,78,74,70,70,71,71,76,76,76,76,49,69,78,78,73,78,60,60,56,56,56,38,42,42,42,41,41,18,66,57,57,57,57,54,68,67,83,83,83,92,94,94,94,94,84,69,88,88,88,0,0],"gold":23,"neow_bonus":"TEN_PERCENT_HP_BONUS","is_daily":false,"chose_seed":false,"campfire_upgraded":7,"win_rate":0.0,"timestamp":1613042642,"path_taken":["M","?","M","M","M","E","?","E","T","E","?","E","R","$","R","BOSS","M","?","M","?","M","R","E","R","T","M","E","?","M","E","R","BOSS","M","?","$","?","M","E","M","E","T","$","M","E","R","M","R","BOSS","BOSS","R","$","E"],"items_purchased_type":["Relic","Relic","Card","Relic","Relic"],"build_version":"2020-12-22","purchased_purges":2,"victory":false,"max_hp_per_floor":[82,82,82,82,82,82,74,74,74,74,74,76,76,76,76,76,76,78,78,78,78,78,78,78,78,78,78,80,80,82,82,82,82,82,84,84,84,84,84,86,88,90,90,90,92,94,94,94,94,94,94,94,94,94,94,94],"card_choices":[{"not_picked":["HollowMod:TaintedHusks","HollowMod:CornifersMapStart"],"picked":"HollowMod:SoulSplash","floor":1.0},{"not_picked":["HollowMod:PureNailStrike","HollowMod:NewJinnsSoul"],"picked":"HollowMod:BaldurShell","floor":3.0},{"not_picked":["HollowMod:SharpenedNail","HollowMod:LifebloodCocoon"],"picked":"HollowMod:HowlingWraiths","floor":4.0},{"not_picked":["HollowMod:FallenFury","HollowMod:CornifersMapStart"],"picked":"HollowMod:RecoilStrike","floor":5.0},{"not_picked":["HollowMod:SharpenedNail","HollowMod:SiblingsShadow"],"picked":"HollowMod:DoubleDash","floor":6.0},{"not_picked":["HollowMod:ShapeofUnn","HollowMod:InfectedCysts"],"picked":"HollowMod:GoodIntentions","floor":8.0},{"not_picked":["HollowMod:VoidDash","HollowMod:HeavyBlow"],"picked":"HollowMod:DashSlash","floor":10.0},{"not_picked":["HollowMod:BlackTendrils","HollowMod:MawleksShell","HollowMod:InfectedAttack"],"picked":"Singing Bowl","floor":12.0},{"not_picked":["HollowMod:MidwifesHunger","HollowMod:ElderbugsWisdom"],"picked":"HollowMod:PureVessel","floor":16.0},{"not_picked":["HollowMod:CrystalDash","HollowMod:CycloneSlash","HollowMod:SharpenedShadows"],"picked":"Singing Bowl","floor":18.0},{"not_picked":["HollowMod:HowlingWraiths","HollowMod:ChannelNail"],"picked":"HollowMod:MantisMark","floor":20.0},{"not_picked":["HollowMod:SoulStrike","HollowMod:CornifersMapStart"],"picked":"HollowMod:Weaversong","floor":22.0},{"not_picked":["HollowMod:SoulShaman","HollowMod:InfectedAttack"],"picked":"HollowMod:SlysStrikes","floor":24.0},{"not_picked":["HollowMod:DreamGate+1","HollowMod:TaintedHusks"],"picked":"HollowMod:DashSlash","floor":27.0},{"not_picked":["HollowMod:PerfectDash","HollowMod:SoulShaman","HollowMod:TaintedHusks"],"picked":"Singing Bowl","floor":28.0},{"not_picked":["HollowMod:WraithStrike","HollowMod:QuirrelsAssistance","HollowMod:NewGlowingWomb"],"picked":"Singing Bowl","floor":30.0},{"not_picked":["HollowMod:SoulSplash","HollowMod:InfectedCysts"],"picked":"HollowMod:RecoilStrike+1","floor":31.0},{"not_picked":["HollowMod:HerrahsAnger","HollowMod:LifebloodCore"],"picked":"HollowMod:Weaversong","floor":33.0},{"not_picked":["HollowMod:InfectedAttack+1"],"picked":"Singing Bowl","floor":35.0},{"not_picked":[],"picked":"HollowMod:HuntersJournal+1","floor":39},{"not_picked":["HollowMod:MonomonsArchive"],"picked":"Singing Bowl","floor":40},{"not_picked":["HollowMod:GoodIntentions"],"picked":"Singing Bowl","floor":41},{"not_picked":["HollowMod:NewGlowingWomb+1"],"picked":"Singing Bowl","floor":42},{"not_picked":["HollowMod:SoulVessel"],"picked":"Singing Bowl","floor":45},{"not_picked":["HollowMod:InfectionAssault"],"picked":"Singing Bowl","floor":46},{"not_picked":[],"picked":"HollowMod:LifebloodCocoon+1","floor":48}],"player_experience":264790,"relics_obtained":[{"floor":6.0,"key":"Blood Vial"},{"floor":8.0,"key":"Singing Bowl"},{"floor":9.0,"key":"Anchor"},{"floor":10.0,"key":"MawBank"},{"floor":12.0,"key":"Akabeko"},{"floor":24.0,"key":"Oddly Smooth Stone"},{"floor":26.0,"key":"Juzu Bracelet"},{"floor":28.0,"key":"Toy Ornithopter"},{"floor":31.0,"key":"Lantern"},{"floor":40,"key":"HollowMod:StagPassRelic"},{"floor":42,"key":"Ornamental Fan"},{"floor":46,"key":"Toxic Egg 2"}],"event_choices":[],"is_beta":false,"boss_relics":[{"not_picked":["HollowMod:VoidIdolRelic","Empty Cage"],"picked":"Philosopher\u0027s Stone"},{"not_picked":["Black Star","SacredBark"],"picked":"Busted Crown"}],"items_purged_floors":[37,54],"is_endless":false,"potions_floor_spawned":[3,4,6,12,22,30,39,41,48],"killed_by":"Shield and Spear","ascension_level":20}}