{"host":"5y2vm16xfq9gfmb2","time":1613031139,"event":{"mods":["AchievementEnabler","BaseMod","Better Third Choice","Colored Map","Colored Powertips","DeckTracker","Marisa????????","Minty Spire (QoL Compilation)","Rare Cards Sparkle","Relic Stats","StSLib","The Alterego","The Servant 0.9.4"],"gold_per_floor":[111,111,111,135,168,168,0,15,15,34,53,53,77,140,140,268,268,293,293,273,288,288,288,308,103,128,141,141,157,157,157,157,282,282,302,316,316,316,316],"floor_reached":38,"language":"ENG","playtime":2298,"items_purged":[],"score":370,"play_id":"bfff67df-e4a5-41a5-a8e6-4fc2b7a9d449","local_time":"20210211031219","is_ascension_mode":false,"campfire_choices":[{"data":"Establishment","floor":6,"key":"SMITH"},{"floor":15,"key":"REST"},{"floor":23,"key":"REST"},{"floor":28,"key":"REST"},{"floor":32,"key":"REST"}],"circlet_count":0,"master_deck":["Strike_P","Strike_P","Strike_P","Strike_P","Defend_P","Defend_P+1","Defend_P","Defend_P","Eruption","Vigilance","Jack Of All Trades","Prostrate","Establishment+1","FlyingSleeves","Enlightenment+1","Study+1","BattleHymn+1","Prostrate","LessonLearned","ReachHeaven","Devotion","Indignation+1","Crescendo","Crescendo+1","Prostrate","Panache","Doubt","Protect+1","Consecrate","ConjureBlade","EmptyFist+1","DeceiveReality"],"relics":["PureWater","Golden Idol","Sundial","Darkstone Periapt","Cursed Key","Pantograph","FaceOfCleric","Lantern","alterego_mod:SomeoneToFightFor","SacredBark"],"acts_visited":["Exordium","TheCity","TheBeyond"],"potions_floor_usage":[14,29,33,33,36,38],"damage_taken":[{"damage":1,"enemies":"Jaw Worm","floor":1,"turns":3},{"damage":0,"enemies":"Small Slimes","floor":4,"turns":2},{"damage":0,"enemies":"2 Louse","floor":5,"turns":2},{"damage":0,"enemies":"Large Slime","floor":8,"turns":6},{"damage":15,"enemies":"Red Slaver","floor":10,"turns":4},{"damage":14,"enemies":"3 Louse","floor":11,"turns":6},{"damage":3,"enemies":"Blue Slaver","floor":13,"turns":5},{"damage":21,"enemies":"Gremlin Gang","floor":14,"turns":4},{"damage":11,"enemies":"Slime Boss","floor":16,"turns":7},{"damage":20,"enemies":"3 Byrds","floor":18,"turns":5},{"damage":29,"enemies":"Shell Parasite","floor":21,"turns":5},{"damage":12,"enemies":"Snecko","floor":24,"turns":4},{"damage":23,"enemies":"Centurion and Healer","floor":27,"turns":6},{"damage":19,"enemies":"Cultist and Chosen","floor":29,"turns":5},{"damage":74,"enemies":"Collector","floor":33,"turns":9},{"damage":58,"enemies":"3 Darklings","floor":35,"turns":6},{"damage":14,"enemies":"Orb Walker","floor":36,"turns":4},{"damage":31,"enemies":"Writhing Mass","floor":38,"turns":3}],"seed_played":"6002079023847701299","potions_obtained":[{"floor":8,"key":"CultistPotion"},{"floor":10,"key":"SneckoOil"},{"floor":11,"key":"SpeedPotion"},{"floor":13,"key":"Ambrosia"},{"floor":20,"key":"Explosive Potion"},{"floor":21,"key":"GamblersBrew"},{"floor":27,"key":"Fire Potion"},{"floor":33,"key":"Swift Potion"},{"floor":35,"key":"DuplicationPotion"}],"is_trial":false,"path_per_floor":["M","?","?","M","M","R","?","M","T","M","M","?","M","M","R","B",null,"M","?","?","M","?","R","M","$","T","M","R","M","?","?","R","B",null,"M","M","?","M"],"character_chosen":"WATCHER","items_purchased":["Prostrate","Panache"],"campfire_rested":4,"item_purchase_floors":[25,25],"current_hp_per_floor":[71,67,67,67,67,67,73,73,73,58,44,44,41,20,41,30,73,53,53,53,24,24,45,34,34,40,18,42,24,24,24,48,7,83,26,13,13,0,0],"gold":316,"neow_bonus":"RANDOM_COLORLESS","is_daily":false,"chose_seed":false,"campfire_upgraded":1,"win_rate":0.0,"timestamp":1613031139,"path_taken":["M","?","?","M","M","R","?","M","T","M","M","?","?","M","R","BOSS","M","?","?","?","?","R","M","$","T","?","R","M","?","?","R","BOSS","M","M","?","?"],"items_purchased_type":["Card","Card"],"build_version":"2020-12-22","purchased_purges":0,"victory":false,"max_hp_per_floor":[72,67,67,67,67,67,73,73,73,73,73,73,73,73,73,73,73,73,73,73,73,73,73,74,74,80,81,81,82,82,82,82,83,83,84,85,85,85,85],"relic_stats":{"Darkstone Periapt":6,"FaceOfCleric":6,"counters":[18,86],"Golden Idol":105,"Sundial":[6],"Pantograph":25,"Cursed Key":1,"obtain_stats":[{"Darkstone Periapt":12,"Lantern":26,"FaceOfCleric":22,"Golden Idol":2,"Sundial":9,"Pantograph":19,"SacredBark":34,"PureWater":0,"alterego_mod:SomeoneToFightFor":30,"Cursed Key":17},{"Darkstone Periapt":6,"Lantern":12,"FaceOfCleric":11,"Golden Idol":1,"Sundial":4,"Pantograph":10,"SacredBark":15,"PureWater":0,"alterego_mod:SomeoneToFightFor":14,"Cursed Key":9},{"Darkstone Periapt":23,"Lantern":53,"FaceOfCleric":49,"Golden Idol":3,"Sundial":13,"Pantograph":44,"SacredBark":73,"PureWater":0,"alterego_mod:SomeoneToFightFor":64,"Cursed Key":39}]},"card_choices":[{"not_picked":["Madness","Trip"],"picked":"Jack Of All Trades","floor":0},{"not_picked":["SignatureMove","JustLucky"],"picked":"Prostrate","floor":1},{"not_picked":["JustLucky","Tantrum"],"picked":"Establishment","floor":4},{"not_picked":["WheelKick","CutThroughFate"],"picked":"FlyingSleeves","floor":5},{"not_picked":["CutThroughFate","Evaluate"],"picked":"Study","floor":8},{"not_picked":["SandsOfTime","TalkToTheHand"],"picked":"BattleHymn","floor":10},{"not_picked":["Tantrum","DeceiveReality"],"picked":"Prostrate","floor":11},{"not_picked":["EmptyBody","SashWhip"],"picked":"LessonLearned","floor":13},{"not_picked":["Evaluate","EmptyMind"],"picked":"ReachHeaven","floor":14},{"not_picked":["Establishment","Brilliance"],"picked":"Devotion","floor":16},{"not_picked":["InnerPeace","Consecrate"],"picked":"Indignation+1","floor":18},{"not_picked":["Pray","Worship"],"picked":"Crescendo","floor":21},{"not_picked":["EmptyFist+1","CrushJoints"],"picked":"Crescendo+1","floor":24},{"not_picked":["CutThroughFate+1","Omniscience"],"picked":"Protect+1","floor":27},{"not_picked":["Study","Indignation"],"picked":"Consecrate","floor":29},{"not_picked":["MasterReality","Establishment"],"picked":"ConjureBlade","floor":33},{"not_picked":["EmptyBody","BowlingBash"],"picked":"EmptyFist+1","floor":35},{"not_picked":["Nirvana","Indignation"],"picked":"DeceiveReality","floor":36}],"player_experience":29185,"relics_obtained":[{"floor":9,"key":"Sundial"},{"floor":26,"key":"Lantern"}],"event_choices":[{"damage_healed":0,"gold_gain":0,"player_choice":"Lose Max HP","damage_taken":0,"relics_obtained":["Golden Idol"],"max_hp_gain":0,"max_hp_loss":5,"event_name":"Golden Idol","floor":2,"gold_loss":0},{"damage_healed":0,"gold_gain":0,"player_choice":"Leave","damage_taken":0,"max_hp_gain":0,"max_hp_loss":0,"event_name":"The Cleric","floor":3,"gold_loss":0},{"damage_healed":0,"gold_gain":0,"player_choice":"RENOUNCE","damage_taken":168,"max_hp_gain":0,"max_hp_loss":0,"event_name":"betterThird:BetterSerpent","floor":7,"gold_loss":168,"cards_obtained":["Enlightenment"]},{"damage_healed":0,"gold_gain":0,"player_choice":"Gave Potion","damage_taken":0,"relics_obtained":["Darkstone Periapt"],"max_hp_gain":0,"max_hp_loss":0,"event_name":"WeMeetAgain","floor":12,"gold_loss":0},{"damage_healed":0,"gold_gain":0,"player_choice":"Opened","damage_taken":0,"relics_obtained":["Pantograph"],"max_hp_gain":0,"max_hp_loss":0,"event_name":"The Mausoleum","floor":19,"gold_loss":0},{"damage_healed":0,"gold_gain":0,"player_choice":"Bought 1 Potion","damage_taken":0,"max_hp_gain":0,"max_hp_loss":0,"event_name":"The Woman in Blue","floor":20,"gold_loss":0},{"damage_healed":0,"gold_gain":0,"player_choice":"Trade","damage_taken":0,"relics_obtained":["FaceOfCleric"],"max_hp_gain":0,"max_hp_loss":0,"event_name":"FaceTrader","floor":22,"gold_loss":0},{"damage_healed":0,"gold_gain":0,"player_choice":"Choice 2","damage_taken":0,"relics_obtained":["alterego_mod:SomeoneToFightFor"],"max_hp_gain":0,"max_hp_loss":0,"event_name":"Secret Garden","floor":30,"gold_loss":0},{"damage_healed":0,"gold_gain":0,"player_choice":"Serpent","damage_taken":0,"max_hp_gain":0,"max_hp_loss":0,"event_name":"BanditSerpent","floor":31,"gold_loss":0},{"damage_healed":0,"gold_gain":0,"player_choice":"Forge","damage_taken":0,"max_hp_gain":0,"max_hp_loss":0,"event_name":"Accursed Blacksmith","floor":37,"gold_loss":0,"cards_upgraded":["BattleHymn"]}],"is_beta":false,"boss_relics":[{"not_picked":["Empty Cage","Fusion Hammer"],"picked":"Cursed Key"},{"not_picked":["Velvet Choker","Coffee Dripper"],"picked":"SacredBark"}],"items_purged_floors":[],"is_endless":false,"potions_floor_spawned":[8,10,11,13,21,27,33,35],"killed_by":"Writhing Mass","ascension_level":0}}