{"host":"dqv8oo4v229c1o2l","time":1613084710,"event":{"mods":["AchievementEnabler","BaseMod","Colored Map","Colored Powertips","Minty Spire (QoL Compilation)","Quick Restart","Rare Cards Sparkle","StSLib","Synergy Search"],"gold_per_floor":[115,133,308,324,340,375,222,244,244,262,262,182,182,182,182],"floor_reached":14,"language":"ENG","playtime":510,"items_purged":[],"score":126,"play_id":"9613aaf2-6986-4602-bd69-305397c00fef","local_time":"20210211150510","is_ascension_mode":true,"campfire_choices":[],"circlet_count":0,"master_deck":["Strike_B","Strike_B","Strike_B","Strike_B","Defend_B","Defend_B","Defend_B","Defend_B","Zap","Dualcast+1","Biased Cognition","Glacier+1","Doubt","Coolheaded","Stack","Rebound","Conserve Battery","Buffer"],"relics":["Cracked Core","War Paint","DataDisk","Odd Mushroom","Omamori","Pantograph"],"acts_visited":["Exordium"],"potions_floor_usage":[14,14,14],"damage_taken":[{"damage":1.0,"enemies":"Cultist","floor":1.0,"turns":4.0},{"damage":4.0,"enemies":"Jaw Worm","floor":2.0,"turns":3.0},{"damage":0.0,"enemies":"Small Slimes","floor":4.0,"turns":5.0},{"damage":4.0,"enemies":"3 Louse","floor":5.0,"turns":4.0},{"damage":27,"enemies":"Lagavulin","floor":6,"turns":10},{"damage":17,"enemies":"The Mushroom Lair","floor":8,"turns":4},{"damage":1,"enemies":"Blue Slaver","floor":10,"turns":3},{"damage":18,"enemies":"Gremlin Nob","floor":14,"turns":5}],"seed_played":"-1910176360972400710","potions_obtained":[{"floor":1.0,"key":"SpeedPotion"},{"floor":2.0,"key":"EssenceOfSteel"},{"floor":8,"key":"Energy Potion"}],"is_trial":false,"path_per_floor":["M","M","?","M","M","E","$","?","T","M","?","$","?","E"],"character_chosen":"DEFECT","items_purchased":["DataDisk","Buffer"],"campfire_rested":0,"item_purchase_floors":[7,12],"current_hp_per_floor":[67,63,63,63,59,32,32,15,15,14,14,14,7,0,0],"gold":182,"neow_bonus":"THREE_RARE_CARDS","is_daily":false,"chose_seed":false,"campfire_upgraded":0,"win_rate":0.0,"timestamp":1613084710,"path_taken":["M","M","?","M","M","E","$","?","T","M","?","$","?","E"],"items_purchased_type":["Relic","Card"],"build_version":"2020-12-22","purchased_purges":0,"victory":false,"max_hp_per_floor":[68,68,68,68,68,68,68,68,68,68,68,68,68,68,68],"card_choices":[{"not_picked":["Reboot","Seek"],"picked":"Biased Cognition","floor":0.0},{"not_picked":["Double Energy","Reprogram","Steam"],"picked":"SKIP","floor":1.0},{"not_picked":["Turbo","Streamline"],"picked":"Glacier","floor":2.0},{"not_picked":["Doom and Gloom","Static Discharge"],"picked":"Coolheaded","floor":4.0},{"not_picked":["Force Field","Aggregate"],"picked":"Stack","floor":5.0},{"not_picked":["Genetic Algorithm","Gash","Redo"],"picked":"SKIP","floor":6},{"not_picked":["Double Energy","Chill"],"picked":"Rebound","floor":8},{"not_picked":["Beam Cell","Compile Driver"],"picked":"Conserve Battery","floor":10}],"player_experience":312428,"relics_obtained":[{"floor":6,"key":"War Paint"},{"floor":8,"key":"Odd Mushroom"},{"floor":9,"key":"Omamori"}],"event_choices":[{"damage_healed":0.0,"max_hp_gain":0.0,"max_hp_loss":0.0,"gold_gain":175.0,"event_name":"Liars Game","player_choice":"AGREE","floor":3.0,"gold_loss":0.0,"damage_taken":0.0,"cards_obtained":["Doubt"]},{"damage_healed":0,"gold_gain":0,"player_choice":"Fought Mushrooms","damage_taken":0,"max_hp_gain":0,"max_hp_loss":0,"event_name":"Mushrooms","floor":8,"gold_loss":0},{"damage_healed":0,"gold_gain":0,"player_choice":"Ignored","damage_taken":0,"max_hp_gain":0,"max_hp_loss":0,"event_name":"Shining Light","floor":11,"gold_loss":0},{"damage_healed":0,"gold_gain":0,"player_choice":"Success","damage_taken":7,"relics_obtained":["Pantograph"],"max_hp_gain":0,"max_hp_loss":0,"event_name":"Scrap Ooze","floor":13,"gold_loss":0}],"is_beta":false,"boss_relics":[],"items_purged_floors":[],"is_endless":false,"potions_floor_spawned":[1,2,8],"killed_by":"Gremlin Nob","ascension_level":8}}