{"host":"mr1ctipv0dcr6y8g","time":1613022506,"event":{"mods":["BaseMod","Beaked The Cultist","DeckTracker","Downfall","Energized Spire","Minty Spire (QoL Compilation)","READ ME - Guardian Mod","Shop Mod","StSLib","The Construct"],"gold_per_floor":[114,114,132,132,132,163,177,177,255,281,381,381,392,407,407,506,506,493,493,493,103,103,155,194,238,288,288,350,382,437,1,1,125,125,170,224,299,335,335,335,389,389,389,339,40,76,101,101,101,126,126,126,44,77,77],"floor_reached":56,"language":"ENG","playtime":9229,"items_purged":["downfall:Malfunctioning"],"score":1619,"play_id":"85599267-213f-4ae4-8543-e07781ff76bf","local_time":"20210210224826","daily_mods":["Vintage","Heirloom","Time Dilation","Flight"],"is_ascension_mode":false,"campfire_choices":[{"data":"Guardian:TwinSlam","floor":8,"key":"SMITH"},{"data":"Guardian:Recover","floor":12,"key":"SMITH"},{"data":"Guardian:Defend_Guardian","floor":15,"key":"SMITH"},{"data":"Guardian:CurlUp","floor":27,"key":"SMITH"},{"floor":32,"key":"RECALL"},{"floor":40,"key":"REST"},{"floor":49,"key":"REST"},{"floor":52,"key":"REST"}],"circlet_count":0,"master_deck":["Guardian:Strike_Guardian+1","Guardian:Strike_Guardian+1","Guardian:Defend_Guardian+1","Guardian:Defend_Guardian+1","Guardian:Defend_Guardian+1","Guardian:Defend_Guardian+1","Guardian:CurlUp+1","Guardian:TwinSlam+1","Guardian:AncientConstruct+1","Guardian:Recover+1","Guardian:RevengeProtocol+1","HandOfGreed+1","Guardian:Planning+1","Guardian:Orbwalk+1","Guardian:ShieldSpikes+1","Guardian:Orbwalk+1","Guardian:Suspension+1","Guardian:Emergency+1","Guardian:ChargeUp+1","Guardian:Recover+1","Guardian:FloatingOrbs+1","Guardian:BodySlam+1"],"relics":["Guardian:ModeShifter","Gambling Chip","Bag of Preparation","bronze:BronzeIdol","Mercury Hourglass","Shuriken","Frozen Egg 2","beaked:ShinyBauble","Pear","Letter Opener","energizedSpire:CursedPentagram","Toxic Egg 2","Darkstone Periapt","HornCleat","Whetstone","Bottled Flame","Boot","Mango","Guardian:StasisCodex","Meat on the Bone","Incense Burner","Philosopher\u0027s Stone","Kunai","champ:DeflectingBracers","Turnip","Bottled Tornado","Toy Ornithopter","Ice Cream","Oddly Smooth Stone","construct:BoolHorns","hexamod:BolsterEngine"],"acts_visited":["Exordium","TheCity","TheBeyond","TheEnding"],"potions_floor_usage":[6,10,16,23,36,54,55,55,55],"damage_taken":[{"damage":0,"enemies":"Small Slimes","floor":1,"turns":4},{"damage":2,"enemies":"Jaw Worm","floor":3,"turns":6},{"damage":14,"enemies":"Gremlin Nob","floor":6,"turns":4},{"damage":0,"enemies":"2 Louse","floor":7,"turns":3},{"damage":5,"enemies":"3 Sentries","floor":10,"turns":8},{"damage":7,"enemies":"Exordium Thugs","floor":13,"turns":4},{"damage":0,"enemies":"2 Fungi Beasts","floor":14,"turns":3},{"damage":0,"enemies":"Slime Boss","floor":16,"turns":6},{"damage":10,"enemies":"2 Thieves","floor":18,"turns":4},{"damage":6,"enemies":"Slavers","floor":23,"turns":5},{"damage":0,"enemies":"Spheric Guardian","floor":24,"turns":4},{"damage":0,"enemies":"Snake Plant","floor":25,"turns":4},{"damage":0,"enemies":"Centurion and Healer","floor":28,"turns":4},{"damage":0,"enemies":"Book of Stabbing","floor":29,"turns":5},{"damage":0,"enemies":"Gremlin Leader","floor":30,"turns":6},{"damage":0,"enemies":"Automaton","floor":33,"turns":9},{"damage":0,"enemies":"Orb Walker","floor":35,"turns":3},{"damage":10,"enemies":"2 Orb Walkers","floor":36,"turns":4},{"damage":0,"enemies":"Mind Bloom Boss Battle","floor":37,"turns":4},{"damage":0,"enemies":"3 Shapes","floor":38,"turns":4},{"damage":9,"enemies":"Reptomancer","floor":41,"turns":4},{"damage":0,"enemies":"Maw","floor":46,"turns":4},{"damage":0,"enemies":"beaked:SuperParasite","floor":47,"turns":4},{"damage":0,"enemies":"Donu and Deca","floor":50,"turns":9},{"damage":24,"enemies":"Shield and Spear","floor":54,"turns":4},{"damage":0,"enemies":"The Heart","floor":55,"turns":5}],"seed_played":"3755720077218110794","potions_obtained":[{"floor":1,"key":"hexamod:SoulburnPotion"},{"floor":7,"key":"SkillPotion"},{"floor":14,"key":"ColorlessPotion"},{"floor":18,"key":"SkillPotion"},{"floor":29,"key":"SteroidPotion"},{"floor":36,"key":"AttackPotion"},{"floor":37,"key":"bronze:BurnAndBuffPotion"},{"floor":54,"key":"SteroidPotion"}],"is_trial":true,"path_per_floor":["M","?","M","?","?","E","M","R","T","E","?","R","M","M","R","B",null,"M","?","?","$","?","E","M","M","T","R","M","E","E","$","R","B",null,"M","?","?","M","$","R","E","?","T","$","$","M","E","?","R","B",null,"R","$","E","B",null],"character_chosen":"GUARDIAN","items_purchased":["HandOfGreed","Guardian:Planning+1","Guardian:Orbwalk+1","Guardian:ShieldSpikes+1","Guardian:Orbwalk+1","Incense Burner","PowerPotion","Ice Cream","Guardian:FloatingOrbs+1"],"campfire_rested":3,"item_purchase_floors":[21,21,21,21,31,31,44,45,53],"current_hp_per_floor":[80,80,78,62,62,48,48,48,48,43,43,43,46,46,46,46,90,80,80,80,80,80,74,74,74,74,74,88,88,94,94,94,94,110,110,100,100,100,100,110,107,107,107,107,107,107,107,107,110,110,110,110,110,86,101],"gold":77,"neow_bonus":"","is_daily":false,"chose_seed":false,"campfire_upgraded":4,"win_rate":0.0,"timestamp":1613022506,"path_taken":["M","?","M","?","?","E","?","R","T","E","?","R","M","?","R","BOSS","M","?","?","$","?","E","M","M","T","R","M","E","E","$","R","BOSS","M","?","?","?","?","R","E","?","T","$","$","?","E","?","R","BOSS","R","$","E","BOSS"],"items_purchased_type":["Card","Card","Card","Card","Card","Relic","Potion","Relic","Card"],"build_version":"2020-12-22","purchased_purges":1,"victory":true,"max_hp_per_floor":[80,80,80,80,80,80,80,80,80,80,80,80,90,90,90,90,90,90,90,90,90,90,90,90,90,90,90,104,104,110,110,110,110,110,110,110,110,110,110,110,116,116,116,116,116,116,116,110,110,110,110,110,110,110,110],"card_choices":[{"not_picked":["Guardian:Planning","Guardian:PrimingBeam"],"picked":"Guardian:Gem_Purple","floor":6},{"not_picked":["Guardian:CrystalBeam","Guardian:EvasiveProtocol+1"],"picked":"Guardian:Recover","floor":10},{"not_picked":["Guardian:StasisField","Guardian:BaubleBeam"],"picked":"Guardian:RevengeProtocol+1","floor":16},{"not_picked":["Guardian:RefractedBeam","Guardian:PolyBeam","Guardian:VentSteam+1"],"picked":"SKIP","floor":23},{"not_picked":["Guardian:Reroute","Guardian:CrystalBeam","Guardian:VentSteam+1"],"picked":"SKIP","floor":29},{"not_picked":["Guardian:StasisEngine+1","Guardian:Gem_Red"],"picked":"Guardian:Gem_Fragmented","floor":30},{"not_picked":["Guardian:ExploitGems+1","Guardian:BaubleBeam"],"picked":"Guardian:Gem_Orange","floor":33},{"not_picked":["Guardian:WalkerClaw","Guardian:Gem_Cyan"],"picked":"Guardian:Suspension+1","floor":36},{"not_picked":["Guardian:Gem_Lightblue","Guardian:Gem_Red"],"picked":"Guardian:Emergency+1","floor":37},{"not_picked":["Guardian:Reroute","Guardian:Planning+1"],"picked":"Guardian:ChargeUp+1","floor":41},{"not_picked":["Guardian:Incinerate","Guardian:Gem_Cyan"],"picked":"Guardian:Recover+1","floor":47},{"not_picked":["Guardian:Planning+1","Guardian:Orbwalk+1"],"picked":"Guardian:BodySlam+1","floor":54}],"player_experience":1690893,"relics_obtained":[{"floor":1,"key":"Bag of Preparation"},{"floor":3,"key":"bronze:BronzeIdol"},{"floor":6,"key":"Mercury Hourglass"},{"floor":7,"key":"Shuriken"},{"floor":9,"key":"Frozen Egg 2"},{"floor":10,"key":"beaked:ShinyBauble"},{"floor":13,"key":"Pear"},{"floor":14,"key":"Letter Opener"},{"floor":18,"key":"Toxic Egg 2"},{"floor":23,"key":"HornCleat"},{"floor":24,"key":"Whetstone"},{"floor":25,"key":"Bottled Flame"},{"floor":26,"key":"Boot"},{"floor":28,"key":"Mango"},{"floor":29,"key":"Guardian:StasisCodex"},{"floor":30,"key":"Meat on the Bone"},{"floor":35,"key":"Kunai"},{"floor":36,"key":"champ:DeflectingBracers"},{"floor":37,"key":"Turnip"},{"floor":38,"key":"Bottled Tornado"},{"floor":41,"key":"Toy Ornithopter"},{"floor":46,"key":"Oddly Smooth Stone"},{"floor":47,"key":"construct:BoolHorns"},{"floor":54,"key":"hexamod:BolsterEngine"}],"event_choices":[{"damage_healed":0,"gold_gain":0,"cards_transformed":["Guardian:Strike_Guardian"],"player_choice":"Change","damage_taken":0,"max_hp_gain":0,"max_hp_loss":0,"event_name":"Living Wall","floor":2,"gold_loss":0,"cards_obtained":["Guardian:AncientConstruct"]},{"damage_healed":0,"gold_gain":0,"player_choice":"Entered Light","damage_taken":16,"max_hp_gain":0,"max_hp_loss":0,"event_name":"Shining Light","floor":4,"gold_loss":0,"cards_upgraded":["Guardian:AncientConstruct","Guardian:Strike_Guardian"]},{"damage_healed":0,"gold_gain":100,"player_choice":"Gold","damage_taken":0,"max_hp_gain":0,"max_hp_loss":0,"event_name":"Wheel of Change","floor":11,"gold_loss":0},{"damage_healed":0,"gold_gain":0,"player_choice":"Opened","damage_taken":0,"relics_obtained":["Darkstone Periapt"],"max_hp_gain":0,"max_hp_loss":0,"event_name":"The Mausoleum","floor":22,"gold_loss":0},{"damage_healed":0,"gold_gain":0,"player_choice":"Fight","damage_taken":0,"max_hp_gain":0,"max_hp_loss":0,"event_name":"Mysterious Sphere","floor":36,"gold_loss":0},{"damage_healed":0,"gold_gain":0,"player_choice":"Fight","damage_taken":0,"max_hp_gain":0,"max_hp_loss":0,"event_name":"MindBloom","floor":37,"gold_loss":0},{"cards_removed":["Regret"],"damage_healed":0,"gold_gain":0,"player_choice":"Removed Curses","damage_taken":0,"max_hp_gain":0,"max_hp_loss":0,"event_name":"Fountain of Cleansing","floor":42,"gold_loss":0},{"damage_healed":0,"gold_gain":0,"player_choice":"Max HP","damage_taken":0,"max_hp_gain":0,"max_hp_loss":6,"event_name":"Winding Halls","floor":48,"gold_loss":0}],"is_beta":false,"boss_relics":[{"not_picked":["energizedSpire:HugeHouse","Empty Cage"],"picked":"energizedSpire:CursedPentagram"},{"not_picked":["construct:WeddingRing","energizedSpire:SpiderWeb"],"picked":"Philosopher\u0027s Stone"}],"items_purged_floors":[31],"is_endless":false,"potions_floor_spawned":[1,7,14,18,29,36,37,46,54],"ascension_level":0}}