{"host":"yans4pr1zf0lm9bx","time":1613067534,"event":{"mods":["AchievementEnabler","BaseMod","Minty Spire (QoL Compilation)","Replay The Spire","StSLib","SuperFastMode","slay the spire mod where everything is the same but ironclad has a cowboy hat"],"gold_per_floor":[112,112,128,128,128,155,169,169,169,169,194,194,209,284,80,98,98,197,197,217,251,251,251],"floor_reached":22,"language":"ENG","playtime":1027,"items_purged":["Strike_R"],"score":234,"play_id":"2af8ad11-49af-4270-953c-476f799a4f4d","local_time":"20210211131854","is_ascension_mode":true,"campfire_choices":[{"data":"Shrug It Off","floor":8.0,"key":"SMITH"},{"data":"Defend_R","floor":10.0,"key":"SMITH"},{"floor":17.0,"key":"DIG"}],"circlet_count":0,"master_deck":["Defend_R","Defend_R+1","Defend_R+1","Bash","Inflame+1","Shrug It Off+1","Dark Embrace","Rage","Havoc","Reckless Charge","Replay:Undeath\u0027s Touch","Feed","Injury","Writhe","Ghostly Armor+1","Warcry"],"relics":["Burning Blood","Centennial Puzzle","Art of War","Replay:Rubber Ducky","Replay:Ringing Soul","Kintsugi"],"acts_visited":["Exordium","TheCity"],"potions_floor_usage":[21,21],"damage_taken":[{"damage":6.0,"enemies":"2 Louse","floor":1.0,"turns":4.0},{"damage":0.0,"enemies":"Jaw Worm","floor":3.0,"turns":4.0},{"damage":3.0,"enemies":"Small Slimes","floor":7.0,"turns":3.0},{"damage":0.0,"enemies":"3 Louse","floor":13.0,"turns":5.0},{"damage":3.0,"enemies":"Gremlin Gang","floor":16.0,"turns":8.0},{"damage":24.0,"enemies":"Fading Forest","floor":18.0,"turns":11.0},{"damage":58.0,"enemies":"Spheric Guardian","floor":20.0,"turns":14.0},{"damage":29,"enemies":"3 Byrds","floor":21,"turns":10},{"damage":31,"enemies":"Snecko","floor":22,"turns":5}],"seed_played":"1968389699075836569","potions_obtained":[{"floor":1.0,"key":"HeartOfIron"},{"floor":3.0,"key":"SkillPotion"},{"floor":13.0,"key":"ColorlessPotion"},{"floor":18.0,"key":"SteroidPotion"},{"floor":20.0,"key":"Fire Potion"}],"is_trial":false,"path_per_floor":["M","?","M","PTL","PTL","T","M","R","?","R","T","?","M","?","$","M","R","B",null,"M","M","M"],"character_chosen":"IRONCLAD","items_purchased":["Havoc","Reckless Charge"],"campfire_rested":0,"item_purchase_floors":[15,15],"current_hp_per_floor":[80,64,70,70,70,70,73,73,73,73,73,78,84,76,76,79,79,70,91,45,28,0,0],"gold":251,"neow_bonus":"RANDOM_COMMON_RELIC","is_daily":false,"chose_seed":false,"campfire_upgraded":2,"win_rate":0.0,"timestamp":1613067534,"path_taken":["M","?","M","PTL","PTL","?","M","R","?","R","T","?","M","?","$","M","R","BOSS","M","M","M"],"items_purchased_type":["Card","Card"],"build_version":"2020-12-22","purchased_purges":1,"victory":false,"max_hp_per_floor":[80,80,80,80,80,80,80,80,80,80,80,85,85,85,85,85,85,88,91,97,103,103,103],"card_choices":[{"not_picked":["Battle Trance","Cleave"],"picked":"Inflame","floor":1.0},{"not_picked":["Iron Wave","Sever Soul"],"picked":"Shrug It Off","floor":3.0},{"not_picked":["Spot Weakness","Sentinel"],"picked":"Dark Embrace","floor":7.0},{"not_picked":["Searing Blow","Armaments"],"picked":"Rage","floor":13.0},{"not_picked":["Blood for Blood","Bludgeon"],"picked":"Replay:Undeath\u0027s Touch","floor":16.0},{"not_picked":["Double Tap","Limit Break"],"picked":"Feed","floor":18.0},{"not_picked":["Iron Wave+1","Combust"],"picked":"Ghostly Armor+1","floor":20.0},{"not_picked":["Shrug It Off","Twin Strike"],"picked":"Warcry","floor":21}],"player_experience":283438,"relics_obtained":[{"floor":6.0,"key":"Art of War"},{"floor":11.0,"key":"Replay:Rubber Ducky"},{"floor":17.0,"key":"Replay:Ringing Soul"}],"event_choices":[{"damage_healed":0.0,"max_hp_gain":0.0,"max_hp_loss":0.0,"gold_gain":0.0,"event_name":"Shining Light","player_choice":"Entered Light","floor":2.0,"gold_loss":0.0,"damage_taken":16.0,"cards_upgraded":["Inflame","Defend_R"]},{"damage_healed":0.0,"max_hp_gain":0.0,"max_hp_loss":0.0,"gold_gain":0.0,"event_name":"Liars Game","player_choice":"Ignored","floor":9.0,"gold_loss":0.0,"damage_taken":0.0},{"damage_healed":0.0,"max_hp_gain":5.0,"max_hp_loss":0.0,"gold_gain":0.0,"event_name":"Big Fish","player_choice":"Donut","floor":12.0,"gold_loss":0.0,"damage_taken":0.0},{"damage_healed":0.0,"max_hp_gain":0.0,"max_hp_loss":0.0,"gold_gain":75.0,"event_name":"FaceTrader","player_choice":"Touch","floor":14.0,"gold_loss":0.0,"damage_taken":8.0}],"is_beta":false,"boss_relics":[{"not_picked":["Replay:Bronze Core","Calling Bell"],"picked":"Kintsugi"}],"items_purged_floors":[15],"is_endless":false,"potions_floor_spawned":[1,3,13,18,20],"killed_by":"Snecko","ascension_level":4}}