{"host":"k5fgrtcqzqosfxt0","time":1613023675,"event":{"mods":["Act Like it!","Aspiration","BaseMod","Downfall","Gensokyo","Minty Spire (QoL Compilation)","MostiFishMod","StSLib","TestMod","UnlockEverythingMod"],"gold_per_floor":[20,33,33,52,52,86,86,129,129,143,143,164,164,144,144,235,235,259,275,298,317,341,385,208,249,329,329,91,91,106,106,106,199,199,214,214,89,89,112,112,145,164,164,195,526,526,526,297,297,297,297,297,297,47,90,90],"floor_reached":57,"language":"ZHS","playtime":2215,"items_purged":["Strike_R","Strike_R","Strike_R","Bash+1","Defend_R"],"score":3141,"play_id":"b411ebe5-15c4-4db6-89de-6dfbecc6352e","local_time":"20210211140755","is_ascension_mode":true,"campfire_choices":[{"data":"Clash","floor":7.0,"key":"SMITH"},{"data":"Sword Boomerang","floor":11.0,"key":"SMITH"},{"data":"Barricade","floor":13.0,"key":"SMITH"},{"data":"Bash","floor":15.0,"key":"SMITH"},{"data":"Fire Breathing","floor":32.0,"key":"SMITH"},{"floor":40.0,"key":"RECALL"},{"data":"Dark Embrace","floor":46.0,"key":"SMITH"},{"floor":49.0,"key":"REST"},{"floor":53.0,"key":"REST"}],"circlet_count":0,"master_deck":["AscendersBane","Defend_R","Defend_R","Defend_R","Parasite","Injury","Writhe","Sword Boomerang+1","Clash+1","Injury","Shrug It Off+1","Barricade+1","Havoc+1","Warcry+1","Impervious+1","CurseOfTheBell","True Grit+1","Shockwave+1","Shrug It Off+1","Body Slam+1","Exhume+1","Warcry+1","Fire Breathing+1","Shame","Power Through+1","Pommel Strike+1","Warcry+1","Impervious+1","Madness+1","Madness+1","Warcry+1","Heavy Blade+1","Dark Embrace+1","Metamorphosis+1","Enlightenment+1","Burning Pact+1","Burning Pact+1","Battle Trance+1"],"relics":["Burning Blood","testmod-TestBox","DaveBox","testmod-Prudence","testmod-Laevatain","SynthV:TestCard","Toxic Egg 2","Golden Idol","ImprovedEquipment","testmod-IndustrialRevolution","Toy Ornithopter","Calling Bell","Blood Vial","Shuriken","MostiFishMod:Haymaker","MealTicket","InkBottle","Molten Egg 2","StoneCalendar","PatriotShield","Mercury Hourglass","Boot","testmod-EqualTreatment","Old Coin","Calipers"],"acts_visited":["Exordium","TheCity","TheBeyond","TheEnding"],"potions_floor_usage":[56],"damage_taken":[{"damage":1.0,"enemies":"Cultist","floor":1.0,"turns":3.0},{"damage":7.0,"enemies":"Jaw Worm","floor":2.0,"turns":3.0},{"damage":10.0,"enemies":"Small Slimes","floor":4.0,"turns":3.0},{"damage":10.0,"enemies":"Lagavulin","floor":6.0,"turns":5.0},{"damage":32.0,"enemies":"Gremlin Nob","floor":8.0,"turns":4.0},{"damage":11.0,"enemies":"Exordium Wildlife","floor":10.0,"turns":4.0},{"damage":3.0,"enemies":"3 Louse","floor":12.0,"turns":3.0},{"damage":0.0,"enemies":"Hexaghost","floor":16.0,"turns":8.0},{"damage":12.0,"enemies":"Spheric Guardian","floor":18.0,"turns":4.0},{"damage":27.0,"enemies":"2 Thieves","floor":19.0,"turns":4.0},{"damage":19.0,"enemies":"Cultist and Chosen","floor":20.0,"turns":7.0},{"damage":3.0,"enemies":"3 Cultists","floor":21.0,"turns":3.0},{"damage":1.0,"enemies":"Snecko","floor":22.0,"turns":5.0},{"damage":8.0,"enemies":"Book of Stabbing","floor":23.0,"turns":6.0},{"damage":10.0,"enemies":"Gremlin Leader","floor":25.0,"turns":3.0},{"damage":14.0,"enemies":"Shelled Parasite and Fungi","floor":30.0,"turns":3.0},{"damage":0.0,"enemies":"Automaton","floor":33.0,"turns":7.0},{"damage":1.0,"enemies":"3 Darklings","floor":35.0,"turns":3.0},{"damage":3.0,"enemies":"3 Shapes","floor":39.0,"turns":4.0},{"damage":37.0,"enemies":"Giant Head","floor":41.0,"turns":6.0},{"damage":0.0,"enemies":"Writhing Mass","floor":42.0,"turns":2.0},{"damage":4.0,"enemies":"Nemesis","floor":44.0,"turns":7.0},{"damage":0.0,"enemies":"Mind Bloom Boss Battle","floor":45.0,"turns":3.0},{"damage":28.0,"enemies":"Donu and Deca","floor":50.0,"turns":4.0},{"damage":22.0,"enemies":"Awakened One","floor":51.0,"turns":9.0},{"damage":35,"enemies":"Shield and Spear","floor":55,"turns":4},{"damage":38,"enemies":"The Heart","floor":56,"turns":8}],"seed_played":"8604414546757230149","potions_obtained":[{"floor":6.0,"key":"Guardian:BlockOnCardUsePotion"},{"floor":10.0,"key":"Block Potion"},{"floor":12.0,"key":"PowerPotion"},{"floor":21.0,"key":"Fire Potion"},{"floor":22.0,"key":"Strength Potion"},{"floor":30.0,"key":"SteroidPotion"},{"floor":41.0,"key":"Fire Potion"},{"floor":45.0,"key":"testmod-SpacePotion"}],"is_trial":false,"path_per_floor":["M","M","?","M","?","E","R","E","T","M","R","M","R","?","R","B",null,"M","M","M","M","M","E","$","E","T","?","$","T","M","?","R","B",null,"M","?","$","?","M","R","E","M","T","E","?","R","?","$","R","B","B",null,"R","$","E","B",null],"character_chosen":"IRONCLAD","items_purchased":["Warcry+1","Fire Breathing","Power Through+1","Pommel Strike+1","Burning Pact+1","Burning Pact+1"],"campfire_rested":2,"item_purchase_floors":[24,24,28,28,48,54],"current_hp_per_floor":[73,72,72,68,42,38,38,12,12,12,12,15,15,15,15,21,62,58,39,33,38,45,50,65,63,63,63,75,75,67,67,67,75,75,75,61,75,75,75,75,44,52,52,56,64,64,54,69,75,53,39,66,75,75,46,21],"gold":90,"neow_bonus":"ONE_RARE_RELIC","is_daily":false,"chose_seed":false,"campfire_upgraded":6,"win_rate":0.0,"timestamp":1613023675,"path_taken":["M","M","?","M","?","E","R","E","T","M","R","M","R","?","R","BOSS","M","M","M","?","M","E","?","E","T","?","$","?","M","?","R","BOSS","M","?","$","?","?","R","E","M","T","E","?","R","?","$","R","BOSS","BOSS","R","$","E","BOSS"],"items_purchased_type":["Card","Card","Card","Card","Card","Card"],"build_version":"2020-12-22","purchased_purges":5,"victory":true,"max_hp_per_floor":[75,75,75,75,75,75,75,75,75,75,75,75,75,75,75,75,75,75,75,75,75,75,75,75,75,75,75,75,75,75,75,75,75,75,75,75,75,75,75,75,75,75,75,75,75,75,75,75,75,75,75,75,75,75,75,75],"card_choices":[{"not_picked":["Anger","Warcry"],"picked":"Sword Boomerang","floor":1.0},{"not_picked":["Cleave","Rupture","Anger","Perfected Strike"],"picked":"Clash","floor":2.0},{"not_picked":["True Grit+1","Dark Embrace","Clothesline","Fire Breathing"],"picked":"Shrug It Off+1","floor":4.0},{"not_picked":["Headbutt","Warcry+1","MostiFishMod:Chiaki+1","True Grit+1"],"picked":"Barricade","floor":6.0},{"not_picked":["Shrug It Off+1","Warcry+1","Clothesline","Twin Strike"],"picked":"Havoc+1","floor":8.0},{"not_picked":["Heavy Blade","Headbutt","Searing Blow","Reckless Charge"],"picked":"Warcry+1","floor":10.0},{"not_picked":["Rampage","Carnage","MostiFishMod:RacingGame+1","Reckless Charge","Anger"],"picked":"SKIP","floor":12.0},{"not_picked":["MostiFishMod:PerfectStrikeMKII","MostiFishMod:404NotFound","MostiFishMod:OrdinaryWorld","Brutality"],"picked":"Impervious+1","floor":16.0},{"not_picked":["Shrug It Off+1","Disarm+1","Iron Wave","Clothesline","Rupture"],"picked":"SKIP","floor":18.0},{"not_picked":["Iron Wave","Flex+1","Dropkick","Cleave"],"picked":"True Grit+1","floor":19.0},{"not_picked":["Anger","True Grit+1","Thunderclap","Wild Strike+1"],"picked":"Shockwave+1","floor":20.0},{"not_picked":["MostiFishMod:#F4004+1","True Grit+1","MostiFishMod:FireWorks+1","Cleave+1"],"picked":"Shrug It Off+1","floor":21.0},{"not_picked":["Clash","Shrug It Off+1","Hemokinesis","Fire Breathing"],"picked":"Body Slam+1","floor":22.0},{"not_picked":["Twin Strike","Cleave","Inflame","Metallicize"],"picked":"Exhume+1","floor":23.0},{"not_picked":["Flex+1","Inflame","Anger","Twin Strike","Havoc+1"],"picked":"SKIP","floor":25.0},{"not_picked":["Armaments+1","Pommel Strike+1","Whirlwind+1","Clothesline+1"],"picked":"Warcry+1","floor":30.0},{"not_picked":["Exhume+1","MostiFishMod:UltimateDefense+1","MostiFishMod:KnuckleDown+1","MostiFishMod:CullingBlade+1"],"picked":"Impervious+1","floor":33.0},{"not_picked":["Flex+1","Headbutt+1","Anger+1","Wild Strike+1","Pommel Strike+1"],"picked":"SKIP","floor":35.0},{"not_picked":["Rupture","Havoc+1","Sword Boomerang+1","Twin Strike+1"],"picked":"Heavy Blade+1","floor":39.0},{"not_picked":["MostiFishMod:ChineseTea+1","MostiFishMod:TemporaryOutbreak","Intimidate+1","Sword Boomerang+1","MostiFishMod:Mania"],"picked":"SKIP","floor":41.0},{"not_picked":["Heavy Blade+1","Wild Strike+1","Power Through+1","Havoc+1","Body Slam+1"],"picked":"SKIP","floor":42.0},{"not_picked":["Dropkick+1","Armaments+1","Second Wind+1","Iron Wave+1"],"picked":"Dark Embrace","floor":44.0},{"not_picked":["Discovery+1","Magnetism","MostiFishMod:OneDayCity+1","testmod-AssimilatedRune+1"],"picked":"Metamorphosis+1","floor":47.0},{"not_picked":["testmod-HandmadeProducts","MostiFishMod:KingOfFree+1","Madness+1","testmod-WeaknessCounterattack+1"],"picked":"Enlightenment+1","floor":47.0},{"not_picked":["Anger+1","True Grit+1","Sentinel+1","Rage+1"],"picked":"Battle Trance+1","floor":55}],"player_experience":641225,"relics_obtained":[{"floor":1.0,"key":"SynthV:TestCard"},{"floor":6.0,"key":"ImprovedEquipment"},{"floor":8.0,"key":"testmod-IndustrialRevolution"},{"floor":9.0,"key":"Toy Ornithopter"},{"floor":17.0,"key":"Blood Vial"},{"floor":17.0,"key":"Shuriken"},{"floor":17.0,"key":"MostiFishMod:Haymaker"},{"floor":23.0,"key":"MealTicket"},{"floor":25.0,"key":"InkBottle"},{"floor":29.0,"key":"StoneCalendar"},{"floor":41.0,"key":"Mercury Hourglass"},{"floor":43.0,"key":"Boot"},{"floor":44.0,"key":"testmod-EqualTreatment"},{"floor":45.0,"key":"Old Coin"},{"floor":55,"key":"Calipers"}],"event_choices":[{"damage_healed":0.0,"max_hp_gain":0.0,"max_hp_loss":0.0,"gold_gain":0.0,"event_name":"Golden Idol","player_choice":"Take Damage","floor":5.0,"gold_loss":0.0,"damage_taken":26.0,"relics_obtained":["Golden Idol"]},{"damage_healed":0.0,"max_hp_gain":0.0,"max_hp_loss":0.0,"gold_gain":0.0,"event_name":"The Woman in Blue","player_choice":"Bought 1 Potion","floor":14.0,"gold_loss":0.0,"damage_taken":0.0},{"damage_healed":0.0,"max_hp_gain":0.0,"max_hp_loss":0.0,"gold_gain":0.0,"event_name":"Addict","player_choice":"Stole Relic","floor":27.0,"gold_loss":0.0,"damage_taken":0.0,"relics_obtained":["Molten Egg 2"],"cards_obtained":["Shame"]},{"cards_removed":["Strike_R"],"damage_healed":0.0,"max_hp_gain":0.0,"max_hp_loss":0.0,"gold_gain":0.0,"event_name":"Back to Basics","player_choice":"Elegance","floor":31.0,"gold_loss":0.0,"damage_taken":0.0},{"damage_healed":0.0,"max_hp_gain":0.0,"max_hp_loss":0.0,"gold_gain":0.0,"event_name":"Winding Halls","player_choice":"Embrace Madness","floor":36.0,"gold_loss":0.0,"damage_taken":14.0,"cards_obtained":["Madness","Madness"]},{"damage_healed":0.0,"max_hp_gain":0.0,"max_hp_loss":0.0,"gold_gain":0.0,"cards_transformed":["Strike_R"],"event_name":"Transmorgrifier","player_choice":"Transformed","floor":38.0,"gold_loss":0.0,"damage_taken":0.0,"cards_obtained":["Warcry"]},{"damage_healed":0.0,"max_hp_gain":0.0,"max_hp_loss":0.0,"gold_gain":0.0,"event_name":"MindBloom","player_choice":"Fight","floor":45.0,"gold_loss":0.0,"damage_taken":0.0},{"damage_healed":0.0,"max_hp_gain":0.0,"max_hp_loss":0.0,"gold_gain":0.0,"event_name":"SensoryStone","player_choice":"Memory 3","floor":47.0,"gold_loss":0.0,"damage_taken":10.0}],"is_beta":false,"boss_relics":[{"not_picked":["Runic Dome","testmod-BatchProcessingSystem"],"picked":"Calling Bell"},{"not_picked":["FixedStarFall","Black Blood"],"picked":"PatriotShield"}],"items_purged_floors":[24,28,37,48,54],"is_endless":false,"potions_floor_spawned":[6,10,12,19,21,22,30,41,45],"ascension_level":20}}