{"host":"Ringo","time":1613039468,"event":{"mods":["BaseMod","Colored Map","Conspire","Dota2Spire","Hubris","Minty Spire (QoL Compilation)","Replay The Spire","StSLib","The Construct","[IsaacMod]ÒÔÈö¼âËþ","¡¾ÒÅÎï¿¨ÅÆ¡¿REMEMod"],"gold_per_floor":[118,134,145,156,206,232,257,291,291,316,349,375,408,434,434,511,511,530,545,556,566,91,123,158,185,212,247,272,281,312,345,345,419,419,433,446,446,270,283,318,343,376,376,402,302,333,361,387,387,403,403,428,153,153,187,212,162,186,213,244,272,307,321,330,330,330],"floor_reached":52,"language":"ZHS","playtime":1476,"items_purged":["Dropkick","Inflame"],"score":4917,"play_id":"299db161-19c8-4130-b33b-63b9751edf2e","local_time":"20210211183108","daily_mods":["SealedDeck","Vintage","Red Cards","Purple Cards","Colorless Cards","Heirloom","Time Dilation","Flight","DeadlyEvents","Elite Swarm","Lethality","Binary"],"is_ascension_mode":true,"campfire_choices":[{"data":"Crescendo","floor":15.0,"key":"SMITH"},{"data":"Life Link","floor":32.0,"key":"SMITH"},{"data":"RitualDagger","floor":49.0,"key":"SMITH"},{"data":"Replay:Undeath\u0027s Touch","floor":49,"key":"SMITH"}],"circlet_count":0,"master_deck":["AscendersBane","Run Through","Replay:ManipulateFuture+1","Flex+1","Thunderclap","FlurryOfBlows","FlyingSleeves+1","ClearTheMind+1","EmptyFist","CrushJoints","Crescendo+1","Finisher+1","Pummel","RitualDagger+1","Inflame+1","Spot Weakness+1","Dropkick+1","Replay:Undeath\u0027s Touch+1"],"relics":["Burning Blood","Busted Crown","HushsDoor","REME_ComplimentaryCards","replay:Trail_Library","Pondfish Scales","Dota2Spire:BattleFury","Dota2Spire:PhaseBoots","Leech","BookofShadows","CeramicFish","hubris:DeckOfHolding","King of Hearts","Dota2Spire:CrimsonGuard","hubris:CuriousFeather","Dota2Spire:Satanic","DeadEye","Garlic","hubris:OldNail","Dota2Spire:MonkeyKingBar","PillsDrop","hubris:Metronome","hubris:Backtick","UnicornStump","Lantern","hubris:SphereOfDissonance","Darkstone Periapt","BookOfRevelations","Brimstone","HornCleat","Shuriken","Gremlin Food","Dota2Spire:UrnOfShadows","hubris:MysteriousPyramids","YumHeart","Dota2Spire:AghanimScepter","Kunai","conspire:SpecialSausage","Mercury Hourglass","D4","Smiling Mask","Blue Doll","MealTicket","Gambling Chip","hubris:PeanutButter","Replay:Rubber Ducky","Ancient Tea Set","Pantograph","Dota2Spire:DivineRapier","TheBean","conspire:GiftBox","Strange Spoon","construct:RocketBooster","Dota2Spire:OrchidMalevolence","conspire:Boomerang","Girya","Gremlin Horn","hubris:ChampionShield","War Paint"],"acts_visited":["Exordium","TheCity","TheBeyond"],"potions_floor_usage":[44,51,51],"damage_taken":[{"damage":5.0,"enemies":"conspire:RoseBush","floor":1.0,"turns":1.0},{"damage":0.0,"enemies":"Cultist","floor":2.0,"turns":1.0},{"damage":0.0,"enemies":"2 Louse","floor":3.0,"turns":1.0},{"damage":0.0,"enemies":"Exordium Thugs","floor":4.0,"turns":1.0},{"damage":0.0,"enemies":"Hiden Room Battle","floor":5.0,"turns":2.0},{"damage":0.0,"enemies":"Lagavulin","floor":6.0,"turns":1.0},{"damage":0.0,"enemies":"Gremlin Nob","floor":7.0,"turns":1.0},{"damage":0.0,"enemies":"3 Sentries","floor":8.0,"turns":1.0},{"damage":0.0,"enemies":"Replay:BlueRogue","floor":10.0,"turns":1.0},{"damage":0.0,"enemies":"3 Sentries","floor":11.0,"turns":1.0},{"damage":0.0,"enemies":"Gremlin Nob","floor":12.0,"turns":1.0},{"damage":0.0,"enemies":"Lagavulin","floor":13.0,"turns":1.0},{"damage":0.0,"enemies":"Gremlin Nob","floor":14.0,"turns":1.0},{"damage":0.0,"enemies":"Hexaghost","floor":16.0,"turns":1.0},{"damage":0.0,"enemies":"3 Byrds","floor":18.0,"turns":1.0},{"damage":0.0,"enemies":"Chosen","floor":19.0,"turns":1.0},{"damage":0.0,"enemies":"Snake Plant","floor":20.0,"turns":1.0},{"damage":0.0,"enemies":"Shelled Parasite and Fungi","floor":21.0,"turns":1.0},{"damage":0.0,"enemies":"Replay:Snechameleon","floor":23.0,"turns":1.0},{"damage":0.0,"enemies":"Book of Stabbing","floor":24.0,"turns":1.0},{"damage":0.0,"enemies":"conspire:SneckoGhost","floor":25.0,"turns":1.0},{"damage":0.0,"enemies":"conspire:Head Lice","floor":27.0,"turns":1.0},{"damage":0.0,"enemies":"Book of Stabbing","floor":28.0,"turns":1.0},{"damage":0.0,"enemies":"conspire:SneckoGhost","floor":30.0,"turns":2.0},{"damage":0.0,"enemies":"conspire:Head Lice","floor":31.0,"turns":1.0},{"damage":0.0,"enemies":"hubris:MusketHawk","floor":33.0,"turns":2.0},{"damage":0.0,"enemies":"Orb Walker","floor":35.0,"turns":1.0},{"damage":0.0,"enemies":"3 Shapes","floor":36.0,"turns":1.0},{"damage":0.0,"enemies":"3 Darklings","floor":39.0,"turns":1.0},{"damage":0.0,"enemies":"R_Hoarder","floor":40.0,"turns":2.0},{"damage":0.0,"enemies":"Reptomancer","floor":41.0,"turns":1.0},{"damage":0.0,"enemies":"Giant Head","floor":42.0,"turns":1.0},{"damage":0.0,"enemies":"R_Hoarder","floor":44.0,"turns":1.0},{"damage":0.0,"enemies":"Giant Head","floor":46.0,"turns":1.0},{"damage":0.0,"enemies":"R_Hoarder","floor":47.0,"turns":1.0},{"damage":0.0,"enemies":"Nemesis","floor":48.0,"turns":1.0},{"damage":0.0,"enemies":"3 Darklings","floor":35.0,"turns":1.0},{"damage":0.0,"enemies":"Mind Bloom Boss Battle","floor":37.0,"turns":1.0},{"damage":0.0,"enemies":"R_Hoarder","floor":40.0,"turns":1.0},{"damage":0.0,"enemies":"Reptomancer","floor":41.0,"turns":1.0},{"damage":0,"enemies":"R_Hoarder","floor":44,"turns":1},{"damage":0,"enemies":"Nemesis","floor":45,"turns":1},{"damage":0,"enemies":"Reptomancer","floor":46,"turns":1},{"damage":0,"enemies":"R_Hoarder","floor":47,"turns":1},{"damage":0,"enemies":"Orb Walker","floor":48,"turns":1},{"damage":0,"enemies":"Time Eater","floor":50,"turns":1},{"damage":0,"enemies":"Awakened One","floor":51,"turns":2}],"seed_played":"2031572018368244800","potions_obtained":[{"floor":3.0,"key":"EssenceOfSteel"},{"floor":5.0,"key":"Adrenaline Potion"},{"floor":18.0,"key":"Dota2Spire:HealingSalve"},{"floor":41.0,"key":"Dota2Spire:HealingSalve"},{"floor":44,"key":"Fruit Juice"},{"floor":45,"key":"LifebloodPotion"}],"is_trial":true,"path_per_floor":["M","M","M","M","?","E","E","E","T","E","E","E","E","E","R","B",null,"M","M","M","M","$","E","E","E","T","E","E","?","E","E","R","B",null,"M","M","?","$","M","E","E","E","T","E","NS","E","E","E","R","M","?","?","$","NS","E","E","$","T","E","E","E","E","M","R","B","B",null],"character_chosen":"IRONCLAD","items_purchased":["BookOfRevelations","Brimstone","Pummel","Life Link","Inflame","Spot Weakness","CutThroughFate+1","Inflame","Strange Spoon","Dropkick"],"campfire_rested":0,"item_purchase_floors":[22,22,22,22,38,38,38,38,38,38],"current_hp_per_floor":[69,75,75,75,67,73,75,75,75,75,75,75,75,75,75,75,75,75,75,75,75,75,75,75,75,75,75,75,69,75,75,75,75,75,75,75,60,60,66,73,75,75,75,75,75,75,75,75,75,75,75,75,75,75,75,75,75,75,80,80,80,80,80,80,80,80],"gold":330,"neow_bonus":"","is_daily":false,"chose_seed":false,"campfire_upgraded":4,"win_rate":0.0,"timestamp":1613039468,"path_taken":["M","M","M","?","?","E","E","E","T","E","E","E","E","E","R","BOSS","M","M","M","M","$","E","E","E","T","E","E","?","E","E","R","BOSS","M","M","?","$","M","E","E","E","T","E","NS","E","E","E","R","M","?","?","$","NS","E","E","$","T","E","E","E","E","?","R","BOSS","BOSS"],"items_purchased_type":["Relic","Relic","Card","Card","Card","Card","Card","Card","Relic","Card"],"build_version":"2020-12-18","purchased_purges":2,"victory":true,"max_hp_per_floor":[75,75,75,75,75,75,75,75,75,75,75,75,75,75,75,75,75,75,75,75,75,75,75,75,75,75,75,75,75,75,75,75,75,75,75,75,75,75,75,75,75,75,75,75,75,75,75,75,75,75,75,75,75,75,75,75,75,75,80,80,80,80,80,80,80,80],"card_choices":[],"player_experience":672068,"relics_obtained":[{"floor":1.0,"key":"Dota2Spire:BattleFury"},{"floor":2.0,"key":"Dota2Spire:PhaseBoots"},{"floor":3.0,"key":"BookofShadows"},{"floor":4.0,"key":"CeramicFish"},{"floor":5.0,"key":"hubris:DeckOfHolding"},{"floor":5.0,"key":"King of Hearts"},{"floor":6.0,"key":"Dota2Spire:CrimsonGuard"},{"floor":7.0,"key":"hubris:CuriousFeather"},{"floor":8.0,"key":"Dota2Spire:Satanic"},{"floor":9.0,"key":"DeadEye"},{"floor":10.0,"key":"Garlic"},{"floor":11.0,"key":"hubris:OldNail"},{"floor":12.0,"key":"Dota2Spire:MonkeyKingBar"},{"floor":13.0,"key":"PillsDrop"},{"floor":14.0,"key":"hubris:Metronome"},{"floor":18.0,"key":"UnicornStump"},{"floor":19.0,"key":"Lantern"},{"floor":20.0,"key":"hubris:SphereOfDissonance"},{"floor":21.0,"key":"Darkstone Periapt"},{"floor":23.0,"key":"HornCleat"},{"floor":24.0,"key":"Shuriken"},{"floor":25.0,"key":"Gremlin Food"},{"floor":26.0,"key":"Dota2Spire:UrnOfShadows"},{"floor":27.0,"key":"hubris:MysteriousPyramids"},{"floor":28.0,"key":"YumHeart"},{"floor":30.0,"key":"Dota2Spire:AghanimScepter"},{"floor":31.0,"key":"Kunai"},{"floor":35.0,"key":"Mercury Hourglass"},{"floor":36.0,"key":"D4"},{"floor":39.0,"key":"Blue Doll"},{"floor":40.0,"key":"MealTicket"},{"floor":41.0,"key":"Gambling Chip"},{"floor":42.0,"key":"hubris:PeanutButter"},{"floor":44.0,"key":"Replay:Rubber Ducky"},{"floor":46.0,"key":"Ancient Tea Set"},{"floor":47.0,"key":"Pantograph"},{"floor":48.0,"key":"Dota2Spire:DivineRapier"},{"floor":35.0,"key":"TheBean"},{"floor":37.0,"key":"conspire:GiftBox"},{"floor":40.0,"key":"construct:RocketBooster"},{"floor":41.0,"key":"Dota2Spire:OrchidMalevolence"},{"floor":44,"key":"conspire:Boomerang"},{"floor":45,"key":"Girya"},{"floor":46,"key":"Gremlin Horn"},{"floor":47,"key":"hubris:ChampionShield"},{"floor":48,"key":"War Paint"}],"event_choices":[{"damage_healed":0.0,"max_hp_gain":0.0,"max_hp_loss":0.0,"gold_gain":0.0,"event_name":"HidenRoomEvent","player_choice":"Fight","floor":5.0,"gold_loss":0.0,"damage_taken":0.0},{"damage_healed":0.0,"max_hp_gain":0.0,"max_hp_loss":0.0,"gold_gain":0.0,"event_name":"Nest","player_choice":"Joined the Cult","floor":29.0,"gold_loss":0.0,"damage_taken":6.0,"cards_obtained":["RitualDagger"]},{"damage_healed":0.0,"max_hp_gain":0.0,"max_hp_loss":0.0,"gold_gain":0.0,"event_name":"Tomb of Lord Red Mask","player_choice":"Ignored","floor":36.0,"gold_loss":0.0,"damage_taken":0.0},{"damage_healed":0.0,"max_hp_gain":0.0,"max_hp_loss":0.0,"gold_gain":0.0,"event_name":"MindBloom","player_choice":"Fight","floor":37.0,"gold_loss":0.0,"damage_taken":0.0}],"is_beta":true,"boss_relics":[{"not_picked":["construct:WeddingRing","Astrolabe"],"picked":"hubris:Backtick"},{"not_picked":[]},{"not_picked":["Replay:Wanted Poster","Empty Cage"],"picked":"conspire:SpecialSausage"},{"not_picked":[]}],"items_purged_floors":[38,42],"is_endless":false,"potions_floor_spawned":[3,5,6,10,11,14,18,19,27,30,31,41,42,44,46,41,44,45,46,47],"ascension_level":20}}