{"host":"fxrgx7wt2cpkbhka","time":1613016334,"event":{"mods":["AchievementEnabler","BaseMod","Colored Powertips","Dark Map","Minty Spire (QoL Compilation)","Permanent Neow","Quick Restart","Slay-I","StSLib","Waifu the Spire"],"gold_per_floor":[215,43,43,43,61,61,75,75,154,154,154,185,202,215,215,215,215],"floor_reached":16,"language":"ENG","playtime":390,"items_purged":[],"score":170,"play_id":"43e07a11-46c4-4cd6-a56d-453e82bd98be","local_time":"20210210200534","is_ascension_mode":true,"campfire_choices":[{"data":"Apotheosis","floor":6,"key":"SMITH"},{"data":"Dualcast","floor":8,"key":"SMITH"},{"data":"Go for the Eyes","floor":11,"key":"SMITH"},{"data":"Go for the Eyes","floor":15,"key":"SMITH"}],"circlet_count":0,"master_deck":["AscendersBane","Strike_B","Strike_B","Strike_B","Strike_B","Defend_B","Defend_B","Defend_B","Defend_B","Zap","Dualcast+1","Go for the Eyes+1","Apotheosis+1","Go for the Eyes+1","Capacitor"],"relics":["Cracked Core","Molten Egg 2","Mango","Omamori"],"acts_visited":["Exordium"],"potions_floor_usage":[12,16],"damage_taken":[{"damage":1,"enemies":"Cultist","floor":1,"turns":3},{"damage":4,"enemies":"Jaw Worm","floor":5,"turns":2},{"damage":0,"enemies":"Small Slimes","floor":7,"turns":3},{"damage":34,"enemies":"3 Sentries","floor":12,"turns":7},{"damage":20,"enemies":"Gremlin Gang","floor":13,"turns":4},{"damage":6,"enemies":"Lots of Slimes","floor":14,"turns":4},{"damage":16,"enemies":"Hexaghost","floor":16,"turns":10}],"seed_played":"5002571261975907791","potions_obtained":[{"floor":5,"key":"Strength Potion"},{"floor":7,"key":"Energy Potion"},{"floor":13,"key":"Block Potion"}],"is_trial":false,"path_per_floor":["M","$","?","T","M","R","M","R","T","?","R","E","M","M","R","B"],"character_chosen":"DEFECT","items_purchased":["Apotheosis"],"campfire_rested":0,"item_purchase_floors":[2],"current_hp_per_floor":[63,63,63,63,59,59,59,59,59,73,73,39,19,13,13,0,0],"gold":215,"neow_bonus":"HUNDRED_GOLD","is_daily":false,"chose_seed":false,"campfire_upgraded":4,"win_rate":0.0,"timestamp":1613016334,"path_taken":["M","$","?","?","M","R","M","R","T","?","R","E","M","M","R","BOSS"],"items_purchased_type":["Card"],"build_version":"2020-12-22","purchased_purges":0,"victory":false,"max_hp_per_floor":[71,71,71,71,71,71,71,71,71,85,85,85,85,85,85,85,85],"card_choices":[{"not_picked":["Streamline","Beam Cell"],"picked":"Go for the Eyes","floor":1},{"not_picked":["Gash","Hello World"],"picked":"Go for the Eyes","floor":5},{"not_picked":["Beam Cell","Compile Driver","Hello World"],"picked":"SKIP","floor":7},{"not_picked":["Steam","Tempest","Genetic Algorithm"],"picked":"SKIP","floor":12},{"not_picked":["Static Discharge","Recycle","Rebound+1"],"picked":"SKIP","floor":13},{"not_picked":["Creative AI","Conserve Battery"],"picked":"Capacitor","floor":14}],"player_experience":765393,"relics_obtained":[{"floor":9,"key":"Molten Egg 2"},{"floor":12,"key":"Omamori"}],"event_choices":[{"damage_healed":0,"gold_gain":0,"player_choice":"Leave","damage_taken":0,"max_hp_gain":0,"max_hp_loss":0,"event_name":"The Cleric","floor":3,"gold_loss":0},{"damage_healed":0,"gold_gain":0,"player_choice":"Gave Potion","damage_taken":0,"relics_obtained":["Mango"],"max_hp_gain":0,"max_hp_loss":0,"event_name":"WeMeetAgain","floor":10,"gold_loss":0}],"is_beta":false,"boss_relics":[],"items_purged_floors":[],"is_endless":false,"potions_floor_spawned":[5,7,13],"killed_by":"Hexaghost","ascension_level":14}}