{"host":"3zmssa4s99zhxek5","time":1613021765,"event":{"mods":["AchievementEnabler","BaseMod","Minty Spire (QoL Compilation)","Permanent Neow","Relic Stats"],"gold_per_floor":[111,36,55,5,23,23,42,74,74,74,90,90,90],"floor_reached":12,"language":"KOR","playtime":1030,"items_purged":["Strike_R"],"score":160,"play_id":"bfbf3659-a23f-428f-9f03-7ab9a7e76dd9","local_time":"20210211143605","is_ascension_mode":true,"campfire_choices":[{"data":"Armaments","floor":6,"key":"SMITH"}],"circlet_count":0,"master_deck":["AscendersBane","Strike_R","Strike_R","Strike_R","Defend_R","Defend_R","Defend_R","Bash","Armaments+1","Cleave","Shrug It Off","Metallicize","Fiend Fire","Clothesline"],"relics":["Burning Blood","Smiling Mask","The Courier","Frozen Egg 2"],"acts_visited":["Exordium"],"potions_floor_usage":[8,11],"damage_taken":[{"damage":12,"enemies":"Small Slimes","floor":1,"turns":3},{"damage":10,"enemies":"2 Louse","floor":3,"turns":3},{"damage":2,"enemies":"Jaw Worm","floor":5,"turns":4},{"damage":15,"enemies":"Looter","floor":7,"turns":4},{"damage":26,"enemies":"Lagavulin","floor":8,"turns":8},{"damage":13,"enemies":"Exordium Thugs","floor":11,"turns":6},{"damage":22,"enemies":"3 Sentries","floor":12,"turns":4}],"seed_played":"126094131248384891","potions_obtained":[{"floor":3,"key":"BlessingOfTheForge"},{"floor":8,"key":"BlessingOfTheForge"}],"is_trial":false,"path_per_floor":["M","?","M","$","M","R","M","E","T","?","M","E"],"character_chosen":"IRONCLAD","items_purchased":[],"campfire_rested":0,"item_purchase_floors":[],"current_hp_per_floor":[62,62,58,58,62,62,53,33,33,26,19,0,0],"gold":90,"neow_bonus":"RANDOM_COMMON_RELIC","is_daily":false,"chose_seed":false,"campfire_upgraded":1,"win_rate":0.0,"timestamp":1613021765,"path_taken":["M","?","M","$","M","R","M","E","T","?","M","E"],"items_purchased_type":[],"build_version":"2020-12-22","purchased_purges":1,"victory":false,"max_hp_per_floor":[75,75,75,75,75,75,75,75,75,75,75,75,75],"relic_stats":{"counters":[7,32],"Smiling Mask":25,"obtain_stats":[{"The Courier":8,"Frozen Egg 2":9,"Smiling Mask":0,"Burning Blood":0},{"The Courier":5,"Frozen Egg 2":5,"Smiling Mask":0,"Burning Blood":0},{"The Courier":22,"Frozen Egg 2":22,"Smiling Mask":0,"Burning Blood":0}],"Burning Blood":36},"card_choices":[{"not_picked":["True Grit","Sword Boomerang"],"picked":"Armaments","floor":1},{"not_picked":["Flex","Iron Wave"],"picked":"Cleave","floor":3},{"not_picked":["Wild Strike","Power Through"],"picked":"Shrug It Off","floor":5},{"not_picked":["Warcry","Headbutt"],"picked":"Metallicize","floor":7},{"not_picked":["Reckless Charge","Heavy Blade"],"picked":"Fiend Fire","floor":8},{"not_picked":["Wild Strike","Headbutt"],"picked":"Clothesline","floor":11}],"player_experience":1599835,"relics_obtained":[{"floor":8,"key":"The Courier"},{"floor":9,"key":"Frozen Egg 2"}],"event_choices":[{"cards_removed":["Defend_R"],"damage_healed":0,"gold_gain":0,"player_choice":"Card Removal","damage_taken":0,"max_hp_gain":0,"max_hp_loss":0,"event_name":"The Cleric","floor":2,"gold_loss":75},{"cards_removed":["Strike_R"],"damage_healed":0,"gold_gain":0,"player_choice":"Card Removal","damage_taken":7,"max_hp_gain":0,"max_hp_loss":0,"event_name":"Golden Wing","floor":10,"gold_loss":0}],"is_beta":false,"boss_relics":[],"items_purged_floors":[4],"is_endless":false,"potions_floor_spawned":[3,8],"killed_by":"3 Sentries","ascension_level":20}}