{"host":"za1qviwhp34x909e","time":1613045674,"event":{"mods":["BaseMod","Colored Map","Colored Powertips","Highlight Path","Minty Spire (QoL Compilation)","Quick Restart"],"gold_per_floor":[99,99,99,99,99,99,99,99,99,99,99,99,99,99,99,99,99,99,99,99,99,99,99,99,99,99,99,99,99,99,99,99,99,99,99,99,99,0,0,0,0,0,0,0,0,0,0,0,0,0,0,0,0,0,0,0],"floor_reached":55,"language":"ENG","playtime":3171,"items_purged":[],"score":1269,"play_id":"4fee9032-38ce-4250-8288-7db478e5094a","local_time":"20210211061434","is_ascension_mode":true,"campfire_choices":[{"data":"ReachHeaven","floor":7,"key":"SMITH"},{"data":"Evaluate","floor":15,"key":"SMITH"},{"data":"Meditate","floor":23,"key":"SMITH"},{"data":"LessonLearned","floor":25,"key":"SMITH"},{"floor":32,"key":"REST"},{"data":"Vault","floor":41,"key":"SMITH"},{"data":"FearNoEvil","floor":45,"key":"SMITH"},{"floor":47,"key":"RECALL"},{"floor":49,"key":"REST"},{"floor":52,"key":"REST"}],"circlet_count":0,"master_deck":["Strike_P+1","Strike_P+1","Strike_P+1","Defend_P+1","Defend_P+1","Defend_P+1","Defend_P+1","Eruption+1","EmptyMind+1","BowlingBash+1","Vengeance+1","ReachHeaven+1","LessonLearned+1","WheelKick+1","FlurryOfBlows+1","EmptyMind+1","Evaluate+1","DeusExMachina+1","ThirdEye+1","Meditate+1","Indignation+1","Brilliance+1","JustLucky+1","FollowUp+1","Vault+1","JustLucky+1","TalkToTheHand+1","Evaluate+1","FearNoEvil+1","InnerPeace"],"relics":["Ectoplasm","Meat on the Bone","Matryoshka","Mercury Hourglass","InkBottle","Philosopher\u0027s Stone","Centennial Puzzle","HornCleat","CloakClasp","WingedGreaves","StrikeDummy","MawBank","Empty Cage","Red Mask","FossilizedHelix","Lantern","War Paint","Akabeko","Kunai"],"acts_visited":["Exordium","TheCity","TheBeyond","TheEnding"],"potions_floor_usage":[6,27,30,50,50],"damage_taken":[{"damage":2,"enemies":"Cultist","floor":1,"turns":3},{"damage":0,"enemies":"Jaw Worm","floor":2,"turns":2},{"damage":1,"enemies":"Small Slimes","floor":5,"turns":3},{"damage":27,"enemies":"Lagavulin","floor":6,"turns":6},{"damage":5,"enemies":"Blue Slaver","floor":8,"turns":3},{"damage":32,"enemies":"Gremlin Nob","floor":10,"turns":3},{"damage":3,"enemies":"Gremlin Gang","floor":11,"turns":4},{"damage":5,"enemies":"3 Sentries","floor":12,"turns":3},{"damage":12,"enemies":"Exordium Wildlife","floor":13,"turns":3},{"damage":14,"enemies":"The Guardian","floor":16,"turns":8},{"damage":0,"enemies":"Spheric Guardian","floor":18,"turns":3},{"damage":1,"enemies":"Shell Parasite","floor":20,"turns":3},{"damage":24,"enemies":"Snake Plant","floor":21,"turns":4},{"damage":3,"enemies":"Centurion and Healer","floor":22,"turns":4},{"damage":16,"enemies":"Snecko","floor":24,"turns":4},{"damage":13,"enemies":"Gremlin Leader","floor":27,"turns":2},{"damage":20,"enemies":"Colosseum Slavers","floor":28,"turns":2},{"damage":3,"enemies":"Colosseum Nobs","floor":28,"turns":2},{"damage":0,"enemies":"Book of Stabbing","floor":30,"turns":2},{"damage":15,"enemies":"Snake Plant","floor":31,"turns":3},{"damage":0,"enemies":"Automaton","floor":33,"turns":6},{"damage":20,"enemies":"3 Shapes","floor":35,"turns":4},{"damage":0,"enemies":"Orb Walker","floor":36,"turns":2},{"damage":0,"enemies":"Giant Head","floor":40,"turns":6},{"damage":0,"enemies":"Reptomancer","floor":42,"turns":5},{"damage":0,"enemies":"4 Shapes","floor":44,"turns":4},{"damage":0,"enemies":"Giant Head","floor":46,"turns":6},{"damage":28,"enemies":"Awakened One","floor":50,"turns":9},{"damage":0,"enemies":"Shield and Spear","floor":54,"turns":4},{"damage":139,"enemies":"The Heart","floor":55,"turns":9}],"seed_played":"-1320026941254380856","potions_obtained":[{"floor":1,"key":"Regen Potion"},{"floor":6,"key":"FairyPotion"},{"floor":10,"key":"FearPotion"},{"floor":16,"key":"Dexterity Potion"},{"floor":27,"key":"SteroidPotion"},{"floor":28,"key":"SmokeBomb"},{"floor":33,"key":"ColorlessPotion"},{"floor":40,"key":"Fire Potion"},{"floor":46,"key":"Strength Potion"},{"floor":54,"key":"DuplicationPotion"}],"is_trial":false,"path_per_floor":["M","M","?","?","M","E","R","M","T","E","M","E","M","?","R","B",null,"M","?","M","M","M","R","M","R","T","E","?","$","E","M","R","B",null,"M","M","?","?","$","E","R","E","T","M","R","E","R","$","R","B",null,"R","$","E","B"],"character_chosen":"WATCHER","items_purchased":[],"campfire_rested":3,"item_purchase_floors":[],"current_hp_per_floor":[63,63,63,52,51,39,39,46,46,26,35,42,42,28,28,26,61,61,49,48,36,45,45,41,41,41,40,41,41,41,38,59,59,69,49,49,49,49,49,49,49,49,49,49,49,49,49,49,68,40,61,68,68,68,0,0],"gold":0,"neow_bonus":"BOSS_RELIC","is_daily":false,"chose_seed":false,"campfire_upgraded":6,"win_rate":0.0,"timestamp":1613045674,"path_taken":["M","M","?","?","M","E","R","M","T","E","M","E","M","?","R","BOSS","M","?","M","?","M","R","M","R","T","E","?","$","E","M","R","BOSS","M","M","?","?","$","E","R","E","T","M","R","E","R","?","R","BOSS","R","$","E","BOSS"],"items_purchased_type":[],"build_version":"2020-12-22","purchased_purges":0,"victory":false,"max_hp_per_floor":[72,72,72,72,72,72,72,72,72,72,72,72,72,72,72,72,72,72,72,72,72,72,72,72,72,72,72,72,72,72,72,72,72,72,72,72,68,68,68,68,68,68,68,68,68,68,68,68,68,68,68,68,68,68,68,68],"card_choices":[{"not_picked":["Collect","JustLucky"],"picked":"EmptyMind","floor":1},{"not_picked":["ClearTheMind","Prostrate"],"picked":"BowlingBash","floor":2},{"not_picked":["CrushJoints","JustLucky"],"picked":"Vengeance","floor":5},{"not_picked":["FlyingSleeves","CrushJoints"],"picked":"ReachHeaven","floor":6},{"not_picked":["FollowUp","EmptyBody"],"picked":"LessonLearned","floor":8},{"not_picked":["WreathOfFlame","Perseverance"],"picked":"WheelKick","floor":10},{"not_picked":["JustLucky","Consecrate"],"picked":"FlurryOfBlows","floor":11},{"not_picked":["Protect","Vengeance"],"picked":"EmptyMind","floor":12},{"not_picked":["Consecrate","BowlingBash"],"picked":"Evaluate","floor":13},{"not_picked":["DevaForm","Scrawl"],"picked":"DeusExMachina","floor":16},{"not_picked":["Prostrate","ForeignInfluence"],"picked":"ThirdEye","floor":18},{"not_picked":["ReachHeaven","PathToVictory"],"picked":"Meditate","floor":20},{"not_picked":["Protect","WindmillStrike","Perseverance"],"picked":"SKIP","floor":21},{"not_picked":["Collect","Indignation","Consecrate"],"picked":"SKIP","floor":22},{"not_picked":["Collect","Consecrate"],"picked":"Indignation","floor":22},{"not_picked":["Crescendo+1","Weave"],"picked":"Brilliance","floor":24},{"not_picked":["Crescendo+1","Wireheading"],"picked":"JustLucky+1","floor":27},{"not_picked":["ReachHeaven+1","SashWhip"],"picked":"FollowUp+1","floor":28},{"not_picked":["BowlingBash+1","PathToVictory","Blasphemy"],"picked":"SKIP","floor":30},{"not_picked":["BowlingBash","Sanctity","SignatureMove"],"picked":"SKIP","floor":31},{"not_picked":["Scrawl","Blasphemy"],"picked":"Vault","floor":33},{"not_picked":["ThirdEye+1","Crescendo"],"picked":"JustLucky+1","floor":35},{"not_picked":["Consecrate+1","ConjureBlade","Nirvana+1"],"picked":"SKIP","floor":36},{"not_picked":["SashWhip+1","CutThroughFate+1"],"picked":"TalkToTheHand+1","floor":40},{"not_picked":["Sanctity+1","EmptyMind+1"],"picked":"Evaluate+1","floor":42},{"not_picked":["Halt+1","FlyingSleeves"],"picked":"FearNoEvil","floor":44},{"not_picked":["Wish","Fasting2","Swivel"],"picked":"SKIP","floor":46},{"not_picked":["Crescendo","SashWhip"],"picked":"InnerPeace","floor":54}],"player_experience":671033,"relics_obtained":[{"floor":6,"key":"Meat on the Bone"},{"floor":9,"key":"Matryoshka"},{"floor":10,"key":"Mercury Hourglass"},{"floor":12,"key":"InkBottle"},{"floor":26,"key":"Centennial Puzzle"},{"floor":26,"key":"HornCleat"},{"floor":27,"key":"CloakClasp"},{"floor":28,"key":"WingedGreaves"},{"floor":28,"key":"StrikeDummy"},{"floor":30,"key":"MawBank"},{"floor":40,"key":"FossilizedHelix"},{"floor":42,"key":"Lantern"},{"floor":43,"key":"War Paint"},{"floor":46,"key":"Akabeko"},{"floor":54,"key":"Kunai"}],"event_choices":[{"damage_healed":0,"gold_gain":0,"player_choice":"Grow","damage_taken":0,"max_hp_gain":0,"max_hp_loss":0,"event_name":"Living Wall","floor":3,"gold_loss":0,"cards_upgraded":["Eruption"]},{"damage_healed":0,"gold_gain":75,"player_choice":"Gather Gold","damage_taken":11,"max_hp_gain":0,"max_hp_loss":0,"event_name":"World of Goop","floor":4,"gold_loss":0},{"damage_healed":0,"gold_gain":0,"player_choice":"Entered Light","damage_taken":14,"max_hp_gain":0,"max_hp_loss":0,"event_name":"Shining Light","floor":14,"gold_loss":0,"cards_upgraded":["Strike_P","Strike_P"]},{"damage_healed":0,"gold_gain":90,"player_choice":"GOLD ","damage_taken":12,"max_hp_gain":0,"max_hp_loss":0,"event_name":"Knowing Skull","floor":19,"potions_obtained":[],"gold_loss":0,"cards_obtained":[]},{"damage_healed":0,"gold_gain":0,"player_choice":"Fight","damage_taken":0,"max_hp_gain":0,"max_hp_loss":0,"event_name":"Colosseum","floor":28,"gold_loss":0},{"damage_healed":0,"gold_gain":0,"player_choice":"Fought Nobs","damage_taken":0,"max_hp_gain":0,"max_hp_loss":0,"event_name":"Colosseum","floor":28,"gold_loss":0},{"damage_healed":0,"gold_gain":0,"player_choice":"Max HP","damage_taken":0,"max_hp_gain":0,"max_hp_loss":4,"event_name":"Winding Halls","floor":37,"gold_loss":0},{"damage_healed":0,"gold_gain":0,"player_choice":"Paid","damage_taken":0,"relics_obtained":["Red Mask"],"max_hp_gain":0,"max_hp_loss":0,"event_name":"Tomb of Lord Red Mask","floor":38,"gold_loss":99}],"is_beta":false,"boss_relics":[{"not_picked":["Pandora\u0027s Box","SlaversCollar"],"picked":"Philosopher\u0027s Stone"},{"not_picked":["Cursed Key","Snecko Eye"],"picked":"Empty Cage"}],"items_purged_floors":[],"is_endless":false,"potions_floor_spawned":[1,6,10,16,20,27,28,33,40,46,54],"killed_by":"The Heart","ascension_level":7}}