{"host":"36t3qd3wjvajtu1z","time":1613028291,"event":{"mods":["2.2 Compatiblity","AchievementEnabler","BaseMod","Bestiary","Block Reminder","Colored Powertips","Curses Come First","Highlight Path","Minty Spire (QoL Compilation)","Permanent Neow","Quick Restart","Random Character Button","Rare Cards Sparkle","Relic Stats","Slay-I","StSLib","Unknown Chances"],"gold_per_floor":[117,134,134,152,152,152,181,181,230,288,253,273,304,316,316,388,388,400,400,415,340,59,85,85,104,104,19,19,31,49,83,83,83,83],"floor_reached":33,"language":"ENG","playtime":1851,"items_purged":["Defend_R"],"score":556,"play_id":"2c6667ef-4a61-496c-963e-67bd69484e2c","local_time":"20210210232451","is_ascension_mode":true,"campfire_choices":[{"floor":6.0,"key":"REST"},{"data":"Carnage","floor":15.0,"key":"SMITH"},{"data":"True Grit","floor":24.0,"key":"SMITH"},{"data":"Bash","floor":28.0,"key":"SMITH"},{"floor":32.0,"key":"REST"}],"circlet_count":0,"master_deck":["AscendersBane","Strike_R+1","Strike_R","Strike_R","Defend_R","Defend_R","Defend_R","Bash+1","Feed","Carnage+1","Metallicize+1","Headbutt","Juggernaut","True Grit+1","Flex","Offering","Metallicize","Clothesline","Flame Barrier","Fire Breathing+1","Evolve+1","Normality","Uppercut","Burning Pact+1","Dual Wield"],"relics":["Burning Blood","Juzu Bracelet","Sundial","MealTicket","Lantern","Cursed Key","Medical Kit","Frozen Egg 2","White Beast Statue","Singing Bowl","Shuriken"],"acts_visited":["TheCity"],"potions_floor_usage":[33,33],"damage_taken":[{"damage":8.0,"enemies":"Small Slimes","floor":1.0,"turns":5.0},{"damage":6.0,"enemies":"2 Louse","floor":2.0,"turns":4.0},{"damage":0.0,"enemies":"Cultist","floor":4.0,"turns":3.0},{"damage":22.0,"enemies":"3 Sentries","floor":7.0,"turns":7.0},{"damage":13.0,"enemies":"3 Louse","floor":12.0,"turns":3.0},{"damage":32.0,"enemies":"Gremlin Nob","floor":13.0,"turns":5.0},{"damage":0.0,"enemies":"Large Slime","floor":14.0,"turns":4.0},{"damage":7.0,"enemies":"Slime Boss","floor":16.0,"turns":11.0},{"damage":6.0,"enemies":"Chosen","floor":18.0,"turns":4.0},{"damage":0.0,"enemies":"Spheric Guardian","floor":20.0,"turns":3.0},{"damage":22.0,"enemies":"Slavers","floor":23.0,"turns":6.0},{"damage":28.0,"enemies":"Chosen and Byrds","floor":25.0,"turns":6.0},{"damage":8.0,"enemies":"Shelled Parasite and Fungi","floor":29.0,"turns":6.0},{"damage":26.0,"enemies":"Snake Plant","floor":30.0,"turns":4.0},{"damage":19.0,"enemies":"Book of Stabbing","floor":31.0,"turns":5.0},{"damage":80,"enemies":"Champ","floor":33,"turns":13}],"seed_played":"-2773688258656754425","potions_obtained":[{"floor":1.0,"key":"ColorlessPotion"},{"floor":7.0,"key":"DuplicationPotion"},{"floor":13.0,"key":"SkillPotion"},{"floor":14.0,"key":"SteroidPotion"},{"floor":29.0,"key":"Regen Potion"},{"floor":30.0,"key":"GamblersBrew"}],"is_trial":false,"path_per_floor":["M","M","?","M","?","R","E","?","T","?","?","M","E","M","R","B",null,"M","?","M","?","$","E","R","M","T","?","R","M","M","E","R","B"],"character_chosen":"IRONCLAD","items_purchased":["Medical Kit","Flame Barrier"],"campfire_rested":2,"item_purchase_floors":[22,22],"current_hp_per_floor":[51,54,43,52,27,52,39,39,39,39,60,56,33,42,42,44,85,85,85,91,91,99,86,86,64,64,64,64,65,57,44,75,0,0],"gold":83,"neow_bonus":"THREE_RARE_CARDS","is_daily":false,"chose_seed":false,"campfire_upgraded":3,"win_rate":0.0,"timestamp":1613028291,"path_taken":["M","M","?","M","?","R","E","?","T","?","?","M","E","M","R","BOSS","M","?","M","?","$","E","R","M","T","?","R","M","M","E","R","BOSS"],"items_purchased_type":["Relic","Card"],"build_version":"2020-12-22","purchased_purges":1,"victory":false,"max_hp_per_floor":[78,81,81,84,84,84,87,87,87,87,87,90,93,96,96,99,99,99,99,99,99,99,102,102,102,102,102,102,105,105,105,105,105,105],"relic_stats":{"Singing Bowl":0,"counters":[16,89],"Sundial":[8],"Shuriken":[0],"MealTicket":8,"Juzu Bracelet":2,"Cursed Key":1,"Medical Kit":[7],"obtain_stats":[{"Lantern":13,"Singing Bowl":27,"Sundial":7,"Shuriken":31,"MealTicket":9,"Juzu Bracelet":3,"Frozen Egg 2":23,"Cursed Key":17,"Medical Kit":22,"Burning Blood":0,"White Beast Statue":26},{"Lantern":6,"Singing Bowl":12,"Sundial":4,"Shuriken":15,"MealTicket":4,"Juzu Bracelet":2,"Frozen Egg 2":11,"Cursed Key":8,"Medical Kit":10,"Burning Blood":0,"White Beast Statue":12},{"Lantern":27,"Singing Bowl":61,"Sundial":19,"Shuriken":76,"MealTicket":19,"Juzu Bracelet":9,"Frozen Egg 2":55,"Cursed Key":42,"Medical Kit":49,"Burning Blood":0,"White Beast Statue":61}],"Burning Blood":90},"card_choices":[{"not_picked":["Barricade","Berserk"],"picked":"Feed","floor":0.0},{"not_picked":["Shrug It Off","Pommel Strike"],"picked":"Carnage","floor":1.0},{"not_picked":["Havoc","Perfected Strike"],"picked":"Metallicize","floor":2.0},{"not_picked":["Pommel Strike","Dropkick"],"picked":"Headbutt","floor":4.0},{"not_picked":["True Grit","Iron Wave"],"picked":"Juggernaut","floor":7.0},{"not_picked":["Whirlwind","Metallicize"],"picked":"True Grit","floor":12.0},{"not_picked":["Rupture","Armaments","Perfected Strike"],"picked":"SKIP","floor":13.0},{"not_picked":["Body Slam","Rampage"],"picked":"Flex","floor":14.0},{"not_picked":["Corruption","Juggernaut"],"picked":"Offering","floor":16.0},{"not_picked":["Entrench","Thunderclap"],"picked":"Metallicize","floor":18.0},{"not_picked":["Armaments","Disarm"],"picked":"Clothesline","floor":20.0},{"not_picked":["Power Through","Clothesline+1"],"picked":"Fire Breathing+1","floor":23.0},{"not_picked":["Clash","Anger"],"picked":"Evolve+1","floor":25.0},{"not_picked":["Entrench","Cleave"],"picked":"Uppercut","floor":29.0},{"not_picked":["Carnage","Flex"],"picked":"Burning Pact+1","floor":30.0},{"not_picked":["Heavy Blade","Shrug It Off"],"picked":"Dual Wield","floor":31.0}],"player_experience":487853,"relics_obtained":[{"floor":7.0,"key":"Sundial"},{"floor":9.0,"key":"MealTicket"},{"floor":13.0,"key":"Lantern"},{"floor":23.0,"key":"Frozen Egg 2"},{"floor":26.0,"key":"White Beast Statue"},{"floor":31.0,"key":"Shuriken"}],"event_choices":[{"damage_healed":0.0,"max_hp_gain":0.0,"max_hp_loss":0.0,"gold_gain":0.0,"event_name":"Scrap Ooze","player_choice":"Success","floor":3.0,"gold_loss":0.0,"damage_taken":11.0,"relics_obtained":["Juzu Bracelet"]},{"damage_healed":0.0,"max_hp_gain":0.0,"max_hp_loss":0.0,"gold_gain":0.0,"event_name":"Shining Light","player_choice":"Entered Light","floor":5.0,"gold_loss":0.0,"damage_taken":25.0,"cards_upgraded":["Strike_R","Metallicize"]},{"cards_removed":["Strike_R"],"damage_healed":0.0,"max_hp_gain":0.0,"max_hp_loss":0.0,"gold_gain":0.0,"event_name":"Purifier","player_choice":"Purged","floor":8.0,"gold_loss":0.0,"damage_taken":0.0},{"damage_healed":0.0,"max_hp_gain":0.0,"max_hp_loss":0.0,"gold_gain":58.0,"event_name":"Golden Wing","player_choice":"Gained Gold","floor":10.0,"gold_loss":0.0,"damage_taken":0.0},{"damage_healed":21.0,"max_hp_gain":0.0,"max_hp_loss":0.0,"gold_gain":0.0,"event_name":"The Cleric","player_choice":"Healed","floor":11.0,"gold_loss":35.0,"damage_taken":0.0},{"damage_healed":0.0,"max_hp_gain":0.0,"max_hp_loss":0.0,"gold_gain":0.0,"event_name":"Ghosts","player_choice":"Ignored","floor":19.0,"gold_loss":0.0,"damage_taken":0.0},{"cards_removed":["Strike_R"],"damage_healed":0.0,"max_hp_gain":0.0,"max_hp_loss":0.0,"gold_gain":0.0,"event_name":"Designer","player_choice":"Single Remove","floor":21.0,"gold_loss":75.0,"damage_taken":0.0},{"damage_healed":0.0,"max_hp_gain":0.0,"max_hp_loss":0.0,"gold_gain":0.0,"event_name":"Addict","player_choice":"Obtained Relic","floor":27.0,"gold_loss":85.0,"damage_taken":0.0,"relics_obtained":["Singing Bowl"]}],"is_beta":false,"boss_relics":[{"not_picked":["Empty Cage","Fusion Hammer"],"picked":"Cursed Key"}],"items_purged_floors":[22],"is_endless":false,"potions_floor_spawned":[1,7,13,14,20,23,29,30,31],"killed_by":"Champ","ascension_level":16}}