{"host":"hk6dyp3pgs92n0l4","time":1613066230,"event":{"mods":["AchievementEnabler","BaseMod","Colored Powertips","GifTheSpireLib","Infinite Spire","Minty Spire (QoL Compilation)","Random Character Mod","StSLib","The Bug Knight","The Construct","The Cursed","The Disciple","The Hierophant","The Runesmith"],"gold_per_floor":[112,287,302,302,321,347,347,377,402,468,518,44,54,72,72,174,224,234,246,296,346,360,395,395,395],"floor_reached":24,"language":"ENG","playtime":1471,"items_purged":[],"score":228,"play_id":"844fab2c-67ae-424b-b271-a9c7ccdc8b1c","local_time":"20210211095710","is_ascension_mode":false,"campfire_choices":[{"data":"Runesmith:Terraform","floor":7,"key":"SMITH"},{"data":"Runesmith:RunicBlueprint","floor":15,"key":"SMITH"}],"circlet_count":0,"master_deck":["Runesmith:Strike_RS","Runesmith:Strike_RS","Runesmith:Strike_RS","Runesmith:Strike_RS","Runesmith:Defend_RS","Runesmith:Defend_RS+1","Runesmith:Defend_RS","Runesmith:CraftFirestone","Runesmith:Fortify","Runesmith:BackupBattery","Doubt","Runesmith:HeatedChisel","Runesmith:Terraform+1","Runesmith:Firewall","Runesmith:ArcReactor","Runesmith:ChargedHammer","Runesmith:Firestorm+1","Runesmith:CraftSpiculum","Runesmith:CraftMedicinae","Runesmith:RunicBlueprint+1","Runesmith:FissionHammer","Runesmith:CraftProtectio","Runesmith:EarthShield","Runesmith:EnergizedChisel+1","Writhe","Runesmith:Discharge","Runesmith:UnlimitedPower"],"relics":["Runesmith:BrokenRuby","SsserpentHead","Bag of Preparation","Nunchaku","Orichalcum","Lee\u0027s Waffle","Tiny House","Happy Flower","Runesmith:AutoHammer"],"acts_visited":["Exordium","TheCity"],"potions_floor_usage":[6,6,8,16,18,23],"damage_taken":[{"damage":0,"enemies":"Small Slimes","floor":1,"turns":4},{"damage":6,"enemies":"2 Louse","floor":3,"turns":3},{"damage":3,"enemies":"Cultist","floor":5,"turns":4},{"damage":15,"enemies":"Lagavulin","floor":6,"turns":7},{"damage":23,"enemies":"3 Sentries","floor":8,"turns":8},{"damage":9,"enemies":"2 Fungi Beasts","floor":10,"turns":6},{"damage":7,"enemies":"Looter","floor":13,"turns":5},{"damage":6,"enemies":"Blue Slaver","floor":14,"turns":4},{"damage":19,"enemies":"Slime Boss","floor":16,"turns":9},{"damage":18,"enemies":"2 Thieves","floor":18,"turns":4},{"damage":13,"enemies":"Chosen","floor":19,"turns":7},{"damage":23,"enemies":"Sentry and Sphere","floor":22,"turns":9},{"damage":15,"enemies":"HollowMod:Nosk","floor":23,"turns":16},{"damage":5,"enemies":"3 Cultists","floor":24,"turns":3}],"seed_played":"-5699980075578639874","potions_obtained":[{"floor":1,"key":"infinitespire:BlackPotion"},{"floor":5,"key":"BlessingOfTheForge"},{"floor":6,"key":"Explosive Potion"},{"floor":14,"key":"DuplicationPotion"},{"floor":17,"key":"SkillPotion"},{"floor":22,"key":"Fire Potion"}],"is_trial":true,"path_per_floor":["M","?","M","?","M","E","R","E","T","M","?","$","M","M","R","B",null,"M","M","?","?","M","E","M"],"character_chosen":"RUNESMITH_CLASS","items_purchased":["Lee\u0027s Waffle","Runesmith:ChargedHammer","Runesmith:Firestorm","Runesmith:CraftSpiculum","Runesmith:CraftMedicinae"],"campfire_rested":0,"item_purchase_floors":[12,12,12,12,12],"current_hp_per_floor":[70,70,64,64,61,46,46,23,23,14,7,77,70,64,64,45,82,64,51,51,51,30,15,10,10],"gold":395,"neow_bonus":"","is_daily":false,"chose_seed":false,"campfire_upgraded":2,"win_rate":0.0,"timestamp":1613066230,"path_taken":["M","?","M","?","M","E","R","E","T","?","?","$","M","M","R","BOSS","M","M","?","?","M","E","M"],"items_purchased_type":["Relic","Card","Card","Card","Card"],"build_version":"2020-12-22","purchased_purges":0,"victory":false,"max_hp_per_floor":[70,70,70,70,70,70,70,70,70,70,70,77,77,77,77,77,82,82,82,82,82,82,82,82,82],"card_choices":[{"not_picked":["Runesmith:HammerThrow","Runesmith:NegativeSpace"],"picked":"Runesmith:BackupBattery","floor":1},{"not_picked":["Runesmith:StaticCage","Runesmith:UnstableHammer","Runesmith:MakeshiftArmor"],"picked":"SKIP","floor":3},{"not_picked":["Runesmith:NanitesCloud","Runesmith:Retool"],"picked":"Runesmith:HeatedChisel","floor":5},{"not_picked":["Runesmith:HeatedChisel","Runesmith:HammerThrow"],"picked":"Runesmith:Terraform","floor":6},{"not_picked":["Runesmith:HeatExchange","Runesmith:WhiteBalance"],"picked":"Runesmith:Firewall","floor":8},{"not_picked":["Runesmith:Repurpose","Runesmith:ChiselStab"],"picked":"Runesmith:ArcReactor","floor":10},{"not_picked":["Runesmith:ChargedHammer","Runesmith:Attraction"],"picked":"Runesmith:RunicBlueprint","floor":13},{"not_picked":["Runesmith:HammerThrow","Runesmith:BackupBattery","Runesmith:UnstableHammer"],"picked":"SKIP","floor":14},{"not_picked":["Runesmith:CraftIndustria","Runesmith:GrandSlam"],"picked":"Runesmith:FissionHammer","floor":16},{"not_picked":["Runesmith:Permafrost","Runesmith:UnstableHammer"],"picked":"Runesmith:CraftProtectio","floor":17},{"not_picked":["Runesmith:Firewall+1","Runesmith:ShiftingStrike"],"picked":"Runesmith:EarthShield","floor":18},{"not_picked":["Runesmith:EarthShield","Runesmith:HeatExchange"],"picked":"Runesmith:EnergizedChisel+1","floor":19},{"not_picked":["Runesmith:HammerThrow+1","Runesmith:CraftMagma+1"],"picked":"Runesmith:Discharge","floor":22},{"not_picked":["Runesmith:UnstableHammer","Runesmith:Repurpose+1"],"picked":"Runesmith:UnlimitedPower","floor":23}],"player_experience":137158,"relics_obtained":[{"floor":6,"key":"Bag of Preparation"},{"floor":8,"key":"Nunchaku"},{"floor":9,"key":"Orichalcum"},{"floor":23,"key":"Runesmith:AutoHammer"}],"event_choices":[{"damage_healed":0,"gold_gain":175,"player_choice":"AGREE","damage_taken":0,"max_hp_gain":0,"max_hp_loss":0,"event_name":"Liars Game","floor":2,"gold_loss":0,"cards_obtained":["Doubt"]},{"damage_healed":0,"gold_gain":0,"player_choice":"Trade","damage_taken":0,"relics_obtained":["SsserpentHead"],"max_hp_gain":0,"max_hp_loss":0,"event_name":"FaceTrader","floor":4,"gold_loss":0},{"cards_removed":["Runesmith:Defend_RS"],"damage_healed":0,"gold_gain":0,"player_choice":"Card Removal","damage_taken":7,"max_hp_gain":0,"max_hp_loss":0,"event_name":"Golden Wing","floor":11,"gold_loss":0},{"damage_healed":0,"gold_gain":0,"player_choice":"Opened","damage_taken":0,"relics_obtained":["Happy Flower"],"max_hp_gain":0,"max_hp_loss":0,"event_name":"The Mausoleum","floor":20,"gold_loss":0,"cards_obtained":["Writhe"]},{"damage_healed":0,"gold_gain":0,"player_choice":"Upgraded","damage_taken":0,"max_hp_gain":0,"max_hp_loss":0,"event_name":"Upgrade Shrine","floor":21,"gold_loss":0,"cards_upgraded":["Runesmith:Firestorm"]}],"is_beta":false,"boss_relics":[{"not_picked":["Sozu","Astrolabe"],"picked":"Tiny House"}],"items_purged_floors":[],"is_endless":false,"potions_floor_spawned":[1,5,6,14,16,22],"killed_by":"3 Cultists","ascension_level":0}}