{"host":"17trt2gvjgnh9jmc","time":1613072567,"event":{"mods":["AchievementEnabler","BaseMod","Bestiary","Colored Map","Minty Spire (QoL Compilation)","Relic Stats"],"gold_per_floor":[109,120,120,195,214,242,255,255,255],"floor_reached":8,"language":"ENG","playtime":1035,"items_purged":[],"score":86,"play_id":"b4fdd3eb-92a7-4879-982b-89950ddc1f0d","local_time":"20210211204247","is_ascension_mode":true,"campfire_choices":[],"circlet_count":0,"master_deck":["Strike_P","Strike_P","Strike_P","Strike_P","Defend_P","Defend_P","Defend_P","Defend_P","Eruption","Vigilance","Prostrate","Prostrate","Consecrate","Crescendo","Vengeance"],"relics":["PureWater","Pear","Dream Catcher"],"acts_visited":["Exordium"],"potions_floor_usage":[8,8],"damage_taken":[{"damage":0,"enemies":"Jaw Worm","floor":1,"turns":3},{"damage":6,"enemies":"Small Slimes","floor":2,"turns":2},{"damage":0,"enemies":"Cultist","floor":5,"turns":3},{"damage":24,"enemies":"Lagavulin","floor":6,"turns":9},{"damage":11,"enemies":"Exordium Thugs","floor":7,"turns":3},{"damage":40,"enemies":"3 Sentries","floor":8,"turns":6}],"seed_played":"-1391038857133427599","potions_obtained":[{"floor":6,"key":"Explosive Potion"},{"floor":7,"key":"Regen Potion"}],"is_trial":false,"path_per_floor":["M","M","?","?","M","E","M","E"],"character_chosen":"WATCHER","items_purchased":[],"campfire_rested":0,"item_purchase_floors":[],"current_hp_per_floor":[79,73,71,60,60,36,25,0,0],"gold":255,"neow_bonus":"TEN_PERCENT_HP_BONUS","is_daily":false,"chose_seed":false,"campfire_upgraded":0,"win_rate":0.0,"timestamp":1613072567,"path_taken":["M","M","?","?","M","E","M","E"],"items_purchased_type":[],"build_version":"2020-12-22","purchased_purges":0,"victory":false,"max_hp_per_floor":[79,79,89,89,89,89,89,89,89],"relic_stats":{"Dream Catcher":0,"counters":[6,26],"obtain_stats":[{"Dream Catcher":6,"Pear":3,"PureWater":0},{"Dream Catcher":4,"Pear":2,"PureWater":0},{"Dream Catcher":17,"Pear":5,"PureWater":0}]},"card_choices":[{"not_picked":["ThirdEye","PathToVictory"],"picked":"Prostrate","floor":1},{"not_picked":["Worship","Crescendo"],"picked":"Prostrate","floor":2},{"not_picked":["Prostrate","Crescendo"],"picked":"Consecrate","floor":5},{"not_picked":["ClearTheMind","JustLucky"],"picked":"Crescendo","floor":6},{"not_picked":["PathToVictory","ThirdEye"],"picked":"Vengeance","floor":7}],"player_experience":445599,"relics_obtained":[{"floor":6,"key":"Dream Catcher"}],"event_choices":[{"damage_healed":0,"gold_gain":0,"player_choice":"Success","damage_taken":12,"relics_obtained":["Pear"],"max_hp_gain":0,"max_hp_loss":0,"event_name":"Scrap Ooze","floor":3,"gold_loss":0},{"damage_healed":0,"gold_gain":75,"player_choice":"Gather Gold","damage_taken":11,"max_hp_gain":0,"max_hp_loss":0,"event_name":"World of Goop","floor":4,"gold_loss":0}],"is_beta":false,"boss_relics":[],"items_purged_floors":[],"is_endless":false,"potions_floor_spawned":[6,7],"killed_by":"3 Sentries","ascension_level":1}}