{"host":"xw7092rw7wabncmm","time":1613011229,"event":{"mods":["AchievementEnabler","BaseMod","Bestiary","Block Reminder","Minty Spire (QoL Compilation)","Quick Restart","Relic Stats","Slay-I","Weighted Paths"],"gold_per_floor":[114,114,3,23,33,33,58,58,84,110,110,129,145,145,145,246,246,266,266,281,291,302,302,335,345,370,389,389,422,94,106,106,106,106],"floor_reached":33,"language":"ENG","playtime":2378,"items_purged":[],"score":404,"play_id":"6af75d31-1c20-42a0-977c-8ef04e22e458","local_time":"20210210214029","is_ascension_mode":true,"campfire_choices":[{"data":"Self Repair","floor":6,"key":"SMITH"},{"data":"Zap","floor":8,"key":"SMITH"},{"data":"Go for the Eyes","floor":11,"key":"SMITH"},{"data":"Genetic Algorithm","floor":15,"key":"SMITH"},{"data":"Panacea","floor":23,"key":"SMITH"},{"floor":28,"key":"REST"},{"data":"Buffer","floor":32,"key":"SMITH"}],"circlet_count":0,"master_deck":["Strike_B","Strike_B","Strike_B","Strike_B","Defend_B","Defend_B","Defend_B","Defend_B","Zap+1","Dualcast","Steam","Rip and Tear","Panacea+1","Self Repair+1","Go for the Eyes+1","All For One","Melter","Genetic Algorithm+1","Ball Lightning","Ball Lightning","Buffer+1","Stack","Skim","Go for the Eyes+1","Glacier","Beam Cell+1","Gash+1","Cold Snap","Ball Lightning","Impatience","Go for the Eyes"],"relics":["FrozenCore","NeowsBlessing","Bronze Scales","Bag of Preparation","Ancient Tea Set","Nilry\u0027s Codex","Potion Belt","Vajra","Peace Pipe","White Beast Statue"],"acts_visited":["Exordium","TheCity"],"potions_floor_usage":[7,7,10,18,22,24,29,33],"damage_taken":[{"damage":0,"enemies":"Small Slimes","floor":1,"turns":1},{"damage":0,"enemies":"Cultist","floor":4,"turns":1},{"damage":0,"enemies":"2 Louse","floor":5,"turns":1},{"damage":10,"enemies":"3 Sentries","floor":7,"turns":6},{"damage":20,"enemies":"Lagavulin","floor":10,"turns":3},{"damage":1,"enemies":"Looter","floor":12,"turns":2},{"damage":18,"enemies":"Large Slime","floor":13,"turns":4},{"damage":35,"enemies":"Hexaghost","floor":16,"turns":8},{"damage":21,"enemies":"2 Thieves","floor":18,"turns":4},{"damage":0,"enemies":"Spheric Guardian","floor":20,"turns":2},{"damage":19,"enemies":"Cultist and Chosen","floor":21,"turns":7},{"damage":1,"enemies":"Snecko","floor":22,"turns":6},{"damage":55,"enemies":"Gremlin Leader","floor":24,"turns":10},{"damage":2,"enemies":"Chosen and Byrds","floor":25,"turns":6},{"damage":11,"enemies":"Shelled Parasite and Fungi","floor":27,"turns":4},{"damage":5,"enemies":"Slavers","floor":29,"turns":5},{"damage":3,"enemies":"Snecko","floor":31,"turns":5},{"damage":80,"enemies":"Automaton","floor":33,"turns":6}],"seed_played":"-3790573389363526584","potions_obtained":[{"floor":4,"key":"Strength Potion"},{"floor":5,"key":"LiquidBronze"},{"floor":7,"key":"SteroidPotion"},{"floor":18,"key":"Strength Potion"},{"floor":21,"key":"Swift Potion"},{"floor":22,"key":"SneckoOil"},{"floor":25,"key":"SkillPotion"},{"floor":31,"key":"DuplicationPotion"}],"is_trial":false,"path_per_floor":["M","?","$","M","M","R","E","R","T","E","R","M","M","?","R","B",null,"M","?","M","M","M","R","E","M","T","M","R","E","$","M","R","B"],"character_chosen":"DEFECT","items_purchased":["Self Repair","Regen Potion","White Beast Statue","Impatience"],"campfire_rested":1,"item_purchase_floors":[3,3,30,30],"current_hp_per_floor":[68,68,68,68,75,75,75,75,75,65,65,74,66,71,71,46,72,63,47,57,48,67,67,22,30,30,29,53,58,58,65,65,0,0],"gold":106,"neow_bonus":"THREE_ENEMY_KILL","is_daily":false,"chose_seed":false,"campfire_upgraded":6,"win_rate":0.0,"timestamp":1613011229,"path_taken":["M","?","$","?","M","R","E","R","T","E","R","M","M","?","R","BOSS","M","?","M","M","M","R","E","M","T","M","R","E","$","M","R","BOSS"],"items_purchased_type":["Card","Potion","Relic","Card"],"build_version":"2020-12-22","purchased_purges":0,"victory":false,"max_hp_per_floor":[75,75,75,75,75,75,75,75,75,75,75,75,75,80,80,80,80,80,80,80,80,80,80,80,80,80,80,80,80,80,80,80,80,80],"relic_stats":{"Peace Pipe":0,"counters":[18,81],"Bronze Scales":[206],"Bag of Preparation":[28],"obtain_stats":[{"Potion Belt":24,"Peace Pipe":29,"NeowsBlessing":0,"Nilry\u0027s Codex":19,"Bronze Scales":7,"Vajra":26,"Bag of Preparation":9,"Cracked Core":0,"Ancient Tea Set":10,"White Beast Statue":30,"FrozenCore":17},{"Potion Belt":13,"Peace Pipe":16,"NeowsBlessing":0,"Nilry\u0027s Codex":9,"Bronze Scales":4,"Vajra":14,"Bag of Preparation":4,"Cracked Core":0,"Ancient Tea Set":5,"White Beast Statue":16,"FrozenCore":8},{"Potion Belt":55,"Peace Pipe":70,"NeowsBlessing":0,"Nilry\u0027s Codex":30,"Bronze Scales":9,"Vajra":61,"Bag of Preparation":9,"Cracked Core":0,"Ancient Tea Set":12,"White Beast Statue":70,"FrozenCore":26}],"FrozenCore":[18]},"card_choices":[{"not_picked":["Leap","Hello World"],"picked":"Steam","floor":1},{"not_picked":["Blizzard","Coolheaded"],"picked":"Go for the Eyes","floor":4},{"not_picked":["Sunder","Stack"],"picked":"All For One","floor":5},{"not_picked":["Conserve Battery","Rebound"],"picked":"Melter","floor":7},{"not_picked":["Double Energy","Amplify"],"picked":"Genetic Algorithm","floor":10},{"not_picked":["Chaos","Coolheaded"],"picked":"Ball Lightning","floor":12},{"not_picked":["Doom and Gloom","Rebound"],"picked":"Ball Lightning","floor":13},{"not_picked":["Thunder Strike","Biased Cognition"],"picked":"Buffer","floor":16},{"not_picked":["Beam Cell+1","Gash"],"picked":"Stack","floor":18},{"not_picked":["Streamline","Double Energy"],"picked":"Skim","floor":20},{"not_picked":["Genetic Algorithm+1","Cold Snap"],"picked":"Go for the Eyes+1","floor":21},{"not_picked":["Rebound","Beam Cell"],"picked":"Glacier","floor":22},{"not_picked":["Blizzard+1","Doom and Gloom"],"picked":"Beam Cell+1","floor":24},{"not_picked":["White Noise","Redo"],"picked":"Gash+1","floor":25},{"not_picked":["Chaos","Echo Form"],"picked":"Cold Snap","floor":27},{"not_picked":["Compile Driver+1","Doom and Gloom"],"picked":"Ball Lightning","floor":29},{"not_picked":["Sweeping Beam+1","Sunder"],"picked":"Go for the Eyes","floor":31}],"player_experience":1621042,"relics_obtained":[{"floor":7,"key":"Bronze Scales"},{"floor":9,"key":"Bag of Preparation"},{"floor":10,"key":"Ancient Tea Set"},{"floor":19,"key":"Nilry\u0027s Codex"},{"floor":24,"key":"Potion Belt"},{"floor":26,"key":"Vajra"},{"floor":29,"key":"Peace Pipe"}],"event_choices":[{"damage_healed":0,"gold_gain":0,"player_choice":"2 cards matched","damage_taken":0,"max_hp_gain":0,"max_hp_loss":0,"event_name":"Match and Keep!","floor":2,"gold_loss":0,"cards_obtained":["Rip and Tear","Panacea"]},{"damage_healed":0,"gold_gain":0,"player_choice":"Donut","damage_taken":0,"max_hp_gain":5,"max_hp_loss":0,"event_name":"Big Fish","floor":14,"gold_loss":0},{"damage_healed":0,"gold_gain":0,"player_choice":"Obtained Book","damage_taken":16,"max_hp_gain":0,"max_hp_loss":0,"event_name":"Cursed Tome","floor":19,"gold_loss":0}],"is_beta":false,"boss_relics":[{"not_picked":["Velvet Choker","Snecko Eye"],"picked":"FrozenCore"}],"items_purged_floors":[],"is_endless":false,"potions_floor_spawned":[4,5,7,18,21,22,25,31],"killed_by":"Automaton","ascension_level":7}}