{"host":"za1qviwhp34x909e","time":1613042484,"event":{"mods":["BaseMod","Colored Map","Colored Powertips","Highlight Path","Minty Spire (QoL Compilation)","Quick Restart"],"gold_per_floor":[115,41,41,41,56,81,81,114,164,164,339,354,364,364,364,364,364],"floor_reached":16,"language":"ENG","playtime":396,"items_purged":[],"score":180,"play_id":"50d8cd13-589a-42b5-a827-75a6d00d784d","local_time":"20210211052124","is_ascension_mode":true,"campfire_choices":[{"data":"Eruption","floor":7,"key":"SMITH"},{"data":"BowlingBash","floor":10,"key":"SMITH"},{"data":"Meditate","floor":15,"key":"SMITH"}],"circlet_count":0,"master_deck":["Strike_P","Strike_P","Strike_P","Strike_P","Defend_P","Defend_P","Defend_P","Defend_P","Eruption+1","Vigilance","Halt","Prostrate","JustLucky","Regret","BowlingBash+1","InnerPeace","Adaptation","Meditate+1","MentalFortress"],"relics":["PureWater","NeowsBlessing","Art of War","Bag of Preparation","Omamori","Centennial Puzzle","GremlinMask"],"acts_visited":["Exordium"],"potions_floor_usage":[8,16],"damage_taken":[{"damage":0,"enemies":"2 Louse","floor":1,"turns":1},{"damage":0,"enemies":"Cultist","floor":5,"turns":1},{"damage":0,"enemies":"Lagavulin","floor":6,"turns":1},{"damage":42,"enemies":"3 Sentries","floor":8,"turns":9},{"damage":1,"enemies":"Small Slimes","floor":12,"turns":2},{"damage":0,"enemies":"Looter","floor":13,"turns":2},{"damage":20,"enemies":"Hexaghost","floor":16,"turns":7}],"seed_played":"4701724948633400272","potions_obtained":[{"floor":1,"key":"Fruit Juice"},{"floor":8,"key":"Dexterity Potion"},{"floor":13,"key":"Strength Potion"}],"is_trial":false,"path_per_floor":["M","$","?","$","M","E","R","E","T","R","?","M","M","?","R","B"],"character_chosen":"WATCHER","items_purchased":["Prostrate","JustLucky"],"campfire_rested":0,"item_purchase_floors":[2,2],"current_hp_per_floor":[65,65,65,65,65,65,65,28,28,28,28,27,27,27,27,7,7],"gold":364,"neow_bonus":"THREE_ENEMY_KILL","is_daily":false,"chose_seed":false,"campfire_upgraded":3,"win_rate":0.0,"timestamp":1613042484,"path_taken":["M","$","?","$","M","E","R","E","T","R","?","M","M","?","R","BOSS"],"items_purchased_type":["Card","Card"],"build_version":"2020-12-22","purchased_purges":0,"victory":false,"max_hp_per_floor":[72,72,72,72,72,72,72,77,77,77,77,77,77,77,77,77,77],"card_choices":[{"not_picked":["Pray","Crescendo"],"picked":"Halt","floor":1},{"not_picked":["SashWhip","ThirdEye"],"picked":"BowlingBash","floor":5},{"not_picked":["Prostrate","Wallop"],"picked":"InnerPeace","floor":6},{"not_picked":["EmptyBody","EmptyFist"],"picked":"Adaptation","floor":8},{"not_picked":["BowlingBash","FlyingSleeves"],"picked":"Meditate","floor":12},{"not_picked":["CrushJoints","Study"],"picked":"MentalFortress","floor":13}],"player_experience":671033,"relics_obtained":[{"floor":6,"key":"Bag of Preparation"},{"floor":8,"key":"Omamori"},{"floor":9,"key":"Centennial Puzzle"}],"event_choices":[{"damage_healed":0,"gold_gain":0,"player_choice":"Box","damage_taken":0,"relics_obtained":["Art of War"],"max_hp_gain":0,"max_hp_loss":0,"event_name":"Big Fish","floor":3,"gold_loss":0,"cards_obtained":["Regret"]},{"damage_healed":0,"gold_gain":175,"player_choice":"AGREE","damage_taken":0,"max_hp_gain":0,"max_hp_loss":0,"event_name":"Liars Game","floor":11,"gold_loss":0,"cards_obtained":["Doubt"]},{"damage_healed":0,"gold_gain":0,"player_choice":"Trade","damage_taken":0,"relics_obtained":["GremlinMask"],"max_hp_gain":0,"max_hp_loss":0,"event_name":"FaceTrader","floor":14,"gold_loss":0}],"is_beta":false,"boss_relics":[],"items_purged_floors":[],"is_endless":false,"potions_floor_spawned":[1,8,13],"killed_by":"Hexaghost","ascension_level":7}}