{"host":"hl3ams4am2ku5u4p","time":1613072940,"event":{"mods":["AchievementEnabler","Act Like it!","Aspiration","BaseMod","Beaked The Cultist","BetterRewards","CatGirl Mod","Colored Map","Colored Powertips","Conspire","Downfall","Energized Spire","Halation","Hallownest","HornydragonMod","Hubris","Infinite Spire","Mad Scientist","Magitek Elite","Minty Spire (QoL Compilation)","READ ME - Guardian Mod","Replay The Spire","Spikes Relics","StSLib","SuperFastMode","The Blackbeard","The Bug Knight","The Construct","The Disciple","The Jungle","The Mystic","The Necromancer","The Senshi"],"gold_per_floor":[119,5,17,17,31,31,57,57,57,68,68,95,108,118,118,220,220,235,254,34,34,48,48,48,63,86,86,106,106,125,140,140,238,238,257,257,268,168,168,168],"floor_reached":39,"language":"FRA","playtime":2056,"items_purged":["Strike_B","FIFO Queue+1"],"score":460,"play_id":"70cee15e-274c-4fcd-aa39-423896d8c47d","local_time":"20210211204900","is_ascension_mode":true,"campfire_choices":[{"data":"Rip and Tear","floor":6,"key":"SMITH"},{"data":"Redo","floor":11,"key":"SMITH"},{"data":"Darkness","floor":15,"key":"SMITH"},{"data":"FIFO Queue","floor":24,"key":"SMITH"},{"floor":27,"key":"REST"},{"floor":32,"key":"REST"}],"circlet_count":0,"master_deck":["Strike_B","Strike_B","Strike_B","Defend_B","Defend_B","Defend_B","Defend_B","Zap","Dualcast","Conserve Battery","Rip and Tear+1","Darkness+1","Sweeping Beam","Go for the Eyes","Doom and Gloom","Redo+1","Seek","Ball Lightning+1","Buffer","Darkness","Fission","Ball Lightning+1"],"relics":["Cracked Core","NeowsBlessing","halation:PinkSoulGem","infinitespire:Beetle Shell","Hallownest:DreamNailRelic","Calipers","Meat on the Bone","energizedSpire:UnstableMolecules","Pen Nib","infinitespire:Lucky Rock","aspiration:Stellarator"],"acts_visited":["Exordium","Hallownest:Greenpath","Hallownest:CityofTears"],"potions_floor_usage":[13,13,16,25,30,33,33,39],"damage_taken":[{"damage":0,"enemies":"Hallownest:2_Baldur","floor":1,"turns":1},{"damage":0,"enemies":"Hallownest:monsterHuskGuard","floor":3,"turns":1},{"damage":0,"enemies":"Hallownest:monsterHuskWarrior","floor":5,"turns":1},{"damage":0,"enemies":"Hallownest:eliteMossKnight","floor":7,"turns":6},{"damage":5,"enemies":"Hallownest:2_Tiktiks_1_Baldur_1_Crawlid","floor":10,"turns":3},{"damage":11,"enemies":"Hallownest:eliteCrystalGuardian","floor":12,"turns":5},{"damage":9,"enemies":"Hallownest:Guard_and_Warrior","floor":13,"turns":4},{"damage":0,"enemies":"Hallownest:monsterMossCharger","floor":14,"turns":4},{"damage":25,"enemies":"Hallownest:BossBrokenVessel","floor":16,"turns":7},{"damage":7,"enemies":"Hallownest:Flukemon_and_Top","floor":18,"turns":4},{"damage":9,"enemies":"Hallownest:3_Youths","floor":19,"turns":5},{"damage":23,"enemies":"Hallownest:2_Husk_Sentries","floor":22,"turns":5},{"damage":37,"enemies":"Hallownest:2_Flukemon","floor":25,"turns":6},{"damage":19,"enemies":"Hallownest:Warrior_and_Youth","floor":28,"turns":5},{"damage":5,"enemies":"Hallownest:Master_and_Novice","floor":30,"turns":4},{"damage":39,"enemies":"Hallownest:3_Mistakes","floor":31,"turns":9},{"damage":40,"enemies":"Hallownest:BossSoulMaster","floor":33,"turns":11},{"damage":62,"enemies":"Hallownest:2_Littles","floor":35,"turns":6},{"damage":29,"enemies":"Hallownest:Shield_Heavy","floor":37,"turns":4},{"damage":16,"enemies":"Hallownest:monsterPrimalAspid","floor":39,"turns":1}],"seed_played":"2009464159677164631","potions_obtained":[{"floor":3,"key":"BlessingOfTheForge"},{"floor":5,"key":"ColorlessPotion"},{"floor":7,"key":"PowerPotion"},{"floor":18,"key":"hexamod:SoulburnPotion"},{"floor":25,"key":"Venom Potion"},{"floor":28,"key":"Swift Potion"},{"floor":31,"key":"Weak Potion"},{"floor":37,"key":"LiquidMemories"}],"is_trial":false,"path_per_floor":["M","$","M","?","M","R","E","?","T","M","R","E","M","M","R","B",null,"M","M","$","?","M","?","R","M","T","R","M","?","M","M","R","B",null,"M","?","M","$","M"],"character_chosen":"DEFECT","items_purchased":["Rip and Tear","Darkness","Pen Nib"],"campfire_rested":2,"item_purchase_floors":[2,2,20],"current_hp_per_floor":[75,75,75,75,75,75,75,75,75,70,70,59,50,50,50,37,75,68,59,59,59,48,48,48,23,23,45,38,52,47,20,42,14,75,25,33,16,16,0,0],"gold":168,"neow_bonus":"THREE_ENEMY_KILL","is_daily":false,"chose_seed":false,"campfire_upgraded":4,"win_rate":0.0,"timestamp":1613072940,"path_taken":["M","$","M","?","M","R","E","?","T","M","R","E","M","?","R","BOSS","M","M","$","?","M","?","R","M","T","R","M","?","M","M","R","BOSS","M","?","M","$","M"],"items_purchased_type":["Card","Card","Relic"],"build_version":"2020-12-22","purchased_purges":2,"victory":false,"max_hp_per_floor":[75,75,75,75,75,75,75,75,75,75,75,75,75,75,75,75,75,75,75,75,75,75,75,75,75,75,75,75,75,75,75,75,75,75,75,75,75,75,75,75],"card_choices":[{"not_picked":["Go for the Eyes","Chill"],"picked":"Conserve Battery","floor":1},{"not_picked":["Chill","Panic Button"],"picked":"Sweeping Beam","floor":3},{"not_picked":["Cold Snap","ReplaySolidLightProjector"],"picked":"Go for the Eyes","floor":5},{"not_picked":["Lockon","ReplayTheSpireMod:Dual Polarity"],"picked":"Doom and Gloom","floor":7},{"not_picked":["Force Field","Sweeping Beam"],"picked":"Redo","floor":10},{"not_picked":["Reprogram","Barrage","Thunder Strike"],"picked":"SKIP","floor":12},{"not_picked":["Consume","hubris:PowerSurge","Compile Driver"],"picked":"SKIP","floor":13},{"not_picked":["Redo","Static Discharge","Coolheaded"],"picked":"SKIP","floor":14},{"not_picked":["Machine Learning","Amplify"],"picked":"Seek","floor":16},{"not_picked":["Coolheaded","Scrape","Compile Driver"],"picked":"SKIP","floor":18},{"not_picked":["Conserve Battery","Panic Button+1"],"picked":"Ball Lightning+1","floor":19},{"not_picked":["Cold Snap","Hologram"],"picked":"Buffer","floor":22},{"not_picked":["ReplayGash","ReplayTheSpireMod:Reroute Power","ReplayTheSpireMod:System Scan"],"picked":"SKIP","floor":25},{"not_picked":["Turbo","Leap","Cold Snap+1"],"picked":"SKIP","floor":28},{"not_picked":["Skim","Genetic Algorithm","ReplayRNGCard"],"picked":"SKIP","floor":30},{"not_picked":["Barrage","BasicCrystalCard+1"],"picked":"Darkness","floor":31},{"not_picked":["Seek","Hyperbeam"],"picked":"Fission","floor":33},{"not_picked":["Hologram+1","hubris:PowerSurge+1"],"picked":"Ball Lightning+1","floor":35},{"not_picked":["Turbo","Coolheaded","Rebound+1"],"picked":"SKIP","floor":37}],"player_experience":53846,"relics_obtained":[{"floor":7,"key":"infinitespire:Beetle Shell"},{"floor":9,"key":"Calipers"},{"floor":12,"key":"Meat on the Bone"},{"floor":26,"key":"infinitespire:Lucky Rock"}],"event_choices":[],"is_beta":false,"boss_relics":[{"not_picked":["Runic Dome","hubris:VirtuousBlindfold"],"picked":"energizedSpire:UnstableMolecules"},{"not_picked":["Painkiller Herb","Abe\u0027s Treasure"],"picked":"aspiration:Stellarator"}],"items_purged_floors":[20,38],"is_endless":false,"potions_floor_spawned":[3,5,7,10,18,25,28,31,37],"killed_by":"Hallownest:monsterPrimalAspid","ascension_level":2}}