{"host":"t8hqdz2qn09y00vh","time":1613053008,"event":{"mods":["AchievementEnabler","BaseMod","Colored Map","Colored Powertips","Highlight Path","Infinite Spire","Minty Spire (QoL Compilation)","Quick Restart","StSLib"],"gold_per_floor":[115,133,153,153,118,118,118,144,144,160,178,189,189,201,201,297,297,315,315,2,2,2,35,35,66,115,115,135,45,59,59,59],"floor_reached":31,"language":"ENG","playtime":1756,"items_purged":["Coolheaded"],"score":316,"play_id":"ddb80cd2-3e28-4c0b-a699-15446c4ac40b","local_time":"20210211091648","is_ascension_mode":true,"campfire_choices":[{"data":"The Bomb","floor":6.0,"key":"SMITH"},{"floor":13.0,"key":"REST"},{"data":"Aggregate","floor":15.0,"key":"SMITH"},{"floor":24.0,"key":"REST"},{"floor":27.0,"key":"REST"}],"circlet_count":8,"master_deck":["Dualcast","The Bomb+1","White Noise","Fusion+1","Conserve Battery","Coolheaded","Conserve Battery","Aggregate+1","Echo Form+1","BootSequence","White Noise","Sunder","Leap","Skim+1","Undo","Thunder Strike","Auto Shields","Heatsinks+1","Capacitor+1","Ball Lightning+1"],"relics":["Cracked Core","Circlet","Art of War","Frozen Egg 2","Pandora\u0027s Box","Strawberry","Oddly Smooth Stone","Juzu Bracelet"],"acts_visited":[],"potions_floor_usage":[],"damage_taken":[{"damage":7.0,"enemies":"Jaw Worm","floor":1.0,"turns":3.0},{"damage":0.0,"enemies":"Small Slimes","floor":2.0,"turns":3.0},{"damage":0.0,"enemies":"2 Louse","floor":3.0,"turns":2.0},{"damage":16.0,"enemies":"3 Sentries","floor":8.0,"turns":4.0},{"damage":11.0,"enemies":"Exordium Thugs","floor":10.0,"turns":5.0},{"damage":3.0,"enemies":"Looter","floor":11.0,"turns":4.0},{"damage":0.0,"enemies":"Large Slime","floor":12.0,"turns":4.0},{"damage":0.0,"enemies":"Gremlin Gang","floor":14.0,"turns":3.0},{"damage":30.0,"enemies":"Slime Boss","floor":16.0,"turns":8.0},{"damage":7.0,"enemies":"2 Thieves","floor":18.0,"turns":3.0},{"damage":43.0,"enemies":"Slavers","floor":23.0,"turns":5.0},{"damage":24.0,"enemies":"Book of Stabbing","floor":25.0,"turns":5.0},{"damage":32.0,"enemies":"3 Byrds","floor":28.0,"turns":4.0},{"damage":19.0,"enemies":"Snecko","floor":30.0,"turns":6.0},{"damage":0,"enemies":"Colosseum Slavers","floor":31,"turns":1}],"seed_played":"-2348869773777412622","potions_obtained":[{"floor":3.0,"key":"EssenceOfDarkness"},{"floor":8.0,"key":"PowerPotion"},{"floor":14.0,"key":"Dexterity Potion"},{"floor":16.0,"key":"Fire Potion"},{"floor":23.0,"key":"Block Potion"},{"floor":25.0,"key":"SteroidPotion"},{"floor":30.0,"key":"SteroidPotion"}],"is_trial":false,"path_per_floor":["M","M","M","?","?","R","?","E","T","M","M","M","R","M","R","B",null,"M","?","$","$","?","E","R","E","T","R","M","?","M","?"],"character_chosen":"DEFECT","items_purchased":["infinitespire:FocusingShard"],"campfire_rested":3,"item_purchase_floors":[20],"current_hp_per_floor":[47,47,47,40,58,58,58,42,42,31,28,28,50,50,50,20,75,68,75,75,75,75,32,56,32,32,56,24,24,5,5,5],"gold":59,"neow_bonus":"RANDOM_COLORLESS_2","is_daily":false,"chose_seed":false,"campfire_upgraded":2,"win_rate":0.0,"timestamp":1613053008,"path_taken":["M","M","M","?","?","R","?","E","T","M","M","M","R","M","R","BOSS","M","?","?","$","?","E","R","E","T","R","M","?","M","?"],"items_purchased_type":["Relic"],"build_version":"2020-12-22","purchased_purges":1,"victory":false,"max_hp_per_floor":[75,75,75,75,75,75,75,75,75,75,75,75,75,75,75,75,75,75,82,82,82,82,82,82,82,82,82,82,82,82,82,82],"card_choices":[{"not_picked":["Transmutation","Panache"],"picked":"The Bomb","floor":0.0},{"not_picked":["Gash","Storm"],"picked":"White Noise","floor":1.0},{"not_picked":["Cold Snap","Aggregate"],"picked":"Fusion","floor":2.0},{"not_picked":["Chaos","Sweeping Beam"],"picked":"Coolheaded","floor":3.0},{"not_picked":["Static Discharge","Beam Cell"],"picked":"Conserve Battery","floor":8.0},{"not_picked":["Tempest","Rip and Tear","Steam"],"picked":"SKIP","floor":10.0},{"not_picked":["Scrape","Barrage"],"picked":"Coolheaded","floor":11.0},{"not_picked":["Core Surge","Compile Driver"],"picked":"Conserve Battery","floor":12.0},{"not_picked":["Barrage","Tempest"],"picked":"Aggregate","floor":14.0},{"not_picked":["Machine Learning+1","Buffer+1"],"picked":"Echo Form+1","floor":16.0},{"not_picked":["Sweeping Beam","Beam Cell","Coolheaded"],"picked":"SKIP","floor":18.0},{"not_picked":["Darkness+1","Rip and Tear","Go for the Eyes"],"picked":"SKIP","floor":23.0},{"not_picked":["Turbo","Compile Driver"],"picked":"Heatsinks+1","floor":25.0},{"not_picked":["Tempest","Go for the Eyes"],"picked":"Capacitor+1","floor":28.0},{"not_picked":["Gash","Darkness+1"],"picked":"Ball Lightning+1","floor":30.0}],"player_experience":262530,"relics_obtained":[{"floor":8.0,"key":"Art of War"},{"floor":9.0,"key":"Frozen Egg 2"},{"floor":23.0,"key":"Oddly Smooth Stone"},{"floor":25.0,"key":"infinitespire:CheckeredPen"},{"floor":26.0,"key":"Juzu Bracelet"}],"event_choices":[{"damage_healed":0.0,"max_hp_gain":0.0,"max_hp_loss":0.0,"gold_gain":0.0,"event_name":"Scrap Ooze","player_choice":"Success","floor":4.0,"gold_loss":0.0,"damage_taken":7.0,"relics_obtained":["infinitespire:ShieldingShard"]},{"damage_healed":18.0,"max_hp_gain":0.0,"max_hp_loss":0.0,"gold_gain":0.0,"event_name":"The Cleric","player_choice":"Healed","floor":5.0,"gold_loss":35.0,"damage_taken":0.0},{"damage_healed":0.0,"max_hp_gain":0.0,"max_hp_loss":0.0,"gold_gain":0.0,"event_name":"Living Wall","player_choice":"Grow","floor":7.0,"gold_loss":0.0,"damage_taken":0.0,"cards_upgraded":["Fusion"]},{"damage_healed":0.0,"max_hp_gain":0.0,"max_hp_loss":0.0,"gold_gain":0.0,"event_name":"WeMeetAgain","player_choice":"Gave Potion","floor":19.0,"gold_loss":0.0,"damage_taken":0.0,"relics_obtained":["Strawberry"]},{"damage_healed":0.0,"max_hp_gain":0.0,"max_hp_loss":0.0,"gold_gain":0.0,"event_name":"Cursed Tome","player_choice":"Ignored","floor":22.0,"gold_loss":0.0,"damage_taken":0.0},{"cards_removed":["Zap"],"damage_healed":0.0,"max_hp_gain":0.0,"max_hp_loss":0.0,"gold_gain":0.0,"event_name":"Designer","player_choice":"Upgrade and Remove","floor":29.0,"gold_loss":90.0,"damage_taken":0.0,"cards_upgraded":["Skim"]},{"damage_healed":0,"gold_gain":0,"player_choice":"Fight","damage_taken":0,"max_hp_gain":0,"max_hp_loss":0,"event_name":"Colosseum","floor":31,"gold_loss":0}],"is_beta":false,"boss_relics":[{"not_picked":["SlaversCollar","Philosopher\u0027s Stone"],"picked":"Pandora\u0027s Box"}],"items_purged_floors":[20],"is_endless":false,"potions_floor_spawned":[3,8,14,16,23,25,30],"killed_by":"Colosseum Slavers","ascension_level":3}}