{"host":"g907ck67u7c3hrs6","time":1613031791,"event":{"mods":["BaseMod","Colored Map","DeckTracker","Highlight Path","Keyboard Shortcuts","Minty Spire (QoL Compilation)","Permanent Neow","Say the Spire","SuperFastMode"],"gold_per_floor":[119,129,149,168,186,186,186,186,186,186,186,221,66,101,101,197,197,211,211,211,227,227,227,227,260,287,287,287,287],"floor_reached":28,"language":"KOR","playtime":719,"items_purged":["Strike_G"],"score":294,"play_id":"6dfd9ab6-eafc-4fec-9d38-7df96b7a045e","local_time":"20210211172311","daily_mods":["Heirloom","Flight"],"is_ascension_mode":false,"campfire_choices":[{"data":"Crippling Poison","floor":6.0,"key":"SMITH"},{"data":"Crippling Poison","floor":8.0,"key":"SMITH"},{"data":"Setup","floor":10.0,"key":"SMITH"},{"data":"Deadly Poison","floor":11.0,"key":"SMITH"},{"data":"Blade Dance","floor":15.0,"key":"SMITH"},{"data":"Wraith Form v2","floor":23,"key":"SMITH"},{"data":"PiercingWail","floor":24,"key":"SMITH"}],"circlet_count":0,"master_deck":["Strike_G+1","Strike_G+1","Strike_G+1","Strike_G+1","Defend_G+1","Defend_G+1","Defend_G+1","Defend_G+1","Defend_G+1","Survivor","Neutralize+1","Crippling Poison+1","Setup+1","Crippling Poison+1","Leg Sweep+1","Deadly Poison+1","Choke+1","Footwork","Blade Dance+1","Wraith Form v2+1","Acrobatics+1","Shame","PiercingWail+1","Ghostly+1","Ghostly","Ghostly","Ghostly","Ghostly","Blur+1","Clumsy"],"relics":["Ring of the Snake","Ginger","Meat on the Bone","Whetstone","Torii","Cursed Key","Gremlin Horn","War Paint","Nunchaku"],"acts_visited":["Exordium","TheCity"],"potions_floor_usage":[],"damage_taken":[{"damage":0.0,"enemies":"Jaw Worm","floor":1.0,"turns":6.0},{"damage":0.0,"enemies":"2 Louse","floor":2.0,"turns":4.0},{"damage":0.0,"enemies":"Cultist","floor":3.0,"turns":4.0},{"damage":10.0,"enemies":"2 Fungi Beasts","floor":4.0,"turns":5.0},{"damage":9.0,"enemies":"Blue Slaver","floor":5.0,"turns":6.0},{"damage":0.0,"enemies":"Lagavulin","floor":12.0,"turns":7.0},{"damage":15.0,"enemies":"3 Sentries","floor":14.0,"turns":7.0},{"damage":17.0,"enemies":"The Guardian","floor":16.0,"turns":10.0},{"damage":1,"enemies":"3 Byrds","floor":18,"turns":4},{"damage":8,"enemies":"2 Thieves","floor":21,"turns":4},{"damage":6,"enemies":"Slavers","floor":25,"turns":6},{"damage":0,"enemies":"Book of Stabbing","floor":28,"turns":4}],"seed_played":"-5509812436752889988","potions_obtained":[{"floor":1.0,"key":"Weak Potion"},{"floor":2.0,"key":"Energy Potion"},{"floor":14.0,"key":"Energy Potion"}],"is_trial":true,"path_per_floor":["M","M","M","M","M","R","?","R","T","R","R","E","$","E","R","B",null,"M","?","T","M","?","R","R","E","T","$","E"],"character_chosen":"THE_SILENT","items_purchased":["Footwork"],"campfire_rested":0,"item_purchase_floors":[13],"current_hp_per_floor":[70,70,70,60,51,51,37,37,37,37,37,37,37,34,34,29,70,69,69,69,61,35,35,35,29,29,29,29,29],"gold":287,"neow_bonus":"","is_daily":false,"chose_seed":false,"campfire_upgraded":7,"win_rate":0.0,"timestamp":1613031791,"path_taken":["M","M","M","M","M","R","?","R","T","R","R","E","$","E","R","BOSS","M","?","?","?","?","R","R","E","T","$","E"],"items_purchased_type":["Card"],"build_version":"2020-12-22","purchased_purges":1,"victory":false,"max_hp_per_floor":[70,70,70,70,70,70,70,70,70,70,70,70,70,70,70,70,70,70,70,70,70,35,35,35,35,35,35,35,35],"card_choices":[{"not_picked":["Acrobatics","Backflip"],"picked":"Crippling Poison","floor":1.0},{"not_picked":["Sucker Punch","Outmaneuver"],"picked":"Setup","floor":2.0},{"not_picked":["Predator","Quick Slash"],"picked":"Crippling Poison","floor":3.0},{"not_picked":["Heel Hook","Acrobatics"],"picked":"Leg Sweep","floor":4.0},{"not_picked":["Prepared","Underhanded Strike"],"picked":"Deadly Poison","floor":5.0},{"not_picked":["Prepared","Bane"],"picked":"Choke","floor":12.0},{"not_picked":["Backflip","Backstab"],"picked":"Blade Dance","floor":14.0},{"not_picked":["Phantasmal Killer","Envenom"],"picked":"Wraith Form v2","floor":16.0},{"not_picked":["Finisher","Dash"],"picked":"Acrobatics+1","floor":18},{"not_picked":["Backstab","Skewer"],"picked":"PiercingWail","floor":21},{"not_picked":["Quick Slash","Poisoned Stab"],"picked":"Blur","floor":25}],"player_experience":282260,"relics_obtained":[{"floor":9.0,"key":"Meat on the Bone"},{"floor":12.0,"key":"Whetstone"},{"floor":14.0,"key":"Torii"},{"floor":20,"key":"Gremlin Horn"},{"floor":25,"key":"War Paint"},{"floor":26,"key":"Nunchaku"}],"event_choices":[{"damage_healed":0.0,"max_hp_gain":0.0,"max_hp_loss":0.0,"gold_gain":0.0,"event_name":"Shining Light","player_choice":"Entered Light","floor":7.0,"gold_loss":0.0,"damage_taken":14.0,"cards_upgraded":["Leg Sweep","Neutralize"]},{"damage_healed":0,"gold_gain":0,"player_choice":"Simplicity","damage_taken":0,"max_hp_gain":0,"max_hp_loss":0,"event_name":"Back to Basics","floor":19,"gold_loss":0,"cards_upgraded":["Strike_G","Strike_G","Strike_G","Defend_G","Defend_G","Defend_G","Defend_G","Defend_G"]},{"damage_healed":0,"gold_gain":0,"player_choice":"Became a Ghost","damage_taken":0,"max_hp_gain":0,"max_hp_loss":35,"event_name":"Ghosts","floor":22,"gold_loss":0,"cards_obtained":["Ghostly","Ghostly","Ghostly","Ghostly","Ghostly"]}],"is_beta":false,"boss_relics":[{"not_picked":["Pandora\u0027s Box","Black Star"],"picked":"Cursed Key"}],"items_purged_floors":[13],"is_endless":false,"potions_floor_spawned":[1,2,14,16,18],"killed_by":"Book of Stabbing","ascension_level":0}}