{"host":"bylvwyl6hs2a0zsg","time":1613020394,"event":{"mods":["AchievementEnabler","Ascension Reborn","Aspiration","BaseMod","Better Note","Colored Powertips","Defuse TimeMaze Blight","Downfall","Energized Spire","Faster Ascension Climbing","GifTheSpireLib","GungeonMod","Hermit","Highlight Path","Hubris","Infinite Spire","Minty Spire (QoL Compilation)","Permanent Neow","Quick Restart","Rare Cards Sparkle","Replay The Spire","SacredBarkPlus","Small Relic Pack","Spikes Relics","StSLib","Stuff the Spire","Unceasing Turn Reminder","Virulent Crown","Waifu the Spire","slay the spire mod where everything is the same but ironclad has a cowboy hat"],"gold_per_floor":[99,114,134,157,356,374,398,413,413,10,10,10,10,23,40,137,137,137,148,162,162,162,162,162],"floor_reached":22,"language":"ENG","playtime":1612,"items_purged":[],"score":226,"play_id":"40040743-7a1a-4d10-8e42-a2b34866d7c4","local_time":"20210211001314","is_ascension_mode":true,"campfire_choices":[{"data":"hexamod:GhostflameInferno","floor":1,"key":"SMITH"},{"data":"hexamod:ForkedFlame","floor":11,"key":"SMITH"},{"floor":13,"key":"REST"},{"floor":18,"key":"RECALL"}],"circlet_count":0,"master_deck":["hexamod:Strike+1","hexamod:Strike+1","hexamod:Strike+1","hexamod:Strike","hexamod:Defend","hexamod:Defend","hexamod:Defend","hexamod:Defend","hexamod:Sear","hexamod:Float+1","Doubt","hexamod:GhostflameInferno+1","hexamod:Rewind","Pot Of Greed","Pot Of Greed","hexamod:FourthSeal","hexamod:HauntingEcho","hexamod:SixthSeal","hexamod:ForkedFlame+1","hexamod:FastForward+1","expansioncontent:GuardianWhirl","hexamod:ShieldOfDarkness","hexamod:SixthSeal","hexamod:GhostflameInferno+1","hexamod:AdvancingGuard","hexamod:BacktrackSmack","Pot Of Greed"],"relics":["hexamod:UnbrokenSoul","Grinning Jar","DemoMod:ClearGuonStone","DemoMod:GnawedKey","hubris:MysteriousPyramids"],"acts_visited":["Exordium","TheCity"],"potions_floor_usage":[15,16,16,20,20],"damage_taken":[{"damage":0,"enemies":"Cultist","floor":2,"turns":3},{"damage":0,"enemies":"Small Slimes","floor":3,"turns":3},{"damage":0,"enemies":"2 Louse","floor":6,"turns":3},{"damage":0,"enemies":"Blue Slaver","floor":8,"turns":3},{"damage":0,"enemies":"downfall:FleeingMerchant","floor":10,"turns":4},{"damage":3,"enemies":"3 Louse","floor":14,"turns":2},{"damage":16,"enemies":"Exordium Thugs","floor":15,"turns":4},{"damage":0,"enemies":"SI_SHIV_ARCHETYPE","floor":16,"turns":6},{"damage":0,"enemies":"Chosen","floor":19,"turns":3},{"damage":13,"enemies":"Shell Parasite","floor":20,"turns":7},{"damage":15,"enemies":"3 Cultists","floor":22,"turns":3}],"seed_played":"-5058733158031014183","potions_obtained":[{"floor":2,"key":"Elixir"},{"floor":6,"key":"SteroidPotion"},{"floor":6,"key":"Fire Potion"},{"floor":10,"key":"Doom Potion"},{"floor":15,"key":"DemoMod:BlankPotion"},{"floor":15,"key":"hexamod:SoulburnPotion"},{"floor":16,"key":"FearPotion"},{"floor":16,"key":"Toxic Potion"},{"floor":19,"key":"Regen Potion"},{"floor":20,"key":"DemoMod:LeadSkinPotion"}],"is_trial":false,"path_per_floor":["R","M","M","T","?","M","T","M","?","$","R","?","R","M","M","B",null,"R","M","M","AVR","M"],"character_chosen":"THE_SPIRIT","items_purchased":["hexamod:ForkedFlame","hexamod:FastForward","DemoMod:GnawedKey","expansioncontent:GuardianWhirl"],"campfire_rested":1,"item_purchase_floors":[10,10,10,10],"current_hp_per_floor":[70,70,70,70,42,42,42,42,42,42,42,42,63,60,44,44,70,70,70,65,65,50,50,50],"gold":162,"neow_bonus":"THREE_RARE_CARDS","is_daily":false,"chose_seed":false,"campfire_upgraded":2,"win_rate":0.0,"timestamp":1613020394,"path_taken":["R","M","?","?","?","M","T","M","?","$","R","?","R","?","M","BOSS","R","M","M","AVR","M"],"items_purchased_type":["Card","Card","Relic","Card"],"build_version":"2020-12-22","purchased_purges":0,"victory":false,"max_hp_per_floor":[70,70,70,70,70,70,70,70,70,70,70,70,70,70,70,70,70,70,70,70,70,70,70,70],"card_choices":[{"not_picked":["hexamod:TimeWarp","hexamod:ForkedFlame"],"picked":"hexamod:GhostflameInferno","floor":0},{"not_picked":["hexamod:BacktrackSmack","hexamod:ShieldOfDarkness"],"picked":"hexamod:Rewind","floor":2},{"not_picked":["hexamod:NecessarySacrifice","hexamod:HeatCrush","hexamod:HeatMetal"],"picked":"SKIP","floor":3},{"not_picked":["hexamod:GhostLash","hexamod:SpectersWail"],"picked":"hexamod:FourthSeal","floor":5},{"not_picked":["hexamod:InspiringFlames","hexamod:SwordOfDarkness"],"picked":"hexamod:HauntingEcho","floor":6},{"not_picked":["hexamod:GhostLash","hexamod:FourthSeal","hexamod:NightmareStrike"],"picked":"SKIP","floor":8},{"not_picked":["hexamod:NightmareStrike","hexamod:GhostOfSpireFuture"],"picked":"hexamod:SixthSeal","floor":10},{"not_picked":["hexamod:Firestarter","hexamod:BurningTouch"],"picked":"hexamod:ShieldOfDarkness","floor":14},{"not_picked":["hexamod:ThermalTransfer","hexamod:Hexaguard"],"picked":"hexamod:SixthSeal","floor":15},{"not_picked":["hexamod:SixthSeal","hexamod:HexaLevel"],"picked":"hexamod:GhostflameInferno","floor":16},{"not_picked":["hexamod:NightmareStrike","hexamod:FlamesFromBeyond+1"],"picked":"hexamod:AdvancingGuard","floor":19},{"not_picked":["hexamod:ThermalTransfer","hexamod:Firestarter+1"],"picked":"hexamod:BacktrackSmack","floor":20}],"player_experience":769617,"relics_obtained":[{"floor":4,"key":"Grinning Jar"},{"floor":7,"key":"DemoMod:ClearGuonStone"}],"event_choices":[],"is_beta":false,"boss_relics":[{"not_picked":["energizedSpire:StickyHand","hubris:VirtuousBlindfold"],"picked":"hexamod:UnbrokenSoul"}],"items_purged_floors":[],"is_endless":false,"potions_floor_spawned":[2,6,15,16,19],"killed_by":"3 Cultists","ascension_level":0}}