{"host":"7tt2d6z13843lcxh","time":1613052975,"event":{"mods":["BaseMod","Colored Map","Downfall","Minty Spire (QoL Compilation)","Reliquary","Replay The Spire","StSLib","[IsaacMod]ÒÔÈö¼âËþ"],"gold_per_floor":[99,99,99,274,274,285,309,327,327,327,327,362,372,128,143,271,271,332,343,388,388,430,490,570,570,589,607,607,124,135,152,169,268,268,268,287,287,332,108,108,108,163,181,181,181,197,28,59,73,73],"floor_reached":51,"language":"ZHS","playtime":5770,"items_purged":["Doubt","ReplayTheSpireMod:Restless Dread"],"score":746,"play_id":"37e22a87-b38b-458e-8fb6-2eaaba3ee732","local_time":"20210211221615","is_ascension_mode":false,"campfire_choices":[{"data":"BettingIsNotGood","floor":1.0,"key":"SMITH"},{"data":"Slimebound:SlimeTap","floor":9.0,"key":"SMITH"},{"data":"Slimebound:ServeAndProtect","floor":11.0,"key":"SMITH"},{"data":"Slimebound:Split","floor":35.0,"key":"SMITH"},{"data":"Slimebound:Prepare","floor":40.0,"key":"SMITH"},{"data":"Slimebound:HauntingLick","floor":44.0,"key":"SMITH"},{"data":"expansioncontent:DashGenerateEvil","floor":45.0,"key":"SMITH"}],"circlet_count":0,"master_deck":["Slimebound:Strike_Slimebound","Slimebound:Defend_Slimebound","Slimebound:Defend_Slimebound","Slimebound:Defend_Slimebound","Slimebound:Defend_Slimebound","Slimebound:Split+1","Slimebound:CorrosiveSpit","BettingIsNotGood+1","Slimebound:SlimeTap+1","Slimebound:ServeAndProtect+1","Slimebound:SlimeSpikes+1","Slimebound:MegaLick+1","Slimebound:SplitLeeching","Slimebound:SplitLeeching","Slimebound:Repurpose","expansioncontent:DashGenerateEvil+1","Slimebound:DisruptingSlam","Slimebound:Prepare+1","Slimebound:MassRepurpose","Slimebound:LevelUp","Slimebound:Prepare+1","Slimebound:LeadByExample+1","Slimebound:PressTheAttack+1","Slimebound:HauntingLick+1","Necronomicurse","Slimebound:SlimeBrawl+1","ReplayTheSpireMod:Brewmster+1","Slimebound:MinionMaster+1","Slimebound:GoopTackle+1","Slimebound:WasteNot+1","Slimebound:Dissolve","Slimebound:HauntingLick","Slimebound:Overexert+1","Slimebound:Overexert+1","Slimebound:HauntingLick+1","Slimebound:ComboTackle+1","Slimebound:LeadByExample+1","Slimebound:Schlurp+1","Slimebound:SlimeBarrage+1"],"relics":["Slimebound:AbsorbEndCombat","HushsDoor","downfall:HeartsMalice","reliquary:Buckler","Cursed Key","Frozen Egg 2","DoctorsRemote","Golden Egg","BookofShadows","Necronomicon","Omamori","Astrolabe","SteamSale","Replay:Kaleidoscope","Potion Belt","Replay:Bottled Snecko"],"acts_visited":["Exordium","TheCity","TheBeyond"],"potions_floor_usage":[50,50,50,50,50],"damage_taken":[{"damage":0.0,"enemies":"Small Slimes","floor":2.0,"turns":1.0},{"damage":0.0,"enemies":"2 Louse","floor":3.0,"turns":1.0},{"damage":0.0,"enemies":"Cultist","floor":5.0,"turns":1.0},{"damage":0.0,"enemies":"Exordium Wildlife","floor":6.0,"turns":5.0},{"damage":10.0,"enemies":"Red Slaver","floor":8.0,"turns":3.0},{"damage":11.0,"enemies":"Blue Slaver","floor":12.0,"turns":4.0},{"damage":6.0,"enemies":"Lots of Slimes","floor":13.0,"turns":2.0},{"damage":1.0,"enemies":"downfall:FleeingMerchant","floor":14.0,"turns":4.0},{"damage":11.0,"enemies":"Gremlin Gang","floor":15.0,"turns":2.0},{"damage":9.0,"enemies":"SI_SHIV_ARCHETYPE","floor":16.0,"turns":10.0},{"damage":7.0,"enemies":"Chosen","floor":19.0,"turns":4.0},{"damage":1.0,"enemies":"Shell Parasite","floor":20.0,"turns":4.0},{"damage":0.0,"enemies":"Snake Plant","floor":22.0,"turns":5.0},{"damage":11.0,"enemies":"Book of Stabbing","floor":23.0,"turns":7.0},{"damage":0.0,"enemies":"Centurion and Healer","floor":26.0,"turns":6.0},{"damage":0.0,"enemies":"Snecko","floor":27.0,"turns":4.0},{"damage":0.0,"enemies":"downfall:FleeingMerchant","floor":29.0,"turns":4.0},{"damage":0.0,"enemies":"Sentry and Sphere","floor":30.0,"turns":4.0},{"damage":22.0,"enemies":"Centurion and Healer","floor":31.0,"turns":7.0},{"damage":13.0,"enemies":"Snake Plant","floor":32.0,"turns":4.0},{"damage":42.0,"enemies":"DF_ARCHETYPE_CLAW","floor":33.0,"turns":9.0},{"damage":0.0,"enemies":"Orb Walker","floor":36.0,"turns":5.0},{"damage":35.0,"enemies":"3 Darklings","floor":38.0,"turns":6.0},{"damage":10.0,"enemies":"downfall:FleeingMerchant","floor":39.0,"turns":4.0},{"damage":0.0,"enemies":"Giant Head","floor":42.0,"turns":6.0},{"damage":7.0,"enemies":"4 Shapes","floor":43.0,"turns":5.0},{"damage":10.0,"enemies":"Sphere and 2 Shapes","floor":46.0,"turns":4.0},{"damage":0.0,"enemies":"downfall:FleeingMerchant","floor":47.0,"turns":4.0},{"damage":10.0,"enemies":"Nemesis","floor":48.0,"turns":7.0},{"damage":15.0,"enemies":"Writhing Mass","floor":49.0,"turns":5.0},{"damage":32,"enemies":"WA_ARCHETYPE_DIVINITY","floor":50,"turns":11}],"seed_played":"8351999180958839207","potions_obtained":[{"floor":8.0,"key":"Weak Potion"},{"floor":12.0,"key":"Weak Potion"},{"floor":13.0,"key":"Weak Potion"},{"floor":16.0,"key":"Fire Potion"},{"floor":20.0,"key":"SteroidPotion"},{"floor":26.0,"key":"BlessingOfTheForge"},{"floor":33.0,"key":"LifebloodPotion"},{"floor":48.0,"key":"Fire Potion"},{"floor":49.0,"key":"Fire Potion"}],"is_trial":false,"path_per_floor":["R","M","M","?","M","M","T","M","R","?","R","M","M","$","M","B",null,"R_BF","M","M","?","M","E","T","?","M","M","?","$","M","M","M","B",null,"R","M","?","M","$","R","T","E","M","R","R","M","$","E","M","B",null],"character_chosen":"SLIMEBOUND","items_purchased":["expansioncontent:DashGenerateEvil","Slimebound:DisruptingSlam","Slimebound:SlimeBrawl","Omamori","ReplayTheSpireMod:Brewmster+1","Slimebound:Overexert+1","Potion Belt"],"campfire_rested":0,"item_purchase_floors":[14,14,29,29,29,39,47],"current_hp_per_floor":[65,65,65,65,65,65,65,57,57,57,57,50,44,47,38,31,65,65,62,64,64,65,62,62,51,57,63,47,51,63,62,53,19,70,70,70,70,43,45,45,45,51,44,44,44,40,54,52,39,23],"gold":73,"neow_bonus":"THREE_ENEMY_KILL","is_daily":false,"chose_seed":false,"campfire_upgraded":7,"win_rate":0.0,"timestamp":1613052975,"path_taken":["R","M","M","?","M","M","T","?","R","?","R","M","M","$","M","BOSS","R_BF","M","M","?","?","E","T","?","M","?","?","$","?","M","M","BOSS","R","M","?","M","$","R","T","E","M","R","R","M","$","E","M","BOSS"],"items_purchased_type":["Card","Card","Card","Relic","Card","Card","Relic"],"build_version":"2020-12-22","purchased_purges":2,"victory":true,"max_hp_per_floor":[65,65,65,65,65,65,65,65,65,65,65,65,65,65,65,65,65,65,65,65,65,65,65,65,70,70,70,70,70,70,70,70,70,70,70,70,70,70,70,70,70,70,70,70,70,70,70,70,70,70],"card_choices":[{"not_picked":[],"picked":"BettingIsNotGood","floor":0.0},{"not_picked":["Slimebound:DivideAndConquer","Slimebound:LeechEnergy"],"picked":"Slimebound:SlimeTap","floor":2.0},{"not_picked":["Slimebound:RainOfGoop","Slimebound:DivideAndConquer"],"picked":"Slimebound:ServeAndProtect","floor":3.0},{"not_picked":["Slimebound:LeechingTouch","Slimebound:ComboTackle"],"picked":"Slimebound:SlimeSpikes","floor":5.0},{"not_picked":["Slimebound:TongueLash","Slimebound:SlimeBrawl"],"picked":"Slimebound:MegaLick","floor":6.0},{"not_picked":["Slimebound:Dissolve","Slimebound:Gluttony"],"picked":"Slimebound:SplitLeeching","floor":8.0},{"not_picked":["Slimebound:AcidTongue","Slimebound:ComboTackle"],"picked":"Slimebound:SplitLeeching","floor":12.0},{"not_picked":["Slimebound:TongueLash","Slimebound:Replication"],"picked":"Slimebound:Repurpose","floor":13.0},{"not_picked":["Slimebound:LeechEnergy","Slimebound:FinishingTackle","Slimebound:Chomp"],"picked":"SKIP","floor":14.0},{"not_picked":["Slimebound:SplitAcid","Slimebound:ComboTackle"],"picked":"Slimebound:Prepare","floor":15.0},{"not_picked":["Slimebound:SelfFormingGoo","Slimebound:FirmFortitude"],"picked":"Slimebound:MassRepurpose","floor":16.0},{"not_picked":["Slimebound:Grow","Slimebound:GoopSpray"],"picked":"Slimebound:LevelUp","floor":19.0},{"not_picked":["Slimebound:LivingWall","Slimebound:SamplingLick"],"picked":"Slimebound:Prepare+1","floor":20.0},{"not_picked":["Slimebound:RainOfGoop","Slimebound:SlimeTap"],"picked":"Slimebound:LeadByExample+1","floor":22.0},{"not_picked":["Slimebound:FinishingTackle","Slimebound:Gluttony+1"],"picked":"Slimebound:PressTheAttack+1","floor":23.0},{"not_picked":["Slimebound:CheckThePlaybook","Slimebound:LivingWall"],"picked":"Slimebound:HauntingLick+1","floor":26.0},{"not_picked":["Slimebound:Schlurp","Slimebound:SplitLeeching","Slimebound:SplitBruiser"],"picked":"SKIP","floor":27.0},{"not_picked":["Slimebound:SlimeBarrage","Slimebound:GoopTackle","Slimebound:LeadByExample+1"],"picked":"SKIP","floor":29.0},{"not_picked":["Slimebound:ItLooksTasty","Slimebound:FormOfPuddle","Slimebound:Chomp"],"picked":"SKIP","floor":30.0},{"not_picked":["Slimebound:BestDefense+1","Slimebound:LeechingTouch","Slimebound:DivideAndConquer"],"picked":"SKIP","floor":31.0},{"not_picked":["Slimebound:SplitAcid","Slimebound:SpikyOuterGoop+1","Slimebound:GrowthPunch"],"picked":"SKIP","floor":32.0},{"not_picked":["Slimebound:MassRepurpose","Slimebound:DouseInSlime"],"picked":"Slimebound:MinionMaster+1","floor":33.0},{"not_picked":["Slimebound:SplitLeeching+1","Slimebound:Schlurp"],"picked":"Slimebound:Dissolve","floor":36.0},{"not_picked":["Slimebound:GoopTackle","Slimebound:Schlurp"],"picked":"Slimebound:HauntingLick","floor":38.0},{"not_picked":["Slimebound:SplitAcid","Slimebound:SamplingLick","Slimebound:FormOfPuddle+1"],"picked":"SKIP","floor":39.0},{"not_picked":["Slimebound:LeechLife","Slimebound:BestDefense+1"],"picked":"Slimebound:HauntingLick","floor":42.0},{"not_picked":["Slimebound:LeechEnergy+1","Slimebound:Repurpose","Slimebound:ItLooksTasty+1"],"picked":"SKIP","floor":43.0},{"not_picked":["Slimebound:SplitBruiser+1","Slimebound:HauntingLick"],"picked":"Slimebound:ComboTackle+1","floor":46.0},{"not_picked":["Slimebound:ProtectTheBoss+1","Slimebound:ServeAndProtect"],"picked":"Slimebound:LeadByExample+1","floor":47.0},{"not_picked":["Slimebound:SlimeBrawl+1","Slimebound:ServeAndProtect"],"picked":"Slimebound:Schlurp+1","floor":48.0},{"not_picked":["Slimebound:SplitAcid","Slimebound:RainOfGoop+1"],"picked":"Slimebound:SlimeBarrage+1","floor":49.0}],"player_experience":486931,"relics_obtained":[{"floor":7.0,"key":"reliquary:Buckler"},{"floor":21.0,"key":"Frozen Egg 2"},{"floor":23.0,"key":"DoctorsRemote"},{"floor":24.0,"key":"Golden Egg"},{"floor":28.0,"key":"Necronomicon"},{"floor":41.0,"key":"SteamSale"},{"floor":42.0,"key":"Replay:Kaleidoscope"},{"floor":48.0,"key":"Replay:Bottled Snecko"}],"event_choices":[{"damage_healed":0.0,"max_hp_gain":0.0,"max_hp_loss":0.0,"gold_gain":0.0,"event_name":"Wheel of Change","player_choice":"Relic","floor":21.0,"gold_loss":0.0,"damage_taken":0.0},{"cards_removed":["Slimebound:BestDefense"],"damage_healed":0.0,"max_hp_gain":0.0,"max_hp_loss":0.0,"gold_gain":0.0,"event_name":"Falling","player_choice":"Removed Power","floor":37.0,"gold_loss":0.0,"damage_taken":0.0}],"is_beta":false,"boss_relics":[{"not_picked":["Replay:Bronze Core","reliquary:WritOfMandamus"],"picked":"Cursed Key"},{"not_picked":[]},{"not_picked":["Tiny House","reliquary:Ember"],"picked":"Astrolabe"},{"not_picked":[]}],"items_purged_floors":[29,39],"is_endless":false,"potions_floor_spawned":[8,12,13,15,16,20,22,26,27,32,33,38,46,48,49],"ascension_level":0}}