{"host":"cc6r8m2qe4jvlwua","time":1613013733,"event":{"mods":["BaseMod","Hubris","Marisa????????","Minty Spire (QoL Compilation)","Morshu Shopkeeper","Replay The Spire","Spicy Shops","StSLib","The Cursed","The Marked","The Necromancer"],"gold_per_floor":[117,42,42,42,42,42,76,94,147,147,160,160,170,70,70,169,169,181,451,462,462,187,207,236,292,316,416,430,370,370,50,50,148,148,165,10,23,23,40,69,69,84,130,146,162,162,182,182,182,182,182],"floor_reached":50,"language":"ENG","playtime":2214,"items_purged":["Strike_R","Strike_R","Defend_R","Defend_R","Abandon+1"],"score":618,"play_id":"5aad6bcf-7b23-4fc3-ab35-c9472ec17e49","local_time":"20210210212213","is_ascension_mode":true,"campfire_choices":[{"data":"Abandon","floor":6,"key":"SMITH"},{"data":"Rampage","floor":10,"key":"SMITH"},{"data":"Twin Strike","floor":12,"key":"SMITH"},{"data":"Flame Barrier","floor":15,"key":"SMITH"},{"data":"Pot Of Greed","floor":30,"key":"SMITH"},{"data":"Clash","floor":32,"key":"SMITH"},{"data":"Pot Of Greed","floor":46,"key":"SMITH"},{"floor":49,"key":"RECALL"}],"circlet_count":0,"master_deck":["Defend_R","Bash+1","Twin Strike+1","Rampage+1","Flame Barrier+1","Clash+1","Battle Trance+1","Pot Of Greed+1","Burning Pact+1","Wraith","Clash","True Grit+1","Pot Of Greed+1"],"relics":["Burning Blood","Regal Pillow","Ancient Tea Set","Replay:Grab Bag","Coffee Dripper","Sozu","Empty Cage","Centennial Puzzle","Eternal Feather","Grinning Jar","Gambling Chip","Replay:WaspNest","TheAbacus","hubris:ScarierMask","PreservedInsect","The Courier"],"acts_visited":["Exordium","TheCity","TheBeyond"],"potions_floor_usage":[27],"damage_taken":[{"damage":2,"enemies":"Small Slimes","floor":1,"turns":3},{"damage":27,"enemies":"Gremlin Nob","floor":7,"turns":4},{"damage":5,"enemies":"2 Louse","floor":8,"turns":2},{"damage":1,"enemies":"Jaw Worm","floor":11,"turns":3},{"damage":0,"enemies":"Red Slaver","floor":13,"turns":2},{"damage":23,"enemies":"Slime Boss","floor":16,"turns":7},{"damage":3,"enemies":"3 Byrds","floor":18,"turns":3},{"damage":0,"enemies":"Chosen","floor":20,"turns":3},{"damage":9,"enemies":"Snake Plant","floor":23,"turns":3},{"damage":12,"enemies":"Book of Stabbing","floor":24,"turns":4},{"damage":4,"enemies":"Colosseum Slavers","floor":27,"turns":3},{"damage":12,"enemies":"Colosseum Nobs","floor":27,"turns":4},{"damage":8,"enemies":"Sentry and Sphere","floor":28,"turns":4},{"damage":23,"enemies":"hubris:MusketHawk","floor":33,"turns":5},{"damage":0,"enemies":"3 Darklings","floor":35,"turns":3},{"damage":0,"enemies":"Orb Walker","floor":37,"turns":3},{"damage":5,"enemies":"Spire Growth","floor":39,"turns":4},{"damage":0,"enemies":"Reptomancer","floor":40,"turns":4},{"damage":0,"enemies":"Transient","floor":42,"turns":5},{"damage":6,"enemies":"Sphere and 2 Shapes","floor":44,"turns":3},{"damage":4,"enemies":"4 Shapes","floor":45,"turns":4},{"damage":28,"enemies":"Writhing Mass","floor":47,"turns":4},{"damage":31,"enemies":"hubris:GrandSnecko","floor":50,"turns":6}],"seed_played":"-1588985590853480441","potions_obtained":[{"floor":8,"key":"PowerPotion"},{"floor":11,"key":"FearPotion"},{"floor":16,"key":"FearPotion"}],"is_trial":false,"path_per_floor":["M","$","?","?","?","R","E","M","T","R","M","R","M","$","R","B",null,"M","?","M","?","$","M","E","?","T","?","M","?","R","$","R","B",null,"M","$","M","?","M","E","?","M","T","M","M","R","M","?","R","B"],"character_chosen":"IRONCLAD","items_purchased":["TheAbacus","PreservedInsect"],"campfire_rested":0,"item_purchase_floors":[31,36],"current_hp_per_floor":[80,80,80,80,80,80,59,60,60,60,65,65,71,71,71,54,80,80,53,59,59,59,56,50,30,30,26,24,24,30,30,33,16,80,80,80,80,80,80,80,80,80,80,80,80,80,58,58,64,33,33],"gold":182,"neow_bonus":"RANDOM_EVENT","is_daily":false,"chose_seed":false,"campfire_upgraded":7,"win_rate":0.0,"timestamp":1613013733,"path_taken":["M","$","?","?","?","R","E","M","T","R","M","R","M","?","R","BOSS","M","?","?","?","$","M","E","?","T","?","M","?","R","$","R","BOSS","M","$","M","?","M","E","?","M","T","?","M","R","M","?","R","BOSS"],"items_purchased_type":["Relic","Relic"],"build_version":"2020-12-22","purchased_purges":5,"victory":false,"max_hp_per_floor":[80,80,80,80,80,80,80,80,80,80,80,80,80,80,80,80,80,80,80,80,80,80,80,80,80,80,80,80,80,80,80,80,80,80,80,80,80,80,80,80,80,80,80,80,80,80,80,80,80,80,80],"card_choices":[{"not_picked":["Battle Trance","Sword Boomerang"],"picked":"Abandon","floor":1},{"not_picked":["Sword Boomerang","Evolve"],"picked":"Rampage","floor":7},{"not_picked":["hubris:ReadiedAction","Havoc","Abandon"],"picked":"SKIP","floor":8},{"not_picked":["hubris:ReadiedAction","Massacre"],"picked":"Flame Barrier","floor":11},{"not_picked":["Shrug It Off","Replay:Undeath\u0027s Touch","Life Link"],"picked":"SKIP","floor":13},{"not_picked":["Thunderclap","Reckless Charge+1","Pommel Strike"],"picked":"SKIP","floor":18},{"not_picked":["Massacre","Intimidate","Twin Strike"],"picked":"SKIP","floor":20},{"not_picked":["Flex","Body Slam","Thunderclap"],"picked":"SKIP","floor":23},{"not_picked":["Havoc+1","Sever Soul"],"picked":"Clash","floor":24},{"not_picked":["Clothesline","Thunderclap"],"picked":"Battle Trance+1","floor":25},{"not_picked":["Run Through+1","hubris:ReadiedAction"],"picked":"Burning Pact+1","floor":27},{"not_picked":["Sentinel","ReplayTheSpireMod:Strike From Hell","Pommel Strike"],"picked":"SKIP","floor":28},{"not_picked":["Run Through","Warcry+1","Replay:Undeath\u0027s Touch+1"],"picked":"SKIP","floor":35},{"not_picked":["Thunderclap","Iron Wave","Shrug It Off"],"picked":"SKIP","floor":37},{"not_picked":["Replay:Many Hands","Headbutt","Infernal Blade"],"picked":"SKIP","floor":39},{"not_picked":["Thunderclap+1","ReplayTheSpireMod:Muscle Training","Searing Blow"],"picked":"SKIP","floor":40},{"not_picked":["Thunderclap+1","ReplayTheSpireMod:Muscle Training","Searing Blow"],"picked":"SKIP","floor":40},{"not_picked":["Armaments","Power Through"],"picked":"Clash","floor":42},{"not_picked":["Sword Boomerang+1","Dropkick","Twin Strike+1"],"picked":"SKIP","floor":44},{"not_picked":["Shockwave+1","Armaments"],"picked":"True Grit+1","floor":45},{"not_picked":["Immolate","ReplayTheSpireMod:Stacked+1","Replay:Undeath\u0027s Touch"],"picked":"SKIP","floor":47}],"player_experience":266340,"relics_obtained":[{"floor":7,"key":"Regal Pillow"},{"floor":9,"key":"Ancient Tea Set"},{"floor":24,"key":"Centennial Puzzle"},{"floor":25,"key":"Eternal Feather"},{"floor":26,"key":"Grinning Jar"},{"floor":27,"key":"Gambling Chip"},{"floor":27,"key":"Replay:WaspNest"},{"floor":40,"key":"The Courier"}],"event_choices":[{"cards_removed":["Strike_R"],"damage_healed":0,"gold_gain":0,"player_choice":"Forget","damage_taken":0,"max_hp_gain":0,"max_hp_loss":0,"event_name":"Living Wall","floor":3,"gold_loss":0},{"damage_healed":0,"gold_gain":0,"player_choice":"Leave","damage_taken":0,"max_hp_gain":0,"max_hp_loss":0,"event_name":"The Cleric","floor":5,"gold_loss":0},{"damage_healed":0,"gold_gain":270,"player_choice":"GOLD GOLD GOLD ","damage_taken":27,"max_hp_gain":0,"max_hp_loss":0,"event_name":"Knowing Skull","floor":19,"potions_obtained":[],"gold_loss":0,"cards_obtained":[]},{"cards_removed":["Defend_R"],"damage_healed":0,"gold_gain":0,"player_choice":"Elegance","damage_taken":0,"max_hp_gain":0,"max_hp_loss":0,"event_name":"Back to Basics","floor":21,"gold_loss":0},{"damage_healed":0,"gold_gain":0,"player_choice":"Fight","damage_taken":0,"max_hp_gain":0,"max_hp_loss":0,"event_name":"Colosseum","floor":27,"gold_loss":0},{"damage_healed":0,"gold_gain":0,"player_choice":"Fought Nobs","damage_taken":0,"max_hp_gain":0,"max_hp_loss":0,"event_name":"Colosseum","floor":27,"gold_loss":0},{"damage_healed":0,"gold_gain":0,"player_choice":"Ignored","damage_taken":0,"max_hp_gain":0,"max_hp_loss":0,"event_name":"OrinTheCat","floor":38,"gold_loss":0},{"damage_healed":0,"gold_gain":0,"player_choice":"Ignored","damage_taken":0,"max_hp_gain":0,"max_hp_loss":0,"event_name":"Transmorgrifier","floor":41,"gold_loss":0},{"damage_healed":0,"gold_gain":0,"player_choice":"Bought 0 Potions","damage_taken":0,"max_hp_gain":0,"max_hp_loss":0,"event_name":"The Woman in Blue","floor":48,"gold_loss":0}],"is_beta":false,"boss_relics":[{"not_picked":["Painkiller Herb","Honey Jar"],"picked":"Replay:Grab Bag"},{"not_picked":["ChewingGum","hubris:GrandSneckoEye"],"picked":"Coffee Dripper"},{"not_picked":["Replay:Wanted Poster","hubris:VirtuousBlindfold"],"picked":"Sozu"},{"not_picked":["Astrolabe","Snecko Eye"],"picked":"Empty Cage"},{"not_picked":["Replay:Bronze Core","hubris:CrackedHourglass"],"picked":"hubris:ScarierMask"}],"items_purged_floors":[2,14,22,22,31],"is_endless":false,"potions_floor_spawned":[8,11,16,20,27,27,28,39,42,44],"killed_by":"hubris:GrandSnecko","ascension_level":1}}