{"host":"j5j96s76v36ug78u","time":1613056078,"event":{"mods":["BaseMod","Better Third Choice","Downfall","Highlight Path","Minty Spire (QoL Compilation)","Reliquary","StSLib","The Animator"],"gold_per_floor":[99,111,111,59,106,118,130,156,168,194,206,203,215,245,276,391,403,415,443,469,493,490,502,502,502],"floor_reached":23,"language":"ENG","playtime":1721,"items_purged":[],"score":181,"play_id":"af589646-80e0-4fed-a8c6-cd748c14df9e","local_time":"20210211120758","is_ascension_mode":false,"campfire_choices":[{"floor":1,"key":"RECALL"},{"data":"Slimebound:MassRepurpose","floor":6,"key":"SMITH"},{"data":"1","floor":11,"key":"LIFT"},{"data":"2","floor":13,"key":"LIFT"},{"data":"3","floor":18,"key":"LIFT"}],"circlet_count":0,"master_deck":["Slimebound:Strike_Slimebound","Slimebound:Strike_Slimebound","Slimebound:Strike_Slimebound","Slimebound:Tackle","Slimebound:Defend_Slimebound","Slimebound:Defend_Slimebound","Slimebound:Defend_Slimebound","Slimebound:Defend_Slimebound","Slimebound:Split","Slimebound:CorrosiveSpit","Slimebound:LivingWall","Slimebound:LivingWall","Slimebound:MassRepurpose+1","Slimebound:SplitSpecialist","Slimebound:Dissolve","Slimebound:Replication","Slimebound:Repurpose","Slimebound:MassRepurpose","Slimebound:SplitLeeching+1","Slimebound:GoopSpray"],"relics":["Slimebound:AbsorbEndCombat","MawBank","Girya","Black Star"],"acts_visited":["Exordium","TheCity"],"potions_floor_usage":[14,22,23],"damage_taken":[{"damage":0,"enemies":"2 Louse","floor":2,"turns":3},{"damage":0,"enemies":"downfall:FleeingMerchant","floor":4,"turns":4},{"damage":1,"enemies":"Cultist","floor":8,"turns":5},{"damage":5,"enemies":"Small Slimes","floor":10,"turns":4},{"damage":0,"enemies":"downfall:FleeingMerchant","floor":12,"turns":4},{"damage":0,"enemies":"Exordium Wildlife","floor":14,"turns":3},{"damage":12,"enemies":"Red Slaver","floor":15,"turns":4},{"damage":8,"enemies":"SI_SHIV_ARCHETYPE","floor":16,"turns":6},{"damage":25,"enemies":"Spheric Guardian","floor":19,"turns":6},{"damage":0,"enemies":"Shell Parasite","floor":20,"turns":8},{"damage":60,"enemies":"Shelled Parasite and Fungi","floor":21,"turns":7},{"damage":6,"enemies":"downfall:FleeingMerchant","floor":22,"turns":4},{"damage":15,"enemies":"DF_ARCHETYPE_STREAMLINE","floor":23,"turns":3}],"seed_played":"-2244877093326888328","potions_obtained":[{"floor":10,"key":"champ:CounterPotion"},{"floor":14,"key":"Fruit Juice"},{"floor":16,"key":"SteroidPotion"},{"floor":21,"key":"Weak Potion"}],"is_trial":false,"path_per_floor":["R","M","?","$","T","R","T","M","T","M","R","$","R","M","M","B",null,"R","M","M","M","$","?"],"character_chosen":"SLIMEBOUND","items_purchased":["Slimebound:SplitSpecialist"],"campfire_rested":0,"item_purchase_floors":[4],"current_hp_per_floor":[71,71,71,71,71,71,71,71,71,68,68,71,71,76,70,66,76,76,53,61,9,7,0,0,0],"gold":502,"neow_bonus":"TEN_PERCENT_HP_BONUS","is_daily":false,"chose_seed":false,"campfire_upgraded":1,"win_rate":0.0,"timestamp":1613056078,"path_taken":["R","M","?","$","?","R","T","?","?","M","R","$","R","M","M","BOSS","R","M","M","M","$","?"],"items_purchased_type":["Card"],"build_version":"2020-12-22","purchased_purges":0,"victory":false,"max_hp_per_floor":[71,71,71,71,71,71,71,71,71,71,71,71,71,76,76,76,76,76,76,76,76,76,76,76,76],"card_choices":[{"not_picked":["Slimebound:GoopTackle","Slimebound:SlimeBrawl"],"picked":"Slimebound:LivingWall","floor":2},{"not_picked":["Slimebound:SplitLeeching","Slimebound:SplitBruiser"],"picked":"Slimebound:MassRepurpose","floor":4},{"not_picked":["Slimebound:SplitLeeching","Slimebound:ComboTackle","Slimebound:LeechEnergy"],"picked":"SKIP","floor":8},{"not_picked":["Slimebound:ComboTackle","Slimebound:SamplingLick"],"picked":"Slimebound:Dissolve","floor":10},{"not_picked":["Slimebound:SplitMire","Slimebound:Schlurp"],"picked":"Slimebound:Replication","floor":12},{"not_picked":["Slimebound:GoopTackle","Slimebound:SplitAcid"],"picked":"Slimebound:Repurpose","floor":14},{"not_picked":["Slimebound:Gluttony","Slimebound:RainOfGoop","Slimebound:FinishingTackle"],"picked":"SKIP","floor":15},{"not_picked":["Slimebound:PrepareCrush","Slimebound:Darklings"],"picked":"Slimebound:MassRepurpose","floor":16},{"not_picked":["Slimebound:Equalize","Slimebound:GoopSpray","Slimebound:DisruptingSlam"],"picked":"SKIP","floor":19},{"not_picked":["Slimebound:LivingWall","Slimebound:SplitAcid"],"picked":"Slimebound:SplitLeeching+1","floor":20},{"not_picked":["Slimebound:SplitMire","Slimebound:ServeAndProtect","Slimebound:SlimeBrawl"],"picked":"SKIP","floor":21},{"not_picked":["Slimebound:Teamwork","Slimebound:Prepare"],"picked":"Slimebound:GoopSpray","floor":22}],"player_experience":206782,"relics_obtained":[{"floor":5,"key":"MawBank"},{"floor":7,"key":"Girya"}],"event_choices":[],"is_beta":false,"boss_relics":[{"not_picked":["Astrolabe","Coffee Dripper"],"picked":"Black Star"}],"items_purged_floors":[],"is_endless":false,"potions_floor_spawned":[10,14,16,21],"killed_by":"DF_ARCHETYPE_STREAMLINE","ascension_level":0}}