{"host":"2l3i55whvwk76mom","time":1613010800,"event":{"mods":["BaseMod","Googly Eyes","Hermit","Hubris","Minty Spire (QoL Compilation)","Replay The Spire","StSLib","The Cursed","The Disciple","The Hierophant","The Jungle"],"gold_per_floor":[116,116,92,103,128,168,180,221,233,259,302,56,56,72,72,167,167,181,193,206,206,206,206,236,236,284,302,328,328,76,92,92,92,92],"floor_reached":33,"language":"ENG","playtime":1278,"items_purged":["hubris:Despair","Strike_G"],"score":394,"play_id":"cfb38fff-56d4-4405-be1e-95594b246ca8","local_time":"20210210183320","is_ascension_mode":true,"campfire_choices":[{"data":"Noxious Fumes","floor":15,"key":"SMITH"},{"data":"Deadly Poison","floor":23,"key":"SMITH"},{"floor":25,"key":"REST"},{"floor":32,"key":"REST"}],"circlet_count":0,"master_deck":["Strike_G+1","Strike_G+1","Strike_G","Strike_G","Defend_G","Defend_G","Defend_G","Defend_G","Defend_G","Survivor","Neutralize","Poisoned Stab","Deadly Poison","Bane","Draining Mist+1","Quick Slash","Deadly Poison+1","Leg Sweep","Noxious Fumes+1","Deflect+1","Poison Darts+1","Backflip+1","Toxin Wave+1","Dodge and Roll+1","Calculated Gamble+1","Noxious Fumes+1","Toxin Wave+1"],"relics":["Ring of the Snake","NeowsBlessing","Happy Flower","MawBank","Calipers","Whetstone","Turnip","Toxic Egg 2","ReplayTheSpireMod:CursedCoin","Sozu","Gambling Chip","hubris:AstralHammer","Iron Hammer","Nloth\u0027s Gift","DollysMirror"],"acts_visited":["Exordium","TheCity"],"potions_floor_usage":[8,16,24,24],"damage_taken":[{"damage":0,"enemies":"Jaw Worm","floor":1,"turns":1},{"damage":0,"enemies":"Cultist","floor":4,"turns":1},{"damage":0,"enemies":"Gremlin Nob","floor":6,"turns":1},{"damage":14,"enemies":"Lagavulin","floor":8,"turns":5},{"damage":4,"enemies":"Small Slimes","floor":10,"turns":3},{"damage":3,"enemies":"Replay:BlueRogue","floor":11,"turns":4},{"damage":0,"enemies":"Blue Slaver","floor":14,"turns":3},{"damage":13,"enemies":"The Guardian","floor":16,"turns":7},{"damage":1,"enemies":"Spheric Guardian","floor":18,"turns":3},{"damage":15,"enemies":"3 Byrds","floor":19,"turns":4},{"damage":7,"enemies":"Cultist and Chosen","floor":20,"turns":6},{"damage":42,"enemies":"Slavers","floor":24,"turns":5},{"damage":7,"enemies":"Centurion and Healer","floor":27,"turns":6},{"damage":5,"enemies":"Replay:Snechameleon","floor":28,"turns":5},{"damage":0,"enemies":"Snake Plant","floor":31,"turns":4},{"damage":40,"enemies":"Champ","floor":33,"turns":8}],"seed_played":"-4729721280696141849","potions_obtained":[{"floor":6,"key":"Toxic Potion"},{"floor":10,"key":"SteroidPotion"},{"floor":11,"key":"SpeedPotion"},{"floor":14,"key":"CunningPotion"}],"is_trial":false,"path_per_floor":["M","?","$","M","T","E","?","E","T","M","E","$","?","M","R","B",null,"M","M","M","?","T","R","E","R","T","M","E","?","$","M","R","B"],"character_chosen":"THE_SILENT","items_purchased":["Poisoned Stab","Toxic Egg 2","ReplayTheSpireMod:CursedCoin","Noxious Fumes","DollysMirror"],"campfire_rested":2,"item_purchase_floors":[3,12,12,12,30],"current_hp_per_floor":[70,70,70,70,70,70,70,56,56,52,49,49,49,49,49,36,70,69,54,47,47,47,47,5,26,26,21,18,18,18,18,39,0,0],"gold":92,"neow_bonus":"THREE_ENEMY_KILL","is_daily":false,"chose_seed":false,"campfire_upgraded":2,"win_rate":0.0,"timestamp":1613010800,"path_taken":["M","?","$","?","?","E","?","E","T","M","E","$","?","?","R","BOSS","M","M","?","?","?","R","E","R","T","M","E","?","$","?","R","BOSS"],"items_purchased_type":["Card","Relic","Relic","Card","Relic"],"build_version":"2020-12-22","purchased_purges":2,"victory":false,"max_hp_per_floor":[70,70,70,70,70,70,70,70,70,70,70,70,70,70,70,70,70,70,70,70,70,70,70,70,70,70,70,70,70,70,70,70,70,70],"card_choices":[{"not_picked":["PiercingWail","Deflect"],"picked":"Flying Knee","floor":1},{"not_picked":["Draining Mist","Noxious Fumes"],"picked":"Deadly Poison","floor":4},{"not_picked":["Acrobatics","ReplayTheSpireMod:Shiv Toss"],"picked":"Bane","floor":6},{"not_picked":["Riddle With Holes","Flying Knee"],"picked":"Quick Slash","floor":8},{"not_picked":["Underhanded Strike","Acrobatics"],"picked":"Deadly Poison","floor":10},{"not_picked":["Bullet Time","ReplayTheSpireMod:Shiv Toss"],"picked":"Leg Sweep","floor":11},{"not_picked":["Predator","Endless Agony"],"picked":"Deflect+1","floor":14},{"not_picked":["Burst+1","After Image"],"picked":"Poison Darts+1","floor":16},{"not_picked":["Dagger Spray","Cloak And Dagger+1"],"picked":"Backflip+1","floor":18},{"not_picked":["Glass Knife","Concentrate+1","Deflect+1"],"picked":"SKIP","floor":19},{"not_picked":["Skewer","Flying Knee"],"picked":"Toxin Wave+1","floor":20},{"not_picked":["Predator+1","hubris:SlightOfHand+1"],"picked":"Dodge and Roll+1","floor":24},{"not_picked":["Well Laid Plans+1","hubris:TrickCloak+1","Bane"],"picked":"SKIP","floor":27},{"not_picked":["hubris:TrickCloak+1","Finisher"],"picked":"Calculated Gamble+1","floor":28},{"not_picked":["All Out Attack","Hidden Blade+1"],"picked":"Toxin Wave+1","floor":31}],"player_experience":366337,"relics_obtained":[{"floor":5,"key":"MawBank"},{"floor":6,"key":"Calipers"},{"floor":8,"key":"Whetstone"},{"floor":11,"key":"Turnip"},{"floor":22,"key":"Gambling Chip"},{"floor":24,"key":"hubris:AstralHammer"},{"floor":26,"key":"Blood Vial"},{"floor":28,"key":"Iron Hammer"}],"event_choices":[{"cards_removed":["Flying Knee"],"damage_healed":0,"gold_gain":0,"player_choice":"Gave Card","damage_taken":0,"relics_obtained":["Happy Flower"],"max_hp_gain":0,"max_hp_loss":0,"event_name":"WeMeetAgain","floor":2,"gold_loss":0},{"damage_healed":0,"gold_gain":0,"player_choice":"Upgraded","damage_taken":0,"max_hp_gain":0,"max_hp_loss":0,"event_name":"Upgrade Shrine","floor":13,"gold_loss":0,"cards_upgraded":["Draining Mist"]},{"damage_healed":0,"gold_gain":0,"player_choice":"Ignored","damage_taken":0,"max_hp_gain":0,"max_hp_loss":0,"event_name":"Ghosts","floor":21,"gold_loss":0},{"damage_healed":0,"gold_gain":0,"player_choice":"Traded Relic","damage_taken":0,"relics_obtained":["Nloth\u0027s Gift"],"max_hp_gain":0,"max_hp_loss":0,"event_name":"N\u0027loth","floor":29,"relics_lost":["Blood Vial"],"gold_loss":0}],"is_beta":false,"boss_relics":[{"not_picked":["hubris:BlackHole","hubris:Backtick"],"picked":"Sozu"}],"items_purged_floors":[12,30],"is_endless":false,"potions_floor_spawned":[6,10,11,14,19,27,28],"killed_by":"Champ","ascension_level":4}}