{"host":"3y9j540ftq0by6cq","time":1613047569,"event":{"mods":["BaseMod","Minty Spire (QoL Compilation)","StSLib"],"gold_per_floor":[115,190,190,264,264,298,298,318,318,318,122,141,162,162,162,162,162],"floor_reached":16,"language":"ZHT","playtime":373,"items_purged":[],"score":98,"play_id":"fbad9e84-e34a-4d8d-8276-9bee52b4cf2d","local_time":"20210211204609","is_ascension_mode":false,"campfire_choices":[{"data":"Wild Strike","floor":7,"key":"SMITH"},{"data":"Reckless Charge","floor":10,"key":"SMITH"},{"data":"Inflame","floor":15,"key":"SMITH"}],"circlet_count":0,"master_deck":["Strike_R","Strike_R","Strike_R","Strike_R","Strike_R","Defend_R","Defend_R+1","Defend_R+1","Defend_R","Wild Strike+1","Injury","Bloodletting","Reckless Charge+1","Inflame+1","Seeing Red","Rampage","Cleave","Second Wind","Parasite"],"relics":["Burning Blood","Golden Idol","Juzu Bracelet","HornCleat"],"acts_visited":["Exordium"],"potions_floor_usage":[16],"damage_taken":[{"damage":5,"enemies":"Jaw Worm","floor":1,"turns":4},{"damage":33,"enemies":"Gremlin Nob","floor":6,"turns":6},{"damage":0,"enemies":"Small Slimes","floor":8,"turns":2},{"damage":0,"enemies":"2 Louse","floor":12,"turns":2},{"damage":10,"enemies":"Looter","floor":13,"turns":3},{"damage":58,"enemies":"Hexaghost","floor":16,"turns":11}],"seed_played":"8566110979094333452","potions_obtained":[{"floor":1,"key":"BlessingOfTheForge"}],"is_trial":false,"path_per_floor":["M","?","?","?","?","E","R","M","T","R","$","M","M","?","R","B"],"character_chosen":"IRONCLAD","items_purchased":["Inflame","Seeing Red","Rampage"],"campfire_rested":0,"item_purchase_floors":[11,11,11],"current_hp_per_floor":[80,69,53,53,53,26,26,32,32,32,32,38,34,54,54,0,0],"gold":162,"neow_bonus":"REMOVE_CARD","is_daily":false,"chose_seed":false,"campfire_upgraded":3,"win_rate":0.0,"timestamp":1613047569,"path_taken":["M","?","?","?","?","E","R","M","T","R","?","M","M","?","R","BOSS"],"items_purchased_type":["Card","Card","Card"],"build_version":"2020-12-22","purchased_purges":0,"victory":false,"max_hp_per_floor":[80,80,80,80,80,80,80,80,80,80,80,80,80,80,80,80,80],"card_choices":[{"not_picked":["Spot Weakness","Iron Wave"],"picked":"Wild Strike","floor":1},{"not_picked":["True Grit","Heavy Blade"],"picked":"Bloodletting","floor":6},{"not_picked":["Shrug It Off","Blood for Blood"],"picked":"Reckless Charge","floor":8},{"not_picked":["Bloodletting","Clothesline"],"picked":"Cleave","floor":12},{"not_picked":["Impervious","Shrug It Off"],"picked":"Second Wind","floor":13}],"player_experience":66936,"relics_obtained":[{"floor":6,"key":"Juzu Bracelet"},{"floor":9,"key":"HornCleat"}],"event_choices":[{"damage_healed":0,"gold_gain":75,"player_choice":"Gather Gold","damage_taken":11,"max_hp_gain":0,"max_hp_loss":0,"event_name":"World of Goop","floor":2,"gold_loss":0},{"damage_healed":0,"gold_gain":0,"player_choice":"Entered Light","damage_taken":16,"max_hp_gain":0,"max_hp_loss":0,"event_name":"Shining Light","floor":3,"gold_loss":0,"cards_upgraded":["Defend_R","Defend_R"]},{"damage_healed":0,"gold_gain":74,"player_choice":"Gained Gold","damage_taken":0,"max_hp_gain":0,"max_hp_loss":0,"event_name":"Golden Wing","floor":4,"gold_loss":0},{"damage_healed":0,"gold_gain":0,"player_choice":"Take Wound","damage_taken":0,"relics_obtained":["Golden Idol"],"max_hp_gain":0,"max_hp_loss":0,"event_name":"Golden Idol","floor":5,"gold_loss":0,"cards_obtained":["Injury"]},{"damage_healed":20,"gold_gain":0,"player_choice":"Healed and dodged fight","damage_taken":0,"max_hp_gain":0,"max_hp_loss":0,"event_name":"Mushrooms","floor":14,"gold_loss":0,"cards_obtained":["Parasite"]}],"is_beta":false,"boss_relics":[],"items_purged_floors":[],"is_endless":false,"potions_floor_spawned":[1],"killed_by":"Hexaghost","ascension_level":0}}