{"host":"ilxricga2547gmyy","time":1613046597,"event":{"mods":["AchievementEnabler","BaseMod","Minty Spire (QoL Compilation)","Quick Restart","StSLib"],"gold_per_floor":[112,125,140,105,105,134,134,166,189,206,206,206],"floor_reached":11,"language":"ENG","playtime":291,"items_purged":[],"score":125,"play_id":"dd55aea0-e38f-4d62-baa9-818f710bcaf2","local_time":"20210211132957","is_ascension_mode":true,"campfire_choices":[{"data":"Whirlwind","floor":7,"key":"SMITH"}],"circlet_count":0,"master_deck":["AscendersBane","Strike_R","Strike_R","Strike_R","Strike_R","Strike_R","Defend_R","Defend_R","Defend_R","Defend_R","Bash","Sword Boomerang","Infernal Blade","Whirlwind+1","Sever Soul","Feed"],"relics":["Burning Blood","Regal Pillow","Smiling Mask","Toy Ornithopter","Blood Vial"],"acts_visited":["Exordium"],"potions_floor_usage":[10,11],"damage_taken":[{"damage":11,"enemies":"Cultist","floor":1,"turns":4},{"damage":7,"enemies":"Jaw Worm","floor":2,"turns":3},{"damage":13,"enemies":"2 Louse","floor":3,"turns":3},{"damage":40,"enemies":"Lagavulin","floor":6,"turns":6},{"damage":20,"enemies":"3 Sentries","floor":8,"turns":3},{"damage":8,"enemies":"Blue Slaver","floor":10,"turns":2},{"damage":62,"enemies":"Lagavulin","floor":11,"turns":7}],"seed_played":"-1650272274258228595","potions_obtained":[{"floor":6,"key":"Fire Potion"},{"floor":10,"key":"Swift Potion"}],"is_trial":false,"path_per_floor":["M","M","M","?","?","E","R","E","T","M","E"],"character_chosen":"IRONCLAD","items_purchased":[],"campfire_rested":0,"item_purchase_floors":[],"current_hp_per_floor":[67,66,59,79,79,45,45,31,31,36,0,0],"gold":206,"neow_bonus":"RANDOM_COMMON_RELIC","is_daily":false,"chose_seed":false,"campfire_upgraded":1,"win_rate":0.0,"timestamp":1613046597,"path_taken":["M","?","M","?","?","E","R","E","T","M","E"],"items_purchased_type":[],"build_version":"2020-12-22","purchased_purges":0,"victory":false,"max_hp_per_floor":[80,80,80,80,80,80,80,80,80,80,80,80],"card_choices":[{"not_picked":["Wild Strike","Havoc"],"picked":"Sword Boomerang","floor":1},{"not_picked":["Burning Pact","Anger","Wild Strike"],"picked":"SKIP","floor":2},{"not_picked":["Reckless Charge","Havoc"],"picked":"Infernal Blade","floor":3},{"not_picked":["Perfected Strike","Fire Breathing"],"picked":"Whirlwind","floor":6},{"not_picked":["Warcry","Power Through"],"picked":"Sever Soul","floor":8},{"not_picked":["Sword Boomerang","Armaments"],"picked":"Feed","floor":10}],"player_experience":281905,"relics_obtained":[{"floor":6,"key":"Smiling Mask"},{"floor":8,"key":"Toy Ornithopter"},{"floor":9,"key":"Blood Vial"}],"event_choices":[{"damage_healed":20,"gold_gain":0,"player_choice":"Healed","damage_taken":0,"max_hp_gain":0,"max_hp_loss":0,"event_name":"The Cleric","floor":4,"gold_loss":35},{"damage_healed":0,"gold_gain":0,"player_choice":"Ignored","damage_taken":0,"max_hp_gain":0,"max_hp_loss":0,"event_name":"Liars Game","floor":5,"gold_loss":0}],"is_beta":false,"boss_relics":[],"items_purged_floors":[],"is_endless":false,"potions_floor_spawned":[6,10],"killed_by":"Lagavulin","ascension_level":10}}