{"host":"yhhyog5h1q67ienp","time":1613073510,"event":{"mods":["AchievementEnabler","BaseMod","Block Reminder","Colored Map","Colored Powertips","Minty Spire (QoL Compilation)","Quick Restart","Relic Stats","StSLib","Weighted Paths","ojb\u0027s Better Paths Mod","ojb\u0027s Info Mod"],"gold_per_floor":[216,232,232,245,245,277,277,312,335,362,362,380,380,397,397,470,470,489,500,500,500],"floor_reached":20,"language":"ENG","playtime":2121,"items_purged":[],"score":438,"play_id":"77ade248-3a42-4a7e-994c-3c8a7b523220","local_time":"20210211165830","is_ascension_mode":true,"campfire_choices":[{"data":"ThirdEye","floor":7,"key":"SMITH"},{"data":"Eruption","floor":11,"key":"SMITH"},{"data":"Vengeance","floor":13,"key":"SMITH"},{"floor":15,"key":"REST"}],"circlet_count":0,"master_deck":["AscendersBane","Eruption+1","Vigilance","CutThroughFate","FearNoEvil","FearNoEvil","DeceiveReality","ThirdEye+1","FlyingSleeves","ReachHeaven","Vengeance+1","EmptyFist","LessonLearned+1","CrushJoints","SandsOfTime","Vengeance","Establishment","WheelKick","Omniscience","SignatureMove","Adaptation","FearNoEvil+1","Vengeance"],"relics":["PureWater","Happy Flower","Oddly Smooth Stone","Bottled Flame","Lantern","Bronze Scales","Pandora\u0027s Box"],"acts_visited":["Exordium","TheCity"],"potions_floor_usage":[6,8,10,16],"damage_taken":[{"damage":9,"enemies":"Jaw Worm","floor":1,"turns":5},{"damage":2,"enemies":"Small Slimes","floor":2,"turns":4},{"damage":0,"enemies":"Cultist","floor":4,"turns":2},{"damage":2,"enemies":"3 Sentries","floor":6,"turns":10},{"damage":0,"enemies":"Lagavulin","floor":8,"turns":9},{"damage":19,"enemies":"Gremlin Nob","floor":10,"turns":4},{"damage":0,"enemies":"Large Slime","floor":12,"turns":3},{"damage":0,"enemies":"2 Fungi Beasts","floor":14,"turns":2},{"damage":6,"enemies":"The Guardian","floor":16,"turns":10},{"damage":27,"enemies":"3 Byrds","floor":18,"turns":4},{"damage":23,"enemies":"2 Thieves","floor":19,"turns":5},{"damage":17,"enemies":"Chosen and Byrds","floor":20,"turns":3}],"seed_played":"-5767225927361517619","potions_obtained":[{"floor":1,"key":"BlessingOfTheForge"},{"floor":4,"key":"SpeedPotion"},{"floor":8,"key":"SpeedPotion"},{"floor":10,"key":"LiquidBronze"},{"floor":14,"key":"Fire Potion"},{"floor":16,"key":"Fruit Juice"}],"is_trial":false,"path_per_floor":["M","M","?","M","?","E","R","E","T","E","R","M","R","M","R","B",null,"M","M","M"],"character_chosen":"WATCHER","items_purchased":[],"campfire_rested":1,"item_purchase_floors":[],"current_hp_per_floor":[52,50,39,39,39,37,37,37,37,18,18,18,18,18,38,37,64,37,14,0,0],"gold":500,"neow_bonus":"HUNDRED_GOLD","is_daily":false,"chose_seed":false,"campfire_upgraded":3,"win_rate":0.0,"timestamp":1613073510,"path_taken":["M","M","?","M","?","E","R","E","T","E","R","M","R","M","R","BOSS","M","M","M"],"items_purchased_type":[],"build_version":"2020-12-22","purchased_purges":0,"victory":false,"max_hp_per_floor":[68,68,68,68,68,68,68,68,68,68,68,68,68,68,68,73,73,73,73,73,73],"relic_stats":{"Happy Flower":[17],"counters":[12,61],"Bronze Scales":[108],"Pandora\u0027s Box":["CrushJoints","SandsOfTime","Vengeance","Establishment","WheelKick","Omniscience","SignatureMove","Adaptation"],"obtain_stats":[{"Bottled Flame":8,"Lantern":9,"Happy Flower":3,"Bronze Scales":10,"Oddly Smooth Stone":6,"Pandora\u0027s Box":17,"PureWater":0},{"Bottled Flame":5,"Lantern":5,"Happy Flower":2,"Bronze Scales":6,"Oddly Smooth Stone":4,"Pandora\u0027s Box":9,"PureWater":0},{"Bottled Flame":30,"Lantern":30,"Happy Flower":9,"Bronze Scales":34,"Oddly Smooth Stone":21,"Pandora\u0027s Box":49,"PureWater":0}]},"card_choices":[{"not_picked":["ReachHeaven","FlurryOfBlows"],"picked":"CutThroughFate","floor":1},{"not_picked":["Collect","Worship"],"picked":"FearNoEvil","floor":2},{"not_picked":["Meditate","PathToVictory"],"picked":"FearNoEvil","floor":4},{"not_picked":["FlyingSleeves","Pray"],"picked":"ThirdEye","floor":6},{"not_picked":["LikeWater","Devotion"],"picked":"FlyingSleeves","floor":8},{"not_picked":["CrushJoints","Evaluate"],"picked":"ReachHeaven","floor":10},{"not_picked":["Swivel","SashWhip"],"picked":"Vengeance","floor":12},{"not_picked":["WheelKick","FlurryOfBlows"],"picked":"EmptyFist","floor":14},{"not_picked":["DevaForm","Judgement"],"picked":"LessonLearned","floor":16},{"not_picked":["FollowUp","WaveOfTheHand+1"],"picked":"FearNoEvil+1","floor":18},{"not_picked":["EmptyBody","BowlingBash"],"picked":"Vengeance","floor":19}],"player_experience":1449323,"relics_obtained":[{"floor":6,"key":"Oddly Smooth Stone"},{"floor":8,"key":"Bottled Flame"},{"floor":9,"key":"Lantern"},{"floor":10,"key":"Bronze Scales"}],"event_choices":[{"damage_healed":0,"gold_gain":0,"player_choice":"Success","damage_taken":11,"relics_obtained":["Happy Flower"],"max_hp_gain":0,"max_hp_loss":0,"event_name":"Scrap Ooze","floor":3,"gold_loss":0},{"damage_healed":0,"gold_gain":0,"player_choice":"1 cards matched","damage_taken":0,"max_hp_gain":0,"max_hp_loss":0,"event_name":"Match and Keep!","floor":5,"gold_loss":0,"cards_obtained":["DeceiveReality"]},{"damage_healed":0,"gold_gain":0,"player_choice":"1 cards matched","damage_taken":0,"max_hp_gain":0,"max_hp_loss":0,"event_name":"Match and Keep!","floor":5,"gold_loss":0,"cards_obtained":["DeceiveReality"]}],"is_beta":false,"boss_relics":[{"not_picked":["VioletLotus","SlaversCollar"],"picked":"Pandora\u0027s Box"}],"items_purged_floors":[],"is_endless":false,"potions_floor_spawned":[1,4,8,10,14,16],"killed_by":"Chosen and Byrds","ascension_level":20}}