{"host":"duy7hn61njv7ibc3","time":1613039283,"event":{"mods":["2.2 Compatiblity","AchievementEnabler","BaseMod","Colored Powertips","Faster Ascension Climbing","GifTheSpireLib","Minty Spire (QoL Compilation)","Permanent Neow","Quick Restart","Relic Filter","Remove Card Discount Mod","StSLib","Stuff the Spire","SuperFastMode","Uncapped"],"gold_per_floor":[114,114,124,135,410,441,451,451,451,1328,1344,1379,1392,1334,1334,1411,1411,1426,1460,730,14,14,39,39,1373,1373,1373,814,826,844,844,844,921,921,933,526,526,526,526],"floor_reached":38,"language":"ENG","playtime":1430,"items_purged":["Regret","Strike_P","Eruption","Strike_P","Defend_P","Defend_P"],"score":950,"play_id":"a2e36eb1-1899-472e-90f6-f1dc683ca53e","local_time":"20210211122803","is_ascension_mode":true,"campfire_choices":[{"data":"MasterReality","floor":8,"key":"SMITH"},{"data":"Establishment","floor":15,"key":"SMITH"},{"floor":27,"key":"RECALL"},{"data":"Metamorphosis","floor":32,"key":"SMITH"}],"circlet_count":0,"master_deck":["AscendersBane","Defend_P","Defend_P","Vigilance","MasterReality+1","BowlingBash","Prostrate","LikeWater","BowlingBash","Tantrum","Tantrum","Good Instincts","Metamorphosis+1","Establishment+1","Protect","DevaForm","FlyingSleeves+1","StuffTheSpire:Rapture","LikeWater","Bite","Bite","Bite","Bite","Bite","Prostrate","Adaptation+1","Protect","Brilliance","Prostrate+1","Mayhem+1","Writhe"],"relics":["StuffTheSpire:OccultApparatus","NeowsBlessing","Ornamental Fan","StuffTheSpire:Experiment12","Shuriken","Mercury Hourglass","DollysMirror","Bronze Scales","VioletLotus","Red Mask","TungstenRod","Lee\u0027s Waffle","StuffTheSpire:GrapeVine","Mango","Frozen Egg 2","Lantern","TheAbacus","Darkstone Periapt","Blue Candle","Membership Card","Ancient Tea Set","Black Star","Juzu Bracelet","Molten Egg 2","Sling"],"acts_visited":["Exordium","TheCity","TheBeyond"],"potions_floor_usage":[6,6,23,33],"damage_taken":[{"damage":2,"enemies":"2 Louse","floor":1,"turns":2},{"damage":0,"enemies":"Cultist","floor":3,"turns":1},{"damage":0,"enemies":"Small Slimes","floor":4,"turns":1},{"damage":54,"enemies":"3 Sentries","floor":6,"turns":11},{"damage":17,"enemies":"Red Slaver","floor":7,"turns":4},{"damage":0,"enemies":"2 Fungi Beasts","floor":11,"turns":2},{"damage":12,"enemies":"Gremlin Nob","floor":12,"turns":3},{"damage":1,"enemies":"Large Slime","floor":13,"turns":4},{"damage":39,"enemies":"Hexaghost","floor":16,"turns":6},{"damage":20,"enemies":"Spheric Guardian","floor":18,"turns":3},{"damage":19,"enemies":"Masked Bandits","floor":19,"turns":4},{"damage":40,"enemies":"Book of Stabbing","floor":23,"turns":5},{"damage":0,"enemies":"Chosen","floor":29,"turns":3},{"damage":8,"enemies":"Centurion and Healer","floor":30,"turns":3},{"damage":85,"enemies":"Champ","floor":33,"turns":10},{"damage":56,"enemies":"Orb Walker","floor":35,"turns":4},{"damage":33,"enemies":"3 Shapes","floor":38,"turns":3}],"seed_played":"3442827471996473142","potions_obtained":[{"floor":1,"key":"AttackPotion"},{"floor":3,"key":"AttackPotion"},{"floor":11,"key":"Ambrosia"},{"floor":13,"key":"Fire Potion"},{"floor":30,"key":"Weak Potion"},{"floor":33,"key":"Strength Potion"}],"is_trial":false,"path_per_floor":["M","?","M","M","?","E","M","R","T","$","M","E","M","?","R","B",null,"M","?","?","$","?","E","T","$","T","R","$","M","M","?","R","B",null,"M","$","?","M"],"character_chosen":"WATCHER","items_purchased":["Shuriken","Mercury Hourglass","BowlingBash","Tantrum","DollysMirror","Good Instincts","Metamorphosis","TungstenRod","Lee\u0027s Waffle","StuffTheSpire:GrapeVine","LikeWater","Frozen Egg 2","Lantern","TheAbacus","Prostrate","Blue Candle","Membership Card","Ancient Tea Set","Adaptation+1","Juzu Bracelet","Molten Egg 2","Sling","Mayhem+1"],"campfire_rested":0,"item_purchase_floors":[10,10,10,10,10,10,10,21,21,21,21,25,25,25,25,28,28,28,28,36,36,36,36],"current_hp_per_floor":[59,59,59,59,59,5,55,55,55,55,55,43,42,42,42,3,52,32,13,13,75,52,34,34,34,34,34,34,40,38,38,38,33,58,8,8,27,0,0],"gold":526,"neow_bonus":"THREE_ENEMY_KILL","is_daily":false,"chose_seed":false,"campfire_upgraded":3,"win_rate":0.0,"timestamp":1613039283,"path_taken":["M","?","?","M","?","E","?","R","T","$","M","E","M","?","R","BOSS","M","?","?","$","?","E","?","$","T","R","?","?","M","?","R","BOSS","M","$","?","M"],"items_purchased_type":["Relic","Relic","Card","Card","Relic","Card","Card","Relic","Relic","Relic","Card","Relic","Relic","Relic","Card","Relic","Relic","Relic","Card","Relic","Relic","Relic","Card"],"build_version":"2020-12-22","purchased_purges":6,"victory":false,"max_hp_per_floor":[68,68,68,68,68,68,68,68,68,68,68,68,68,68,68,68,68,68,68,68,75,52,66,66,66,66,66,66,66,66,66,66,66,66,66,66,72,72,72],"card_choices":[{"not_picked":["Perseverance","ThirdEye","SignatureMove"],"picked":"SKIP","floor":1},{"not_picked":["CrushJoints","EmptyBody"],"picked":"BowlingBash","floor":3},{"not_picked":["SandsOfTime","Meditate"],"picked":"Prostrate","floor":4},{"not_picked":["Pray","Wallop"],"picked":"LikeWater","floor":6},{"not_picked":["CutThroughFate","Wireheading","EmptyFist"],"picked":"SKIP","floor":7},{"not_picked":["SashWhip","FlurryOfBlows","Crescendo"],"picked":"SKIP","floor":11},{"not_picked":["EmptyBody","CutThroughFate"],"picked":"Establishment","floor":12},{"not_picked":["Prostrate","EmptyMind"],"picked":"Protect","floor":13},{"not_picked":["Judgement","Blasphemy"],"picked":"DevaForm","floor":16},{"not_picked":["WheelKick+1","CarveReality"],"picked":"FlyingSleeves+1","floor":18},{"not_picked":["JustLucky","ClearTheMind","Study"],"picked":"SKIP","floor":23},{"not_picked":["CrushJoints","SashWhip"],"picked":"Protect","floor":29},{"not_picked":["FollowUp","WheelKick","Crescendo+1"],"picked":"SKIP","floor":30},{"not_picked":["Judgement","Vault"],"picked":"Brilliance","floor":33},{"not_picked":["FollowUp","FlyingSleeves"],"picked":"Prostrate+1","floor":35}],"player_experience":59768,"relics_obtained":[{"floor":6,"key":"Ornamental Fan"},{"floor":9,"key":"StuffTheSpire:Experiment12"},{"floor":12,"key":"Bronze Scales"},{"floor":19,"key":"Red Mask"},{"floor":23,"key":"Mango"},{"floor":26,"key":"Darkstone Periapt"}],"event_choices":[{"damage_healed":0,"gold_gain":0,"player_choice":"1 cards matched","damage_taken":0,"max_hp_gain":0,"max_hp_loss":0,"event_name":"Match and Keep!","floor":2,"gold_loss":0,"cards_obtained":["MasterReality"]},{"damage_healed":0,"gold_gain":275,"player_choice":"Desecrate","damage_taken":0,"max_hp_gain":0,"max_hp_loss":0,"event_name":"Golden Shrine","floor":5,"gold_loss":0,"cards_obtained":["Regret"]},{"damage_healed":0,"gold_gain":0,"player_choice":"Left Gold","damage_taken":0,"max_hp_gain":0,"max_hp_loss":0,"event_name":"World of Goop","floor":14,"gold_loss":58},{"damage_healed":0,"gold_gain":0,"player_choice":"Fought Bandits","damage_taken":0,"max_hp_gain":0,"max_hp_loss":0,"event_name":"Masked Bandits","floor":19,"gold_loss":0},{"damage_healed":0,"gold_gain":0,"player_choice":"Became a vampire","damage_taken":0,"max_hp_gain":0,"max_hp_loss":23,"event_name":"Vampires","floor":22,"gold_loss":0,"cards_obtained":["Bite","Bite","Bite","Bite","Bite"]},{"damage_healed":13,"gold_gain":0,"player_choice":"Writhe","damage_taken":0,"max_hp_gain":0,"max_hp_loss":0,"event_name":"Winding Halls","floor":37,"gold_loss":0,"cards_obtained":["Writhe"]}],"is_beta":false,"boss_relics":[{"not_picked":["SacredBark","Philosopher\u0027s Stone"],"picked":"VioletLotus"},{"not_picked":["StuffTheSpire:RunicHypercube","Snecko Eye"],"picked":"Black Star"}],"items_purged_floors":[10,10,10,10,10,28],"is_endless":false,"potions_floor_spawned":[1,3,11,13,16,19,30,33,35],"killed_by":"3 Shapes","ascension_level":20}}