{"host":"qj2ynjh122p6ybyd","time":1613042351,"event":{"mods":["AchievementEnabler","Aspiration","BaseMod","Better Match","Better Note","Highlight Path","Infinite Spire","Minty Spire (QoL Compilation)","Quick Restart","Relic Stats","Reliquary","Replay The Spire","StSLib","SuperFastMode","The Blackbeard","The Gatherer"],"gold_per_floor":[109,124,124,124,199,199,210,239,266,309,327,327,177,206,206,307,307,325,325,392,442,292,292,319,354,354,354,354,369,419,480,480,495,495],"floor_reached":33,"language":"RUS","playtime":1284,"items_purged":["CommonCold"],"score":440,"play_id":"ccfee037-8167-45e1-babf-cfea06eaab80","local_time":"20210211131911","is_ascension_mode":true,"campfire_choices":[{"data":"Zap","floor":6.0,"key":"SMITH"},{"floor":12.0,"key":"REST"},{"floor":15.0,"key":"REST"},{"floor":23,"key":"REST"},{"floor":28,"key":"REST"},{"floor":32,"key":"REST"}],"circlet_count":0,"master_deck":["AscendersBane","Strike_B","Strike_B","Strike_B","Strike_B","Defend_B","Defend_B","Defend_B","Defend_B","Zap+1","Dualcast","Ball Lightning+1","Conserve Battery","Cold Snap","Conserve Battery","Darkness","Defragment","Chaos","Creative AI","Storm","Reinforced Body","RitualDagger","Storm","Heatsinks","Cold Snap+1","Force Field"],"relics":["Cracked Core","aspiration:Nostalgia","m_SerpentRing","ReplayTheSpireMod:Ring of Addiction","ReplayTheSpireMod:Ring of Challenge","Toy Ornithopter","SacredBark","reliquary:TatteredRug","aspiration:HiddenCompartment","aspiration:AnachronicSnailShell","reliquary:Craggleroot","SsserpentHead","reliquary:RosewoodLute","Cables","Smiling Mask","Pocketwatch"],"acts_visited":["Exordium","TheCity"],"potions_floor_usage":[18,24,25,29,33],"damage_taken":[{"damage":2.0,"enemies":"Small Slimes","floor":1.0,"turns":3.0},{"damage":1.0,"enemies":"2 Louse","floor":2.0,"turns":2.0},{"damage":2.0,"enemies":"Jaw Worm","floor":7.0,"turns":3.0},{"damage":9.0,"enemies":"Replay:BlueRogue","floor":8.0,"turns":5.0},{"damage":14.0,"enemies":"3 Sentries","floor":10.0,"turns":7.0},{"damage":4.0,"enemies":"3 Louse","floor":11.0,"turns":4.0},{"damage":13.0,"enemies":"Gremlin Gang","floor":14.0,"turns":4.0},{"damage":35.0,"enemies":"The Guardian","floor":16.0,"turns":11.0},{"damage":15,"enemies":"2 Thieves","floor":18,"turns":5},{"damage":20,"enemies":"Shell Parasite","floor":20,"turns":6},{"damage":19,"enemies":"Snake Plant","floor":24,"turns":5},{"damage":23,"enemies":"Book of Stabbing","floor":25,"turns":6},{"damage":8,"enemies":"Snecko","floor":29,"turns":6},{"damage":19,"enemies":"3 Cultists","floor":31,"turns":6},{"damage":38,"enemies":"Collector","floor":33,"turns":7}],"seed_played":"-6114798828021934901","potions_obtained":[{"floor":1.0,"key":"Swift Potion"},{"floor":4.0,"key":"Venom Potion"},{"floor":11.0,"key":"PotionOfCapacity"},{"floor":16.0,"key":"Languid Potion"},{"floor":20,"key":"PotionOfCapacity"},{"floor":24,"key":"Languid Potion"},{"floor":25,"key":"Adrenaline Potion"},{"floor":31,"key":"LiquidBronze"}],"is_trial":false,"path_per_floor":["M","M","?","?","?","R","M","E","T","E","M","R","$","M","R","B",null,"M","?","M","?","$","R","M","E","T","AVR","R","M","?","M","R","B"],"character_chosen":"DEFECT","items_purchased":["Defragment","Chaos","Storm"],"campfire_rested":5,"item_purchase_floors":[13,13,22],"current_hp_per_floor":[66,65,65,65,54,54,52,48,48,34,30,51,51,43,64,29,61,51,51,31,25,25,45,31,13,13,13,33,30,30,11,31,0,0],"gold":495,"neow_bonus":"NOSTALGIA","is_daily":false,"chose_seed":false,"campfire_upgraded":1,"win_rate":0.0,"timestamp":1613042351,"path_taken":["M","M","?","?","?","R","M","E","T","E","M","R","?","M","R","BOSS","M","?","?","?","$","R","M","E","T","AVR","R","M","?","?","R","BOSS"],"items_purchased_type":["Card","Card","Card"],"build_version":"2020-12-22","purchased_purges":1,"victory":false,"max_hp_per_floor":[75,75,75,75,75,75,75,73,73,73,73,71,71,71,71,71,71,71,71,71,71,69,69,69,69,69,69,69,67,67,67,67,65,65],"relic_stats":{"SsserpentHead":200,"counters":[15,80],"Smiling Mask":0,"obtain_stats":[{"aspiration:Nostalgia":0,"ReplayTheSpireMod:Ring of Addiction":4,"SacredBark":4,"reliquary:TatteredRug":8,"reliquary:RosewoodLute":25,"aspiration:HiddenCompartment":9,"Smiling Mask":27,"Cables":26,"SsserpentHead":19,"aspiration:AnachronicSnailShell":10,"reliquary:Craggleroot":17,"ReplayTheSpireMod:Ring of Challenge":4,"Cracked Core":0,"Toy Ornithopter":4,"m_SerpentRing":0,"Pocketwatch":30},{"aspiration:Nostalgia":0,"ReplayTheSpireMod:Ring of Addiction":2,"SacredBark":2,"reliquary:TatteredRug":4,"reliquary:RosewoodLute":12,"aspiration:HiddenCompartment":4,"Smiling Mask":12,"Cables":12,"SsserpentHead":9,"aspiration:AnachronicSnailShell":5,"reliquary:Craggleroot":8,"ReplayTheSpireMod:Ring of Challenge":2,"Cracked Core":0,"Toy Ornithopter":2,"m_SerpentRing":0,"Pocketwatch":13},{"aspiration:Nostalgia":0,"ReplayTheSpireMod:Ring of Addiction":5,"SacredBark":5,"reliquary:TatteredRug":13,"reliquary:RosewoodLute":61,"aspiration:HiddenCompartment":13,"Smiling Mask":61,"Cables":61,"SsserpentHead":44,"aspiration:AnachronicSnailShell":20,"reliquary:Craggleroot":39,"ReplayTheSpireMod:Ring of Challenge":5,"Cracked Core":0,"Toy Ornithopter":5,"m_SerpentRing":0,"Pocketwatch":67}],"Toy Ornithopter":35,"Cables":[18,13,4,1,0],"Pocketwatch":[12]},"card_choices":[{"not_picked":["Compile Driver","Reprogram"],"picked":"Ball Lightning","floor":1.0},{"not_picked":["BasicCrystalCard","Hidden Blade"],"picked":"Conserve Battery","floor":2.0},{"not_picked":["Fusion","Finisher"],"picked":"Cold Snap","floor":7.0},{"not_picked":["Gash","Turbo"],"picked":"Conserve Battery","floor":8.0},{"not_picked":["ReplayTheSpireMod:System Scan","Multi-Cast","Barrage"],"picked":"SKIP","floor":10.0},{"not_picked":["Stack","Hidden Blade"],"picked":"Darkness","floor":11.0},{"not_picked":["Streamline","Blade Dance","Sunder"],"picked":"SKIP","floor":14.0},{"not_picked":["ReplayTheSpireMod:Omega Cannon","Adrenaline"],"picked":"Creative AI","floor":16.0},{"not_picked":["Compile Driver","Hologram"],"picked":"Storm","floor":18},{"not_picked":["ReplaySort","Aggregate"],"picked":"Reinforced Body","floor":20},{"not_picked":["Turbo","ReplayTheSpireMod:Repulse+1"],"picked":"Heatsinks","floor":24},{"not_picked":["Chill","Crystallizer","Compile Driver"],"picked":"SKIP","floor":25},{"not_picked":["Recycle","Stack+1"],"picked":"Cold Snap+1","floor":29},{"not_picked":["Seek","Turbo"],"picked":"Force Field","floor":31}],"player_experience":369347,"relics_obtained":[{"floor":4.0,"key":"ReplayTheSpireMod:Ring of Addiction"},{"floor":4.0,"key":"ReplayTheSpireMod:Ring of Challenge"},{"floor":4.0,"key":"Toy Ornithopter"},{"floor":4.0,"key":"SacredBark"},{"floor":8.0,"key":"reliquary:TatteredRug"},{"floor":9.0,"key":"aspiration:HiddenCompartment"},{"floor":10.0,"key":"aspiration:AnachronicSnailShell"},{"floor":25,"key":"reliquary:RosewoodLute"},{"floor":26,"key":"Cables"}],"event_choices":[{"damage_healed":0.0,"max_hp_gain":0.0,"max_hp_loss":0.0,"gold_gain":75.0,"event_name":"World of Goop","player_choice":"Gather Gold","floor":5.0,"gold_loss":0.0,"damage_taken":11.0},{"damage_healed":0,"gold_gain":0,"player_choice":"Trade","damage_taken":0,"relics_obtained":["SsserpentHead"],"max_hp_gain":0,"max_hp_loss":0,"event_name":"FaceTrader","floor":19,"gold_loss":0},{"damage_healed":0,"gold_gain":0,"player_choice":"Joined the Cult","damage_taken":6,"max_hp_gain":0,"max_hp_loss":0,"event_name":"Nest","floor":21,"gold_loss":0,"cards_obtained":["RitualDagger"]},{"damage_healed":0,"gold_gain":0,"player_choice":"Gave Potion","damage_taken":0,"relics_obtained":["Pocketwatch"],"max_hp_gain":0,"max_hp_loss":0,"event_name":"WeMeetAgain","floor":30,"gold_loss":0}],"is_beta":false,"boss_relics":[{"not_picked":["Runic Dome","Replay:Drink Me"],"picked":"reliquary:Craggleroot"}],"items_purged_floors":[22],"is_endless":false,"potions_floor_spawned":[1,11,16,20,24,25,31],"killed_by":"Collector","ascension_level":12}}