{"host":"z3qs3l37sjzyczji","time":1613064891,"event":{"mods":["AchievementEnabler","BaseMod","Colored Map","Colored Powertips","Keyboard Shortcuts","Minty Spire (QoL Compilation)","Relic Stats","SuperFastMode"],"gold_per_floor":[109,121,133,143,158,158,190,190,190,217,230,263,188,35,35,35,35],"floor_reached":16,"language":"ENG","playtime":637,"items_purged":["Strike_R"],"score":183,"play_id":"2c945d3b-0f5d-46c3-ad3c-f8e89c1a90cd","local_time":"20210211173451","is_ascension_mode":true,"campfire_choices":[{"data":"Bash","floor":6,"key":"SMITH"},{"data":"Fiend Fire","floor":8,"key":"SMITH"},{"data":"Infernal Blade","floor":15,"key":"SMITH"}],"circlet_count":0,"master_deck":["AscendersBane","Strike_R","Strike_R","Strike_R","Strike_R","Defend_R","Defend_R","Defend_R","Defend_R","Bash+1","Heavy Blade","Infernal Blade+1","Thunderclap","Shrug It Off","Fiend Fire+1","Reaper"],"relics":["Burning Blood","Potion Belt","White Beast Statue","Pantograph","Mummified Hand","Toolbox"],"acts_visited":["Exordium"],"potions_floor_usage":[7,7,11,12,16],"damage_taken":[{"damage":6,"enemies":"Cultist","floor":1,"turns":4},{"damage":9,"enemies":"Jaw Worm","floor":2,"turns":4},{"damage":12,"enemies":"Small Slimes","floor":3,"turns":3},{"damage":7,"enemies":"2 Fungi Beasts","floor":4,"turns":3},{"damage":13,"enemies":"Looter","floor":5,"turns":4},{"damage":18,"enemies":"Lagavulin","floor":7,"turns":6},{"damage":20,"enemies":"3 Sentries","floor":10,"turns":6},{"damage":0,"enemies":"Large Slime","floor":11,"turns":1},{"damage":20,"enemies":"Lagavulin","floor":12,"turns":3},{"damage":70,"enemies":"Hexaghost","floor":16,"turns":11}],"seed_played":"-6494689627827845856","potions_obtained":[{"floor":2,"key":"FearPotion"},{"floor":3,"key":"Swift Potion"},{"floor":5,"key":"Dexterity Potion"},{"floor":10,"key":"SmokeBomb"},{"floor":11,"key":"Strength Potion"},{"floor":12,"key":"Regen Potion"}],"is_trial":false,"path_per_floor":["M","M","M","M","M","R","E","R","T","E","M","E","$","$","R","B"],"character_chosen":"IRONCLAD","items_purchased":["Toolbox"],"campfire_rested":0,"item_purchase_floors":[14],"current_hp_per_floor":[80,77,71,70,63,63,51,51,51,37,43,29,29,29,29,0,0],"gold":35,"neow_bonus":"TEN_PERCENT_HP_BONUS","is_daily":false,"chose_seed":false,"campfire_upgraded":3,"win_rate":0.0,"timestamp":1613064891,"path_taken":["M","M","M","M","?","R","E","R","T","E","M","E","?","$","R","BOSS"],"items_purchased_type":["Relic"],"build_version":"2020-12-22","purchased_purges":1,"victory":false,"max_hp_per_floor":[88,88,88,88,88,88,88,88,88,88,88,88,88,88,88,88,88],"relic_stats":{"counters":[10,45],"Mummified Hand":[1],"Pantograph":25,"obtain_stats":[{"Potion Belt":7,"Mummified Hand":12,"Pantograph":10,"Toolbox":14,"Burning Blood":0,"White Beast Statue":9},{"Potion Belt":6,"Mummified Hand":9,"Pantograph":7,"Toolbox":9,"Burning Blood":0,"White Beast Statue":6},{"Potion Belt":24,"Mummified Hand":34,"Pantograph":30,"Toolbox":34,"Burning Blood":0,"White Beast Statue":24}],"Burning Blood":54},"card_choices":[{"not_picked":["Anger","Iron Wave"],"picked":"Heavy Blade","floor":1},{"not_picked":["Searing Blow","Havoc"],"picked":"Infernal Blade","floor":2},{"not_picked":["Flex","Wild Strike"],"picked":"Thunderclap","floor":3},{"not_picked":["Clothesline","Sword Boomerang"],"picked":"Shrug It Off","floor":4},{"not_picked":["Perfected Strike","Second Wind","Clothesline"],"picked":"SKIP","floor":5},{"not_picked":["Flame Barrier","Inflame"],"picked":"Fiend Fire","floor":7},{"not_picked":["Pommel Strike","Impervious"],"picked":"Reaper","floor":10},{"not_picked":["Bloodletting","Sentinel","Havoc"],"picked":"SKIP","floor":11},{"not_picked":["Sword Boomerang","Headbutt","Anger"],"picked":"SKIP","floor":12}],"player_experience":59918,"relics_obtained":[{"floor":7,"key":"Potion Belt"},{"floor":9,"key":"White Beast Statue"},{"floor":10,"key":"Pantograph"},{"floor":12,"key":"Mummified Hand"}],"event_choices":[],"is_beta":false,"boss_relics":[],"items_purged_floors":[13],"is_endless":false,"potions_floor_spawned":[2,3,5,10,11,12],"killed_by":"Hexaghost","ascension_level":10}}