{"host":"swn8ychr123rw3gf","time":1613054887,"event":{"mods":["BaseMod","Minty Spire (QoL Compilation)","StSLib"],"gold_per_floor":[119,119,69,85,10,45,45,75,75,87,100,100,135,153,153,227,227,242,242,242],"floor_reached":19,"language":"ZHS","playtime":635,"items_purged":["Strike_R"],"score":360,"play_id":"61d6dfeb-f819-42f8-adcd-1261b048e84b","local_time":"20210211224807","is_ascension_mode":true,"campfire_choices":[{"data":"Rampage","floor":7.0,"key":"SMITH"},{"data":"Body Slam","floor":15,"key":"SMITH"}],"circlet_count":0,"master_deck":["AscendersBane","Strike_R","Strike_R+1","Defend_R+1","Defend_R","Defend_R","Defend_R","Bash","Bloodletting","Rampage+1","Thunderclap","Ghostly Armor","Body Slam+1","Fiend Fire","Double Tap","Berserk"],"relics":["Burning Blood","NeowsBlessing","FossilizedHelix","Du-Vu Doll","StoneCalendar","Art of War","Coffee Dripper"],"acts_visited":["Exordium","TheCity"],"potions_floor_usage":[],"damage_taken":[{"damage":0.0,"enemies":"Small Slimes","floor":1.0,"turns":1.0},{"damage":0.0,"enemies":"2 Louse","floor":4.0,"turns":1.0},{"damage":0.0,"enemies":"Lagavulin","floor":6.0,"turns":1.0},{"damage":40.0,"enemies":"3 Sentries","floor":8.0,"turns":9.0},{"damage":0.0,"enemies":"Cultist","floor":10.0,"turns":3.0},{"damage":0.0,"enemies":"Blue Slaver","floor":11.0,"turns":4.0},{"damage":15,"enemies":"Lagavulin","floor":13,"turns":5},{"damage":12,"enemies":"3 Louse","floor":14,"turns":3},{"damage":12,"enemies":"Slime Boss","floor":16,"turns":7},{"damage":46,"enemies":"2 Thieves","floor":18,"turns":5},{"damage":18,"enemies":"Chosen","floor":19,"turns":5}],"seed_played":"338395103847028431","potions_obtained":[{"floor":1.0,"key":"Energy Potion"},{"floor":6.0,"key":"Weak Potion"},{"floor":14,"key":"BlessingOfTheForge"}],"is_trial":false,"path_per_floor":["M","?","?","M","$","E","R","E","T","M","M","?","E","M","R","B",null,"M","M"],"character_chosen":"IRONCLAD","items_purchased":[],"campfire_rested":0,"item_purchase_floors":[],"current_hp_per_floor":[74,59,59,65,65,71,71,37,37,43,49,49,40,34,34,28,63,23,5,5],"gold":242,"neow_bonus":"THREE_ENEMY_KILL","is_daily":false,"chose_seed":false,"campfire_upgraded":2,"win_rate":0.0,"timestamp":1613054887,"path_taken":["M","?","?","M","$","E","R","E","T","M","M","?","E","M","R","BOSS","M","M"],"items_purchased_type":[],"build_version":"2020-12-22","purchased_purges":1,"victory":false,"max_hp_per_floor":[75,75,75,75,75,75,75,75,75,75,75,75,75,75,75,75,75,75,75,75],"card_choices":[{"not_picked":["Cleave","Thunderclap"],"picked":"Bloodletting","floor":1.0},{"not_picked":["Bloodletting","Headbutt"],"picked":"Rampage","floor":4.0},{"not_picked":["Anger","Combust"],"picked":"Thunderclap","floor":6.0},{"not_picked":["True Grit","Clothesline"],"picked":"Ghostly Armor","floor":8.0},{"not_picked":["Shrug It Off","Perfected Strike"],"picked":"Body Slam","floor":10.0},{"not_picked":["Clothesline","Twin Strike","Sword Boomerang"],"picked":"SKIP","floor":11.0},{"not_picked":["Cleave","Blood for Blood"],"picked":"Double Tap","floor":13},{"not_picked":["Clothesline","Twin Strike","Cleave"],"picked":"SKIP","floor":14},{"not_picked":["Double Tap","Bludgeon"],"picked":"Berserk","floor":16},{"not_picked":["Hemokinesis","Twin Strike","Cleave+1"],"picked":"SKIP","floor":18}],"player_experience":465880,"relics_obtained":[{"floor":6.0,"key":"FossilizedHelix"},{"floor":8.0,"key":"Du-Vu Doll"},{"floor":9.0,"key":"StoneCalendar"},{"floor":13,"key":"Art of War"}],"event_choices":[{"damage_healed":0.0,"max_hp_gain":0.0,"max_hp_loss":0.0,"gold_gain":0.0,"event_name":"Shining Light","player_choice":"Entered Light","floor":2.0,"gold_loss":0.0,"damage_taken":15.0,"cards_upgraded":["Strike_R","Defend_R"]},{"cards_removed":["Strike_R"],"damage_healed":0.0,"max_hp_gain":0.0,"max_hp_loss":0.0,"gold_gain":0.0,"event_name":"The Cleric","player_choice":"Card Removal","floor":3.0,"gold_loss":50.0,"damage_taken":0.0},{"damage_healed":0.0,"max_hp_gain":0.0,"max_hp_loss":0.0,"gold_gain":0.0,"cards_transformed":["Strike_R"],"event_name":"Transmorgrifier","player_choice":"Transformed","floor":12.0,"gold_loss":0.0,"damage_taken":0.0,"cards_obtained":["Fiend Fire"]}],"is_beta":false,"boss_relics":[{"not_picked":["Busted Crown","Snecko Eye"],"picked":"Coffee Dripper"}],"items_purged_floors":[5],"is_endless":false,"potions_floor_spawned":[1,6,14,16],"killed_by":"Chosen","ascension_level":14}}