{"host":"3a5itcmwo6ddh3id","time":1613014676,"event":{"mods":["BaseMod","Colored Map","Colored Powertips","Minty Spire (QoL Compilation)","Relic Stats"],"gold_per_floor":[119,119,19,29,45,45,80,80,80,115,146,169,181,207,219,305,317,342,18,36,36,46,46,46],"floor_reached":23,"language":"ENG","playtime":949,"items_purged":["Pain"],"score":506,"play_id":"f52594de-666a-4917-9f97-7b7dda937ec6","local_time":"20210210213756","is_ascension_mode":true,"campfire_choices":[{"data":"Bash","floor":6,"key":"SMITH"},{"floor":8,"key":"REST"},{"floor":15,"key":"REST"}],"circlet_count":0,"master_deck":["AscendersBane","Strike_R","Strike_R","Strike_R","Strike_R","Strike_R","Defend_R","Defend_R","Defend_R","Defend_R","Bash+1","Bloodletting","Twin Strike","Wild Strike","Cleave","Demon Form","Armaments","Disarm","Shrug It Off","Reaper","Entrench","Sword Boomerang+1"],"relics":["Runic Cube","WarpedTongs","StrikeDummy","Omamori","MawBank","Runic Pyramid","Lantern","Lee\u0027s Waffle","CultistMask"],"acts_visited":["Exordium","TheCity"],"potions_floor_usage":[16,20,22,23],"damage_taken":[{"damage":7,"enemies":"Jaw Worm","floor":1,"turns":3},{"damage":3,"enemies":"Cultist","floor":4,"turns":3},{"damage":3,"enemies":"Small Slimes","floor":5,"turns":2},{"damage":17,"enemies":"Lagavulin","floor":7,"turns":7},{"damage":23,"enemies":"3 Sentries","floor":10,"turns":4},{"damage":7,"enemies":"2 Fungi Beasts","floor":11,"turns":3},{"damage":15,"enemies":"Lots of Slimes","floor":12,"turns":3},{"damage":6,"enemies":"Blue Slaver","floor":14,"turns":3},{"damage":3,"enemies":"Slime Boss","floor":16,"turns":7},{"damage":40,"enemies":"Spheric Guardian","floor":18,"turns":6},{"damage":24,"enemies":"3 Byrds","floor":20,"turns":7},{"damage":59,"enemies":"Snecko","floor":22,"turns":7},{"damage":31,"enemies":"Book of Stabbing","floor":23,"turns":4}],"seed_played":"6113618533788611357","potions_obtained":[{"floor":7,"key":"Weak Potion"},{"floor":10,"key":"GamblersBrew"},{"floor":12,"key":"Strength Potion"},{"floor":16,"key":"Block Potion"},{"floor":22,"key":"Fruit Juice"}],"is_trial":false,"path_per_floor":["M","?","$","M","M","R","E","R","T","E","M","M","?","M","R","B",null,"M","$","M","?","M","E"],"character_chosen":"IRONCLAD","items_purchased":["Twin Strike","Lantern","Lee\u0027s Waffle"],"campfire_rested":2,"item_purchase_floors":[3,19,19],"current_hp_per_floor":[61,61,61,58,55,55,38,60,60,37,30,15,33,27,49,46,68,38,82,72,72,28,0,0],"gold":46,"neow_bonus":"BOSS_RELIC","is_daily":false,"chose_seed":false,"campfire_upgraded":1,"win_rate":0.0,"timestamp":1613014676,"path_taken":["M","?","$","M","?","R","E","R","T","E","M","M","?","M","R","BOSS","M","$","M","?","?","E"],"items_purchased_type":["Card","Relic","Relic"],"build_version":"2020-12-22","purchased_purges":1,"victory":false,"max_hp_per_floor":[75,75,75,75,75,75,75,75,75,75,75,75,75,75,75,75,75,75,82,82,82,87,87,87],"relic_stats":{"Lee\u0027s Waffle":44,"counters":[13,59],"MawBank":108,"obtain_stats":[{"Lantern":19,"Lee\u0027s Waffle":19,"CultistMask":21,"Omamori":9,"StrikeDummy":7,"MawBank":10,"Burning Blood":0,"Runic Cube":0,"WarpedTongs":2,"Runic Pyramid":17},{"Lantern":10,"Lee\u0027s Waffle":10,"CultistMask":11,"Omamori":4,"StrikeDummy":4,"MawBank":5,"Burning Blood":0,"Runic Cube":0,"WarpedTongs":1,"Runic Pyramid":9},{"Lantern":41,"Lee\u0027s Waffle":41,"CultistMask":48,"Omamori":15,"StrikeDummy":15,"MawBank":19,"Burning Blood":0,"Runic Cube":0,"WarpedTongs":3,"Runic Pyramid":35}],"Runic Cube":[35],"WarpedTongs":[56]},"card_choices":[{"not_picked":["Havoc","Wild Strike"],"picked":"Bloodletting","floor":1},{"not_picked":["Sever Soul","Armaments"],"picked":"Wild Strike","floor":4},{"not_picked":["Seeing Red","Headbutt"],"picked":"Cleave","floor":5},{"not_picked":["Twin Strike","Dark Embrace"],"picked":"Demon Form","floor":7},{"not_picked":["Cleave","Anger"],"picked":"Armaments","floor":10},{"not_picked":["Cleave","Wild Strike","Body Slam"],"picked":"SKIP","floor":11},{"not_picked":["Headbutt","Entrench"],"picked":"Disarm","floor":12},{"not_picked":["Clash","Dropkick"],"picked":"Shrug It Off","floor":14},{"not_picked":["Impervious","Offering"],"picked":"Reaper","floor":16},{"not_picked":["Flex","Pommel Strike"],"picked":"Entrench","floor":18},{"not_picked":["Perfected Strike","Havoc","Clash"],"picked":"SKIP","floor":20},{"not_picked":["Burning Pact","Perfected Strike"],"picked":"Sword Boomerang+1","floor":22}],"player_experience":1129331,"relics_obtained":[{"floor":7,"key":"StrikeDummy"},{"floor":9,"key":"Omamori"},{"floor":10,"key":"MawBank"}],"event_choices":[{"damage_healed":0,"gold_gain":0,"player_choice":"Rummage","damage_taken":0,"relics_obtained":["WarpedTongs"],"max_hp_gain":0,"max_hp_loss":0,"event_name":"Accursed Blacksmith","floor":2,"gold_loss":0,"cards_obtained":["Pain"]},{"damage_healed":18,"gold_gain":0,"player_choice":"Healed and dodged fight","damage_taken":0,"max_hp_gain":0,"max_hp_loss":0,"event_name":"Mushrooms","floor":13,"gold_loss":0,"cards_obtained":["Parasite"]},{"damage_healed":0,"gold_gain":0,"player_choice":"Trade","damage_taken":0,"relics_obtained":["CultistMask"],"max_hp_gain":0,"max_hp_loss":0,"event_name":"FaceTrader","floor":21,"gold_loss":0}],"is_beta":false,"boss_relics":[{"not_picked":["Ectoplasm","Busted Crown"],"picked":"Runic Pyramid"}],"items_purged_floors":[3],"is_endless":false,"potions_floor_spawned":[7,10,12,16,22],"killed_by":"Book of Stabbing","ascension_level":20}}