{"host":"Rich","time":1613075491,"event":{"mods":["AchievementEnabler","BaseMod","Highlight Path","Minty Spire (QoL Compilation)","Relic Stats"],"gold_per_floor":[118,393,129,129,142,153,192,192,215,215,225,225,269,16,16,104,104,124,124,124],"floor_reached":19,"language":"ENG","playtime":794,"items_purged":["Regret","Pain"],"score":450,"play_id":"51a4e4a5-cc75-4166-88f9-b37b79f36280","local_time":"20210211153131","is_ascension_mode":true,"campfire_choices":[{"data":"Self Repair","floor":8,"key":"SMITH"},{"data":"Hologram","floor":10,"key":"SMITH"},{"data":"Lockon","floor":12,"key":"SMITH"},{"data":"Fission","floor":15,"key":"SMITH"}],"circlet_count":0,"master_deck":["AscendersBane","Strike_B","Strike_B","Strike_B","Strike_B","Defend_B","Defend_B","Defend_B","Defend_B","Zap","Dualcast","Hologram+1","Cold Snap","Self Repair+1","Cold Snap","Conserve Battery","Lockon+1","Cold Snap","Fission+1","Reboot","Streamline"],"relics":["Cracked Core","NeowsBlessing","WarpedTongs","CeramicFish","Lantern","FossilizedHelix","Black Star"],"acts_visited":["Exordium","TheCity"],"potions_floor_usage":[11,19],"damage_taken":[{"damage":0,"enemies":"Cultist","floor":1,"turns":1},{"damage":0,"enemies":"Jaw Worm","floor":5,"turns":1},{"damage":2,"enemies":"2 Louse","floor":6,"turns":1},{"damage":15,"enemies":"Lagavulin","floor":7,"turns":8},{"damage":9,"enemies":"Lots of Slimes","floor":11,"turns":4},{"damage":13,"enemies":"3 Sentries","floor":13,"turns":11},{"damage":0,"enemies":"The Guardian","floor":16,"turns":15},{"damage":48,"enemies":"3 Byrds","floor":18,"turns":12},{"damage":13,"enemies":"Masked Bandits","floor":19,"turns":3}],"seed_played":"-3210648951243331495","potions_obtained":[{"floor":6,"key":"PotionOfCapacity"},{"floor":7,"key":"Fruit Juice"},{"floor":16,"key":"Swift Potion"}],"is_trial":false,"path_per_floor":["M","?","$","?","M","M","E","R","T","R","M","R","E","$","R","B",null,"M","?"],"character_chosen":"DEFECT","items_purchased":["Cold Snap","LiquidBronze","Self Repair","Fission"],"campfire_rested":0,"item_purchase_floors":[3,3,3,14],"current_hp_per_floor":[64,64,64,64,64,71,63,63,63,63,64,64,61,61,61,71,71,33,25,25],"gold":124,"neow_bonus":"THREE_ENEMY_KILL","is_daily":false,"chose_seed":false,"campfire_upgraded":4,"win_rate":0.0,"timestamp":1613075491,"path_taken":["M","?","?","?","?","M","E","R","T","R","M","R","E","$","R","BOSS","M","?"],"items_purchased_type":["Card","Potion","Card","Card"],"build_version":"2020-12-18","purchased_purges":2,"victory":false,"max_hp_per_floor":[71,71,71,71,71,71,71,71,71,71,71,71,71,71,71,71,71,71,76,76],"relic_stats":{"counters":[9,56],"CeramicFish":45,"Black Star":0,"obtain_stats":[{"Lantern":9,"NeowsBlessing":0,"CeramicFish":7,"Black Star":17,"Cracked Core":0,"FossilizedHelix":13,"WarpedTongs":4},{"Lantern":4,"NeowsBlessing":0,"CeramicFish":4,"Black Star":7,"Cracked Core":0,"FossilizedHelix":6,"WarpedTongs":1},{"Lantern":11,"NeowsBlessing":0,"CeramicFish":11,"Black Star":41,"Cracked Core":0,"FossilizedHelix":26,"WarpedTongs":1}],"WarpedTongs":[53]},"card_choices":[{"not_picked":["Stack","Steam"],"picked":"Hologram","floor":1},{"not_picked":["Sweeping Beam","Conserve Battery"],"picked":"Cold Snap","floor":5},{"not_picked":["Steam","Ball Lightning"],"picked":"Conserve Battery","floor":6},{"not_picked":["Rebound","Stack"],"picked":"Lockon","floor":7},{"not_picked":["Streamline","Hello World","Hologram"],"picked":"SKIP","floor":11},{"not_picked":["Compile Driver","FTL"],"picked":"Cold Snap","floor":13},{"not_picked":["Fission","Meteor Strike"],"picked":"Reboot","floor":16},{"not_picked":["Turbo","Steam"],"picked":"Streamline","floor":18}],"player_experience":2024344,"relics_obtained":[{"floor":7,"key":"CeramicFish"},{"floor":9,"key":"Lantern"},{"floor":13,"key":"FossilizedHelix"}],"event_choices":[{"damage_healed":0,"gold_gain":275,"player_choice":"Desecrate","damage_taken":0,"max_hp_gain":0,"max_hp_loss":0,"event_name":"Golden Shrine","floor":2,"gold_loss":0,"cards_obtained":["Regret"]},{"damage_healed":0,"gold_gain":0,"player_choice":"Rummage","damage_taken":0,"relics_obtained":["WarpedTongs"],"max_hp_gain":0,"max_hp_loss":0,"event_name":"Accursed Blacksmith","floor":4,"gold_loss":0,"cards_obtained":["Pain"]},{"damage_healed":0,"gold_gain":0,"player_choice":"Fought Bandits","damage_taken":0,"max_hp_gain":0,"max_hp_loss":0,"event_name":"Masked Bandits","floor":19,"gold_loss":0}],"is_beta":true,"boss_relics":[{"not_picked":["Velvet Choker","Cursed Key"],"picked":"Black Star"}],"items_purged_floors":[3,14],"is_endless":false,"potions_floor_spawned":[6,7,16],"killed_by":"Masked Bandits","ascension_level":20}}