{"host":"kx62hxkutszy5nb0","time":1613022348,"event":{"mods":["2.2 Compatiblity","AchievementEnabler","Aspiration","BaseMod","Better Altar","Better Match","Better Note","Better Sensory Stone","Better Skull","Better Third Choice","Better Vampires","CCEM2","Colored Map","Colored Powertips","Conspire","Custom Start","Dark Map","Defuse TimeMaze Blight","Displayed Cursed Tome","Downfall","Fiend Mod","Hermit","Hubris","Infinite Spire","Jorbs\u0027s Wanderer Trilogy","Koishi","Marked Mod","Minty Spire (QoL Compilation)","Prisma Mod","Relic Sorter","Relic Stats","Replay The Spire","Shade Mod","Shop Mod","Spikes Relics","StSLib","Td1madao Mod","The Alterego","The Construct","The Cursed","The Exalted","The Forsaken","The Judge","The Jungle","The Marked","TheSwordswoman","TheVacant","Uncapped","Virulent Crown","Yuri Mod","everything is the same but u backflip on backflip"],"gold_per_floor":[113,43,43,56,56,85,85,159,159,186,206,222,234,247,247,343,343,343,343],"floor_reached":18,"language":"ENG","playtime":708,"items_purged":[],"score":197,"play_id":"5ac5f1eb-391b-45ae-936d-6aaed92b0310","local_time":"20210211154548","is_ascension_mode":false,"campfire_choices":[{"data":"hermit:EyeOfTheStorm","floor":7,"key":"SMITH"},{"floor":15,"key":"REST"}],"circlet_count":0,"master_deck":["hermit:Strike_Hermit","hermit:Strike_Hermit","hermit:Strike_Hermit","hermit:Strike_Hermit","hermit:Defend_Hermit","hermit:Defend_Hermit","hermit:Defend_Hermit","hermit:Defend_Hermit","hermit:Snapshot","hermit:Covet","hermit:GoldenBullet","hermit:Brawl","Panacea","hermit:ShadowCloak","hermit:EyeOfTheStorm+1","hermit:Misfire","hermit:Ricochet","hermit:Determination+1","hermit:Misfire","hermit:DeadOrAlive","hermit:HeroicBravado"],"relics":["hermit:Momento","NeowsBlessing","CCEMRelics:FryingPan","HornCleat","Meat on the Bone","Frozen Egg 2","aspiration:IroncladSkillbook"],"acts_visited":["Exordium","TheCity"],"potions_floor_usage":[13,16,16],"damage_taken":[{"damage":0,"enemies":"Small Slimes","floor":1,"turns":1},{"damage":0,"enemies":"2 Louse","floor":4,"turns":2},{"damage":0,"enemies":"Replay:BlueRogue","floor":6,"turns":1},{"damage":21,"enemies":"Lagavulin","floor":10,"turns":7},{"damage":0,"enemies":"Cultist","floor":11,"turns":4},{"damage":7,"enemies":"Exordium Thugs","floor":12,"turns":5},{"damage":8,"enemies":"Red Slaver","floor":13,"turns":3},{"damage":0,"enemies":"Blue Slaver","floor":14,"turns":1},{"damage":41,"enemies":"Hexaghost","floor":16,"turns":11},{"damage":10,"enemies":"3 Byrds","floor":18,"turns":2}],"seed_played":"6016251477550236566","potions_obtained":[{"floor":6,"key":"AttackPotion"},{"floor":10,"key":"BlessingOfTheForge"},{"floor":14,"key":"Strength Potion"}],"is_trial":false,"path_per_floor":["M","$","?","M","$","E","R","T","T","E","M","M","M","M","R","B",null,"M"],"character_chosen":"HERMIT","items_purchased":["hermit:Brawl"],"campfire_rested":1,"item_purchase_floors":[2],"current_hp_per_floor":[75,75,75,75,75,75,75,75,75,54,54,47,39,39,61,32,75,65,65],"gold":343,"neow_bonus":"THREE_ENEMY_KILL","is_daily":false,"chose_seed":false,"campfire_upgraded":1,"win_rate":0.0,"timestamp":1613022348,"path_taken":["M","$","?","?","$","E","R","?","T","E","M","M","M","M","R","BOSS","M"],"items_purchased_type":["Card"],"build_version":"2020-12-22","purchased_purges":0,"victory":false,"max_hp_per_floor":[75,75,75,75,75,75,75,75,75,75,75,75,75,75,75,75,75,75,75],"relic_stats":{"counters":[10,37],"obtain_stats":[{"HornCleat":8,"NeowsBlessing":0,"CCEMRelics:FryingPan":6,"Frozen Egg 2":10,"hermit:Momento":0,"aspiration:IroncladSkillbook":17,"Meat on the Bone":9},{"HornCleat":3,"NeowsBlessing":0,"CCEMRelics:FryingPan":3,"Frozen Egg 2":4,"hermit:Momento":0,"aspiration:IroncladSkillbook":9,"Meat on the Bone":3},{"HornCleat":4,"NeowsBlessing":0,"CCEMRelics:FryingPan":4,"Frozen Egg 2":11,"hermit:Momento":0,"aspiration:IroncladSkillbook":35,"Meat on the Bone":4}],"Meat on the Bone":12},"card_choices":[{"not_picked":["hermit:HoleUp","hermit:BodyArmor"],"picked":"hermit:GoldenBullet","floor":1},{"not_picked":["Swift Strike","PanicButton"],"picked":"Panacea","floor":3},{"not_picked":["hermit:Enervate","hermit:Misfire"],"picked":"hermit:ShadowCloak","floor":4},{"not_picked":["hermit:TakeCover","hermit:Vantage"],"picked":"hermit:EyeOfTheStorm","floor":6},{"not_picked":["hermit:HoleUp","hermit:Horror"],"picked":"hermit:Misfire","floor":10},{"not_picked":["hermit:Snipe","hermit:LuckOfTheDraw"],"picked":"hermit:Ricochet","floor":11},{"not_picked":["hermit:HoleUp","hermit:WideOpen"],"picked":"hermit:Determination+1","floor":12},{"not_picked":["hermit:WideOpen","hermit:Horror"],"picked":"hermit:Misfire","floor":13},{"not_picked":["hermit:Snipe","hermit:Vantage"],"picked":"hermit:DeadOrAlive","floor":14},{"not_picked":["hermit:OverwhelmingPower+1","hermit:Adapt+1"],"picked":"hermit:HeroicBravado","floor":16}],"player_experience":763337,"relics_obtained":[{"floor":6,"key":"CCEMRelics:FryingPan"},{"floor":8,"key":"HornCleat"},{"floor":9,"key":"Meat on the Bone"},{"floor":10,"key":"Frozen Egg 2"}],"event_choices":[{"damage_healed":0,"gold_gain":1,"player_choice":"1","damage_taken":0,"max_hp_gain":0,"max_hp_loss":0,"event_name":"betterStone:BetterStone","floor":3,"gold_loss":0}],"is_beta":false,"boss_relics":[{"not_picked":["CCEMRelics:DefectiveTurbocharger","aspiration:RandomNobGenerator"],"picked":"aspiration:IroncladSkillbook"}],"items_purged_floors":[],"is_endless":false,"potions_floor_spawned":[6,10,14],"killed_by":"3 Byrds","ascension_level":0}}