{"host":"fortuna","time":1613062545,"event":{"mods":["100% Spire Juice","Act Like it!","Arknights","BaseMod","CapriCore","Gensokyo","Hallownest","Koishi","Minty Spire (QoL Compilation)","MostiFishMod","Reimu£®≤©¿ˆ¡È√Œ£©","Relic Stats","StSLib","The Animator","The Bug Knight","The Immortal","Waifu the Spire","WarShipGirlsR/’ΩΩ¢…Ÿ≈ÆR mod","Yakumo Yukari mod"],"gold_per_floor":[111,111,146,146,146,172,172,198,223,234,263,263,280,293,293,391,391,407,507,519,769,779,809,840,840,865,865,1115,1150,1176,121,121,207,207,220,273,299,316,71,71,97,97,120,138,168,178,178,186,186,181,181,181,34,61,51],"floor_reached":56,"language":"ZHS","playtime":11836,"items_purged":["Injury","Koishi:BasicStrike"],"score":1639,"play_id":"4477af0e-471f-4b12-806e-15eca06ac4b4","local_time":"20210212005545","is_ascension_mode":true,"campfire_choices":[{"floor":7,"key":"REST"},{"data":"Koishi:UnconsciousUrges","floor":15,"key":"SMITH"},{"data":"Koishi:JumpScare","floor":25,"key":"SMITH"},{"floor":32,"key":"RECALL"},{"data":"Koishi:ReleaseOfTheId","floor":40,"key":"SMITH"},{"data":"Koishi:GrowingPain","floor":42,"key":"SMITH"},{"data":"Koishi:FadingMemory","floor":49,"key":"SMITH"},{"data":"Koishi:RoseHell","floor":52,"key":"SMITH"}],"circlet_count":0,"master_deck":["Koishi:BasicStrike","Koishi:BasicStrike","Koishi:BasicDefend","Koishi:BasicDefend","Koishi:BasicDefend","Koishi:Provoke","Koishi:HauntingSlash","Koishi:SprinkleStarAndHeart","Koishi:ReflexRadar","Koishi:GrowingPain+1","Koishi:MentalBreakdown","Koishi:ReleaseOfTheId+1","Koishi:UnconsciousUprising","Koishi:JumpScare+1","Koishi:EmbryosDream+1","Koishi:UnconsciousUrges+1","Koishi:GrowingPain","Koishi:FreudianInstinct+1","Koishi:LastRemote","Koishi:ReleaseOfTheId+1","Koishi:SilentAndRestless","Koishi:RoseHell+1","Koishi:PhantomBarrier+1","Koishi:UnconsciousUprising+1","Koishi:RollingInRichesHeart","Koishi:FleetingPhantom+1","Koishi:ReflexRadar","Koishi:BloodcurdlingScream+1","Koishi:ReflexRadar+1","Koishi:Jaunt+1","Koishi:ReleaseOfTheId","Koishi:FadingMemory+1","Koishi:ReflexRadar+1","Koishi:UnansweredLove+1","Koishi:Untouchable+1","Koishi:PerfectMindControl"],"relics":["Koishi:ImaginaryFriend","DaveBox","SynthV:TestCard","JellyFishMachine","Koishi:AHoleWhereASisterShouldBe","WingedGreaves","Mango","Sundial","Lizard Tail","Incense Burner","GreenFoldingFan","FossilizedHelix","Mango","HollowMod:StagPassRelic","BionicSphere","HollowMod:PaleOreRelic","Tiny Chest","RuthlessExorcism:ReiMu","BirthdayGift-Icosahedron","Sozu","Gambling Chip","Koishi:BloodstainedWhiteRose","MostiFishMod:AdaptiveDefenses","Strawberry","Centennial Puzzle","Toy Ornithopter","War Paint"],"acts_visited":["Gensokyo:Gensokyo","Gensokyo:Gensokyoer","Hallownest:KingdomsEdge","TheEnding"],"potions_floor_usage":[6,55,55],"damage_taken":[{"damage":4,"enemies":"Gensokyo:Gryphon","floor":1,"turns":4},{"damage":15,"enemies":"Gensokyo:Mamizou","floor":3,"turns":11},{"damage":6,"enemies":"Gensokyo:Cirno","floor":6,"turns":8},{"damage":0,"enemies":"Gensokyo:Mamizou","floor":8,"turns":8},{"damage":0,"enemies":"Gensokyo:2_Kodama","floor":10,"turns":2},{"damage":0,"enemies":"Gensokyo:Cirno","floor":11,"turns":5},{"damage":0,"enemies":"Gensokyo:3_Fairies","floor":13,"turns":3},{"damage":1,"enemies":"Gensokyo:CorruptedTreant","floor":14,"turns":2},{"damage":29,"enemies":"Gensokyo:Yukari","floor":16,"turns":10},{"damage":8,"enemies":"Gensokyo:AngelMirror","floor":18,"turns":2},{"damage":23,"enemies":"Gensokyo:AngelMirror","floor":19,"turns":9},{"damage":4,"enemies":"Gensokyo:2_Gloops","floor":20,"turns":4},{"damage":25,"enemies":"Gensokyo:Slime_Group","floor":22,"turns":6},{"damage":18,"enemies":"Gensokyo:Reisen","floor":23,"turns":7},{"damage":35,"enemies":"Gensokyo:Tenshi","floor":24,"turns":3},{"damage":24,"enemies":"Gensokyo:Koishi","floor":29,"turns":5},{"damage":9,"enemies":"Gensokyo:Kaguya","floor":33,"turns":7},{"damage":0,"enemies":"Hallownest:Shield_Heavy","floor":35,"turns":2},{"damage":2,"enemies":"Hallownest:2_Primals","floor":36,"turns":3},{"damage":0,"enemies":"Hallownest:2_Littles","floor":38,"turns":2},{"damage":2,"enemies":"Hallownest:StalkingDevout","floor":41,"turns":3},{"damage":1,"enemies":"Hallownest:monsterPrimalAspid","floor":44,"turns":3},{"damage":9,"enemies":"Hallownest:eliteHiveKnight","floor":45,"turns":4},{"damage":0,"enemies":"Hallownest:2_Wing_and_1_Kings","floor":46,"turns":2},{"damage":1,"enemies":"Hallownest:2_Great","floor":48,"turns":3},{"damage":4,"enemies":"Hallownest:BossHollowKnight","floor":50,"turns":5},{"damage":0,"enemies":"Shield and Spear","floor":54,"turns":3},{"damage":5,"enemies":"The Heart","floor":55,"turns":6}],"seed_played":"6521035857722357009","potions_obtained":[{"floor":1,"key":"Ancient Potion"},{"floor":3,"key":"SkillPotion"},{"floor":10,"key":"GamblersBrew"},{"floor":13,"key":"Ancient Potion"}],"is_trial":false,"path_per_floor":["M","?","?","?","?","E","R","E","T","M","E","?","M","M","R","B",null,"M","?","M","?","M","E","E","R","T","?","?","E","T","$","R","B",null,"M","?","T","M","$","R","E","R","T","M","E","M","?","M","R","B",null,"R","$","E","B",null],"character_chosen":"KOISHI","items_purchased":["BirthdayGift-Icosahedron","Koishi:RollingInRichesHeart","Regen Potion","MostiFishMod:AdaptiveDefenses","Koishi:ReflexRadar","Koishi:UnansweredLove","Koishi:Untouchable"],"campfire_rested":1,"item_purchase_floors":[31,31,31,39,53,53,53],"current_hp_per_floor":[41,41,31,24,10,5,27,30,30,30,30,30,34,38,38,15,74,74,80,88,83,69,66,46,46,46,46,46,37,37,37,37,43,83,83,83,83,83,83,83,90,90,90,90,90,90,85,85,85,85,85,85,85,85,85],"gold":51,"neow_bonus":"REMOVE_TWO","is_daily":false,"chose_seed":false,"campfire_upgraded":6,"win_rate":0.0,"timestamp":1613062545,"path_taken":["M","?","?","?","?","E","R","E","T","?","E","?","M","M","R","BOSS","M","?","M","?","M","E","E","R","T","?","?","E","?","?","R","BOSS","M","?","?","M","$","R","E","R","T","M","E","M","?","M","R","BOSS","R","$","E","BOSS"],"items_purchased_type":["Relic","Card","Potion","Relic","Card","Card","Card"],"build_version":"2020-12-18","purchased_purges":2,"victory":true,"max_hp_per_floor":[60,60,60,74,74,74,74,74,74,74,74,74,74,74,74,74,74,74,88,88,83,83,83,83,83,83,83,83,83,83,83,83,83,83,83,83,83,83,83,83,90,90,90,90,90,90,85,85,85,85,85,85,85,85,85],"relic_stats":{"Sozu":4,"Lizard Tail":0,"Centennial Puzzle":[9],"counters":[28,131],"Sundial":[16],"Gambling Chip":[15],"Tiny Chest":1,"War Paint":["Koishi:EmbryosDream","Koishi:PhantomBarrier"],"obtain_stats":[{"DaveBox":0,"Mango":4,"MostiFishMod:AdaptiveDefenses":39,"Incense Burner":8,"BirthdayGift-Icosahedron":31,"HollowMod:StagPassRelic":23,"Blood Vial":11,"Sozu":34,"GreenFoldingFan":17,"Frozen Eye":29,"Lizard Tail":6,"Centennial Puzzle":43,"Sundial":5,"Gambling Chip":36,"Strawberry":41,"Tiny Chest":29,"Koishi:AHoleWhereASisterShouldBe":2,"WingedGreaves":3,"HollowMod:PaleOreRelic":26,"Koishi:BloodstainedWhiteRose":37,"JellyFishMachine":1,"War Paint":54,"SynthV:TestCard":1,"BionicSphere":24,"FossilizedHelix":19,"Toy Ornithopter":45,"Koishi:ImaginaryFriend":0,"RuthlessExorcism:ReiMu":30},{"DaveBox":0,"Mango":2,"MostiFishMod:AdaptiveDefenses":20,"Incense Burner":4,"BirthdayGift-Icosahedron":16,"HollowMod:StagPassRelic":14,"Blood Vial":6,"Sozu":17,"GreenFoldingFan":9,"Frozen Eye":15,"Lizard Tail":3,"Centennial Puzzle":21,"Sundial":2,"Gambling Chip":19,"Strawberry":21,"Tiny Chest":16,"Koishi:AHoleWhereASisterShouldBe":1,"WingedGreaves":2,"HollowMod:PaleOreRelic":15,"Koishi:BloodstainedWhiteRose":19,"JellyFishMachine":1,"War Paint":27,"SynthV:TestCard":1,"BionicSphere":15,"FossilizedHelix":11,"Toy Ornithopter":23,"Koishi:ImaginaryFriend":0,"RuthlessExorcism:ReiMu":16},{"DaveBox":0,"Mango":15,"MostiFishMod:AdaptiveDefenses":103,"Incense Burner":31,"BirthdayGift-Icosahedron":89,"HollowMod:StagPassRelic":81,"Blood Vial":38,"Sozu":96,"GreenFoldingFan":53,"Frozen Eye":84,"Lizard Tail":23,"Centennial Puzzle":106,"Sundial":15,"Gambling Chip":101,"Strawberry":106,"Tiny Chest":89,"Koishi:AHoleWhereASisterShouldBe":4,"WingedGreaves":15,"HollowMod:PaleOreRelic":84,"Koishi:BloodstainedWhiteRose":101,"JellyFishMachine":4,"War Paint":126,"SynthV:TestCard":4,"BionicSphere":84,"FossilizedHelix":64,"Toy Ornithopter":113,"Koishi:ImaginaryFriend":0,"RuthlessExorcism:ReiMu":89}],"Toy Ornithopter":0},"card_choices":[{"not_picked":["Koishi:TremblingHands","Koishi:PhantomStrike"],"picked":"Koishi:SprinkleStarAndHeart","floor":1},{"not_picked":["Koishi:EmbryosDream","Koishi:SpiritedAway","Koishi:Whimsy","Koishi:PhilosophyOfTheDespised"],"picked":"Koishi:ReflexRadar","floor":3},{"not_picked":["Koishi:GeneticsOfTheUnconscious","Koishi:UnansweredLove","Koishi:UnconsciousUrges","Koishi:SubterraneanRose"],"picked":"Koishi:GrowingPain","floor":6},{"not_picked":["Koishi:YoukaiPolygraph","Koishi:LastRemote","Koishi:UnconsciousUprising","Koishi:MassHysteria"],"picked":"Koishi:MentalBreakdown","floor":8},{"not_picked":["Koishi:SubconsciousSweep","Koishi:UnconsciousUprising","Koishi:SpiritedAway","Koishi:FleetingPhantom"],"picked":"Koishi:ReleaseOfTheId","floor":10},{"not_picked":["Koishi:FleetingPhantom","Koishi:ParalyzingFear","Koishi:Ego","Koishi:HeartfeltFancy"],"picked":"Koishi:UnconsciousUprising","floor":11},{"not_picked":["Koishi:StingingMind","Koishi:UnseenTerror","Koishi:Catatonia","Koishi:PhantomStrike"],"picked":"Koishi:JumpScare","floor":12},{"not_picked":["Koishi:HeartfeltFancy","Koishi:SpiritedAway","Koishi:JumpScare","Koishi:BloodcurdlingScream"],"picked":"Koishi:EmbryosDream","floor":12},{"not_picked":["Koishi:LastRemote","Koishi:DNAsFlaw","Koishi:JumpScare","Koishi:FleetingPhantom","Koishi:ReflexRadar"],"picked":"SKIP","floor":13},{"not_picked":["Koishi:YoukaiPolygraph","Koishi:StingingMind","Koishi:FormlessExistence","Koishi:DreadfulBlow"],"picked":"Koishi:UnconsciousUrges","floor":14},{"not_picked":["Koishi:ConditionedTeleport","Koishi:FormlessExistence","Koishi:HeartStoppingHorror","Koishi:SilentAndRestless"],"picked":"Koishi:GrowingPain","floor":16},{"not_picked":["Koishi:Catatonia","Koishi:BloodcurdlingScream","Koishi:JumpScare","Koishi:FleetingPhantom"],"picked":"Koishi:FreudianInstinct+1","floor":18},{"not_picked":["Koishi:PhantomBarrier+1","Koishi:DreadfulBlow+1","Koishi:GrowingPain","Koishi:BloodcurdlingScream"],"picked":"Koishi:LastRemote","floor":19},{"not_picked":["Koishi:TraumaticStroke","Koishi:UnseenTerror+1","Koishi:Prune+1","Koishi:CatchAndRose"],"picked":"Koishi:ReleaseOfTheId+1","floor":20},{"not_picked":["Koishi:DreadfulBlow+1","Koishi:ReleaseOfTheId","Koishi:PhantomStrike","Koishi:Possession"],"picked":"Koishi:SilentAndRestless","floor":22},{"not_picked":["Koishi:DreadfulBlow+1","Koishi:FleetingPhantom","Koishi:Catatonia","Koishi:FourthEye+1"],"picked":"Koishi:RoseHell","floor":23},{"not_picked":["Koishi:DreadfulBlow","Koishi:LastRemote","Koishi:Prune","Koishi:UnconsciousUrges"],"picked":"Koishi:PhantomBarrier","floor":24},{"not_picked":["Koishi:RorschachInDanmaku","Koishi:PhantomBarrier+1","Koishi:Jaunt","Koishi:EmbersOfLove+1"],"picked":"Koishi:UnconsciousUprising+1","floor":29},{"not_picked":["Koishi:MindNumbingTerror+1","Koishi:UnconsciousUprising","Koishi:YoukaiPolygraph","Koishi:ParalyzingFear+1"],"picked":"Koishi:FleetingPhantom+1","floor":35},{"not_picked":["Koishi:MassHysteria","Koishi:ParalyzingFear","Koishi:UnseenTerror+1","Koishi:MentalBreakdown"],"picked":"Koishi:ReflexRadar","floor":36},{"not_picked":["Koishi:FleetingPhantom","Koishi:SubterraneanRose","Koishi:SpiritedAway","Koishi:HeartAttack"],"picked":"Koishi:BloodcurdlingScream+1","floor":38},{"not_picked":["Koishi:EmbryosDream","Koishi:BloodcurdlingScream+1","Koishi:Jaunt","Koishi:DreadfulBlow"],"picked":"Koishi:ReflexRadar+1","floor":41},{"not_picked":["Koishi:SpiritedAway","Koishi:MindNumbingTerror","Koishi:Catatonia","Koishi:BramblyRoseGarden+1"],"picked":"Koishi:Jaunt+1","floor":44},{"not_picked":["Koishi:JumpScare","Koishi:SilentAndRestless","Koishi:YoukaiPolygraph","Koishi:UnseenTerror+1","Koishi:DreadfulBlow"],"picked":"SKIP","floor":45},{"not_picked":["Koishi:MindNumbingTerror+1","Koishi:HeartfeltFancy","Koishi:JumpScare+1","Koishi:EmbryosDream+1"],"picked":"Koishi:ReleaseOfTheId","floor":46},{"not_picked":["Koishi:ReflexRadar+1","Koishi:UnconsciousUprising+1","Koishi:Prune","Koishi:BramblyRoseGarden"],"picked":"Koishi:FadingMemory","floor":48},{"not_picked":["Koishi:StrangeCloudFist","Koishi:UnconsciousUprising","Koishi:PhantomStrike","Koishi:PhilosophyOfTheDespised"],"picked":"Koishi:PerfectMindControl","floor":54}],"player_experience":355719,"relics_obtained":[{"floor":1,"key":"SynthV:TestCard"},{"floor":3,"key":"WingedGreaves"},{"floor":6,"key":"Lizard Tail"},{"floor":8,"key":"Incense Burner"},{"floor":11,"key":"Blood Vial"},{"floor":19,"key":"FossilizedHelix"},{"floor":19,"key":"Mango"},{"floor":23,"key":"HollowMod:StagPassRelic"},{"floor":24,"key":"BionicSphere"},{"floor":26,"key":"HollowMod:PaleOreRelic"},{"floor":29,"key":"Tiny Chest"},{"floor":30,"key":"RuthlessExorcism:ReiMu"},{"floor":36,"key":"Gambling Chip"},{"floor":37,"key":"Koishi:BloodstainedWhiteRose"},{"floor":41,"key":"Strawberry"},{"floor":43,"key":"Centennial Puzzle"},{"floor":45,"key":"Toy Ornithopter"},{"floor":54,"key":"War Paint"}],"event_choices":[],"is_beta":true,"boss_relics":[{"not_picked":["Busted Crown","RhineCircuit"],"picked":"GreenFoldingFan"},{"not_picked":["Philosopher\u0027s Stone","Black Star"],"picked":"Sozu"}],"items_purged_floors":[31,39],"is_endless":false,"potions_floor_spawned":[1,3,10,13,18,19,38,44,45,54],"ascension_level":1}}