{"host":"s24sb66hw4a4sfft","time":1613005486,"event":{"mods":["AchievementEnabler","BaseMod","Colored Map","Colored Powertips","Googly Eyes","Hermit","Hubris","Minty Spire (QoL Compilation)","Quick Restart","Shop Mod","StSLib"],"gold_per_floor":[117,67,67,13,26,53,53,228,228,228,228,259,284,297,297,371,371,389,403,403,403,403],"floor_reached":21,"language":"ENG","playtime":561,"items_purged":[],"score":357,"play_id":"aaf25a08-a448-46a9-bd9c-8c64c937af0a","local_time":"20210210200446","is_ascension_mode":true,"campfire_choices":[{"data":"Deadly Poison","floor":10,"key":"SMITH"},{"floor":15,"key":"REST"}],"circlet_count":0,"master_deck":["AscendersBane","Strike_G","Strike_G","Strike_G","Strike_G","Defend_G","Defend_G","Defend_G+1","Defend_G","Defend_G","Survivor","Neutralize","Poisoned Stab+1","Cloak And Dagger+1","Quick Slash+1","Deadly Poison+1","Doubt","Prepared","Venomology","Slice+1","Deadly Poison"],"relics":["Ring of the Serpent","NeowsBlessing","Bottled Flame","Bottled Lightning","Smiling Mask","Potion Belt","hubris:Icosahedron"],"acts_visited":["Exordium","TheCity"],"potions_floor_usage":[16,16,18,18,19,21],"damage_taken":[{"damage":0,"enemies":"2 Louse","floor":1,"turns":1},{"damage":0,"enemies":"Cultist","floor":5,"turns":1},{"damage":0,"enemies":"Lagavulin","floor":6,"turns":1},{"damage":14,"enemies":"Gremlin Nob","floor":12,"turns":4},{"damage":0,"enemies":"Small Slimes","floor":14,"turns":3},{"damage":8,"enemies":"The Guardian","floor":16,"turns":7},{"damage":6,"enemies":"Chosen","floor":18,"turns":6},{"damage":6,"enemies":"Shell Parasite","floor":19,"turns":4},{"damage":43,"enemies":"Masked Bandits","floor":21,"turns":5}],"seed_played":"-808724747236998232","potions_obtained":[{"floor":5,"key":"Poison Potion"},{"floor":6,"key":"Poison Potion"},{"floor":16,"key":"Swift Potion"},{"floor":18,"key":"Poison Potion"}],"is_trial":false,"path_per_floor":["M","?","?","$","M","E","?","?","T","R","?","E","T","M","R","B",null,"M","M","?","?"],"character_chosen":"THE_SILENT","items_purchased":["Cloak And Dagger"],"campfire_rested":1,"item_purchase_floors":[4],"current_hp_per_floor":[59,59,59,59,59,59,46,46,46,46,46,32,32,32,51,43,60,54,48,48,5,5],"gold":403,"neow_bonus":"THREE_ENEMY_KILL","is_daily":false,"chose_seed":false,"campfire_upgraded":1,"win_rate":0.0,"timestamp":1613005486,"path_taken":["M","?","?","$","?","E","?","?","T","R","?","E","?","M","R","BOSS","M","M","?","?"],"items_purchased_type":["Card"],"build_version":"2020-12-22","purchased_purges":0,"victory":false,"max_hp_per_floor":[66,66,66,66,66,66,66,66,66,66,66,66,66,66,66,66,66,66,66,66,66,66],"card_choices":[{"not_picked":["hubris:SlightOfHand","Leg Sweep"],"picked":"Poisoned Stab","floor":1},{"not_picked":["Bane","Flying Knee"],"picked":"Quick Slash","floor":5},{"not_picked":["Skewer","Footwork"],"picked":"Deadly Poison","floor":6},{"not_picked":["Dagger Throw","PiercingWail"],"picked":"Prepared","floor":12},{"not_picked":["Well Laid Plans","Prepared","hubris:Counter"],"picked":"SKIP","floor":14},{"not_picked":["Bullet Time","Unload"],"picked":"Venomology","floor":16},{"not_picked":["Catalyst","Poisoned Stab"],"picked":"Slice+1","floor":18},{"not_picked":["Outmaneuver","Well Laid Plans+1"],"picked":"Deadly Poison","floor":19}],"player_experience":607855,"relics_obtained":[{"floor":6,"key":"Bottled Flame"},{"floor":9,"key":"Bottled Lightning"},{"floor":12,"key":"Smiling Mask"},{"floor":13,"key":"Potion Belt"}],"event_choices":[{"cards_removed":["Strike_G"],"damage_healed":0,"gold_gain":0,"player_choice":"Card Removal","damage_taken":0,"max_hp_gain":0,"max_hp_loss":0,"event_name":"The Cleric","floor":2,"gold_loss":50},{"damage_healed":0,"gold_gain":0,"player_choice":"Forge","damage_taken":0,"max_hp_gain":0,"max_hp_loss":0,"event_name":"Accursed Blacksmith","floor":3,"gold_loss":0,"cards_upgraded":["Poisoned Stab"]},{"damage_healed":0,"gold_gain":0,"player_choice":"Entered Light","damage_taken":13,"max_hp_gain":0,"max_hp_loss":0,"event_name":"Shining Light","floor":7,"gold_loss":0,"cards_upgraded":["Quick Slash","Defend_G"]},{"damage_healed":0,"gold_gain":175,"player_choice":"AGREE","damage_taken":0,"max_hp_gain":0,"max_hp_loss":0,"event_name":"Liars Game","floor":8,"gold_loss":0,"cards_obtained":["Doubt"]},{"damage_healed":0,"gold_gain":0,"player_choice":"Fought Bandits","damage_taken":0,"max_hp_gain":0,"max_hp_loss":0,"event_name":"Masked Bandits","floor":21,"gold_loss":0}],"is_beta":false,"boss_relics":[{"not_picked":["Snecko Eye","Fusion Hammer"],"picked":"Ring of the Serpent"}],"items_purged_floors":[],"is_endless":false,"potions_floor_spawned":[5,6,16,18],"killed_by":"Masked Bandits","ascension_level":14}}