{"host":"zxkjcgzis4pm3za5","time":1613053065,"event":{"mods":["AchievementEnabler","BaseMod","Colored Map","Colored Powertips","Minty Spire (QoL Compilation)","Quick Restart","RNG Fix","Random Character Button","Relic Sorter","Relic Stats","StSLib"],"gold_per_floor":[122,147,176,204,141,153,198,210,246,289,301,313,325,354,366,452,464,490,388,400,412,229,229,241,241,268,10,42,42,42,68,68,142,142,160,180,15,15,15,44,31,63,63,63,79,95,95,114,114,114,114,114,114,10,37,37,37],"floor_reached":56,"language":"ENG","playtime":2916,"items_purged":["Strike_R","Strike_R","Strike_R+1"],"score":1980,"play_id":"a9db3083-0abe-49a8-9c7f-d4ad7efb60bf","local_time":"20210211194745","is_ascension_mode":true,"campfire_choices":[{"data":"Anger","floor":8.0,"key":"SMITH"},{"data":"Feel No Pain","floor":11.0,"key":"SMITH"},{"floor":15.0,"key":"REST"},{"floor":23.0,"key":"REST"},{"data":"Corruption","floor":25.0,"key":"SMITH"},{"data":"Juggernaut","floor":29.0,"key":"SMITH"},{"floor":32.0,"key":"REST"},{"floor":44.0,"key":"RECALL"},{"data":"Rupture","floor":47,"key":"SMITH"},{"data":"Dark Embrace","floor":49,"key":"SMITH"},{"data":"Armaments","floor":53,"key":"SMITH"}],"circlet_count":0,"master_deck":["AscendersBane","Defend_R","Defend_R","Defend_R","Defend_R","Bash","Pommel Strike+1","Anger+1","Shrug It Off","Feel No Pain+1","Thunderclap","Cleave","Combust","Corruption+1","Shockwave+1","Dark Embrace+1","Flame Barrier","Blood for Blood+1","Juggernaut+1","Disarm","Impervious","Uppercut","Second Wind","Feed","Offering","Body Slam","Havoc+1","Rupture+1","Sentinel","Shrug It Off","Impervious","Armaments+1","Metallicize+1","Flame Barrier+1"],"relics":["Burning Blood","MawBank","Strawberry","Whetstone","Nunchaku","Runic Pyramid","Anchor","Membership Card","Bag of Preparation","Vajra","Philosopher\u0027s Stone","Strange Spoon","Spirit Poop","Ice Cream","Lantern","Mummified Hand"],"acts_visited":["Exordium","TheCity","TheBeyond","TheEnding"],"potions_floor_usage":[51,56],"damage_taken":[{"damage":9.0,"enemies":"2 Louse","floor":1.0,"turns":3.0},{"damage":7.0,"enemies":"Cultist","floor":2.0,"turns":4.0},{"damage":4.0,"enemies":"Small Slimes","floor":3.0,"turns":3.0},{"damage":8.0,"enemies":"3 Louse","floor":4.0,"turns":3.0},{"damage":21.0,"enemies":"3 Sentries","floor":7.0,"turns":13.0},{"damage":32.0,"enemies":"Gremlin Nob","floor":10.0,"turns":4.0},{"damage":18.0,"enemies":"Large Slime","floor":14.0,"turns":3.0},{"damage":31.0,"enemies":"Slime Boss","floor":16.0,"turns":8.0},{"damage":34.0,"enemies":"2 Thieves","floor":18.0,"turns":3.0},{"damage":15.0,"enemies":"Spheric Guardian","floor":20.0,"turns":5.0},{"damage":11.0,"enemies":"Snake Plant","floor":21.0,"turns":6.0},{"damage":35.0,"enemies":"Cultist and Chosen","floor":24.0,"turns":5.0},{"damage":2.0,"enemies":"Gremlin Leader","floor":28.0,"turns":6.0},{"damage":5.0,"enemies":"Book of Stabbing","floor":31.0,"turns":4.0},{"damage":58.0,"enemies":"Collector","floor":33.0,"turns":7.0},{"damage":6.0,"enemies":"Orb Walker","floor":35.0,"turns":2.0},{"damage":6.0,"enemies":"3 Shapes","floor":36.0,"turns":2.0},{"damage":9.0,"enemies":"Reptomancer","floor":40.0,"turns":5.0},{"damage":8.0,"enemies":"Nemesis","floor":42.0,"turns":9.0},{"damage":8,"enemies":"3 Darklings","floor":45,"turns":4},{"damage":9,"enemies":"Spire Growth","floor":46,"turns":4},{"damage":3,"enemies":"Sphere and 2 Shapes","floor":48,"turns":4},{"damage":24,"enemies":"Time Eater","floor":50,"turns":8},{"damage":36,"enemies":"Donu and Deca","floor":51,"turns":5},{"damage":67,"enemies":"Shield and Spear","floor":55,"turns":5},{"damage":26,"enemies":"The Heart","floor":56,"turns":3}],"seed_played":"-5281327493735237943","potions_obtained":[{"floor":1.0,"key":"Swift Potion"},{"floor":2.0,"key":"ColorlessPotion"},{"floor":7.0,"key":"Dexterity Potion"},{"floor":14.0,"key":"FearPotion"},{"floor":16.0,"key":"CultistPotion"},{"floor":20.0,"key":"BloodPotion"},{"floor":24.0,"key":"DistilledChaos"},{"floor":28.0,"key":"DistilledChaos"},{"floor":35.0,"key":"DuplicationPotion"}],"is_trial":false,"path_per_floor":["M","M","M","M","?","?","E","R","T","E","R","?","$","M","R","B",null,"M","$","M","M","$","R","M","R","T","$","E","R","?","E","R","B",null,"M","M","$","?","?","E","$","E","T","R","M","M","R","M","R","B","B",null,"R","$","E","B"],"character_chosen":"IRONCLAD","items_purchased":["Dark Embrace","Juggernaut","Membership Card","Impervious","Uppercut","Rupture","Strange Spoon","Sentinel","Armaments","DuplicationPotion"],"campfire_rested":3,"item_purchase_floors":[19,22,27,27,27,37,37,37,41,54],"current_hp_per_floor":[65,64,66,64,64,69,61,61,61,35,35,35,35,23,49,24,71,43,43,34,29,29,55,43,43,43,43,47,47,47,48,74,22,71,71,71,71,71,71,71,71,72,72,72,73,70,70,76,76,58,32,85,85,85,24,0,0],"gold":37,"neow_bonus":"RANDOM_COMMON_RELIC","is_daily":false,"chose_seed":false,"campfire_upgraded":7,"win_rate":0.0,"timestamp":1613053065,"path_taken":["M","M","?","M","?","?","E","R","T","E","R","?","$","M","R","BOSS","M","$","M","M","$","R","M","R","T","$","E","R","?","E","R","BOSS","M","?","$","?","?","E","?","E","T","R","M","M","R","M","R","BOSS","BOSS","R","$","E","BOSS"],"items_purchased_type":["Card","Card","Relic","Card","Card","Card","Relic","Card","Card","Potion"],"build_version":"2020-12-22","purchased_purges":3,"victory":false,"max_hp_per_floor":[75,75,75,75,75,80,87,87,87,87,87,87,87,87,87,87,87,87,87,87,87,87,87,87,87,87,87,87,87,87,87,87,87,87,87,87,87,87,87,90,90,93,93,93,96,96,96,99,99,99,103,103,103,103,103,103,103],"relic_stats":{"Strange Spoon":[51],"Nunchaku":[18],"counters":[26,128],"Mummified Hand":[1],"Bag of Preparation":[26],"Whetstone":["Strike_R","Pommel Strike"],"MawBank":228,"obtain_stats":[{"Ice Cream":40,"Lantern":42,"Vajra":31,"Spirit Poop":38,"Bag of Preparation":28,"Whetstone":9,"MawBank":0,"Burning Blood":0,"Strange Spoon":37,"Nunchaku":10,"Anchor":26,"Mummified Hand":55,"Strawberry":7,"Philosopher\u0027s Stone":34,"Membership Card":27,"Runic Pyramid":17},{"Ice Cream":18,"Lantern":19,"Vajra":14,"Spirit Poop":17,"Bag of Preparation":13,"Whetstone":5,"MawBank":0,"Burning Blood":0,"Strange Spoon":17,"Nunchaku":6,"Anchor":12,"Mummified Hand":25,"Strawberry":5,"Philosopher\u0027s Stone":15,"Membership Card":12,"Runic Pyramid":8},{"Ice Cream":86,"Lantern":95,"Vajra":70,"Spirit Poop":81,"Bag of Preparation":66,"Whetstone":26,"MawBank":0,"Burning Blood":0,"Strange Spoon":81,"Nunchaku":30,"Anchor":60,"Mummified Hand":125,"Strawberry":26,"Philosopher\u0027s Stone":77,"Membership Card":60,"Runic Pyramid":41}],"Burning Blood":150},"card_choices":[{"not_picked":["Second Wind","Pummel"],"picked":"Pommel Strike","floor":1.0},{"not_picked":["Heavy Blade","Reckless Charge"],"picked":"Anger","floor":2.0},{"not_picked":["Perfected Strike","Sentinel"],"picked":"Shrug It Off","floor":3.0},{"not_picked":["Headbutt","Dark Embrace"],"picked":"Feel No Pain","floor":4.0},{"not_picked":["Clash","Searing Blow"],"picked":"Thunderclap","floor":7.0},{"not_picked":["Twin Strike","Perfected Strike"],"picked":"Cleave","floor":10.0},{"not_picked":["Pommel Strike","Seeing Red"],"picked":"Combust","floor":14.0},{"not_picked":["Barricade","Reaper"],"picked":"Corruption","floor":16.0},{"not_picked":["Perfected Strike","Armaments"],"picked":"Shockwave+1","floor":18.0},{"not_picked":["Flex","Armaments"],"picked":"Flame Barrier","floor":20.0},{"not_picked":["Iron Wave","Ghostly Armor+1"],"picked":"Blood for Blood+1","floor":21.0},{"not_picked":["Blood for Blood","Searing Blow+1"],"picked":"Disarm","floor":24.0},{"not_picked":["Armaments","Rupture"],"picked":"Second Wind","floor":28.0},{"not_picked":["Anger","Searing Blow"],"picked":"Feed","floor":31.0},{"not_picked":["Corruption","Juggernaut"],"picked":"Offering","floor":33.0},{"not_picked":["Headbutt","Perfected Strike"],"picked":"Body Slam","floor":35.0},{"not_picked":["Anger","Sword Boomerang+1"],"picked":"Havoc+1","floor":36.0},{"not_picked":["Heavy Blade","Twin Strike","Juggernaut"],"picked":"SKIP","floor":40.0},{"not_picked":["Spot Weakness","Flex","Iron Wave"],"picked":"SKIP","floor":42.0},{"not_picked":["Carnage+1","Spot Weakness","Fire Breathing"],"picked":"SKIP","floor":45},{"not_picked":["Iron Wave","Whirlwind+1"],"picked":"Metallicize+1","floor":46},{"not_picked":["Flex","Metallicize","Shockwave"],"picked":"SKIP","floor":48},{"not_picked":["Armaments","Twin Strike+1"],"picked":"Flame Barrier+1","floor":55}],"player_experience":352597,"relics_obtained":[{"floor":7.0,"key":"Strawberry"},{"floor":9.0,"key":"Whetstone"},{"floor":10.0,"key":"Nunchaku"},{"floor":26.0,"key":"Anchor"},{"floor":28.0,"key":"Bag of Preparation"},{"floor":31.0,"key":"Vajra"},{"floor":40.0,"key":"Ice Cream"},{"floor":42.0,"key":"Lantern"},{"floor":55,"key":"Mummified Hand"}],"event_choices":[{"cards_removed":["Strike_R"],"damage_healed":0.0,"max_hp_gain":0.0,"max_hp_loss":0.0,"gold_gain":0.0,"event_name":"The Cleric","player_choice":"Card Removal","floor":5.0,"gold_loss":75.0,"damage_taken":0.0},{"damage_healed":0.0,"max_hp_gain":5.0,"max_hp_loss":0.0,"gold_gain":0.0,"event_name":"Big Fish","player_choice":"Donut","floor":6.0,"gold_loss":0.0,"damage_taken":0.0},{"cards_removed":["Strike_R"],"damage_healed":0.0,"max_hp_gain":0.0,"max_hp_loss":0.0,"gold_gain":0.0,"event_name":"Purifier","player_choice":"Purged","floor":12.0,"gold_loss":0.0,"damage_taken":0.0},{"damage_healed":0.0,"max_hp_gain":0.0,"max_hp_loss":0.0,"gold_gain":0.0,"event_name":"Forgotten Altar","player_choice":"Smashed Altar","floor":30.0,"gold_loss":0.0,"damage_taken":0.0,"cards_obtained":["Decay"]},{"cards_removed":["Decay"],"damage_healed":0.0,"max_hp_gain":0.0,"max_hp_loss":0.0,"gold_gain":0.0,"event_name":"Bonfire Elementals","player_choice":"Offered Curse","floor":38.0,"gold_loss":0.0,"damage_taken":0.0,"relics_obtained":["Spirit Poop"]},{"damage_healed":0.0,"max_hp_gain":0.0,"max_hp_loss":0.0,"gold_gain":0.0,"event_name":"Match and Keep!","player_choice":"2 cards matched","floor":39.0,"gold_loss":0.0,"damage_taken":0.0,"cards_obtained":["Shrug It Off","Impervious"]}],"is_beta":false,"boss_relics":[{"not_picked":["Coffee Dripper","Ectoplasm"],"picked":"Runic Pyramid"},{"not_picked":["Snecko Eye","Calling Bell"],"picked":"Philosopher\u0027s Stone"}],"items_purged_floors":[19,22,54],"is_endless":false,"potions_floor_spawned":[1,2,7,14,16,20,24,28,35,40,46],"killed_by":"The Heart","ascension_level":20}}