{"host":"6gwm7y0tp7acoxay","time":1613006976,"event":{"mods":["BaseMod","Colored Map","Keyboard Shortcuts","Minty Spire (QoL Compilation)","Quick Restart","StSLib","SuperFastMode","everything is the same but u backflip on backflip"],"gold_per_floor":[118,130,142,217,217,242,297,330,356,370,382,382,410,439,439,513,513,533,533,533,7,7,7,37,72,72,92,127,156,206,240,240,312,312,330,349,571,150,150,178,206,238,291,291,102,131,147,176,176,176,176,176,176,4,32,32],"floor_reached":57,"language":"KOR","playtime":1866,"items_purged":["Clothesline","Rampage"],"score":3450,"play_id":"9fe32d89-1adc-41a2-89f1-010bc3991e4c","local_time":"20210211102936","daily_mods":["SealedDeck","Heirloom","Flight"],"is_ascension_mode":true,"campfire_choices":[{"data":"Armaments","floor":12.0,"key":"SMITH"},{"data":"Disarm","floor":15.0,"key":"SMITH"},{"floor":23.0,"key":"REST"},{"floor":32.0,"key":"REST"},{"floor":44.0,"key":"RECALL"},{"floor":49.0,"key":"REST"},{"floor":53,"key":"REST"}],"circlet_count":0,"master_deck":["AscendersBane","Burning Pact","Body Slam","Pommel Strike","Armaments+1","Fire Breathing","Feel No Pain","Disarm","Headbutt","Evolve","Impervious","Shrug It Off","Seeing Red","Disarm+1","Whirlwind","Barricade","Uppercut","Battle Trance","Offering","Juggernaut","True Grit","Second Wind","Corruption","Entrench","Power Through+1"],"relics":["Burning Blood","StoneCalendar","Strawberry","Centennial Puzzle","Gremlin Horn","Regal Pillow","Bottled Lightning","Vajra","SlaversCollar","Chemical X","MealTicket","Omamori","Molten Egg 2","TungstenRod","Red Mask","Art of War","HornCleat","Fusion Hammer","Membership Card","Happy Flower","Bottled Tornado","Bottled Flame","PreservedInsect","Pear","Sundial","Du-Vu Doll","Nunchaku","Incense Burner","Turnip"],"acts_visited":["TheCity","TheBeyond","TheEnding"],"potions_floor_usage":[51,56],"damage_taken":[{"damage":6.0,"enemies":"Small Slimes","floor":1.0,"turns":3.0},{"damage":12.0,"enemies":"Jaw Worm","floor":2.0,"turns":3.0},{"damage":7.0,"enemies":"2 Louse","floor":3.0,"turns":2.0},{"damage":21.0,"enemies":"Lagavulin","floor":6.0,"turns":7.0},{"damage":10.0,"enemies":"3 Sentries","floor":8.0,"turns":3.0},{"damage":0.0,"enemies":"2 Fungi Beasts","floor":10.0,"turns":3.0},{"damage":12.0,"enemies":"Exordium Wildlife","floor":11.0,"turns":3.0},{"damage":24.0,"enemies":"Gremlin Nob","floor":13.0,"turns":4.0},{"damage":5.0,"enemies":"3 Sentries","floor":14.0,"turns":3.0},{"damage":9.0,"enemies":"Hexaghost","floor":16.0,"turns":8.0},{"damage":9.0,"enemies":"Chosen","floor":18.0,"turns":3.0},{"damage":22.0,"enemies":"Book of Stabbing","floor":24.0,"turns":5.0},{"damage":26.0,"enemies":"Slavers","floor":25.0,"turns":4.0},{"damage":15.0,"enemies":"2 Thieves","floor":27.0,"turns":3.0},{"damage":5.0,"enemies":"Masked Bandits","floor":28.0,"turns":2.0},{"damage":5.0,"enemies":"Gremlin Leader","floor":29.0,"turns":5.0},{"damage":12.0,"enemies":"Book of Stabbing","floor":31.0,"turns":5.0},{"damage":6.0,"enemies":"Collector","floor":33.0,"turns":9.0},{"damage":13.0,"enemies":"3 Darklings","floor":35.0,"turns":2.0},{"damage":22.0,"enemies":"Orb Walker","floor":36.0,"turns":4.0},{"damage":5.0,"enemies":"Giant Head","floor":40.0,"turns":6.0},{"damage":5.0,"enemies":"Nemesis","floor":41.0,"turns":5.0},{"damage":5.0,"enemies":"Reptomancer","floor":42.0,"turns":2.0},{"damage":9.0,"enemies":"Nemesis","floor":46.0,"turns":5.0},{"damage":5.0,"enemies":"Jaw Worm Horde","floor":47.0,"turns":1.0},{"damage":5.0,"enemies":"Reptomancer","floor":48.0,"turns":2.0},{"damage":12,"enemies":"Awakened One","floor":50,"turns":6},{"damage":5,"enemies":"Time Eater","floor":51,"turns":8},{"damage":30,"enemies":"Shield and Spear","floor":55,"turns":4},{"damage":6,"enemies":"The Heart","floor":56,"turns":7}],"seed_played":"263524539624471999","potions_obtained":[{"floor":1.0,"key":"GamblersBrew"},{"floor":3.0,"key":"PowerPotion"},{"floor":10.0,"key":"DistilledChaos"},{"floor":11.0,"key":"BlessingOfTheForge"},{"floor":28.0,"key":"Block Potion"},{"floor":29.0,"key":"EssenceOfSteel"}],"is_trial":true,"path_per_floor":["M","M","M","?","?","E","T","E","T","M","M","R","E","E","R","B",null,"M","?","?","$","?","R","E","E","T","M","?","E","?","E","R","B",null,"M","M","?","$","?","E","E","E","T","R","$","E","M","E","R","B","B",null,"R","$","E","B",null],"character_chosen":"IRONCLAD","items_purchased":["Chemical X","MealTicket","Battle Trance","Offering","Membership Card","Happy Flower","Bottled Tornado","Sundial","Incense Burner"],"campfire_rested":4,"item_purchase_floors":[21,21,21,21,38,38,38,45,54],"current_hp_per_floor":[68,62,61,50,55,47,47,43,43,49,43,43,25,26,26,23,71,68,43,43,43,43,85,69,49,49,40,41,42,42,36,78,78,89,82,66,66,81,81,82,83,94,94,94,102,99,100,101,102,96,97,101,102,102,78,78],"gold":32,"neow_bonus":"","is_daily":false,"chose_seed":false,"campfire_upgraded":2,"win_rate":0.0,"timestamp":1613006976,"path_taken":["M","M","M","?","?","E","?","E","T","M","?","R","E","E","R","BOSS","M","?","?","$","?","R","E","E","T","?","?","E","?","E","R","BOSS","M","M","?","$","?","E","E","E","T","R","$","E","?","E","R","BOSS","BOSS","R","$","E","BOSS"],"items_purchased_type":["Relic","Relic","Card","Card","Relic","Relic","Relic","Relic","Relic"],"build_version":"2020-12-22","purchased_purges":2,"victory":true,"max_hp_per_floor":[75,75,75,75,80,87,87,87,87,87,87,87,87,87,87,87,87,87,92,92,92,92,92,92,92,92,92,92,92,92,92,92,92,92,92,92,92,92,92,92,92,102,102,102,102,102,102,102,102,102,102,102,102,102,102,102],"card_choices":[{"not_picked":["Warcry","Armaments"],"picked":"Headbutt","floor":1.0},{"not_picked":["Hemokinesis","Perfected Strike"],"picked":"Evolve","floor":2.0},{"not_picked":["Iron Wave","Fire Breathing","Sentinel"],"picked":"SKIP","floor":3.0},{"not_picked":["Feel No Pain","Seeing Red"],"picked":"Impervious","floor":6.0},{"not_picked":["Perfected Strike","Flame Barrier"],"picked":"Shrug It Off","floor":8.0},{"not_picked":["Combust","Searing Blow","Thunderclap"],"picked":"SKIP","floor":10.0},{"not_picked":["Body Slam","Sword Boomerang"],"picked":"Seeing Red","floor":11.0},{"not_picked":["Immolate","Warcry"],"picked":"Disarm","floor":13.0},{"not_picked":["Searing Blow","Disarm"],"picked":"Whirlwind","floor":14.0},{"not_picked":["Juggernaut","Brutality"],"picked":"Barricade","floor":16.0},{"not_picked":["Flex","Iron Wave+1","Rampage"],"picked":"SKIP","floor":18.0},{"not_picked":["Brutality","Whirlwind","Havoc"],"picked":"SKIP","floor":24.0},{"not_picked":["Combust","Shrug It Off"],"picked":"Juggernaut","floor":25.0},{"not_picked":["Thunderclap+1","Reckless Charge+1"],"picked":"True Grit","floor":27.0},{"not_picked":["Thunderclap+1","Brutality"],"picked":"Second Wind","floor":28.0},{"not_picked":["Twin Strike+1","Iron Wave+1","Anger+1"],"picked":"SKIP","floor":29.0},{"not_picked":["Intimidate","Hemokinesis+1","Fiend Fire+1"],"picked":"SKIP","floor":31.0},{"not_picked":["Bludgeon+1","Impervious"],"picked":"Corruption","floor":33.0},{"not_picked":["Sword Boomerang+1","Heavy Blade+1","Carnage+1"],"picked":"SKIP","floor":35.0},{"not_picked":["Headbutt+1","Clash+1"],"picked":"Entrench","floor":36.0},{"not_picked":["Cleave+1","Hemokinesis+1","Wild Strike+1"],"picked":"SKIP","floor":40.0},{"not_picked":["Anger+1","Perfected Strike+1","Metallicize"],"picked":"SKIP","floor":41.0},{"not_picked":["Evolve+1","Havoc+1","Dropkick+1"],"picked":"SKIP","floor":42.0},{"not_picked":["Anger+1","Bludgeon+1","Flex"],"picked":"SKIP","floor":46.0},{"not_picked":["Armaments+1","Warcry+1","Rampage+1"],"picked":"SKIP","floor":47.0},{"not_picked":["Clash+1","Infernal Blade"],"picked":"Power Through+1","floor":48.0},{"not_picked":["Reaper+1","Feel No Pain","Cleave+1"],"picked":"SKIP","floor":55}],"player_experience":4521119,"relics_obtained":[{"floor":6.0,"key":"Strawberry"},{"floor":7.0,"key":"Centennial Puzzle"},{"floor":8.0,"key":"Gremlin Horn"},{"floor":9.0,"key":"Regal Pillow"},{"floor":13.0,"key":"Bottled Lightning"},{"floor":14.0,"key":"Vajra"},{"floor":24.0,"key":"Omamori"},{"floor":25.0,"key":"Molten Egg 2"},{"floor":26.0,"key":"TungstenRod"},{"floor":28.0,"key":"Red Mask"},{"floor":29.0,"key":"Art of War"},{"floor":31.0,"key":"HornCleat"},{"floor":40.0,"key":"Bottled Flame"},{"floor":41.0,"key":"PreservedInsect"},{"floor":42.0,"key":"Pear"},{"floor":46.0,"key":"Du-Vu Doll"},{"floor":48.0,"key":"Nunchaku"},{"floor":55,"key":"Turnip"}],"event_choices":[{"damage_healed":0.0,"max_hp_gain":0.0,"max_hp_loss":0.0,"gold_gain":75.0,"event_name":"World of Goop","player_choice":"Gather Gold","floor":4.0,"gold_loss":0.0,"damage_taken":11.0},{"damage_healed":0.0,"max_hp_gain":5.0,"max_hp_loss":0.0,"gold_gain":0.0,"event_name":"Big Fish","player_choice":"Donut","floor":5.0,"gold_loss":0.0,"damage_taken":0.0},{"damage_healed":0.0,"max_hp_gain":5.0,"max_hp_loss":0.0,"gold_gain":0.0,"event_name":"Forgotten Altar","player_choice":"Shed Blood","floor":19.0,"gold_loss":0.0,"damage_taken":30.0},{"damage_healed":0.0,"max_hp_gain":0.0,"max_hp_loss":0.0,"gold_gain":0.0,"event_name":"The Library","player_choice":"Read","floor":20.0,"gold_loss":0.0,"damage_taken":0.0,"cards_obtained":["Uppercut"]},{"damage_healed":0.0,"max_hp_gain":0.0,"max_hp_loss":0.0,"gold_gain":0.0,"event_name":"Vampires","player_choice":"Ignored","floor":22.0,"gold_loss":0.0,"damage_taken":0.0},{"damage_healed":0.0,"max_hp_gain":0.0,"max_hp_loss":0.0,"gold_gain":0.0,"event_name":"Masked Bandits","player_choice":"Fought Bandits","floor":28.0,"gold_loss":0.0,"damage_taken":0.0},{"damage_healed":0.0,"max_hp_gain":0.0,"max_hp_loss":0.0,"gold_gain":50.0,"event_name":"Nest","player_choice":"Stole From Cult","floor":30.0,"gold_loss":0.0,"damage_taken":0.0},{"damage_healed":0.0,"max_hp_gain":0.0,"max_hp_loss":0.0,"gold_gain":222.0,"event_name":"Tomb of Lord Red Mask","player_choice":"Wore Mask","floor":37.0,"gold_loss":0.0,"damage_taken":0.0},{"cards_removed":["Cleave"],"damage_healed":0.0,"max_hp_gain":0.0,"max_hp_loss":0.0,"gold_gain":0.0,"event_name":"Purifier","player_choice":"Purged","floor":39.0,"gold_loss":0.0,"damage_taken":0.0}],"is_beta":false,"boss_relics":[{"not_picked":["Busted Crown","Ectoplasm"],"picked":"SlaversCollar"},{"not_picked":["Mark of Pain","Black Blood"],"picked":"Fusion Hammer"}],"items_purged_floors":[38,45],"is_endless":false,"potions_floor_spawned":[1,3,10,11,28,29,31,33,36,40,42,48],"ascension_level":20}}