{"host":"k7udt7atmcuzf6l0","time":1613050359,"event":{"mods":["AchievementEnabler","BaseMod","BetterRewards","Colored Map","Colored Powertips","Highlight Path","Minty Spire (QoL Compilation)","Quick Restart","Rare Cards Sparkle","Relic Stats","StSLib","UnlockEverythingMod"],"gold_per_floor":[119,39,54,54,54,54,8,8,35,63,238,253,253,271,271,375,375,394,407,506,506,516,516,530,530,530,530,545,574,23,37,37,37,37],"floor_reached":33,"language":"ZHS","playtime":906,"items_purged":[],"score":290,"play_id":"3d94ccad-967b-42d0-b33e-9139ecb1c4bd","local_time":"20210211213239","is_ascension_mode":false,"campfire_choices":[{"data":"Finisher","floor":6.0,"key":"SMITH"},{"data":"Finisher","floor":8.0,"key":"SMITH"},{"data":"Accuracy","floor":13.0,"key":"SMITH"},{"data":"Cloak And Dagger","floor":15.0,"key":"SMITH"},{"data":"Envenom","floor":23.0,"key":"SMITH"},{"data":"Calculated Gamble","floor":25.0,"key":"SMITH"},{"data":"PiercingWail","floor":27.0,"key":"SMITH"},{"data":"Accuracy","floor":32,"key":"SMITH"}],"circlet_count":0,"master_deck":["Strike_G","Strike_G","Strike_G","Strike_G","Strike_G","Defend_G","Defend_G","Defend_G","Defend_G","Defend_G","Survivor","Neutralize","Finisher+1","Infinite Blades+1","Finisher+1","Regret","Quick Slash","Accuracy+1","Doubt","Cloak And Dagger+1","PiercingWail+1","Envenom+1","Poisoned Stab+1","PiercingWail+1","Calculated Gamble+1","Unload","Blade Dance","Accuracy+1","Trip","Deflect"],"relics":["Ring of the Snake","NeowsBlessing","MealTicket","Happy Flower","Lizard Tail","Sozu","Meat on the Bone","Ninja Scroll","HandDrill","Vajra","Snake Skull"],"acts_visited":["Exordium","TheCity"],"potions_floor_usage":[],"damage_taken":[{"damage":0.0,"enemies":"2 Louse","floor":1.0,"turns":1.0},{"damage":0.0,"enemies":"Small Slimes","floor":3.0,"turns":1.0},{"damage":0.0,"enemies":"3 Sentries","floor":10.0,"turns":2.0},{"damage":11.0,"enemies":"Jaw Worm","floor":12.0,"turns":2.0},{"damage":21.0,"enemies":"3 Louse","floor":14.0,"turns":4.0},{"damage":8.0,"enemies":"Hexaghost","floor":16.0,"turns":7.0},{"damage":13.0,"enemies":"Spheric Guardian","floor":18.0,"turns":4.0},{"damage":15.0,"enemies":"Shell Parasite","floor":19.0,"turns":3.0},{"damage":0.0,"enemies":"Snecko","floor":22.0,"turns":3.0},{"damage":22.0,"enemies":"Snake Plant","floor":24.0,"turns":5.0},{"damage":26.0,"enemies":"Chosen and Byrds","floor":28.0,"turns":7.0},{"damage":27.0,"enemies":"Slavers","floor":29.0,"turns":5.0},{"damage":7,"enemies":"Centurion and Healer","floor":31,"turns":2},{"damage":67,"enemies":"Collector","floor":33,"turns":5}],"seed_played":"8052265241037535591","potions_obtained":[{"floor":1.0,"key":"Poison Potion"},{"floor":3.0,"key":"Strength Potion"},{"floor":12.0,"key":"Ancient Potion"}],"is_trial":false,"path_per_floor":["M","$","M","?","?","R","$","R","T","E","?","M","R","M","R","B",null,"M","M","?","?","M","R","M","R","T","R","M","E","$","M","R","B"],"character_chosen":"THE_SILENT","items_purchased":["Infinite Blades","Quick Slash","HandDrill","Vajra","Snake Skull","Accuracy","Trip"],"campfire_rested":0,"item_purchase_floors":[2,7,30,30,30,30,30],"current_hp_per_floor":[70,70,70,70,70,70,70,70,70,70,70,59,59,38,38,30,70,57,42,42,42,42,42,20,20,20,20,47,32,47,40,40,0,0],"gold":37,"neow_bonus":"THREE_ENEMY_KILL","is_daily":false,"chose_seed":false,"campfire_upgraded":8,"win_rate":0.0,"timestamp":1613050359,"path_taken":["M","$","M","?","?","R","$","R","T","E","?","M","R","M","R","BOSS","M","M","?","?","M","R","M","R","T","R","?","E","$","M","R","BOSS"],"items_purchased_type":["Card","Card","Relic","Relic","Relic","Card","Card"],"build_version":"2020-12-22","purchased_purges":0,"victory":false,"max_hp_per_floor":[70,70,70,70,70,70,70,70,70,70,70,70,70,70,70,70,70,70,70,70,70,70,70,70,70,70,70,70,70,70,70,70,70,70],"relic_stats":{"Sozu":3,"Lizard Tail":35,"Happy Flower":[16],"counters":[14,51],"MealTicket":15,"Snake Skull":[19],"HandDrill":[0],"obtain_stats":[{"Sozu":17,"Lizard Tail":10,"NeowsBlessing":0,"Happy Flower":9,"Ninja Scroll":29,"Vajra":30,"MealTicket":4,"Snake Skull":30,"HandDrill":30,"Ring of the Snake":0,"Meat on the Bone":26},{"Sozu":6,"Lizard Tail":3,"NeowsBlessing":0,"Happy Flower":2,"Ninja Scroll":12,"Vajra":12,"MealTicket":2,"Snake Skull":12,"HandDrill":12,"Ring of the Snake":0,"Meat on the Bone":10},{"Sozu":17,"Lizard Tail":4,"NeowsBlessing":0,"Happy Flower":2,"Ninja Scroll":44,"Vajra":44,"MealTicket":2,"Snake Skull":44,"HandDrill":44,"Ring of the Snake":0,"Meat on the Bone":32}],"Ring of the Snake":[28],"Meat on the Bone":24},"card_choices":[{"not_picked":["Masterful Stab","Caltrops"],"picked":"Finisher","floor":1.0},{"not_picked":["Deadly Poison","Underhanded Strike"],"picked":"Finisher","floor":3.0},{"not_picked":["Escape Plan","Predator"],"picked":"Accuracy","floor":10.0},{"not_picked":["Outmaneuver","Calculated Gamble"],"picked":"Cloak And Dagger","floor":12.0},{"not_picked":["Bane","Deadly Poison"],"picked":"PiercingWail","floor":14.0},{"not_picked":["Phantasmal Killer","Tools of the Trade"],"picked":"Envenom","floor":16.0},{"not_picked":["Catalyst+1","Setup"],"picked":"Poisoned Stab+1","floor":18.0},{"not_picked":["Acrobatics","Sucker Punch+1"],"picked":"PiercingWail+1","floor":19.0},{"not_picked":["Flying Knee","Leg Sweep"],"picked":"Calculated Gamble","floor":22.0},{"not_picked":["Predator","PiercingWail","Reflex"],"picked":"SKIP","floor":24.0},{"not_picked":["PiercingWail","Prepared"],"picked":"Unload","floor":28.0},{"not_picked":["Accuracy","Skewer+1"],"picked":"Blade Dance","floor":29},{"not_picked":["Poisoned Stab","Underhanded Strike+1"],"picked":"Deflect","floor":31}],"player_experience":99969,"relics_obtained":[{"floor":9.0,"key":"Happy Flower"},{"floor":10.0,"key":"Lizard Tail"},{"floor":26.0,"key":"Meat on the Bone"},{"floor":29,"key":"Ninja Scroll"}],"event_choices":[{"damage_healed":0.0,"max_hp_gain":0.0,"max_hp_loss":0.0,"gold_gain":0.0,"event_name":"Big Fish","player_choice":"Box","floor":4.0,"gold_loss":0.0,"damage_taken":0.0,"relics_obtained":["MealTicket"],"cards_obtained":["Regret"]},{"damage_healed":0.0,"max_hp_gain":0.0,"max_hp_loss":0.0,"gold_gain":0.0,"event_name":"Living Wall","player_choice":"Grow","floor":5.0,"gold_loss":0.0,"damage_taken":0.0,"cards_upgraded":["Infinite Blades"]},{"damage_healed":0.0,"max_hp_gain":0.0,"max_hp_loss":0.0,"gold_gain":175.0,"event_name":"Liars Game","player_choice":"AGREE","floor":11.0,"gold_loss":0.0,"damage_taken":0.0,"cards_obtained":["Doubt"]},{"damage_healed":0.0,"max_hp_gain":0.0,"max_hp_loss":0.0,"gold_gain":99.0,"event_name":"Nest","player_choice":"Stole From Cult","floor":20.0,"gold_loss":0.0,"damage_taken":0.0},{"damage_healed":0.0,"max_hp_gain":0.0,"max_hp_loss":0.0,"gold_gain":0.0,"event_name":"The Woman in Blue","player_choice":"Bought 0 Potions","floor":21.0,"gold_loss":0.0,"damage_taken":0.0}],"is_beta":false,"boss_relics":[{"not_picked":["Coffee Dripper","Astrolabe"],"picked":"Sozu"}],"items_purged_floors":[],"is_endless":false,"potions_floor_spawned":[1,3,12,18,22,29],"killed_by":"Collector","ascension_level":0}}