{"host":"c6u7e77myxvw4d0m","time":1613051898,"event":{"mods":["AchievementEnabler","BaseMod","Bestiary","Colored Map","Colored Powertips","Minty Spire (QoL Compilation)","Rare Cards Sparkle","Relic Stats","everything is the same but u backflip on backflip"],"gold_per_floor":[113,125,140,160,175,195,195,212,212,230,230,248,264,281,281,358,358,370,285,300,315,67,94,94,94,94],"floor_reached":25,"language":"ENG","playtime":3395,"items_purged":["Strike_G"],"score":446,"play_id":"b2d267d3-09a3-4ee9-bc21-58649a9ba8d6","local_time":"20210211155818","is_ascension_mode":true,"campfire_choices":[{"data":"Blade Dance","floor":7,"key":"SMITH"},{"data":"Blade Dance","floor":11,"key":"SMITH"},{"data":"Terror","floor":15,"key":"SMITH"},{"floor":24,"key":"REST"}],"circlet_count":0,"master_deck":["AscendersBane","Strike_G","Strike_G","Strike_G","Strike_G","Defend_G","Defend_G","Defend_G","Defend_G","Defend_G","Survivor","Neutralize","CurseOfTheBell","Blade Dance+1","Dagger Spray","Adrenaline","Endless Agony","Blade Dance+1","Leg Sweep","Deflect","Phantasmal Killer","Slice","Prepared","Terror+1","Night Terror","Flying Knee","Endless Agony","Endless Agony"],"relics":["Calling Bell","Anchor","Ornamental Fan","Calipers","White Beast Statue","SacredBark","PreservedInsect","Sling","Tiny Chest"],"acts_visited":["Exordium","TheCity"],"potions_floor_usage":[12,14,16,16,20,21,23,25],"damage_taken":[{"damage":18,"enemies":"Cultist","floor":1,"turns":6},{"damage":0,"enemies":"Small Slimes","floor":2,"turns":4},{"damage":0,"enemies":"2 Louse","floor":3,"turns":3},{"damage":0,"enemies":"2 Fungi Beasts","floor":4,"turns":3},{"damage":0,"enemies":"Blue Slaver","floor":5,"turns":4},{"damage":0,"enemies":"Large Slime","floor":6,"turns":6},{"damage":0,"enemies":"2 Fungi Beasts","floor":8,"turns":3},{"damage":0,"enemies":"Lots of Slimes","floor":10,"turns":5},{"damage":0,"enemies":"Exordium Thugs","floor":12,"turns":4},{"damage":0,"enemies":"Red Slaver","floor":13,"turns":2},{"damage":0,"enemies":"Blue Slaver","floor":14,"turns":3},{"damage":18,"enemies":"The Guardian","floor":16,"turns":15},{"damage":16,"enemies":"Spheric Guardian","floor":18,"turns":4},{"damage":0,"enemies":"Shell Parasite","floor":20,"turns":3},{"damage":13,"enemies":"Snake Plant","floor":21,"turns":4},{"damage":18,"enemies":"Slavers","floor":23,"turns":4},{"damage":27,"enemies":"Cultist and Chosen","floor":25,"turns":3}],"seed_played":"7153027649602217448","potions_obtained":[{"floor":2,"key":"Energy Potion"},{"floor":3,"key":"Block Potion"},{"floor":10,"key":"SteroidPotion"},{"floor":12,"key":"LiquidBronze"},{"floor":14,"key":"Block Potion"},{"floor":16,"key":"LiquidBronze"},{"floor":18,"key":"Swift Potion"},{"floor":20,"key":"CultistPotion"},{"floor":21,"key":"Poison Potion"},{"floor":23,"key":"CultistPotion"}],"is_trial":false,"path_per_floor":["M","M","M","M","M","M","R","M","T","M","R","M","M","M","R","B",null,"M","?","M","M","$","E","R","M"],"character_chosen":"THE_SILENT","items_purchased":["Sling"],"campfire_rested":1,"item_purchase_floors":[22],"current_hp_per_floor":[41,41,41,41,41,41,41,41,41,41,41,41,41,41,41,23,55,39,39,39,26,26,8,27,0,0],"gold":94,"neow_bonus":"BOSS_RELIC","is_daily":false,"chose_seed":false,"campfire_upgraded":3,"win_rate":0.0,"timestamp":1613051898,"path_taken":["M","M","M","M","M","M","R","?","T","M","R","M","M","M","R","BOSS","M","?","M","M","$","E","R","M"],"items_purchased_type":["Relic"],"build_version":"2020-12-22","purchased_purges":1,"victory":false,"max_hp_per_floor":[66,66,66,66,66,66,66,66,66,66,66,66,66,66,66,66,66,66,66,66,66,66,66,66,66,66],"relic_stats":{"counters":[17,76],"Ornamental Fan":[232],"Tiny Chest":0,"PreservedInsect":41,"obtain_stats":[{"Calling Bell":0,"Anchor":0,"Calipers":0,"Ornamental Fan":0,"SacredBark":17,"Tiny Chest":23,"PreservedInsect":19,"Sling":22,"White Beast Statue":9,"Ring of the Snake":0},{"Calling Bell":0,"Anchor":0,"Calipers":0,"Ornamental Fan":0,"SacredBark":12,"Tiny Chest":16,"PreservedInsect":13,"Sling":15,"White Beast Statue":7,"Ring of the Snake":0},{"Calling Bell":0,"Anchor":0,"Calipers":0,"Ornamental Fan":0,"SacredBark":58,"Tiny Chest":73,"PreservedInsect":62,"Sling":69,"White Beast Statue":29,"Ring of the Snake":0}]},"card_choices":[{"not_picked":["Cloak And Dagger","Acrobatics"],"picked":"Blade Dance","floor":1},{"not_picked":["Outmaneuver","Dodge and Roll"],"picked":"Dagger Spray","floor":2},{"not_picked":["Masterful Stab","Choke"],"picked":"Adrenaline","floor":3},{"not_picked":["Acrobatics","Heel Hook"],"picked":"Endless Agony","floor":4},{"not_picked":["Quick Slash","Escape Plan"],"picked":"Blade Dance","floor":5},{"not_picked":["Bane","Dagger Throw"],"picked":"Leg Sweep","floor":6},{"not_picked":["Dagger Throw","Sucker Punch"],"picked":"Deflect","floor":8},{"not_picked":["Backflip","Poisoned Stab"],"picked":"Phantasmal Killer","floor":10},{"not_picked":["Bane","Underhanded Strike"],"picked":"Slice","floor":12},{"not_picked":["Deadly Poison","Dodge and Roll"],"picked":"Prepared","floor":13},{"not_picked":["Cloak And Dagger","Predator"],"picked":"Terror","floor":14},{"not_picked":["Grand Finale","Phantasmal Killer"],"picked":"Night Terror","floor":16},{"not_picked":["Blur","Quick Slash"],"picked":"Flying Knee","floor":18},{"not_picked":["Prepared","Backflip","Heel Hook"],"picked":"SKIP","floor":20},{"not_picked":["Backflip","Outmaneuver"],"picked":"Endless Agony","floor":21},{"not_picked":["All Out Attack","Outmaneuver"],"picked":"Endless Agony","floor":23}],"player_experience":788589,"relics_obtained":[{"floor":0,"key":"Anchor"},{"floor":0,"key":"Ornamental Fan"},{"floor":0,"key":"Calipers"},{"floor":9,"key":"White Beast Statue"},{"floor":23,"key":"Tiny Chest"}],"event_choices":[{"damage_healed":0,"gold_gain":0,"player_choice":"Obtained Relic","damage_taken":0,"relics_obtained":["PreservedInsect"],"max_hp_gain":0,"max_hp_loss":0,"event_name":"Addict","floor":19,"gold_loss":85}],"is_beta":false,"boss_relics":[{"not_picked":["Busted Crown","Coffee Dripper"],"picked":"SacredBark"}],"items_purged_floors":[22],"is_endless":false,"potions_floor_spawned":[2,3,10,12,13,14,16,18,20,21,23],"killed_by":"Cultist and Chosen","ascension_level":20}}