{"host":"hpn0uxah5qjr7pa6","time":1613005422,"event":{"mods":["2.2 Compatiblity","Act Like it!","Aspiration","BaseMod","Better Third Choice","BetterRewards","Challenge The Spire","Colored Powertips","Conspire","DeckTracker","Downfall","Energized Spire","Hallownest","Hermit","Highlight Path","Hubris","Infinite Spire","Minty Spire (QoL Compilation)","Permanent Neow","Quick Restart","Rare Cards Sparkle","Replay The Spire","Spicy Shops","StSLib","The Bug Knight","The Jungle"],"gold_per_floor":[116,128,128,145,160,160,192,192,218,244,2,14,14,27,27,130,130,144,160,176,126,136,136,188,103,126,126,143,161,161,192,192,294,294,308,321,321,339,354,354,384,384,384,384,398,398,414,414,414,414],"floor_reached":51,"language":"ENG","playtime":1432,"items_purged":["bronze:Shield"],"score":936,"play_id":"4596c7e5-70f4-4829-bc2f-e1913f2abf1f","local_time":"20210210170342","daily_mods":["SealedDeck"],"is_ascension_mode":false,"campfire_choices":[{"data":"bronze:ChosenStrike","floor":6,"key":"SMITH"},{"data":"bronze:ChosenStrike","floor":8,"key":"SMITH"},{"floor":15,"key":"REST"},{"data":"bronze:DigitalCarnage","floor":23,"key":"SMITH"},{"floor":32,"key":"REST"},{"floor":40,"key":"REST"},{"floor":42,"key":"REST"},{"floor":44,"key":"REST"},{"floor":49,"key":"REST"}],"circlet_count":0,"master_deck":["bronze:OilSpill+1","bronze:OilSpill","bronze:Branch+1","bronze:FollowUp","bronze:ChosenStrike+1","bronze:DigitalCarnage+1","bronze:WhirlingStrike","bronze:Branch","bronze:ChosenStrike+1","bronze:Branch+1","bronze:BronzeOrb+1","bronze:Strike+1","bronze:ChosenStrike","bronze:OilSpill+1","bronze:OilSpill+1","bronze:BronzeOrb+1"],"relics":["bronze:BronzeCore","Gremlin Horn","Gremlin Food","Replay:PocketPolymizer","Pantograph","Painkiller Herb","energizedSpire:HugeHouse","conspire:TreasureMap","Replay:Rubber Ducky","Bag of Preparation","Regal Pillow","bronze:ProtectiveGoggles","Fusion Hammer","HollowMod:StagPassRelic","ReplayTheSpireMod:Shallot","hubris:Towel"],"acts_visited":["Exordium","TheCity","TheBeyond"],"potions_floor_usage":[5,16,16,16,36,39,41,47,50],"damage_taken":[{"damage":2,"enemies":"Small Slimes","floor":1,"turns":2},{"damage":0,"enemies":"2 Louse","floor":2,"turns":2},{"damage":0,"enemies":"Cultist","floor":4,"turns":2},{"damage":5,"enemies":"Red Slaver","floor":5,"turns":2},{"damage":0,"enemies":"Gremlin Nob","floor":7,"turns":2},{"damage":2,"enemies":"Lagavulin","floor":10,"turns":3},{"damage":0,"enemies":"Exordium Wildlife","floor":12,"turns":3},{"damage":0,"enemies":"Large Slime","floor":14,"turns":3},{"damage":0,"enemies":"Slime Boss","floor":16,"turns":3},{"damage":0,"enemies":"Chosen","floor":18,"turns":1},{"damage":0,"enemies":"2 Thieves","floor":19,"turns":2},{"damage":0,"enemies":"Chosen and Byrds","floor":20,"turns":2},{"damage":0,"enemies":"Snake Plant","floor":22,"turns":2},{"damage":0,"enemies":"conspire:HollyBat","floor":28,"turns":4},{"damage":0,"enemies":"Snecko","floor":29,"turns":1},{"damage":0,"enemies":"Slavers","floor":31,"turns":4},{"damage":0,"enemies":"Automaton","floor":33,"turns":4},{"damage":0,"enemies":"3 Shapes","floor":35,"turns":1},{"damage":0,"enemies":"3 Darklings","floor":36,"turns":1},{"damage":0,"enemies":"Jaw Worm Horde","floor":38,"turns":1},{"damage":12,"enemies":"Maw","floor":39,"turns":4},{"damage":2,"enemies":"Giant Head","floor":41,"turns":5},{"damage":0,"enemies":"3 Darklings","floor":45,"turns":1},{"damage":5,"enemies":"Writhing Mass","floor":47,"turns":2},{"damage":45,"enemies":"Awakened One","floor":50,"turns":7}],"seed_played":"588917335092907956","potions_obtained":[{"floor":1,"key":"Strength Potion"},{"floor":2,"key":"AttackPotion"},{"floor":10,"key":"hexamod:SoulburnPotion"},{"floor":12,"key":"FearPotion"},{"floor":14,"key":"LiquidBronze"},{"floor":19,"key":"FearPotion"},{"floor":28,"key":"BlessingOfTheForge"},{"floor":29,"key":"Energy Potion"},{"floor":35,"key":"Reflective Coating"},{"floor":39,"key":"Languid Potion"},{"floor":41,"key":"Fire Potion"},{"floor":45,"key":"SmokeBomb"},{"floor":47,"key":"conspire:TimeTravelPotion"},{"floor":48,"key":"EntropicBrew"},{"floor":48,"key":"hexamod:SoulburnPotion"}],"is_trial":true,"path_per_floor":["M","M","?","M","M","R","E","R","T","E","$","M","?","M","R","B",null,"?","?","?","AVR","?","T","T","?","T","T","?","?","?","E","T","B",null,"?","?","AVR","?","?","T","E","T","T","T","?","?","?","?","T","B",null],"character_chosen":"THE_AUTOMATON","items_purchased":["Pantograph"],"campfire_rested":6,"item_purchase_floors":[11],"current_hp_per_floor":[68,68,73,73,68,68,68,68,68,66,66,66,66,66,75,75,75,75,75,75,70,70,70,70,70,70,70,70,70,57,57,75,75,75,75,75,75,75,63,75,73,75,75,75,75,75,70,70,75,30],"gold":414,"neow_bonus":"","is_daily":false,"chose_seed":false,"campfire_upgraded":3,"win_rate":0.0,"timestamp":1613005422,"path_taken":["M","M","?","M","M","R","E","R","T","E","$","M","?","?","R","BOSS","?","?","?","AVR","?","T","?","?","T","T","?","?","?","E","T","BOSS","?","?","AVR","?","?","T","E","T","T","T","?","?","?","?","T","BOSS"],"items_purchased_type":["Relic"],"build_version":"2020-12-22","purchased_purges":1,"victory":true,"max_hp_per_floor":[70,70,75,75,75,75,75,75,75,75,75,75,75,75,75,75,75,75,75,75,70,70,70,70,70,70,70,70,70,75,75,75,75,75,75,75,75,75,75,75,75,75,75,75,75,75,75,75,75,75],"card_choices":[{"not_picked":["bronze:Boost","bronze:Backtrace","bronze:Turbo"],"picked":"SKIP","floor":1},{"not_picked":["bronze:Iterate","bronze:BitShift","bronze:ChildClass"],"picked":"SKIP","floor":2},{"not_picked":["bronze:Philosophize","bronze:BuggyMess"],"picked":"bronze:Branch","floor":4},{"not_picked":["bronze:Separator","bronze:ForceShield","bronze:Repulsor"],"picked":"SKIP","floor":5},{"not_picked":["bronze:Overload","bronze:Shield","bronze:Hardcode"],"picked":"SKIP","floor":7},{"not_picked":["bronze:GetLatest","bronze:BitShift"],"picked":"bronze:BronzeOrb","floor":10},{"not_picked":["bronze:GetLatest","bronze:WildBeam"],"picked":"bronze:OilSpill","floor":12},{"not_picked":["bronze:ItsAFeature","bronze:Philosophize","bronze:BugBarrage"],"picked":"SKIP","floor":14},{"not_picked":["bronze:BuggyMess","bronze:Repulsor","bronze:Frontload+1"],"picked":"SKIP","floor":18},{"not_picked":["bronze:Iterate+1","bronze:Terminator","bronze:FineTuning"],"picked":"SKIP","floor":19},{"not_picked":["bronze:WildBeam+1","bronze:ThunderWave","bronze:Separator"],"picked":"SKIP","floor":20},{"not_picked":["bronze:MaxOutput","bronze:Backtrace","bronze:WhirlingStrike"],"picked":"SKIP","floor":22},{"not_picked":["bronze:Frontload","bronze:DarkDash","bronze:Safeguard+1"],"picked":"SKIP","floor":28},{"not_picked":["bronze:DigitalCarnage","bronze:CloningBeam"],"picked":"bronze:ChosenStrike","floor":29},{"not_picked":["bronze:Boost+1","bronze:MaxOutput","bronze:WildBeam"],"picked":"SKIP","floor":31},{"not_picked":["bronze:DelayedSlice+1","bronze:Boost"],"picked":"bronze:OilSpill","floor":35},{"not_picked":["bronze:Terminator","bronze:Flail","bronze:Overheat"],"picked":"SKIP","floor":36},{"not_picked":["bronze:Shield","bronze:WhirlingStrike","bronze:Overheat"],"picked":"SKIP","floor":38},{"not_picked":["bronze:Overload+1","bronze:CutThrough"],"picked":"bronze:OilSpill+1","floor":39},{"not_picked":["bronze:Frontload","bronze:BugBarrage"],"picked":"bronze:BronzeOrb+1","floor":41},{"not_picked":["bronze:DarkDash+1","bronze:DigitalCarnage","bronze:Safeguard+1"],"picked":"SKIP","floor":45},{"not_picked":["bronze:Refactor","bronze:ForLoop","bronze:Overheat+1"],"picked":"SKIP","floor":47}],"player_experience":214508,"relics_obtained":[{"floor":7,"key":"Gremlin Horn"},{"floor":9,"key":"Gremlin Food"},{"floor":10,"key":"Replay:PocketPolymizer"},{"floor":24,"key":"Replay:Rubber Ducky"},{"floor":26,"key":"Regal Pillow"},{"floor":31,"key":"bronze:ProtectiveGoggles"},{"floor":41,"key":"HollowMod:StagPassRelic"},{"floor":43,"key":"ReplayTheSpireMod:Shallot"}],"event_choices":[{"damage_healed":0,"gold_gain":0,"player_choice":"Donut","damage_taken":0,"max_hp_gain":5,"max_hp_loss":0,"event_name":"Big Fish","floor":3,"gold_loss":0},{"cards_removed":["bronze:Shield"],"damage_healed":0,"gold_gain":0,"player_choice":"Purged","damage_taken":0,"max_hp_gain":0,"max_hp_loss":0,"event_name":"Purifier","floor":13,"gold_loss":0},{"damage_healed":0,"gold_gain":0,"player_choice":"Obtained Relic","damage_taken":0,"relics_obtained":["Bag of Preparation"],"max_hp_gain":0,"max_hp_loss":0,"event_name":"Addict","floor":25,"gold_loss":85},{"damage_healed":0,"gold_gain":0,"player_choice":"Shed Blood","damage_taken":18,"max_hp_gain":5,"max_hp_loss":0,"event_name":"Forgotten Altar","floor":30,"gold_loss":0},{"damage_healed":0,"gold_gain":0,"player_choice":"Got Potions","damage_taken":0,"max_hp_gain":0,"max_hp_loss":0,"event_name":"Lab","floor":48,"gold_loss":0}],"is_beta":false,"boss_relics":[{"not_picked":["Replay:Fungal Core","Kintsugi"],"picked":"Painkiller Herb"},{"not_picked":["Snecko Heart","Ring of Chaos","energizedSpire:EnergizedDie"]}],"items_purged_floors":[21],"is_endless":false,"potions_floor_spawned":[1,2,10,12,14,19,28,29,35,39,41,45,47],"ascension_level":0}}