{"host":"2nw7vjz0sy04etg3","time":1613040112,"event":{"mods":["BaseMod","DeckTracker","Minty Spire (QoL Compilation)","Quick Restart"],"gold_per_floor":[117,117,133,145,145,171,193,232,244,256,279,45,45,55,55,132,132,149,168,199,211,211,211,211],"floor_reached":23,"language":"KOR","playtime":927,"items_purged":[],"score":422,"play_id":"6f261918-f0a8-4dae-af1c-6754a6153c17","local_time":"20210211194152","is_ascension_mode":true,"campfire_choices":[{"data":"Fission","floor":10.0,"key":"SMITH"},{"data":"Dualcast","floor":15.0,"key":"SMITH"}],"circlet_count":0,"master_deck":["AscendersBane","Strike_B","Strike_B","Defend_B","Defend_B","Defend_B","Defend_B","Zap","Dualcast+1","Cold Snap","Genetic Algorithm","Self Repair","Stack","Fission+1","Sunder","Go for the Eyes","Conserve Battery","FTL","Undo","Reboot","Turbo+1","Rainbow","Compile Driver"],"relics":["Cracked Core","NeowsBlessing","MawBank","Lantern","Question Card","OrangePellets","Dead Branch","Inserter","Red Mask"],"acts_visited":["Exordium","TheCity"],"potions_floor_usage":[],"damage_taken":[{"damage":0.0,"enemies":"Small Slimes","floor":1.0,"turns":1.0},{"damage":0.0,"enemies":"Cultist","floor":3.0,"turns":1.0},{"damage":0.0,"enemies":"2 Louse","floor":4.0,"turns":1.0},{"damage":5.0,"enemies":"3 Sentries","floor":6.0,"turns":7.0},{"damage":19.0,"enemies":"Looter","floor":7.0,"turns":4.0},{"damage":25.0,"enemies":"Lagavulin","floor":8.0,"turns":6.0},{"damage":2.0,"enemies":"Red Slaver","floor":11.0,"turns":3.0},{"damage":4.0,"enemies":"Exordium Thugs","floor":14.0,"turns":4.0},{"damage":17.0,"enemies":"Hexaghost","floor":16.0,"turns":14.0},{"damage":0.0,"enemies":"Chosen","floor":18.0,"turns":3.0},{"damage":13.0,"enemies":"Shell Parasite","floor":19.0,"turns":6.0},{"damage":12.0,"enemies":"Masked Bandits","floor":20.0,"turns":3.0},{"damage":28.0,"enemies":"Chosen and Byrds","floor":21.0,"turns":6.0},{"damage":26,"enemies":"Book of Stabbing","floor":23,"turns":5}],"seed_played":"4334897784567509086","potions_obtained":[{"floor":3.0,"key":"AttackPotion"},{"floor":4.0,"key":"Fire Potion"},{"floor":7.0,"key":"PowerPotion"},{"floor":14.0,"key":"Block Potion"}],"is_trial":false,"path_per_floor":["M","?","M","M","?","E","M","E","T","R","M","$","?","M","R","B",null,"M","M","?","M","?","E"],"character_chosen":"DEFECT","items_purchased":["OrangePellets","FTL"],"campfire_rested":0,"item_purchase_floors":[12,12],"current_hp_per_floor":[64,64,64,64,64,66,54,36,36,36,41,41,23,19,19,9,56,63,57,45,24,24,0,0],"gold":211,"neow_bonus":"THREE_ENEMY_KILL","is_daily":false,"chose_seed":false,"campfire_upgraded":2,"win_rate":0.0,"timestamp":1613040112,"path_taken":["M","?","?","M","?","E","M","E","T","R","M","?","?","M","R","BOSS","M","M","?","M","?","E"],"items_purchased_type":["Relic","Card"],"build_version":"2020-12-22","purchased_purges":0,"victory":false,"max_hp_per_floor":[71,71,71,71,71,71,71,71,71,71,71,71,71,71,71,71,71,71,71,71,71,71,71,71],"card_choices":[{"not_picked":["Tempest","Heatsinks"],"picked":"Cold Snap","floor":1.0},{"not_picked":["Static Discharge","Stack"],"picked":"Genetic Algorithm","floor":3.0},{"not_picked":["Stack","Gash"],"picked":"Self Repair","floor":4.0},{"not_picked":["Rebound","Barrage"],"picked":"Fission","floor":6.0},{"not_picked":["Leap","Rebound"],"picked":"Sunder","floor":7.0},{"not_picked":["Gash","Sweeping Beam"],"picked":"Go for the Eyes","floor":8.0},{"not_picked":["Turbo","Buffer","Tempest"],"picked":"Conserve Battery","floor":11.0},{"not_picked":["Cold Snap","Melter","Heatsinks"],"picked":"Undo","floor":14.0},{"not_picked":["Amplify","Thunder Strike","Machine Learning"],"picked":"Reboot","floor":16.0},{"not_picked":["Melter","Tempest+1","Go for the Eyes"],"picked":"Turbo+1","floor":18.0},{"not_picked":["Sweeping Beam","Streamline","Rebound","Hello World+1"],"picked":"SKIP","floor":19.0},{"not_picked":["Leap","Barrage","Conserve Battery"],"picked":"Rainbow","floor":20.0},{"not_picked":["Cold Snap","Redo","Stack"],"picked":"Compile Driver","floor":21.0}],"player_experience":241327,"relics_obtained":[{"floor":6.0,"key":"MawBank"},{"floor":8.0,"key":"Lantern"},{"floor":9.0,"key":"Question Card"},{"floor":20.0,"key":"Red Mask"}],"event_choices":[{"cards_removed":["Strike_B"],"damage_healed":0.0,"max_hp_gain":0.0,"max_hp_loss":0.0,"gold_gain":0.0,"event_name":"Bonfire Elementals","player_choice":"Offered Basic","floor":2.0,"gold_loss":0.0,"damage_taken":0.0},{"damage_healed":0.0,"max_hp_gain":0.0,"max_hp_loss":0.0,"gold_gain":0.0,"event_name":"Match and Keep!","player_choice":"1 cards matched","floor":5.0,"gold_loss":0.0,"damage_taken":0.0,"cards_obtained":["Stack"]},{"damage_healed":0.0,"max_hp_gain":0.0,"max_hp_loss":0.0,"gold_gain":0.0,"event_name":"Scrap Ooze","player_choice":"Success","floor":13.0,"gold_loss":0.0,"damage_taken":18.0,"relics_obtained":["Dead Branch"]},{"damage_healed":0.0,"max_hp_gain":0.0,"max_hp_loss":0.0,"gold_gain":0.0,"event_name":"Masked Bandits","player_choice":"Fought Bandits","floor":20.0,"gold_loss":0.0,"damage_taken":0.0},{"cards_removed":["Strike_B"],"damage_healed":0.0,"max_hp_gain":0.0,"max_hp_loss":0.0,"gold_gain":0.0,"event_name":"Purifier","player_choice":"Purged","floor":22.0,"gold_loss":0.0,"damage_taken":0.0}],"is_beta":false,"boss_relics":[{"not_picked":["Tiny House","SacredBark"],"picked":"Inserter"}],"items_purged_floors":[],"is_endless":false,"potions_floor_spawned":[3,4,7,14],"killed_by":"Book of Stabbing","ascension_level":17}}