{"host":"h4lp0eeso8a0ssq0","time":1613001894,"event":{"mods":["2.2 Compatiblity","AchievementEnabler","BaseMod","CapriCore","Colored Map","Minty Spire (QoL Compilation)","StSLib","SuperFastMode"],"gold_per_floor":[112,125,137,148,73,73,101,113,125,149,172,184,184],"floor_reached":12,"language":"KOR","playtime":201,"items_purged":[],"score":160,"play_id":"2d9442a3-7cf4-441a-a1b2-823029214655","local_time":"20210211090454","is_ascension_mode":true,"campfire_choices":[{"data":"Cloak And Dagger","floor":6,"key":"SMITH"},{"data":"Finisher","floor":8,"key":"SMITH"}],"circlet_count":0,"master_deck":["AscendersBane","Strike_G","Strike_G","Strike_G","Strike_G","Defend_G","Defend_G","Defend_G","Defend_G","Defend_G","Survivor","Neutralize","Cloak And Dagger+1","Flying Knee","Finisher+1","Leg Sweep","Adrenaline","Escape Plan","Tactician"],"relics":["Ring of the Snake","NeowsBlessing","MawBank"],"acts_visited":["Exordium"],"potions_floor_usage":[7],"damage_taken":[{"damage":0,"enemies":"Cultist","floor":1,"turns":1},{"damage":0,"enemies":"2 Louse","floor":2,"turns":1},{"damage":0,"enemies":"Small Slimes","floor":3,"turns":1},{"damage":3,"enemies":"2 Fungi Beasts","floor":4,"turns":5},{"damage":15,"enemies":"Gremlin Nob","floor":7,"turns":4},{"damage":0,"enemies":"Looter","floor":10,"turns":2},{"damage":8,"enemies":"Exordium Thugs","floor":11,"turns":4},{"damage":15,"enemies":"Lagavulin","floor":12,"turns":5}],"seed_played":"-1691156881148838995","potions_obtained":[{"floor":3,"key":"LiquidMemories"},{"floor":7,"key":"Energy Potion"}],"is_trial":false,"path_per_floor":["M","M","M","M","?","R","E","R","T","M","M","E"],"character_chosen":"THE_SILENT","items_purchased":[],"campfire_rested":0,"item_purchase_floors":[],"current_hp_per_floor":[59,59,59,56,56,56,41,41,41,41,33,18,18],"gold":184,"neow_bonus":"THREE_ENEMY_KILL","is_daily":false,"chose_seed":false,"campfire_upgraded":2,"win_rate":0.0,"timestamp":1613001894,"path_taken":["M","M","?","M","?","R","E","R","T","M","M","E"],"items_purchased_type":[],"build_version":"2020-12-22","purchased_purges":0,"victory":false,"max_hp_per_floor":[66,66,66,66,66,66,66,66,66,66,66,66,66],"card_choices":[{"not_picked":["Deadly Poison","Flechettes"],"picked":"Cloak And Dagger","floor":1},{"not_picked":["Infinite Blades","Outmaneuver"],"picked":"Flying Knee","floor":2},{"not_picked":["Expertise","Well Laid Plans"],"picked":"Finisher","floor":3},{"not_picked":["Escape Plan","Poisoned Stab"],"picked":"Leg Sweep","floor":4},{"not_picked":["Noxious Fumes","Well Laid Plans"],"picked":"Adrenaline","floor":7},{"not_picked":["Bane","Footwork"],"picked":"Escape Plan","floor":10},{"not_picked":["Bane","Dagger Spray"],"picked":"Tactician","floor":11}],"player_experience":214428,"relics_obtained":[{"floor":7,"key":"MawBank"}],"event_choices":[{"cards_removed":["Strike_G"],"damage_healed":0,"gold_gain":0,"player_choice":"Card Removal","damage_taken":0,"max_hp_gain":0,"max_hp_loss":0,"event_name":"The Cleric","floor":5,"gold_loss":75}],"is_beta":false,"boss_relics":[],"items_purged_floors":[],"is_endless":false,"potions_floor_spawned":[3,7],"killed_by":"Lagavulin","ascension_level":19}}