{"host":"ds28d883r3sz42zs","time":1613085389,"event":{"mods":["2.2 Compatiblity","A Penny For Your Troubles","AchievementEnabler","Act Like it!","Aspiration","BaseMod","Bestiary","Better Match","Better Sensory Stone","Better Third Choice","Better-Laid Plans","BetterRewards","Block Reminder","Card Forge","Challenge The Spire","Colored Map","Colored Powertips","Conspire","DeckTracker","Defuse TimeMaze Blight","Disable Question Mark Monsters","Displayed Cursed Tome","Emptier Cage","GifTheSpireLib","Gold Saver","Hallownest","Hubris","Infinite Spire","Ironclad Rager","Minty Spire (QoL Compilation)","Permanent Neow","Practice Mode","Quick Restart","Random Character Button","Rare Cards Sparkle","Relic Filter","Relic Sorter","Relic Stats","Reliquary","SacredBarkPlus","Shop Mod","Spire Arcade","StSLib","SuperFastMode","The Bug Knight","Uncapped","Unknown Chances","Wide Potions"],"gold_per_floor":[16,16,36,52,72,72,102,177,177,177,20,48,48,48,48,151,151,162,172,172,191,23,23,47,47,74,24,54,81,118,148,160,274,286,317,375,12,12,24,24,24,24,24,24,54,4,15,32,32,33,33,33,33,60,60],"floor_reached":56,"language":"ENG","playtime":2596,"items_purged":["Poisoned Stab","Dodge and Roll"],"score":1707,"play_id":"760ddddf-1e74-4170-be47-f9e78f4ce38f","local_time":"20210211181629","is_ascension_mode":true,"campfire_choices":[{"data":"Malaise","floor":6,"key":"SMITH"},{"data":"Noxious Fumes","floor":10,"key":"SMITH"},{"data":"Catalyst","floor":13,"key":"SMITH"},{"data":"Neutralize","floor":15,"key":"SMITH"},{"data":"Footwork","floor":23,"key":"SMITH"},{"data":"Dodge and Roll","floor":25,"key":"SMITH"},{"data":"Dodge and Roll","floor":32,"key":"SMITH"},{"data":"ICR:Paralyse","floor":40,"key":"SMITH"},{"data":"Leg Sweep","floor":42,"key":"SMITH"},{"floor":49,"key":"RECALL"},{"data":"Dodge and Roll","floor":52,"key":"SMITH"}],"circlet_count":0,"master_deck":["Survivor","Neutralize+1","Poisoned Stab+1","Poisoned Stab+1","Poisoned Stab","Poisoned Stab","Dodge and Roll+1","Dodge and Roll+1","Dodge and Roll+1","Dodge and Roll","Catalyst+1","All Out Attack","Noxious Fumes+1","Malaise+1","Grand Finale","Backflip","PiercingWail","Footwork+1","Caltrops+1","ICR:Paralyse+1","Backflip+1","Prepared+1","Leg Sweep+1","Finesse","Infinite Blades+1","Parasite","Poisoned Stab+1","conspire:PoisonWeapons+1"],"relics":["Ring of the Serpent","Hammer of Thor","Seething Fire","Anvil of the Gods","Spirit Poop","Pear","Membership Card","InkBottle","Blood Vial","SlaversCollar","Whetstone","Medical Kit","Happy Flower","Boot","MawBank","Shuriken","hubris:64BitClover","Lee\u0027s Waffle","hubris:AstralHammer","hubris:MedicalManual","infinitespire:EmpoweringShard","Lantern"],"acts_visited":["Exordium","TheCity","TheBeyond","TheEnding"],"potions_floor_usage":[16,33,36,54],"damage_taken":[{"damage":0,"enemies":"Cultist","floor":1,"turns":4},{"damage":0,"enemies":"2 Louse","floor":3,"turns":3},{"damage":0,"enemies":"conspire:RoseBush","floor":4,"turns":3},{"damage":3,"enemies":"Exordium Wildlife","floor":5,"turns":4},{"damage":10,"enemies":"Gremlin Nob","floor":7,"turns":3},{"damage":4,"enemies":"Lagavulin","floor":12,"turns":5},{"damage":0,"enemies":"The Guardian","floor":16,"turns":7},{"damage":2,"enemies":"Shell Parasite","floor":18,"turns":6},{"damage":3,"enemies":"Spheric Guardian","floor":19,"turns":4},{"damage":10,"enemies":"Shelled Parasite and Fungi","floor":21,"turns":6},{"damage":20,"enemies":"Gremlin Leader","floor":28,"turns":6},{"damage":10,"enemies":"Centurion and Healer","floor":29,"turns":7},{"damage":20,"enemies":"Slavers","floor":30,"turns":3},{"damage":0,"enemies":"conspire:HollyBat","floor":31,"turns":7},{"damage":22,"enemies":"Collector","floor":33,"turns":8},{"damage":18,"enemies":"3 Darklings","floor":35,"turns":6},{"damage":24,"enemies":"2 Orb Walkers","floor":36,"turns":6},{"damage":0,"enemies":"3 Shapes","floor":39,"turns":6},{"damage":1,"enemies":"Giant Head","floor":45,"turns":9},{"damage":20,"enemies":"Jaw Worm Horde","floor":47,"turns":6},{"damage":10,"enemies":"Writhing Mass","floor":48,"turns":7},{"damage":29,"enemies":"Donu and Deca","floor":50,"turns":9},{"damage":14,"enemies":"Shield and Spear","floor":54,"turns":8},{"damage":31,"enemies":"The Heart","floor":55,"turns":8}],"seed_played":"-4469747360641705946","potions_obtained":[{"floor":3,"key":"Weak Potion"},{"floor":5,"key":"Fire Potion"},{"floor":16,"key":"CultistPotion"},{"floor":18,"key":"PowerPotion"},{"floor":21,"key":"FairyPotion"},{"floor":35,"key":"Swift Potion"},{"floor":47,"key":"GamblersBrew"}],"is_trial":false,"path_per_floor":["M","?","M","M","M","R","E","?","T","R","$","E","R","?","R","B",null,"M","M","?","M","$","R","T","R","T","?","E","M","E","M","R","B",null,"M","?","$","?","M","R","?","R","T","AVR","E","$","M","M","R","B",null,"R","$","E","B",null],"character_chosen":"THE_SILENT","items_purchased":["Membership Card","Footwork","Whetstone","Medical Kit","Lee\u0027s Waffle","Leg Sweep","Finesse","hubris:AstralHammer","LiquidMemories"],"campfire_rested":0,"item_purchase_floors":[11,22,22,22,37,37,37,37,37],"current_hp_per_floor":[45,45,45,45,42,42,42,31,31,31,31,27,27,27,27,29,62,62,61,61,53,53,53,53,53,53,53,35,27,9,11,11,39,65,49,27,80,74,76,76,80,80,80,80,79,79,60,52,52,25,66,66,66,54,25],"gold":60,"neow_bonus":"SILENT_ASSASSIN","is_daily":false,"chose_seed":false,"campfire_upgraded":10,"win_rate":0.0,"timestamp":1613085389,"path_taken":["M","?","M","M","?","R","E","?","T","R","$","E","R","?","R","BOSS","M","M","?","M","$","R","?","R","T","?","E","M","E","M","R","BOSS","M","?","$","?","?","R","?","R","T","AVR","E","?","M","?","R","BOSS","R","$","E","BOSS"],"items_purchased_type":["Relic","Card","Relic","Relic","Relic","Card","Card","Relic","Potion"],"build_version":"2020-12-22","purchased_purges":2,"victory":true,"max_hp_per_floor":[63,63,63,63,63,63,73,73,73,73,73,73,73,73,73,73,73,73,73,73,73,73,73,73,73,73,73,73,73,73,73,73,73,73,73,73,80,80,80,80,80,80,80,80,80,80,80,80,80,80,80,80,80,80,80],"relic_stats":{"Blood Vial":33,"Lee\u0027s Waffle":53,"Happy Flower":[32],"counters":[24,141],"Shuriken":[18],"Whetstone":["Poisoned Stab","Poisoned Stab"],"Medical Kit":[30],"Boot":[38],"MawBank":108,"obtain_stats":[{"Lee\u0027s Waffle":37,"Lantern":54,"Pear":7,"Happy Flower":24,"hubris:64BitClover":36,"Spirit Poop":2,"Hammer of Thor":0,"hubris:MedicalManual":43,"Seething Fire":0,"Whetstone":22,"Medical Kit":22,"Boot":26,"MawBank":28,"Blood Vial":14,"SlaversCollar":17,"Anvil of the Gods":0,"Shuriken":30,"hubris:AstralHammer":37,"infinitespire:EmpoweringShard":45,"Membership Card":11,"InkBottle":12,"Ring of the Serpent":34,"Ring of the Snake":0},{"Lee\u0027s Waffle":17,"Lantern":23,"Pear":5,"Happy Flower":10,"hubris:64BitClover":17,"Spirit Poop":1,"Hammer of Thor":0,"hubris:MedicalManual":18,"Seething Fire":0,"Whetstone":10,"Medical Kit":10,"Boot":10,"MawBank":11,"Blood Vial":6,"SlaversCollar":7,"Anvil of the Gods":0,"Shuriken":13,"hubris:AstralHammer":17,"infinitespire:EmpoweringShard":19,"Membership Card":5,"InkBottle":6,"Ring of the Serpent":15,"Ring of the Snake":0},{"Lee\u0027s Waffle":88,"Lantern":133,"Pear":17,"Happy Flower":45,"hubris:64BitClover":88,"Spirit Poop":4,"Hammer of Thor":0,"hubris:MedicalManual":94,"Seething Fire":0,"Whetstone":45,"Medical Kit":45,"Boot":45,"MawBank":51,"Blood Vial":22,"SlaversCollar":29,"Anvil of the Gods":0,"Shuriken":61,"hubris:AstralHammer":88,"infinitespire:EmpoweringShard":103,"Membership Card":17,"InkBottle":22,"Ring of the Serpent":76,"Ring of the Snake":0}],"InkBottle":[53]},"card_choices":[{"not_picked":["Masterful Stab","Dagger Throw"],"picked":"Catalyst","floor":1},{"not_picked":["Deflect","Prepared"],"picked":"All Out Attack","floor":3},{"not_picked":["Bane","Deflect"],"picked":"Noxious Fumes","floor":4},{"not_picked":["Outmaneuver","Cloak And Dagger"],"picked":"Malaise","floor":5},{"not_picked":["Underhanded Strike","Quick Slash","Terror"],"picked":"SKIP","floor":7},{"not_picked":["Poisoned Stab","Bane","Deadly Poison"],"picked":"SKIP","floor":12},{"not_picked":["Doppelganger","infinitespire:Neurotoxin"],"picked":"Grand Finale","floor":16},{"not_picked":["Underhanded Strike","Outmaneuver"],"picked":"Backflip","floor":18},{"not_picked":["conspire:DoublingDagger","Concentrate","Finisher"],"picked":"SKIP","floor":19},{"not_picked":["Setup","Slice"],"picked":"PiercingWail","floor":21},{"not_picked":["Deadly Poison","Bane","Dagger Throw"],"picked":"SKIP","floor":28},{"not_picked":["Concentrate","Slice"],"picked":"Caltrops+1","floor":29},{"not_picked":["Flying Knee+1","Infinite Blades","Setup"],"picked":"SKIP","floor":30},{"not_picked":["Flying Knee","Catalyst","Tactician"],"picked":"SKIP","floor":31},{"not_picked":["infinitespire:Neurotoxin","A Thousand Cuts"],"picked":"ICR:Paralyse","floor":33},{"not_picked":["Endless Agony+1","Outmaneuver+1"],"picked":"Backflip+1","floor":35},{"not_picked":["Quick Slash+1","Tactician"],"picked":"Prepared+1","floor":36},{"not_picked":["Skewer+1","Setup+1","Deadly Poison"],"picked":"SKIP","floor":39},{"not_picked":["Quick Slash+1","Poisoned Stab","Dagger Spray+1"],"picked":"SKIP","floor":45},{"not_picked":["Outmaneuver","Prepared"],"picked":"Infinite Blades+1","floor":47},{"not_picked":["Prepared+1","hubris:TrickCloak"],"picked":"Poisoned Stab+1","floor":48},{"not_picked":["Quick Slash+1","Slice"],"picked":"conspire:PoisonWeapons+1","floor":54}],"player_experience":781631,"relics_obtained":[{"floor":7,"key":"Pear"},{"floor":12,"key":"InkBottle"},{"floor":14,"key":"Blood Vial"},{"floor":24,"key":"Happy Flower"},{"floor":26,"key":"Boot"},{"floor":28,"key":"MawBank"},{"floor":30,"key":"Shuriken"},{"floor":36,"key":"hubris:64BitClover"},{"floor":43,"key":"hubris:MedicalManual"},{"floor":45,"key":"infinitespire:EmpoweringShard"},{"floor":54,"key":"Lantern"}],"event_choices":[{"cards_removed":["hubris:Sloth"],"damage_healed":0,"gold_gain":0,"player_choice":"Offered Curse","damage_taken":0,"relics_obtained":["Spirit Poop"],"max_hp_gain":0,"max_hp_loss":0,"event_name":"Bonfire Elementals","floor":2,"gold_loss":0},{"damage_healed":0,"gold_gain":75,"player_choice":"Gold","damage_taken":11,"max_hp_gain":0,"max_hp_loss":0,"event_name":"betterThird:BetterGoop","floor":8,"gold_loss":0},{"damage_healed":0,"gold_gain":0,"player_choice":"Ignored","damage_taken":0,"max_hp_gain":0,"max_hp_loss":0,"event_name":"Ghosts","floor":20,"gold_loss":0},{"damage_healed":0,"gold_gain":0,"player_choice":"Bet on Murderer","damage_taken":0,"max_hp_gain":0,"max_hp_loss":0,"event_name":"The Joust","floor":27,"gold_loss":50},{"damage_healed":0,"gold_gain":0,"player_choice":"Fight","damage_taken":0,"max_hp_gain":0,"max_hp_loss":0,"event_name":"Mysterious Sphere","floor":36,"gold_loss":0},{"damage_healed":0,"gold_gain":0,"player_choice":"Random: Green","damage_taken":0,"max_hp_gain":0,"max_hp_loss":0,"event_name":"betterThird:BetterPortal","floor":38,"gold_loss":0},{"damage_healed":0,"gold_gain":0,"player_choice":"","damage_taken":6,"max_hp_gain":0,"max_hp_loss":0,"event_name":"Knowing Skull","floor":38,"potions_obtained":[],"gold_loss":0,"cards_obtained":[]},{"damage_healed":4,"gold_gain":0,"player_choice":"Full Heal","damage_taken":0,"max_hp_gain":0,"max_hp_loss":0,"event_name":"Wheel of Change","floor":41,"gold_loss":0}],"is_beta":false,"boss_relics":[{"not_picked":["Empty Cage","reliquary:KinkedSpring"],"picked":"SlaversCollar"},{"not_picked":["Velvet Choker","SacredBark"],"picked":"Ring of the Serpent"}],"items_purged_floors":[37,46],"is_endless":false,"potions_floor_spawned":[3,5,16,18,21,30,31,35,47],"ascension_level":9}}