{"host":"1vy6j31128f61x2z","time":1613016526,"event":{"mods":["AchievementEnabler","BaseMod","Colored Powertips","Minty Spire (QoL Compilation)","Permanent Neow"],"gold_per_floor":[118,118,68,81,81,121,136,136,163,163,17,32,70,91,91,217,217,230,12,12,12,12,12,12,36,63,63,87,87,142,175,175,305,305,360,360,250,296,141,141,172,172,247,261,29,122,161,161,161,161],"floor_reached":51,"language":"ENG","playtime":2019,"items_purged":["Defend_P"],"score":971,"play_id":"999b1314-462b-4000-b29e-8b8b43042ee8","local_time":"20210210230846","is_ascension_mode":true,"campfire_choices":[{"data":"Study","floor":8.0,"key":"SMITH"},{"data":"Eruption","floor":10.0,"key":"SMITH"},{"data":"Devotion","floor":15.0,"key":"SMITH"},{"data":"Apotheosis","floor":23.0,"key":"SMITH"},{"data":"Wish","floor":27.0,"key":"SMITH"},{"data":"Tantrum","floor":29.0,"key":"SMITH"},{"data":"ClearTheMind","floor":32.0,"key":"SMITH"},{"data":"Vault","floor":40.0,"key":"SMITH"},{"data":"Worship","floor":42.0,"key":"SMITH"},{"floor":49,"key":"REST"}],"circlet_count":0,"master_deck":["Strike_P","Strike_P","Strike_P","Strike_P","Defend_P","Eruption+1","Vigilance","Tantrum+1","Tantrum","Devotion+1","Study+1","Prostrate","Tantrum","Sanctity","Wish+1","CurseOfTheBell","Prostrate+1","Apotheosis+1","Indignation","Consecrate","ClearTheMind","Crescendo+1","ClearTheMind+1","Vault+1","Consecrate+1","Worship+1","Protect+1","Halt","Evaluate+1","Brilliance","BattleHymn"],"relics":["PureWater","NeowsBlessing","Golden Idol","Bronze Scales","Tiny Chest","Bag of Marbles","Bag of Preparation","Calling Bell","Oddly Smooth Stone","Blue Candle","Thread and Needle","MutagenicStrength","Gremlin Horn","Happy Flower","Lantern","Philosopher\u0027s Stone","Ancient Tea Set","Juzu Bracelet","Pear","Regal Pillow","Dead Branch","Pen Nib","Blood Vial"],"acts_visited":["Exordium","TheCity","TheBeyond"],"potions_floor_usage":[47,50],"damage_taken":[{"damage":0.0,"enemies":"Jaw Worm","floor":1.0,"turns":1.0},{"damage":0.0,"enemies":"Small Slimes","floor":4.0,"turns":1.0},{"damage":0.0,"enemies":"Lagavulin","floor":6.0,"turns":1.0},{"damage":0.0,"enemies":"Cultist","floor":7.0,"turns":2.0},{"damage":0.0,"enemies":"Exordium Thugs","floor":12.0,"turns":2.0},{"damage":12.0,"enemies":"3 Sentries","floor":13.0,"turns":6.0},{"damage":0.0,"enemies":"Red Slaver","floor":14.0,"turns":1.0},{"damage":33.0,"enemies":"Hexaghost","floor":16.0,"turns":5.0},{"damage":0.0,"enemies":"Chosen","floor":18.0,"turns":3.0},{"damage":0.0,"enemies":"2 Thieves","floor":25.0,"turns":1.0},{"damage":0.0,"enemies":"3 Cultists","floor":28.0,"turns":1.0},{"damage":0.0,"enemies":"Chosen and Byrds","floor":30.0,"turns":3.0},{"damage":0.0,"enemies":"Book of Stabbing","floor":31.0,"turns":1.0},{"damage":22.0,"enemies":"Champ","floor":33.0,"turns":6.0},{"damage":2.0,"enemies":"3 Shapes","floor":35.0,"turns":6.0},{"damage":0.0,"enemies":"3 Darklings","floor":38.0,"turns":2.0},{"damage":12.0,"enemies":"Nemesis","floor":41.0,"turns":5.0},{"damage":0.0,"enemies":"Jaw Worm Horde","floor":44.0,"turns":1.0},{"damage":3.0,"enemies":"Mind Bloom Boss Battle","floor":46.0,"turns":5.0},{"damage":1,"enemies":"Reptomancer","floor":47,"turns":4},{"damage":75,"enemies":"Awakened One","floor":50,"turns":5}],"seed_played":"-4777717444232155174","potions_obtained":[{"floor":1.0,"key":"Ambrosia"},{"floor":6.0,"key":"Swift Potion"},{"floor":7.0,"key":"Explosive Potion"},{"floor":13.0,"key":"StancePotion"},{"floor":31.0,"key":"GamblersBrew"},{"floor":35.0,"key":"Block Potion"},{"floor":46.0,"key":"LiquidBronze"}],"is_trial":false,"path_per_floor":["M","?","?","M","?","E","M","R","T","R","$","M","E","M","R","B",null,"M","$","?","?","?","R","T","M","T","R","M","R","M","E","R","B",null,"M","?","$","M","$","R","E","R","T","M","$","?","E","T","R","B",null],"character_chosen":"WATCHER","items_purchased":["Bag of Marbles","Apotheosis","Indignation","Worship","Ancient Tea Set","Brilliance","Regal Pillow"],"campfire_rested":1,"item_purchase_floors":[11,19,19,37,39,45,45],"current_hp_per_floor":[72,65,65,65,47,47,47,47,47,47,47,47,35,35,35,2,72,72,72,72,59,52,52,52,52,52,52,52,52,52,52,52,30,77,75,68,68,68,68,68,56,56,66,66,66,63,62,62,87,12],"gold":161,"neow_bonus":"THREE_ENEMY_KILL","is_daily":false,"chose_seed":false,"campfire_upgraded":9,"win_rate":0.0,"timestamp":1613016526,"path_taken":["M","?","?","?","?","E","M","R","T","R","$","M","E","M","R","BOSS","M","$","?","?","?","R","?","M","T","R","M","R","M","E","R","BOSS","M","?","$","M","?","R","E","R","T","M","$","?","E","?","R","BOSS"],"items_purchased_type":["Relic","Card","Card","Card","Relic","Card","Relic"],"build_version":"2020-12-22","purchased_purges":1,"victory":true,"max_hp_per_floor":[72,72,72,72,72,72,72,72,72,72,72,72,72,72,72,72,72,72,72,72,77,77,77,77,77,77,77,77,77,77,77,77,77,77,77,77,77,77,77,77,77,77,87,87,87,87,87,87,87,87],"card_choices":[{"not_picked":["MentalFortress","Swivel"],"picked":"Tantrum","floor":1.0},{"not_picked":["ClearTheMind","ThirdEye"],"picked":"Tantrum","floor":4.0},{"not_picked":["Prostrate","Consecrate"],"picked":"Devotion","floor":6.0},{"not_picked":["PathToVictory","CrushJoints"],"picked":"Study","floor":7.0},{"not_picked":["CutThroughFate","PathToVictory"],"picked":"Prostrate","floor":12.0},{"not_picked":["Sanctity","Protect"],"picked":"Tantrum","floor":13.0},{"not_picked":["EmptyBody","Evaluate"],"picked":"Sanctity","floor":14.0},{"not_picked":["Ragnarok","LessonLearned"],"picked":"Wish","floor":16.0},{"not_picked":["SashWhip","Wish"],"picked":"Prostrate+1","floor":18.0},{"not_picked":["Wallop","EmptyMind"],"picked":"Consecrate","floor":25.0},{"not_picked":["FlurryOfBlows","Pray"],"picked":"ClearTheMind","floor":28.0},{"not_picked":["BattleHymn","TalkToTheHand"],"picked":"Crescendo+1","floor":30.0},{"not_picked":["WreathOfFlame","CutThroughFate"],"picked":"ClearTheMind","floor":31.0},{"not_picked":["LessonLearned","Wish"],"picked":"Vault","floor":33.0},{"not_picked":["PathToVictory+1","Evaluate"],"picked":"Consecrate+1","floor":35.0},{"not_picked":["FlyingSleeves","Meditate"],"picked":"Protect+1","floor":38.0},{"not_picked":["CutThroughFate+1","SignatureMove+1"],"picked":"Halt","floor":41.0},{"not_picked":["CutThroughFate+1","EmptyBody+1"],"picked":"Evaluate+1","floor":44.0},{"not_picked":["PathToVictory","JustLucky+1"],"picked":"BattleHymn","floor":46.0},{"not_picked":["CrushJoints","FlurryOfBlows","Consecrate"],"picked":"SKIP","floor":47}],"player_experience":50577,"relics_obtained":[{"floor":6.0,"key":"Bronze Scales"},{"floor":9.0,"key":"Tiny Chest"},{"floor":13.0,"key":"Bag of Preparation"},{"floor":17.0,"key":"Oddly Smooth Stone"},{"floor":17.0,"key":"Blue Candle"},{"floor":17.0,"key":"Thread and Needle"},{"floor":24.0,"key":"Gremlin Horn"},{"floor":26.0,"key":"Happy Flower"},{"floor":31.0,"key":"Lantern"},{"floor":41.0,"key":"Juzu Bracelet"},{"floor":43.0,"key":"Pear"},{"floor":46.0,"key":"Dead Branch"},{"floor":47,"key":"Pen Nib"},{"floor":48,"key":"Blood Vial"}],"event_choices":[{"cards_removed":["Defend_P"],"damage_healed":0.0,"max_hp_gain":0.0,"max_hp_loss":0.0,"gold_gain":0.0,"event_name":"Golden Wing","player_choice":"Card Removal","floor":2.0,"gold_loss":0.0,"damage_taken":7.0},{"cards_removed":["Defend_P"],"damage_healed":0.0,"max_hp_gain":0.0,"max_hp_loss":0.0,"gold_gain":0.0,"event_name":"The Cleric","player_choice":"Card Removal","floor":3.0,"gold_loss":50.0,"damage_taken":0.0},{"damage_healed":0.0,"max_hp_gain":0.0,"max_hp_loss":0.0,"gold_gain":0.0,"event_name":"Golden Idol","player_choice":"Take Damage","floor":5.0,"gold_loss":0.0,"damage_taken":18.0,"relics_obtained":["Golden Idol"]},{"damage_healed":0.0,"max_hp_gain":0.0,"max_hp_loss":0.0,"gold_gain":0.0,"event_name":"Drug Dealer","player_choice":"Inject Mutagens","floor":20.0,"gold_loss":0.0,"damage_taken":0.0,"relics_obtained":["MutagenicStrength"]},{"damage_healed":0.0,"max_hp_gain":5.0,"max_hp_loss":0.0,"gold_gain":0.0,"event_name":"Forgotten Altar","player_choice":"Shed Blood","floor":21.0,"gold_loss":0.0,"damage_taken":18.0},{"damage_healed":0.0,"max_hp_gain":0.0,"max_hp_loss":0.0,"gold_gain":0.0,"event_name":"Wheel of Change","player_choice":"Damaged","floor":22.0,"gold_loss":0.0,"damage_taken":7.0},{"damage_healed":0.0,"max_hp_gain":0.0,"max_hp_loss":0.0,"gold_gain":0.0,"event_name":"Wheel of Change","player_choice":"Damaged","floor":36.0,"gold_loss":0.0,"damage_taken":7.0},{"damage_healed":0.0,"max_hp_gain":0.0,"max_hp_loss":0.0,"gold_gain":0.0,"event_name":"MindBloom","player_choice":"Fight","floor":46.0,"gold_loss":0.0,"damage_taken":0.0}],"is_beta":false,"boss_relics":[{"not_picked":["SlaversCollar","Runic Dome"],"picked":"Calling Bell"},{"not_picked":["Velvet Choker","Empty Cage"],"picked":"Philosopher\u0027s Stone"}],"items_purged_floors":[37],"is_endless":false,"potions_floor_spawned":[1,6,7,13,31,33,35,44,46],"ascension_level":3}}