{"host":"82vjcvwyw2j7afb1","time":1613049838,"event":{"mods":["BaseMod","Colored Map","DeckTracker","Keyboard Shortcuts","Minty Spire (QoL Compilation)","Permanent Neow","Quick Restart","StSLib","SuperFastMode","everything is the same but u backflip on backflip"],"gold_per_floor":[18,293,312,3,14,43,54,79,134,149,149,99,99,117,117,218,218,229,246,257,257,41,41,59,59,129,129,129,129,140,50,50,147,147,167,22,22,22,22,56,56,89,112,70,70,70,94,108,108,108,108],"floor_reached":50,"language":"KOR","playtime":1606,"items_purged":["Regret","Strike_R"],"score":609,"play_id":"6d7b964e-a219-4bf2-82c7-d291fa56fc5d","local_time":"20210211222358","is_ascension_mode":true,"campfire_choices":[{"data":"Sever Soul","floor":11.0,"key":"SMITH"},{"data":"Flex","floor":13.0,"key":"SMITH"},{"data":"Inflame","floor":15.0,"key":"SMITH"},{"floor":23.0,"key":"REST"},{"data":"Whirlwind","floor":29.0,"key":"SMITH"},{"floor":32.0,"key":"REST"},{"floor":41,"key":"REST"},{"floor":49,"key":"RECALL"}],"circlet_count":0,"master_deck":["Strike_R","Defend_R+1","Defend_R","Bash","Iron Wave","Inflame+1","Twin Strike","Sever Soul+1","Clash","Flex+1","Wild Strike","Twin Strike+1","Bludgeon","CurseOfTheBell","Clash","Sword Boomerang+1","Pummel","Heavy Blade","Whirlwind+1","Sever Soul+1","Heavy Blade+1","Limit Break+1","Twin Strike+1","Pummel","Whirlwind","Pommel Strike","Thunderclap","Shrug It Off+1"],"relics":["Black Blood","Happy Flower","Mercury Hourglass","Ornamental Fan","Tiny Chest","Calling Bell","Ancient Tea Set","Gambling Chip","The Courier","Blood Vial","Red Skull","Dream Catcher","Art of War","Juzu Bracelet","Boot","War Paint"],"acts_visited":["Exordium","TheCity","TheBeyond"],"potions_floor_usage":[42,50,50],"damage_taken":[{"damage":12.0,"enemies":"Jaw Worm","floor":1.0,"turns":2.0},{"damage":9.0,"enemies":"Cultist","floor":3.0,"turns":3.0},{"damage":7.0,"enemies":"Small Slimes","floor":5.0,"turns":3.0},{"damage":25.0,"enemies":"Lagavulin","floor":6.0,"turns":5.0},{"damage":0.0,"enemies":"2 Fungi Beasts","floor":7.0,"turns":2.0},{"damage":12.0,"enemies":"Gremlin Nob","floor":8.0,"turns":3.0},{"damage":0.0,"enemies":"Large Slime","floor":10.0,"turns":2.0},{"damage":0.0,"enemies":"Blue Slaver","floor":14.0,"turns":1.0},{"damage":32.0,"enemies":"Hexaghost","floor":16.0,"turns":5.0},{"damage":46.0,"enemies":"2 Thieves","floor":18.0,"turns":4.0},{"damage":10.0,"enemies":"3 Byrds","floor":19.0,"turns":4.0},{"damage":7.0,"enemies":"Cultist and Chosen","floor":20.0,"turns":3.0},{"damage":0.0,"enemies":"Shelled Parasite and Fungi","floor":21.0,"turns":1.0},{"damage":6.0,"enemies":"Sentry and Sphere","floor":24.0,"turns":3.0},{"damage":10.0,"enemies":"3 Cultists","floor":30.0,"turns":3.0},{"damage":42,"enemies":"Automaton","floor":33,"turns":5},{"damage":2,"enemies":"3 Shapes","floor":35,"turns":3},{"damage":54,"enemies":"Nemesis","floor":40,"turns":5},{"damage":62,"enemies":"Reptomancer","floor":42,"turns":4},{"damage":10,"enemies":"3 Darklings","floor":48,"turns":2},{"damage":36,"enemies":"Awakened One","floor":50,"turns":2}],"seed_played":"-19064562862846360","potions_obtained":[{"floor":6.0,"key":"SmokeBomb"},{"floor":7.0,"key":"Weak Potion"},{"floor":8.0,"key":"SkillPotion"},{"floor":10.0,"key":"Strength Potion"},{"floor":18.0,"key":"Energy Potion"},{"floor":24.0,"key":"ColorlessPotion"},{"floor":33,"key":"LiquidBronze"},{"floor":35,"key":"AttackPotion"},{"floor":48,"key":"FearPotion"}],"is_trial":false,"path_per_floor":["M","?","M","$","M","E","M","E","T","M","R","?","R","M","R","B",null,"M","M","M","M","$","R","M","?","T","?","T","R","M","?","R","B",null,"M","$","?","?","T","E","R","E","T","$","?","?","T","M","R","B"],"character_chosen":"IRONCLAD","items_purchased":["Happy Flower","Inflame","Heavy Blade","Whirlwind","Blood Vial","Pummel","Pommel Strike"],"campfire_rested":3,"item_purchase_floors":[4,4,22,22,22,36,44],"current_hp_per_floor":[74,74,71,71,70,51,57,51,51,57,57,57,57,63,63,37,80,40,36,35,41,41,65,67,67,67,52,52,52,50,50,75,41,85,85,85,85,81,81,39,63,15,15,15,15,15,15,19,19,0,0],"gold":108,"neow_bonus":"REMOVE_TWO","is_daily":false,"chose_seed":false,"campfire_upgraded":4,"win_rate":0.0,"timestamp":1613049838,"path_taken":["M","?","?","$","M","E","M","E","T","M","R","?","R","M","R","BOSS","M","M","M","M","$","R","M","?","T","?","?","R","M","?","R","BOSS","M","$","?","?","?","E","R","E","T","?","?","?","?","M","R","BOSS"],"items_purchased_type":["Relic","Card","Card","Card","Relic","Card","Card"],"build_version":"2020-12-22","purchased_purges":2,"victory":false,"max_hp_per_floor":[80,80,80,80,80,80,80,80,80,80,80,80,80,80,80,80,80,80,80,80,80,80,80,80,80,80,85,85,85,85,85,85,85,85,85,85,85,81,81,81,81,81,81,81,81,81,81,81,81,81,81],"card_choices":[{"not_picked":["Havoc","Carnage"],"picked":"Inflame","floor":1.0},{"not_picked":["Combust","Dual Wield"],"picked":"Iron Wave","floor":3.0},{"not_picked":["Shrug It Off","Combust"],"picked":"Twin Strike","floor":5.0},{"not_picked":["Entrench","Iron Wave"],"picked":"Sever Soul","floor":6.0},{"not_picked":["Hemokinesis","Armaments"],"picked":"Clash","floor":7.0},{"not_picked":["Rage","Burning Pact"],"picked":"Flex","floor":8.0},{"not_picked":["Blood for Blood","Entrench"],"picked":"Wild Strike","floor":10.0},{"not_picked":["Havoc","Barricade"],"picked":"Twin Strike","floor":14.0},{"not_picked":["Demon Form","Corruption"],"picked":"Bludgeon","floor":16.0},{"not_picked":["Sword Boomerang","Thunderclap+1"],"picked":"Clash","floor":18.0},{"not_picked":["True Grit","Iron Wave+1"],"picked":"Sword Boomerang+1","floor":19.0},{"not_picked":["Cleave+1","Burning Pact+1"],"picked":"Pummel","floor":20.0},{"not_picked":["Headbutt","Carnage"],"picked":"Sever Soul+1","floor":24.0},{"not_picked":["Sever Soul","Ghostly Armor+1"],"picked":"Heavy Blade+1","floor":30.0},{"not_picked":["Brutality","Barricade"],"picked":"Limit Break","floor":33},{"not_picked":["Thunderclap","Pommel Strike+1"],"picked":"Twin Strike+1","floor":35},{"not_picked":["Iron Wave+1","Searing Blow+1"],"picked":"Whirlwind","floor":40},{"not_picked":["Barricade","Iron Wave","Feel No Pain"],"picked":"SKIP","floor":42},{"not_picked":["Second Wind+1","Cleave+1"],"picked":"Shrug It Off+1","floor":48}],"player_experience":65604,"relics_obtained":[{"floor":6.0,"key":"Mercury Hourglass"},{"floor":8.0,"key":"Ornamental Fan"},{"floor":9.0,"key":"Tiny Chest"},{"floor":17.0,"key":"Ancient Tea Set"},{"floor":17.0,"key":"Gambling Chip"},{"floor":17.0,"key":"The Courier"},{"floor":28.0,"key":"Red Skull"},{"floor":39,"key":"Dream Catcher"},{"floor":40,"key":"Art of War"},{"floor":42,"key":"Juzu Bracelet"},{"floor":43,"key":"Boot"},{"floor":47,"key":"War Paint"}],"event_choices":[{"damage_healed":0.0,"max_hp_gain":0.0,"max_hp_loss":0.0,"gold_gain":275.0,"event_name":"Golden Shrine","player_choice":"Desecrate","floor":2.0,"gold_loss":0.0,"damage_taken":0.0,"cards_obtained":["Regret"]},{"cards_removed":["Strike_R"],"damage_healed":0.0,"max_hp_gain":0.0,"max_hp_loss":0.0,"gold_gain":0.0,"event_name":"The Cleric","player_choice":"Card Removal","floor":12.0,"gold_loss":50.0,"damage_taken":0.0},{"damage_healed":0.0,"max_hp_gain":5.0,"max_hp_loss":0.0,"gold_gain":0.0,"event_name":"Forgotten Altar","player_choice":"Shed Blood","floor":27.0,"gold_loss":0.0,"damage_taken":20.0},{"cards_removed":["Strike_R"],"damage_healed":0.0,"max_hp_gain":0.0,"max_hp_loss":0.0,"gold_gain":0.0,"event_name":"Designer","player_choice":"Upgrade and Remove","floor":31.0,"gold_loss":90.0,"damage_taken":0.0,"cards_upgraded":["Twin Strike"]},{"cards_removed":["Inflame"],"damage_healed":0,"gold_gain":0,"player_choice":"Removed Power","damage_taken":0,"max_hp_gain":0,"max_hp_loss":0,"event_name":"Falling","floor":37,"gold_loss":0},{"damage_healed":0,"gold_gain":0,"player_choice":"Max HP","damage_taken":0,"max_hp_gain":0,"max_hp_loss":4,"event_name":"Winding Halls","floor":38,"gold_loss":0},{"damage_healed":0,"gold_gain":0,"player_choice":"Memory 1","damage_taken":0,"max_hp_gain":0,"max_hp_loss":0,"event_name":"SensoryStone","floor":45,"gold_loss":0},{"damage_healed":0,"gold_gain":0,"cards_transformed":["Strike_R"],"player_choice":"Transformed","damage_taken":0,"max_hp_gain":0,"max_hp_loss":0,"event_name":"Transmorgrifier","floor":46,"gold_loss":0,"cards_obtained":["Thunderclap"]}],"is_beta":false,"boss_relics":[{"not_picked":["Cursed Key","Ectoplasm"],"picked":"Calling Bell"},{"not_picked":["Runic Pyramid","Black Star"],"picked":"Black Blood"}],"items_purged_floors":[4,36],"is_endless":false,"potions_floor_spawned":[6,7,8,10,18,21,24,33,35,48],"killed_by":"Awakened One","ascension_level":3}}