{"host":"ia9e4s524g7bamk7","time":1613053295,"event":{"mods":["AchievementEnabler","BaseMod","Minty Spire (QoL Compilation)","Slay-I"],"gold_per_floor":[112,128,139,156,174,208,225,225,225,225,236,265,276,294,294,398,398,415,432,67,82,92,125,125,154,154,170,170,181,81,116,116,216,216,236,285,160,170,170,205,205,232,259,268,299,317,9,25,25,25,25,25,25,66,66,66],"floor_reached":55,"language":"ENG","playtime":4280,"items_purged":["Bloodletting","Feel No Pain","Cleave"],"score":970,"play_id":"31f62b1f-3e6f-4938-b019-69488f9152e2","local_time":"20210211152135","is_ascension_mode":true,"campfire_choices":[{"data":"Armaments","floor":8.0,"key":"SMITH"},{"data":"Demon Form","floor":15.0,"key":"SMITH"},{"floor":24.0,"key":"REST"},{"floor":28.0,"key":"RECALL"},{"floor":32.0,"key":"REST"},{"data":"Anger","floor":41.0,"key":"SMITH"},{"data":"Chrysalis","floor":49.0,"key":"SMITH"},{"data":"Metallicize","floor":52.0,"key":"SMITH"}],"circlet_count":0,"master_deck":["Bash","Clash","Disarm","Anger+1","Demon Form+1","Armaments+1","Clash","Anger+1","Metallicize","Inflame","Immolate","Immolate","Spot Weakness","Spot Weakness","Blood for Blood+1","Flex","Flame Barrier+1","Double Tap+1","Clothesline+1","Shrug It Off+1","Reaper","Reaper","Reaper","Anger","Chrysalis+1","Metallicize+1","Intimidate+1"],"relics":["Burning Blood","NeowsBlessing","FossilizedHelix","Bronze Scales","Pandora\u0027s Box","Pocketwatch","Shuriken","Lizard Tail","Bottled Lightning","MealTicket","Busted Crown","War Paint","Whetstone","CeramicFish","Happy Flower","Strawberry","Bottled Tornado","Vajra"],"acts_visited":["Exordium","TheCity","TheBeyond","TheEnding"],"potions_floor_usage":[],"damage_taken":[{"damage":0.0,"enemies":"2 Louse","floor":1.0,"turns":1.0},{"damage":0.0,"enemies":"Cultist","floor":2.0,"turns":1.0},{"damage":0.0,"enemies":"Jaw Worm","floor":3.0,"turns":1.0},{"damage":8.0,"enemies":"Exordium Wildlife","floor":4.0,"turns":4.0},{"damage":7.0,"enemies":"3 Louse","floor":5.0,"turns":5.0},{"damage":8.0,"enemies":"Gremlin Nob","floor":6.0,"turns":3.0},{"damage":16.0,"enemies":"Exordium Thugs","floor":7.0,"turns":5.0},{"damage":9.0,"enemies":"Red Slaver","floor":11.0,"turns":3.0},{"damage":0.0,"enemies":"Lagavulin","floor":12.0,"turns":5.0},{"damage":6.0,"enemies":"Blue Slaver","floor":13.0,"turns":3.0},{"damage":0.0,"enemies":"Large Slime","floor":14.0,"turns":4.0},{"damage":23.0,"enemies":"The Guardian","floor":16.0,"turns":8.0},{"damage":6.0,"enemies":"Chosen","floor":18.0,"turns":3.0},{"damage":22.0,"enemies":"Spheric Guardian","floor":19.0,"turns":4.0},{"damage":12.0,"enemies":"Snake Plant","floor":21.0,"turns":4.0},{"damage":4.0,"enemies":"Snecko","floor":22.0,"turns":4.0},{"damage":21.0,"enemies":"Gremlin Leader","floor":23.0,"turns":4.0},{"damage":36.0,"enemies":"Slavers","floor":25.0,"turns":4.0},{"damage":0.0,"enemies":"3 Cultists","floor":27.0,"turns":2.0},{"damage":22.0,"enemies":"Sentry and Sphere","floor":29.0,"turns":4.0},{"damage":24.0,"enemies":"Book of Stabbing","floor":31.0,"turns":6.0},{"damage":19.0,"enemies":"Champ","floor":33.0,"turns":8.0},{"damage":12.0,"enemies":"Orb Walker","floor":35.0,"turns":4.0},{"damage":36.0,"enemies":"3 Shapes","floor":38.0,"turns":4.0},{"damage":40.0,"enemies":"Giant Head","floor":40.0,"turns":7.0},{"damage":13.0,"enemies":"Reptomancer","floor":42.0,"turns":5.0},{"damage":19.0,"enemies":"Nemesis","floor":45.0,"turns":7.0},{"damage":0.0,"enemies":"3 Darklings","floor":46.0,"turns":4.0},{"damage":15.0,"enemies":"Jaw Worm Horde","floor":48.0,"turns":3.0},{"damage":123.0,"enemies":"Donu and Deca","floor":50.0,"turns":7.0},{"damage":117.0,"enemies":"Shield and Spear","floor":54.0,"turns":6.0},{"damage":99,"enemies":"The Heart","floor":55,"turns":6}],"seed_played":"-8384553920456069087","potions_obtained":[{"floor":4.0,"key":"SmokeBomb"},{"floor":5.0,"key":"LiquidMemories"},{"floor":6.0,"key":"BlessingOfTheForge"},{"floor":11.0,"key":"SpeedPotion"},{"floor":14.0,"key":"PowerPotion"},{"floor":22.0,"key":"Weak Potion"},{"floor":25.0,"key":"Strength Potion"},{"floor":29.0,"key":"DistilledChaos"},{"floor":42.0,"key":"Block Potion"},{"floor":45.0,"key":"FearPotion"},{"floor":46.0,"key":"EntropicBrew"}],"is_trial":false,"path_per_floor":["M","M","M","M","M","E","M","R","T","?","M","E","M","M","R","B",null,"M","M","$","M","M","E","R","E","T","M","R","M","$","E","R","B",null,"M","T","$","M","$","E","R","E","T","?","E","M","$","M","R","B",null,"R","$","E","B"],"character_chosen":"IRONCLAD","items_purchased":["Pocketwatch","Bottled Tornado","Metallicize"],"campfire_rested":2,"item_purchase_floors":[20,47,47],"current_hp_per_floor":[80,80,80,78,77,75,65,65,65,65,62,68,68,74,74,57,80,80,64,64,58,60,45,69,39,39,45,45,29,29,22,46,45,80,80,80,80,76,80,46,46,65,65,55,49,87,87,78,78,83,87,87,87,12,0,0],"gold":66,"neow_bonus":"THREE_ENEMY_KILL","is_daily":false,"chose_seed":false,"campfire_upgraded":5,"win_rate":0.0,"timestamp":1613053295,"path_taken":["M","M","M","M","M","E","M","R","T","?","?","E","M","M","R","BOSS","M","M","$","M","M","E","R","E","T","M","R","M","$","E","R","BOSS","M","?","?","M","$","E","R","E","T","?","E","?","$","M","R","BOSS","R","$","E","BOSS"],"items_purchased_type":["Relic","Relic","Card"],"build_version":"2020-12-22","purchased_purges":3,"victory":false,"max_hp_per_floor":[80,80,80,80,80,80,80,80,80,80,80,80,80,80,80,80,80,80,80,80,80,80,80,80,80,80,80,80,80,80,80,80,80,80,80,80,80,80,80,80,80,80,80,80,87,87,87,87,87,87,87,87,87,87,87,87],"card_choices":[{"not_picked":["Headbutt","Havoc"],"picked":"Clash","floor":1.0},{"not_picked":["Searing Blow","Dark Embrace"],"picked":"Disarm","floor":2.0},{"not_picked":["Rupture","Perfected Strike"],"picked":"Anger","floor":3.0},{"not_picked":["Clash","Twin Strike"],"picked":"Demon Form","floor":4.0},{"not_picked":["Headbutt","Disarm"],"picked":"Armaments","floor":5.0},{"not_picked":["Wild Strike","Disarm"],"picked":"Clash","floor":6.0},{"not_picked":["Sentinel","Clothesline","Heavy Blade"],"picked":"SKIP","floor":7.0},{"not_picked":["Heavy Blade","Combust"],"picked":"Anger","floor":11.0},{"not_picked":["Berserk","Blood for Blood"],"picked":"Cleave","floor":12.0},{"not_picked":["Whirlwind","Warcry"],"picked":"Metallicize","floor":13.0},{"not_picked":["Pommel Strike","Uppercut"],"picked":"Inflame","floor":14.0},{"not_picked":["Brutality","Berserk"],"picked":"Immolate","floor":16.0},{"not_picked":["Cleave","Havoc","Shrug It Off"],"picked":"SKIP","floor":18.0},{"not_picked":["Twin Strike","Spot Weakness+1","Rampage"],"picked":"SKIP","floor":19.0},{"not_picked":["Flex","Twin Strike"],"picked":"Clothesline+1","floor":21.0},{"not_picked":["Armaments","Whirlwind","Perfected Strike"],"picked":"SKIP","floor":22.0},{"not_picked":["Barricade","Dropkick+1"],"picked":"Shrug It Off+1","floor":23.0},{"not_picked":["Anger","Iron Wave","Shrug It Off"],"picked":"SKIP","floor":25.0},{"not_picked":["Iron Wave","Dark Embrace+1","Twin Strike"],"picked":"SKIP","floor":27.0},{"not_picked":["Clothesline","Feel No Pain"],"picked":"Reaper","floor":29.0},{"not_picked":["Warcry","Cleave"],"picked":"Reaper","floor":31.0},{"not_picked":["Limit Break","Offering"],"picked":"Reaper","floor":33.0},{"not_picked":[],"picked":"Anger","floor":35.0},{"not_picked":["Iron Wave"],"picked":"SKIP","floor":38.0},{"not_picked":["Armaments+1"],"picked":"SKIP","floor":40.0},{"not_picked":["True Grit"],"picked":"SKIP","floor":42.0},{"not_picked":[],"picked":"Chrysalis","floor":44.0},{"not_picked":["Whirlwind"],"picked":"SKIP","floor":45.0},{"not_picked":["Armaments+1"],"picked":"SKIP","floor":46.0},{"not_picked":["Flame Barrier"],"picked":"SKIP","floor":48.0},{"not_picked":[],"picked":"Intimidate+1","floor":54.0}],"player_experience":313649,"relics_obtained":[{"floor":6.0,"key":"FossilizedHelix"},{"floor":12.0,"key":"Bronze Scales"},{"floor":23.0,"key":"Shuriken"},{"floor":25.0,"key":"Lizard Tail"},{"floor":26.0,"key":"Bottled Lightning"},{"floor":31.0,"key":"MealTicket"},{"floor":36.0,"key":"War Paint"},{"floor":40.0,"key":"Whetstone"},{"floor":42.0,"key":"CeramicFish"},{"floor":43.0,"key":"Happy Flower"},{"floor":45.0,"key":"Strawberry"},{"floor":54.0,"key":"Vajra"}],"event_choices":[{"damage_healed":0.0,"max_hp_gain":0.0,"max_hp_loss":0.0,"gold_gain":0.0,"cards_transformed":["Strike_R"],"event_name":"Transmorgrifier","player_choice":"Transformed","floor":10.0,"gold_loss":0.0,"damage_taken":0.0,"cards_obtained":["Feel No Pain"]},{"damage_healed":0.0,"max_hp_gain":0.0,"max_hp_loss":0.0,"gold_gain":0.0,"event_name":"SensoryStone","player_choice":"Memory 3","floor":44.0,"gold_loss":0.0,"damage_taken":10.0}],"is_beta":false,"boss_relics":[{"not_picked":["SacredBark","Snecko Eye"],"picked":"Pandora\u0027s Box"},{"not_picked":["Runic Cube","Tiny House"],"picked":"Busted Crown"}],"items_purged_floors":[20,30,37],"is_endless":false,"potions_floor_spawned":[4,5,6,11,14,22,25,29,42,45,46],"killed_by":"The Heart","ascension_level":4}}