{"host":"d744ndivyohnro60","time":1613018780,"event":{"mods":["BaseMod","Bestiary","Colored Powertips","Minty Spire (QoL Compilation)","Relic Stats"],"gold_per_floor":[110,60,80,80,4,4,37,37,37,78,97,123,139,39,39,164,164,185,216,216,231,5,44,44,44,125,21,60,72,117,143,155,297,309,346,378,198,198,14,14,58,74,74,97,97,117,117,137,137,137,137],"floor_reached":50,"language":"ENG","playtime":2112,"items_purged":["Injury","Strike_B","Defend_B"],"score":988,"play_id":"d307d83c-cd28-4be7-b1a4-67b9b9f29a56","local_time":"20210210234620","is_ascension_mode":true,"campfire_choices":[{"data":"Dualcast","floor":6,"key":"SMITH"},{"data":"Sunder","floor":8,"key":"SMITH"},{"data":"Coolheaded","floor":15,"key":"SMITH"},{"floor":25,"key":"REST"},{"floor":29,"key":"REST"},{"data":"Double Energy","floor":32,"key":"SMITH"},{"data":"Static Discharge","floor":40,"key":"SMITH"},{"data":"Creative AI","floor":47,"key":"SMITH"},{"floor":49,"key":"REST"}],"circlet_count":0,"master_deck":["Defend_B+1","Zap","Dualcast+1","Glacier+1","Sweeping Beam","Sunder+1","BootSequence","Capacitor+1","Tempest","Conserve Battery","Coolheaded+1","Reboot","Leap","Ball Lightning","Consume+1","Tempest","Streamline+1","Chill","Static Discharge+1","Self Repair","Double Energy+1","Steam+1","Core Surge","Genetic Algorithm+1","Barrage+1","Melter","Creative AI+1","Beam Cell+1","Leap","Sweeping Beam","Turbo+1"],"relics":["Velvet Choker","Golden Idol","Gremlin Horn","Lizard Tail","MealTicket","Pen Nib","Empty Cage","Red Mask","Membership Card","DataDisk","Cables","MawBank","Omamori","Black Star","Nunchaku","War Paint","Runic Capacitor","HornCleat","Bottled Flame","Pear"],"acts_visited":["Exordium","TheCity","TheBeyond"],"potions_floor_usage":[7,13,16,23,28,28,28,28,33,40,41,42,45],"damage_taken":[{"damage":0,"enemies":"2 Louse","floor":1,"turns":2},{"damage":2,"enemies":"Jaw Worm","floor":3,"turns":3},{"damage":0,"enemies":"Lagavulin","floor":7,"turns":4},{"damage":6,"enemies":"3 Sentries","floor":10,"turns":6},{"damage":0,"enemies":"Cultist","floor":11,"turns":2},{"damage":0,"enemies":"2 Fungi Beasts","floor":13,"turns":3},{"damage":29,"enemies":"Hexaghost","floor":16,"turns":9},{"damage":11,"enemies":"3 Byrds","floor":18,"turns":3},{"damage":2,"enemies":"Masked Bandits","floor":19,"turns":2},{"damage":10,"enemies":"Shell Parasite","floor":21,"turns":7},{"damage":47,"enemies":"Book of Stabbing","floor":23,"turns":6},{"damage":9,"enemies":"Slavers","floor":28,"turns":3},{"damage":26,"enemies":"Gremlin Leader","floor":30,"turns":5},{"damage":19,"enemies":"Centurion and Healer","floor":31,"turns":5},{"damage":15,"enemies":"Automaton","floor":33,"turns":11},{"damage":8,"enemies":"3 Shapes","floor":35,"turns":4},{"damage":3,"enemies":"Orb Walker","floor":36,"turns":5},{"damage":54,"enemies":"Nemesis","floor":41,"turns":5},{"damage":15,"enemies":"Jaw Worm Horde","floor":42,"turns":5},{"damage":4,"enemies":"Spire Growth","floor":44,"turns":3},{"damage":0,"enemies":"Reptomancer","floor":45,"turns":2},{"damage":41,"enemies":"Writhing Mass","floor":46,"turns":4},{"damage":39,"enemies":"3 Darklings","floor":48,"turns":5},{"damage":48,"enemies":"Time Eater","floor":50,"turns":5}],"seed_played":"-8370164063377214779","potions_obtained":[{"floor":1,"key":"PowerPotion"},{"floor":11,"key":"Fruit Juice"},{"floor":13,"key":"DistilledChaos"},{"floor":21,"key":"Fire Potion"},{"floor":23,"key":"EntropicBrew"},{"floor":33,"key":"Fire Potion"},{"floor":36,"key":"SneckoOil"},{"floor":42,"key":"SmokeBomb"}],"is_trial":false,"path_per_floor":["M","?","M","?","$","R","E","R","T","E","M","T","M","$","R","B",null,"M","?","?","M","$","E","?","R","T","$","E","R","E","M","R","B",null,"M","M","$","?","$","R","E","M","T","M","E","M","R","M","R","B"],"character_chosen":"DEFECT","items_purchased":["Sunder","Coolheaded","Membership Card","Tempest","Chill","Static Discharge","BlessingOfTheForge","Fruit Juice","Nunchaku","War Paint","Runic Capacitor","Melter"],"campfire_rested":3,"item_purchase_floors":[5,14,22,22,27,27,27,37,37,39,39,39],"current_hp_per_floor":[68,68,66,66,66,66,66,66,66,60,60,60,65,80,80,51,73,62,60,60,50,65,18,18,42,42,57,48,72,53,41,41,33,68,67,71,80,80,80,85,38,23,33,29,29,47,47,15,43,0,0],"gold":137,"neow_bonus":"BOSS_RELIC","is_daily":false,"chose_seed":false,"campfire_upgraded":6,"win_rate":0.0,"timestamp":1613018780,"path_taken":["M","?","M","?","$","R","E","R","T","E","M","?","M","$","R","BOSS","M","?","?","?","$","E","?","R","T","$","E","R","E","M","R","BOSS","M","M","$","?","$","R","E","M","T","?","E","M","R","M","R","BOSS"],"items_purchased_type":["Card","Card","Relic","Card","Card","Card","Potion","Potion","Relic","Relic","Relic","Card"],"build_version":"2020-12-22","purchased_purges":3,"victory":false,"max_hp_per_floor":[75,75,75,75,75,75,75,75,75,75,75,75,80,80,80,80,80,80,80,80,80,80,80,80,80,80,80,80,80,80,80,80,80,80,80,80,80,80,80,85,85,85,95,95,95,95,95,95,95,95,95],"relic_stats":{"Lizard Tail":47,"Nunchaku":[4],"Gremlin Horn":[21,21],"counters":[24,109],"Golden Idol":152,"MealTicket":54,"Pen Nib":[10],"Black Star":2,"War Paint":["Glacier","Defend_B"],"MawBank":108,"obtain_stats":[{"Pear":43,"Gremlin Horn":7,"Golden Idol":4,"Velvet Choker":0,"Pen Nib":12,"Omamori":30,"Runic Capacitor":39,"War Paint":39,"Empty Cage":17,"MawBank":28,"Cables":26,"Lizard Tail":9,"DataDisk":23,"Nunchaku":37,"Bottled Flame":41,"HornCleat":41,"MealTicket":10,"Red Mask":19,"Black Star":34,"Membership Card":22,"Cracked Core":0},{"Pear":19,"Gremlin Horn":3,"Golden Idol":2,"Velvet Choker":0,"Pen Nib":5,"Omamori":13,"Runic Capacitor":17,"War Paint":17,"Empty Cage":7,"MawBank":12,"Cables":11,"Lizard Tail":3,"DataDisk":11,"Nunchaku":17,"Bottled Flame":18,"HornCleat":18,"MealTicket":4,"Red Mask":9,"Black Star":15,"Membership Card":10,"Cracked Core":0},{"Pear":90,"Gremlin Horn":9,"Golden Idol":5,"Velvet Choker":0,"Pen Nib":17,"Omamori":55,"Runic Capacitor":80,"War Paint":80,"Empty Cage":29,"MawBank":50,"Cables":47,"Lizard Tail":9,"DataDisk":47,"Nunchaku":80,"Bottled Flame":85,"HornCleat":85,"MealTicket":15,"Red Mask":34,"Black Star":71,"Membership Card":41,"Cracked Core":0}],"Cables":[49,28,21,0,0]},"card_choices":[{"not_picked":["Conserve Battery","Rebound"],"picked":"Glacier","floor":1},{"not_picked":["Aggregate","Glacier"],"picked":"Sweeping Beam","floor":3},{"not_picked":["Beam Cell","Hologram"],"picked":"BootSequence","floor":7},{"not_picked":["Redo","Scrape"],"picked":"Capacitor","floor":10},{"not_picked":["Double Energy","Barrage"],"picked":"Tempest","floor":11},{"not_picked":["Capacitor","Streamline"],"picked":"Conserve Battery","floor":13},{"not_picked":["Meteor Strike","All For One"],"picked":"Reboot","floor":16},{"not_picked":["Rebound","Hologram"],"picked":"Leap","floor":18},{"not_picked":["Streamline","Doom and Gloom"],"picked":"Ball Lightning","floor":19},{"not_picked":["Hello World","Beam Cell"],"picked":"Consume+1","floor":21},{"not_picked":["Go for the Eyes","Reprogram"],"picked":"Streamline+1","floor":23},{"not_picked":["Steam","Rip and Tear+1"],"picked":"Self Repair","floor":28},{"not_picked":["BootSequence+1","Heatsinks"],"picked":"Double Energy","floor":30},{"not_picked":["Glacier","Biased Cognition"],"picked":"Steam+1","floor":31},{"not_picked":["Machine Learning","Reboot"],"picked":"Core Surge","floor":33},{"not_picked":["Beam Cell","Conserve Battery"],"picked":"Genetic Algorithm+1","floor":35},{"not_picked":["Steam+1","Redo"],"picked":"Barrage+1","floor":36},{"not_picked":["Genetic Algorithm+1","Recycle+1"],"picked":"Creative AI","floor":41},{"not_picked":["Redo","Consume+1"],"picked":"Beam Cell+1","floor":42},{"not_picked":["Heatsinks+1","Beam Cell"],"picked":"Leap","floor":44},{"not_picked":["Go for the Eyes","Gash"],"picked":"Sweeping Beam","floor":46},{"not_picked":["Rainbow","Tempest+1"],"picked":"Turbo+1","floor":48}],"player_experience":232734,"relics_obtained":[{"floor":7,"key":"Gremlin Horn"},{"floor":9,"key":"Lizard Tail"},{"floor":10,"key":"MealTicket"},{"floor":12,"key":"Pen Nib"},{"floor":19,"key":"Red Mask"},{"floor":23,"key":"DataDisk"},{"floor":26,"key":"Cables"},{"floor":28,"key":"MawBank"},{"floor":30,"key":"Omamori"},{"floor":41,"key":"HornCleat"},{"floor":41,"key":"Bottled Flame"},{"floor":43,"key":"Pear"}],"event_choices":[{"cards_removed":["Strike_B"],"damage_healed":0,"gold_gain":0,"player_choice":"Card Removal","damage_taken":0,"max_hp_gain":0,"max_hp_loss":0,"event_name":"The Cleric","floor":2,"gold_loss":50},{"damage_healed":0,"gold_gain":0,"player_choice":"Take Wound","damage_taken":0,"relics_obtained":["Golden Idol"],"max_hp_gain":0,"max_hp_loss":0,"event_name":"Golden Idol","floor":4,"gold_loss":0,"cards_obtained":["Injury"]},{"damage_healed":0,"gold_gain":0,"player_choice":"Fought Bandits","damage_taken":0,"max_hp_gain":0,"max_hp_loss":0,"event_name":"Masked Bandits","floor":19,"gold_loss":0},{"cards_removed":["Strike_B"],"damage_healed":0,"gold_gain":0,"player_choice":"Offered Basic","damage_taken":0,"max_hp_gain":0,"max_hp_loss":0,"event_name":"Bonfire Elementals","floor":20,"gold_loss":0},{"cards_removed":["Defend_B"],"damage_healed":0,"gold_gain":0,"player_choice":"Purged","damage_taken":0,"max_hp_gain":0,"max_hp_loss":0,"event_name":"Purifier","floor":24,"gold_loss":0},{"damage_healed":0,"gold_gain":0,"player_choice":"Upgraded","damage_taken":0,"max_hp_gain":0,"max_hp_loss":0,"event_name":"Upgrade Shrine","floor":38,"gold_loss":0,"cards_upgraded":["Capacitor"]}],"is_beta":false,"boss_relics":[{"not_picked":["Fusion Hammer","Snecko Eye"],"picked":"Empty Cage"},{"not_picked":["Cursed Key","Sozu"],"picked":"Black Star"}],"items_purged_floors":[14,22,37],"is_endless":false,"potions_floor_spawned":[1,11,13,21,23,33,36,42],"killed_by":"Time Eater","ascension_level":6}}