{"host":"68ypu360vyldwzrz","time":1613082663,"event":{"mods":["Act Like it!","BaseMod","Better Note","Better Third Choice","Better Vampires","BetterRewards","CapriCore","DeckTracker","Downfall","Friendly Minions","GifTheSpireLib","Hubris","Jorbs\u0027s Wanderer Trilogy","Luminous","Minty Spire (QoL Compilation)","Quick Restart","Rare Cards Sparkle","Relic Stats","Shade Mod","Shop Mod","StSLib","Td1madao Mod","The Administrix","The Alterego","The Cursed","The Hierophant","The Immortal","The Necromancer","The Senshi","The Servant 0.9.4","The Wild Card","TheVacant"],"gold_per_floor":[113,288,288,288,303,331,345,345,345,345,345,43,53,67,67,166,166,183,183,195,120,140,66,66,66],"floor_reached":24,"language":"ENG","playtime":2107,"items_purged":[],"score":225,"play_id":"1cb7ab2f-a246-4f71-ba8e-d46130996c00","local_time":"20210211143103","is_ascension_mode":true,"campfire_choices":[{"floor":8.0,"key":"REST"},{"floor":10.0,"key":"RECALL"},{"data":"Summon_Lich","floor":15.0,"key":"SMITH"}],"circlet_count":0,"master_deck":["Strike_W","Strike_W","Strike_W","Strike_W","Defend_W","Defend_W","Defend_W","Defend_W","Negative_Energy_Arrows","Bone_Wall","Detonate_Bones","Acid_Javelin+1","Doubt","Summon_Lich+1","Finger_Of_Death","Negative_Energy_Javelin","Toxic_Smoke_Screen","Strike_from_Beyond","Summon_Death_Knight","Summon_Undead+1","Bone_Armor","Consume_Illness+1","Summon_Lich"],"relics":["Vampire_Amulet","Meat on the Bone","InkBottle","Ginger","hubris:MedicalManual","Runic Pyramid","sneckomod:BabySnecko"],"acts_visited":["Exordium","TheCity"],"potions_floor_usage":[24],"damage_taken":[{"damage":2.0,"enemies":"Jaw Worm","floor":1.0,"turns":6.0},{"damage":0.0,"enemies":"Small Slimes","floor":5.0,"turns":4.0},{"damage":37.0,"enemies":"3 Sentries","floor":6.0,"turns":7.0},{"damage":0.0,"enemies":"2 Louse","floor":7.0,"turns":3.0},{"damage":4.0,"enemies":"Looter","floor":13.0,"turns":4.0},{"damage":15.0,"enemies":"2 Fungi Beasts","floor":14.0,"turns":3.0},{"damage":49.0,"enemies":"The Guardian","floor":16.0,"turns":13.0},{"damage":7.0,"enemies":"Chosen","floor":18.0,"turns":5.0},{"damage":11.0,"enemies":"3 Byrds","floor":20.0,"turns":4.0},{"damage":33.0,"enemies":"Centurion and Healer","floor":22.0,"turns":8.0},{"damage":64,"enemies":"Gremlin Leader","floor":24,"turns":4}],"seed_played":"-2204728234099138188","potions_obtained":[{"floor":5.0,"key":"Swift Potion"},{"floor":16.0,"key":"Ancient Potion"},{"floor":18.0,"key":"GamblersBrew"},{"floor":22.0,"key":"LiquidMemories"}],"is_trial":false,"path_per_floor":["M","?","?","?","M","E","M","R","T","R","?","$","M","M","R","B",null,"M","?","M","?","M","$","E"],"character_chosen":"NECROMANCER","items_purchased":["hubris:MedicalManual","Summon_Lich"],"campfire_rested":1,"item_purchase_floors":[12,23],"current_hp_per_floor":[75,75,68,68,72,41,45,67,67,67,72,72,70,59,59,24,80,75,75,76,76,47,47,0,0],"gold":66,"neow_bonus":"ONE_RANDOM_RARE_CARD","is_daily":false,"chose_seed":false,"campfire_upgraded":1,"win_rate":0.0,"timestamp":1613082663,"path_taken":["M","?","?","?","M","E","M","R","T","R","?","?","?","M","R","BOSS","M","?","M","?","M","$","E"],"items_purchased_type":["Relic","Card"],"build_version":"2020-12-22","purchased_purges":0,"victory":false,"max_hp_per_floor":[75,75,75,75,75,75,75,75,75,75,80,80,80,80,80,80,80,80,80,80,80,80,80,80,80],"relic_stats":{"counters":[11,61],"Ginger":[12],"obtain_stats":[{"sneckomod:BabySnecko":19,"Vampire_Amulet":0,"hubris:MedicalManual":12,"Ginger":9,"InkBottle":6,"Meat on the Bone":3,"Runic Pyramid":17},{"sneckomod:BabySnecko":8,"Vampire_Amulet":0,"hubris:MedicalManual":4,"Ginger":4,"InkBottle":3,"Meat on the Bone":1,"Runic Pyramid":7},{"sneckomod:BabySnecko":45,"Vampire_Amulet":0,"hubris:MedicalManual":20,"Ginger":20,"InkBottle":17,"Meat on the Bone":6,"Runic Pyramid":40}],"InkBottle":[10],"Meat on the Bone":12},"card_choices":[{"not_picked":["Negative_Energy_Javelin","Bone_Spikes"],"picked":"Acid_Javelin","floor":1.0},{"not_picked":["Bone_Bullets","Scare"],"picked":"Summon_Lich","floor":5.0},{"not_picked":["Bone_Spikes","Blood_Shield"],"picked":"Finger_Of_Death","floor":6.0},{"not_picked":["Bone_Bullets","Death_March_Dance"],"picked":"Negative_Energy_Javelin","floor":7.0},{"not_picked":["Death_Coil","Negative_Energy_Sphere"],"picked":"Toxic_Smoke_Screen","floor":13.0},{"not_picked":["Blood_Whip","Bone_Shift"],"picked":"Strike_from_Beyond","floor":14.0},{"not_picked":["Grasp_Heart","Cloudkill"],"picked":"Summon_Death_Knight","floor":16.0},{"not_picked":["Bone_Armor","Consume_Illness"],"picked":"Summon_Undead+1","floor":18.0},{"not_picked":["Bones_to_Steel","Blood_Magic"],"picked":"Bone_Armor","floor":20.0},{"not_picked":["Bones_to_Steel+1","Necrotic_Claws+1"],"picked":"Consume_Illness+1","floor":22.0}],"player_experience":388437,"relics_obtained":[{"floor":6.0,"key":"InkBottle"},{"floor":9.0,"key":"Ginger"}],"event_choices":[{"damage_healed":0.0,"max_hp_gain":0.0,"max_hp_loss":0.0,"gold_gain":175.0,"event_name":"betterThird:BetterSerpent","player_choice":"AGREE","floor":2.0,"gold_loss":0.0,"damage_taken":113.0},{"damage_healed":0.0,"max_hp_gain":0.0,"max_hp_loss":0.0,"gold_gain":0.0,"event_name":"betterThird:BetterScrap","player_choice":"Relic ","floor":3.0,"gold_loss":0.0,"damage_taken":7.0,"cards_obtained":["Escape Plan"]},{"damage_healed":0.0,"max_hp_gain":5.0,"max_hp_loss":0.0,"gold_gain":0.0,"event_name":"Big Fish","player_choice":"Donut","floor":11.0,"gold_loss":0.0,"damage_taken":0.0},{"cards_removed":["downfall:Bewildered"],"damage_healed":0.0,"max_hp_gain":0.0,"max_hp_loss":0.0,"gold_gain":0.0,"event_name":"Beggar","player_choice":"Gave Gold","floor":21.0,"gold_loss":75.0,"damage_taken":0.0}],"is_beta":false,"boss_relics":[{"not_picked":["Snecko Eye","Fusion Hammer"],"picked":"Runic Pyramid"}],"items_purged_floors":[],"is_endless":false,"potions_floor_spawned":[5,16,18,20,22],"killed_by":"Gremlin Leader","ascension_level":3}}