{"host":"k7udt7atmcuzf6l0","time":1613050625,"event":{"mods":["AchievementEnabler","BaseMod","BetterRewards","Colored Map","Colored Powertips","Highlight Path","Minty Spire (QoL Compilation)","Quick Restart","Rare Cards Sparkle","Relic Stats","StSLib","UnlockEverythingMod"],"gold_per_floor":[118,136,89,164,164,164,164,175,200,212,212,212,285,305,305,305,305],"floor_reached":16,"language":"ZHS","playtime":264,"items_purged":[],"score":90,"play_id":"86ccc7ad-4a1b-4723-b133-3c5c5e337a3e","local_time":"20210211213705","is_ascension_mode":false,"campfire_choices":[{"data":"Jack Of All Trades","floor":7,"key":"SMITH"},{"data":"Dagger Spray","floor":11,"key":"SMITH"},{"data":"Adrenaline","floor":15,"key":"SMITH"}],"circlet_count":0,"master_deck":["Strike_G","Strike_G","Strike_G","Strike_G","Strike_G","Defend_G","Defend_G","Defend_G","Defend_G","Defend_G","Survivor","Neutralize","Jack Of All Trades+1","Dagger Spray+1","Backstab","PiercingWail","Adrenaline+1"],"relics":["Ring of the Snake","MealTicket","Tingsha","Oddly Smooth Stone","Art of War"],"acts_visited":["Exordium"],"potions_floor_usage":[],"damage_taken":[{"damage":0,"enemies":"2 Louse","floor":1,"turns":3},{"damage":0,"enemies":"Small Slimes","floor":2,"turns":4},{"damage":0,"enemies":"Jaw Worm","floor":8,"turns":2},{"damage":13,"enemies":"Exordium Thugs","floor":10,"turns":5},{"damage":1,"enemies":"Looter","floor":14,"turns":3},{"damage":0,"enemies":"Hexaghost","floor":16,"turns":2}],"seed_played":"6594327893659807383","potions_obtained":[{"floor":10,"key":"Energy Potion"}],"is_trial":false,"path_per_floor":["M","M","$","?","?","T","R","M","T","M","R","?","?","M","R","B"],"character_chosen":"THE_SILENT","items_purchased":["PiercingWail"],"campfire_rested":0,"item_purchase_floors":[3],"current_hp_per_floor":[70,70,70,59,56,56,56,56,56,43,43,43,43,42,42,42,42],"gold":305,"neow_bonus":"RANDOM_COLORLESS","is_daily":false,"chose_seed":false,"campfire_upgraded":3,"win_rate":0.0,"timestamp":1613050625,"path_taken":["M","M","$","?","?","?","R","?","T","M","R","?","?","M","R","BOSS"],"items_purchased_type":["Card"],"build_version":"2020-12-22","purchased_purges":0,"victory":false,"max_hp_per_floor":[70,70,70,70,70,70,70,70,70,70,70,70,70,70,70,70,70],"relic_stats":{"counters":[6,18],"MealTicket":0,"Tingsha":[9],"Art of War":[0],"obtain_stats":[{"Oddly Smooth Stone":9,"MealTicket":5,"Tingsha":6,"Art of War":12,"Ring of the Snake":0},{"Oddly Smooth Stone":3,"MealTicket":2,"Tingsha":2,"Art of War":4,"Ring of the Snake":0},{"Oddly Smooth Stone":9,"MealTicket":7,"Tingsha":7,"Art of War":14,"Ring of the Snake":0}],"Ring of the Snake":[12]},"card_choices":[{"not_picked":["Forethought","Purity"],"picked":"Jack Of All Trades","floor":0},{"not_picked":["Sucker Punch","Catalyst"],"picked":"Dagger Spray","floor":1},{"not_picked":["Dagger Throw","Deflect"],"picked":"Backstab","floor":2},{"not_picked":["Backflip","Setup","Footwork"],"picked":"SKIP","floor":8},{"not_picked":["Poisoned Stab","Riddle With Holes","Bane"],"picked":"SKIP","floor":10},{"not_picked":["Bane","Well Laid Plans"],"picked":"Adrenaline","floor":14}],"player_experience":99969,"relics_obtained":[{"floor":6,"key":"Tingsha"},{"floor":9,"key":"Oddly Smooth Stone"}],"event_choices":[{"damage_healed":0,"gold_gain":75,"player_choice":"Gather Gold","damage_taken":11,"max_hp_gain":0,"max_hp_loss":0,"event_name":"World of Goop","floor":4,"gold_loss":0},{"damage_healed":0,"gold_gain":0,"player_choice":"Success","damage_taken":3,"relics_obtained":["MealTicket"],"max_hp_gain":0,"max_hp_loss":0,"event_name":"Scrap Ooze","floor":5,"gold_loss":0},{"damage_healed":0,"gold_gain":0,"player_choice":"Searched \u00272\u0027 times","damage_taken":0,"relics_obtained":["Art of War"],"max_hp_gain":0,"max_hp_loss":0,"event_name":"Dead Adventurer","floor":12,"gold_loss":0},{"damage_healed":0,"gold_gain":73,"player_choice":"Gained Gold","damage_taken":0,"max_hp_gain":0,"max_hp_loss":0,"event_name":"Golden Wing","floor":13,"gold_loss":0}],"is_beta":false,"boss_relics":[],"items_purged_floors":[],"is_endless":false,"potions_floor_spawned":[10],"killed_by":"Hexaghost","ascension_level":0}}