{"host":"swn8ychr123rw3gf","time":1613048070,"event":{"mods":["BaseMod","Minty Spire (QoL Compilation)","StSLib"],"gold_per_floor":[112,112,37,57,132,170,170,183,229,229,229,229,129,154,154,154,154],"floor_reached":16,"language":"ZHS","playtime":289,"items_purged":["Strike_G","Strike_G"],"score":240,"play_id":"99b88629-050a-41fa-b3a1-8556c608be11","local_time":"20210211205430","is_ascension_mode":true,"campfire_choices":[{"data":"Blur","floor":7,"key":"SMITH"},{"data":"Dash","floor":10,"key":"SMITH"},{"floor":12,"key":"REST"},{"floor":15,"key":"REST"}],"circlet_count":0,"master_deck":["AscendersBane","Strike_G","Strike_G","Strike_G+1","Defend_G","Defend_G","Defend_G","Defend_G","Defend_G","Survivor","Neutralize+1","Dash+1","Blur+1","Catalyst","Accuracy"],"relics":["Ring of the Snake","NeowsBlessing","Golden Idol","Tiny Chest","Lantern"],"acts_visited":["Exordium"],"potions_floor_usage":[],"damage_taken":[{"damage":0,"enemies":"Jaw Worm","floor":1,"turns":1},{"damage":0,"enemies":"2 Louse","floor":4,"turns":1},{"damage":0,"enemies":"3 Sentries","floor":6,"turns":1},{"damage":1,"enemies":"Cultist","floor":8,"turns":4},{"damage":11,"enemies":"Large Slime","floor":14,"turns":9},{"damage":9,"enemies":"Hexaghost","floor":16,"turns":9}],"seed_played":"-5406450156993553481","potions_obtained":[{"floor":1,"key":"Energy Potion"},{"floor":8,"key":"LiquidMemories"}],"is_trial":false,"path_per_floor":["M","?","$","M","?","E","R","M","T","R","?","R","$","M","R","B"],"character_chosen":"THE_SILENT","items_purchased":[],"campfire_rested":2,"item_purchase_floors":[],"current_hp_per_floor":[59,36,36,36,25,25,25,24,24,24,4,23,23,12,31,22,22],"gold":154,"neow_bonus":"THREE_ENEMY_KILL","is_daily":false,"chose_seed":false,"campfire_upgraded":2,"win_rate":0.0,"timestamp":1613048070,"path_taken":["M","?","$","M","?","E","R","M","T","R","?","R","?","M","R","BOSS"],"items_purchased_type":[],"build_version":"2020-12-22","purchased_purges":2,"victory":false,"max_hp_per_floor":[66,66,66,66,66,66,66,66,66,66,66,66,66,66,66,66,66],"card_choices":[{"not_picked":["Heel Hook","Flying Knee"],"picked":"Dash","floor":1},{"not_picked":["Dash","Backflip","Eviscerate"],"picked":"SKIP","floor":4},{"not_picked":["Slice","Caltrops"],"picked":"Blur","floor":6},{"not_picked":["Choke","Underhanded Strike"],"picked":"Catalyst","floor":8},{"not_picked":["Quick Slash","Cloak And Dagger"],"picked":"Accuracy","floor":14}],"player_experience":462005,"relics_obtained":[{"floor":6,"key":"Tiny Chest"},{"floor":9,"key":"Lantern"}],"event_choices":[{"damage_healed":0,"gold_gain":0,"player_choice":"Take Damage","damage_taken":23,"relics_obtained":["Golden Idol"],"max_hp_gain":0,"max_hp_loss":0,"event_name":"Golden Idol","floor":2,"gold_loss":0},{"damage_healed":0,"gold_gain":75,"player_choice":"Gather Gold","damage_taken":11,"max_hp_gain":0,"max_hp_loss":0,"event_name":"World of Goop","floor":5,"gold_loss":0},{"damage_healed":0,"gold_gain":0,"player_choice":"Entered Light","damage_taken":20,"max_hp_gain":0,"max_hp_loss":0,"event_name":"Shining Light","floor":11,"gold_loss":0,"cards_upgraded":["Neutralize","Strike_G"]}],"is_beta":false,"boss_relics":[],"items_purged_floors":[3,13],"is_endless":false,"potions_floor_spawned":[1,8],"killed_by":"Hexaghost","ascension_level":19}}