{"host":"sav7uxregyirlf69","time":1613025500,"event":{"mods":["AchievementEnabler","BaseMod","Colored Map","DeckTracker","Keyboard Shortcuts","Minty Spire (QoL Compilation)","READ ME - Guardian Mod","StSLib","SuperFastMode"],"gold_per_floor":[415,427,427,224,295,321,331,331,382,137,200,218,249,265,265,360,360,372,372,110,35,35,54,54,54,122,147,161,193,193,66,66,165,165,184,47,67,79,89,89,106,156,156,191,203,213,238,263,263,263,263,263,85,120,120],"floor_reached":56,"language":"KOR","playtime":2272,"items_purged":["Strike_G","Strike_G","Strike_G","Strike_G","Strike_G","Choke+1","Bouncing Flask+1"],"score":1674,"play_id":"2e61938b-2999-41eb-a0b2-980f9a4f4deb","local_time":"20210211153820","daily_mods":["Heirloom"],"is_ascension_mode":true,"campfire_choices":[{"floor":8.0,"key":"REST"},{"data":"Reflex","floor":15,"key":"SMITH"},{"data":"Flash of Steel","floor":30,"key":"SMITH"},{"data":"Footwork","floor":32,"key":"SMITH"},{"data":"Well Laid Plans","floor":40,"key":"SMITH"},{"floor":49,"key":"RECALL"},{"data":"Neutralize","floor":52,"key":"SMITH"}],"circlet_count":0,"master_deck":["Defend_G+1","Survivor","Neutralize+1","Reflex+1","Noxious Fumes","Flash of Steel+1","Footwork+1","Grand Finale","Acrobatics+1","Escape Plan+1","Prepared+1","Burst+1","Acrobatics+1","Tactician+1","Finesse+1","Concentrate+1","Blur+1","After Image","Calculated Gamble+1","Wraith Form v2+1","Well Laid Plans+1","Calculated Gamble+1","Backflip+1"],"relics":["Ring of the Snake","Old Coin","Toxic Egg 2","Regal Pillow","Omamori","Orrery","PreservedInsect","Matryoshka","SlaversCollar","Tiny Chest","Membership Card","Bag of Preparation","Eternal Feather","Bottled Flame","Prayer Wheel","Red Mask","Astrolabe","Tough Bandages","Bottled Tornado","Thread and Needle","War Paint","Ancient Tea Set","Centennial Puzzle"],"acts_visited":["Exordium","TheCity","TheBeyond","TheEnding"],"potions_floor_usage":[55],"damage_taken":[{"damage":0.0,"enemies":"Small Slimes","floor":1.0,"turns":3.0},{"damage":0.0,"enemies":"Cultist","floor":2.0,"turns":3.0},{"damage":50.0,"enemies":"Gremlin Nob","floor":6.0,"turns":6.0},{"damage":0.0,"enemies":"2 Louse","floor":7.0,"turns":3.0},{"damage":10.0,"enemies":"Lagavulin Event","floor":11.0,"turns":3.0},{"damage":0.0,"enemies":"Looter","floor":12.0,"turns":4.0},{"damage":0,"enemies":"3 Sentries","floor":13,"turns":1},{"damage":0,"enemies":"Exordium Thugs","floor":14,"turns":3},{"damage":8,"enemies":"Slime Boss","floor":16,"turns":5},{"damage":2,"enemies":"Shell Parasite","floor":18,"turns":4},{"damage":0,"enemies":"3 Byrds","floor":23,"turns":4},{"damage":0,"enemies":"Book of Stabbing","floor":27,"turns":1},{"damage":0,"enemies":"Snake Plant","floor":28,"turns":2},{"damage":2,"enemies":"Masked Bandits","floor":29,"turns":2},{"damage":0,"enemies":"Champ","floor":33,"turns":6},{"damage":0,"enemies":"3 Darklings","floor":35,"turns":1},{"damage":0,"enemies":"Orb Walker","floor":37,"turns":2},{"damage":0,"enemies":"Spire Growth","floor":38,"turns":5},{"damage":0,"enemies":"Maw","floor":39,"turns":4},{"damage":0,"enemies":"3 Darklings","floor":41,"turns":1},{"damage":0,"enemies":"Mind Bloom Boss Battle","floor":42,"turns":3},{"damage":0,"enemies":"Giant Head","floor":44,"turns":1},{"damage":0,"enemies":"Writhing Mass","floor":45,"turns":3},{"damage":0,"enemies":"Sphere and 2 Shapes","floor":46,"turns":2},{"damage":0,"enemies":"Reptomancer","floor":47,"turns":2},{"damage":0,"enemies":"Time Eater","floor":50,"turns":12},{"damage":0,"enemies":"Shield and Spear","floor":54,"turns":1},{"damage":0,"enemies":"The Heart","floor":55,"turns":4}],"seed_played":"-9021668622085200383","potions_obtained":[{"floor":1.0,"key":"PowerPotion"},{"floor":6.0,"key":"Fire Potion"},{"floor":12.0,"key":"FearPotion"},{"floor":14,"key":"Weak Potion"},{"floor":22,"key":"Energy Potion"},{"floor":22,"key":"Regen Potion"},{"floor":47,"key":"FairyPotion"}],"is_trial":true,"path_per_floor":["M","M","?","$","T","E","M","R","T","$","?","M","E","M","R","B",null,"M","?","$","$","?","M","T","?","T","E","M","?","R","$","R","B",null,"M","$","M","M","M","R","M","?","T","E","M","M","E","T","R","B",null,"R","$","E","B",null],"character_chosen":"THE_SILENT","items_purchased":["Flash of Steel","Footwork","Orrery","Membership Card","Finesse+1","Blur+1","Well Laid Plans","LiquidBronze","Backflip+1"],"campfire_rested":1,"item_purchase_floors":[4,4,10,20,20,31,36,53,53],"current_hp_per_floor":[70,70,70,70,70,20,20,56,56,56,46,46,46,46,46,38,70,68,68,68,68,68,68,68,68,68,68,68,66,70,70,70,70,70,70,70,70,70,70,70,70,70,70,70,70,70,70,70,70,70,70,70,70,70,70],"gold":120,"neow_bonus":"","is_daily":false,"chose_seed":false,"campfire_upgraded":5,"win_rate":0.0,"timestamp":1613025500,"path_taken":["M","M","?","$","?","E","M","R","T","$","?","M","E","M","R","BOSS","M","?","?","$","?","?","?","?","T","E","M","?","R","$","R","BOSS","M","$","M","M","M","R","M","?","T","E","M","M","E","?","R","BOSS","R","$","E","BOSS"],"items_purchased_type":["Card","Card","Relic","Relic","Card","Card","Card","Potion","Card"],"build_version":"2020-12-22","purchased_purges":7,"victory":true,"max_hp_per_floor":[70,70,70,70,70,70,70,70,70,70,70,70,70,70,70,70,70,70,70,70,70,70,70,70,70,70,70,70,70,70,70,70,70,70,70,70,70,70,70,70,70,70,70,70,70,70,70,70,70,70,70,70,70,70,70],"card_choices":[{"not_picked":["Blade Dance","Leg Sweep"],"picked":"Bouncing Flask","floor":1.0},{"not_picked":["Flying Knee","Dagger Throw"],"picked":"Reflex","floor":2.0},{"not_picked":["Skewer","Heel Hook","Predator"],"picked":"SKIP","floor":6.0},{"not_picked":["Underhanded Strike","Leg Sweep+1"],"picked":"Grand Finale","floor":7.0},{"not_picked":["Sucker Punch","Dagger Throw"],"picked":"Acrobatics+1","floor":10.0},{"not_picked":["Acrobatics+1","Slice"],"picked":"Escape Plan+1","floor":10.0},{"not_picked":["Underhanded Strike","Noxious Fumes"],"picked":"Prepared+1","floor":10.0},{"not_picked":["Finisher","Poisoned Stab"],"picked":"Burst+1","floor":10.0},{"not_picked":["Setup+1","Footwork"],"picked":"Acrobatics+1","floor":12.0},{"not_picked":["Crippling Poison+1","Deadly Poison+1","Leg Sweep+1"],"picked":"SKIP","floor":13},{"not_picked":["Deadly Poison+1","Infinite Blades","Slice"],"picked":"SKIP","floor":14},{"not_picked":["Cloak And Dagger+1","Underhanded Strike+1"],"picked":"Tactician+1","floor":18},{"not_picked":["Dagger Spray","Dagger Throw+1","Predator"],"picked":"SKIP","floor":23},{"not_picked":["Flying Knee","Choke+1","Predator+1"],"picked":"SKIP","floor":27},{"not_picked":["Reflex+1","Dodge and Roll+1","Backflip+1"],"picked":"SKIP","floor":28},{"not_picked":["Deflect+1","Deadly Poison+1","Bouncing Flask+1"],"picked":"SKIP","floor":28},{"not_picked":["Phantasmal Killer+1","Corpse Explosion+1"],"picked":"After Image","floor":33},{"not_picked":["Tactician+1","Slice+1","Caltrops+1"],"picked":"SKIP","floor":35},{"not_picked":["Distraction+1","Sucker Punch","Caltrops+1"],"picked":"SKIP","floor":35},{"not_picked":["Finisher","Prepared+1","Flying Knee"],"picked":"SKIP","floor":37},{"not_picked":["Backstab+1","Acrobatics+1","Cloak And Dagger+1"],"picked":"SKIP","floor":37},{"not_picked":["Dash+1","Dagger Spray","Bane+1"],"picked":"SKIP","floor":38},{"not_picked":["Escape Plan+1","Dash+1","Noxious Fumes"],"picked":"SKIP","floor":38},{"not_picked":["Quick Slash","Leg Sweep+1","Envenom"],"picked":"SKIP","floor":39},{"not_picked":["Prepared+1","Acrobatics+1","Setup+1"],"picked":"SKIP","floor":39},{"not_picked":["Distraction+1","Calculated Gamble+1","Bouncing Flask+1"],"picked":"SKIP","floor":41},{"not_picked":["Outmaneuver+1","Dagger Spray","Accuracy+1"],"picked":"SKIP","floor":41},{"not_picked":["Deflect+1","Slice+1"],"picked":"Calculated Gamble+1","floor":44},{"not_picked":["Malaise+1","Flying Knee","Dagger Throw"],"picked":"SKIP","floor":45},{"not_picked":["Prepared+1","Sucker Punch","Underhanded Strike"],"picked":"SKIP","floor":45},{"not_picked":["Corpse Explosion+1","Tactician+1","Deflect+1"],"picked":"SKIP","floor":46},{"not_picked":["Dagger Spray+1","Deadly Poison+1","Bane+1"],"picked":"SKIP","floor":46},{"not_picked":["Crippling Poison+1","Blur+1","Endless Agony+1"],"picked":"SKIP","floor":47},{"not_picked":["Blade Dance+1","Sucker Punch+1","Backflip+1"],"picked":"SKIP","floor":54}],"player_experience":1556573,"relics_obtained":[{"floor":5.0,"key":"Toxic Egg 2"},{"floor":6.0,"key":"Regal Pillow"},{"floor":9.0,"key":"Omamori"},{"floor":11.0,"key":"PreservedInsect"},{"floor":13,"key":"Matryoshka"},{"floor":19,"key":"Tiny Chest"},{"floor":24,"key":"Bag of Preparation"},{"floor":26,"key":"Eternal Feather"},{"floor":26,"key":"Bottled Flame"},{"floor":27,"key":"Prayer Wheel"},{"floor":29,"key":"Red Mask"},{"floor":42,"key":"Tough Bandages"},{"floor":43,"key":"Bottled Tornado"},{"floor":44,"key":"Thread and Needle"},{"floor":47,"key":"War Paint"},{"floor":48,"key":"Ancient Tea Set"},{"floor":54,"key":"Centennial Puzzle"}],"event_choices":[{"damage_healed":0.0,"max_hp_gain":0.0,"max_hp_loss":0.0,"gold_gain":0.0,"cards_transformed":["Defend_G"],"event_name":"Transmorgrifier","player_choice":"Transformed","floor":3.0,"gold_loss":0.0,"damage_taken":0.0,"cards_obtained":["Noxious Fumes"]},{"damage_healed":0.0,"max_hp_gain":0.0,"max_hp_loss":0.0,"gold_gain":0.0,"event_name":"Dead Adventurer","player_choice":"Searched \u00272\u0027 times","floor":11.0,"gold_loss":0.0,"damage_taken":0.0},{"damage_healed":0,"gold_gain":0,"player_choice":"Relic","damage_taken":0,"max_hp_gain":0,"max_hp_loss":0,"event_name":"Wheel of Change","floor":19,"gold_loss":0},{"damage_healed":0,"gold_gain":0,"player_choice":"Got Potions","damage_taken":0,"max_hp_gain":0,"max_hp_loss":0,"event_name":"Lab","floor":22,"gold_loss":0},{"damage_healed":0,"gold_gain":0,"player_choice":"Read","damage_taken":0,"max_hp_gain":0,"max_hp_loss":0,"event_name":"The Library","floor":25,"gold_loss":0,"cards_obtained":["Concentrate"]},{"damage_healed":0,"gold_gain":0,"player_choice":"Fought Bandits","damage_taken":0,"max_hp_gain":0,"max_hp_loss":0,"event_name":"Masked Bandits","floor":29,"gold_loss":0},{"damage_healed":0,"gold_gain":0,"player_choice":"Fight","damage_taken":0,"max_hp_gain":0,"max_hp_loss":0,"event_name":"MindBloom","floor":42,"gold_loss":0}],"is_beta":false,"boss_relics":[{"not_picked":["SacredBark","WristBlade"],"picked":"SlaversCollar"},{"not_picked":["Coffee Dripper","Ring of the Serpent"],"picked":"Astrolabe"}],"items_purged_floors":[4,10,20,21,31,36,53],"is_endless":false,"potions_floor_spawned":[1,6,12,14,29,33,37,38,41,45,46,47],"ascension_level":1}}