{"host":"kvq1t47bkvtg8ho9","time":1613071948,"event":{"mods":["Aspiration","Bard","BaseMod","Beaked The Cultist","Better Sensory Stone","Better Third Choice","BetterRewards","Bossed Relics","Clockwork Mod","Colored Map","Conspire","Downfall","Energized Spire","Friendly Minions","Hermit","HexUI Lib","Highlight Path","Hubris","Infinite Spire","JesterMod","Minty Spire (QoL Compilation)","READ ME - Guardian Mod","Relic Stats","Reliquary","Shade Mod","Somnambulant","Spire Arcade","StSLib","The Bladedancer","The Bug Knight","The Cursed","The Death Knight","The Disciple","The Forsaken","The Hierophant","The Jungle","The Marked","The Necromancer","The Runesmith","TheVacant"],"gold_per_floor":[183,183,183,183,3,3,99,99,125,125,222,196,196],"floor_reached":12,"language":"ENG","playtime":770,"items_purged":[],"score":89,"play_id":"c6282880-201b-4c21-a586-57dcd2a5587b","local_time":"20210211143228","is_ascension_mode":false,"campfire_choices":[{"floor":6,"key":"REST"},{"floor":8,"key":"REST"},{"data":"hierophant:Glossolalia","floor":10,"key":"SMITH"}],"circlet_count":0,"master_deck":["hierophant:Strike_Hierophant","hierophant:Strike_Hierophant","hierophant:Strike_Hierophant","hierophant:Strike_Hierophant","hierophant:Punish+1","hierophant:Defend_Hierophant","hierophant:Defend_Hierophant","hierophant:Defend_Hierophant","hierophant:Defend_Hierophant","hierophant:ChurchCoffers","hierophant:RustyCrate","hierophant:Doubloon","hierophant:Doubloon+1","hierophant:Glossolalia+1","hierophant:BulkyChest","hierophant:ThreeLashes","Noxious Fumes","hierophant:MintersHammer","hierophant:Charity","hierophant:Doubloon+1","hierophant:Shelter","hierophant:Doubloon","hierophant:CursedGold"],"relics":["hierophant:PropheticMaskRelic","conspire:GiftBox","Strange Spoon","Odd Mushroom","hubris:OldNail"],"acts_visited":["Exordium"],"potions_floor_usage":[],"damage_taken":[{"damage":12,"enemies":"Jaw Worm","floor":1,"turns":6},{"damage":8,"enemies":"The Mushroom Lair","floor":7,"turns":3},{"damage":0,"enemies":"Small Slimes","floor":11,"turns":2},{"damage":85,"enemies":"Gremlin Nob","floor":12,"turns":5}],"seed_played":"-4055967361806775221","potions_obtained":[],"is_trial":false,"path_per_floor":["M","?","?","?","$","R","?","R","T","R","M","E"],"character_chosen":"HIEROPHANT","items_purchased":["hubris:EmptyBottle","hierophant:RustyCrate","hierophant:Glossolalia","hierophant:BulkyChest","Strange Spoon","hierophant:Charity"],"campfire_rested":2,"item_purchase_floors":[0,0,0,0,5,5],"current_hp_per_floor":[63,63,29,29,29,51,43,65,65,65,65,0,0],"gold":196,"neow_bonus":"","is_daily":false,"chose_seed":false,"campfire_upgraded":1,"win_rate":0.0,"timestamp":1613071948,"path_taken":["M","?","?","?","$","R","?","R","T","R","?","E"],"items_purchased_type":["Relic","Card","Card","Card","Relic","Card"],"build_version":"2020-12-22","purchased_purges":0,"victory":false,"max_hp_per_floor":[75,75,75,75,75,75,75,75,75,75,75,75,75],"relic_stats":{"Strange Spoon":[4],"counters":[176,695],"obtain_stats":[{"hubris:MysteriousPyramids":118,"aspiration:RitualStick":126,"infinitespire:ShieldingShard":27,"hubris:DeckOfHolding":53,"Fusion Hammer":17,"Kunai":7,"HollowMod:PaleOreRelic":112,"aspiration:DSix":0,"theMarked:DemonDagger":26,"Pear":10,"hubris:SphereOfDissonance":89,"Shade:YorickPolishedSkull":51,"Eternal Feather":23,"Pen Nib":44,"Guardian:PocketSentry":156,"energizedSpire:StickyHand":34,"MutagenicStrength":19,"infinitespire:PuzzleCube":104,"hubris:Reverence":14,"Regal Pillow":94,"Torii":74,"hierophant:PropheticMaskRelic":0,"Bag of Preparation":91,"hubris:EmptyBottle":0,"hubris:BlackHole":102,"hubris:ScarierMask":17,"Toolbox":13,"hubris:CuriousFeather":6,"aspiration:FutureDiary":68,"theMarked:Eyepatch":17,"aspiration:VileToxins":146,"Potion Belt":46,"hubris:64BitClover":48,"Golden Idol":61,"Guardian:GemstoneGun":6,"conspire:RunicOctahedron":85,"The Courier":99,"PreservedInsect":0,"Omamori":80,"infinitespire:Lucky Rock":59,"infinitespire:CheckeredPen":86,"Frozen Egg 2":36,"hubris:Towel":73,"MawBank":148,"theMarked:ArtifactOfAir":0,"Ornamental Fan":0,"Art of War":46,"Runesmith:AutoHammer":14,"conspire:DeflatedDodgeball":12,"Toy Ornithopter":23,"hubris:BottledRain":60,"Gremlin Horn":44,"hubris:VirtuousBlindfold":17,"Vajra":115,"HollowMod:StagPassRelic":57,"hubris:TerracottaHorce":34,"Lizard Tail":128,"aspiration:MobileForge":119,"aspiration:ArtOfWarUpgrade":83,"Toxic Egg 2":4,"hubris:Teleporter":123,"Astrolabe":136,"Oddly Smooth Stone":76,"energizedSpire:OgreHead":53,"Letter Opener":129,"conspire:GiftBox":43,"aspiration:EmptySkull":0,"Shuriken":64,"Molten Egg 2":131,"infinitespire:EmpoweringShard":43,"hubris:ToyBattleship":13,"Pocketwatch":0,"Darkstone Periapt":9,"bronze:BronzeCore":0,"reliquary:Boomerang":11,"SacredBark":34,"theForsaken:Lifeblossom":25,"Mango":77,"conspire:SpecialSausage":153,"aspiration:TomeofQuesting":25,"Incense Burner":99,"Juzu Bracelet":142,"hubris:SlimyHat":6,"theForsaken:Gavel":26,"conspire:TopHat":9,"aspiration:StickyExplosives_weak":95,"Frozen Eye":70,"Nunchaku":29,"hubris:Icosahedron":24,"theForsaken:Kindling":139,"Pantograph":106,"Tiny Chest":26,"Red Mask":37,"hubris:DisguiseKit":6,"aspiration:FetidBarrel":26,"Orichalcum":69,"Odd Mushroom":7,"Mercury Hourglass":40,"Calling Bell":99,"Strange Spoon":5,"Anchor":8,"CaptainsWheel":37,"infinitespire:WardingShard":23,"infinitespire:Satchel":9,"Bag of Marbles":111,"Membership Card":0,"hubris:Potato":27,"hubris:OldNail":9},{"hubris:MysteriousPyramids":93,"aspiration:RitualStick":96,"infinitespire:ShieldingShard":48,"hubris:DeckOfHolding":61,"Fusion Hammer":119,"Kunai":3,"HollowMod:PaleOreRelic":88,"aspiration:DSix":35,"theMarked:DemonDagger":146,"Pear":5,"hubris:SphereOfDissonance":79,"Shade:YorickPolishedSkull":60,"Eternal Feather":145,"Pen Nib":31,"Guardian:PocketSentry":109,"energizedSpire:StickyHand":52,"MutagenicStrength":19,"infinitespire:PuzzleCube":85,"hubris:Reverence":42,"Regal Pillow":80,"Torii":72,"hierophant:PropheticMaskRelic":172,"Bag of Preparation":79,"hubris:EmptyBottle":172,"hubris:BlackHole":83,"hubris:ScarierMask":43,"Toolbox":141,"hubris:CuriousFeather":39,"aspiration:FutureDiary":68,"theMarked:Eyepatch":143,"aspiration:VileToxins":105,"Potion Belt":156,"hubris:64BitClover":59,"Golden Idol":66,"Guardian:GemstoneGun":14,"conspire:RunicOctahedron":77,"The Courier":82,"PreservedInsect":134,"Omamori":74,"infinitespire:Lucky Rock":66,"infinitespire:CheckeredPen":78,"Frozen Egg 2":28,"hubris:Towel":71,"MawBank":106,"theMarked:ArtifactOfAir":0,"Ornamental Fan":126,"Art of War":59,"Runesmith:AutoHammer":17,"conspire:DeflatedDodgeball":15,"Toy Ornithopter":47,"hubris:BottledRain":66,"Gremlin Horn":58,"hubris:VirtuousBlindfold":18,"Vajra":91,"HollowMod:StagPassRelic":64,"hubris:TerracottaHorce":150,"Lizard Tail":96,"aspiration:MobileForge":93,"aspiration:ArtOfWarUpgrade":76,"Toxic Egg 2":37,"hubris:Teleporter":95,"Astrolabe":100,"Oddly Smooth Stone":73,"energizedSpire:OgreHead":61,"Letter Opener":97,"conspire:GiftBox":31,"aspiration:EmptySkull":9,"Shuriken":67,"Molten Egg 2":98,"infinitespire:EmpoweringShard":57,"hubris:ToyBattleship":165,"Pocketwatch":158,"Darkstone Periapt":39,"bronze:BronzeCore":0,"reliquary:Boomerang":163,"SacredBark":27,"theForsaken:Lifeblossom":23,"Mango":73,"conspire:SpecialSausage":108,"aspiration:TomeofQuesting":146,"Incense Burner":82,"Juzu Bracelet":104,"hubris:SlimyHat":114,"theForsaken:Gavel":47,"conspire:TopHat":115,"aspiration:StickyExplosives_weak":80,"Frozen Eye":69,"Nunchaku":24,"hubris:Icosahedron":47,"theForsaken:Kindling":102,"Pantograph":85,"Tiny Chest":23,"Red Mask":28,"hubris:DisguiseKit":162,"aspiration:FetidBarrel":124,"Orichalcum":69,"Odd Mushroom":174,"Mercury Hourglass":56,"Calling Bell":82,"Strange Spoon":173,"Anchor":139,"CaptainsWheel":152,"infinitespire:WardingShard":22,"infinitespire:Satchel":14,"Bag of Marbles":88,"Membership Card":9,"hubris:Potato":146,"hubris:OldNail":174},{"hubris:MysteriousPyramids":337,"aspiration:RitualStick":340,"infinitespire:ShieldingShard":207,"hubris:DeckOfHolding":261,"Fusion Hammer":428,"Kunai":10,"HollowMod:PaleOreRelic":331,"aspiration:DSix":159,"theMarked:DemonDagger":546,"Pear":18,"hubris:SphereOfDissonance":310,"Shade:YorickPolishedSkull":259,"Eternal Feather":541,"Pen Nib":138,"Guardian:PocketSentry":371,"energizedSpire:StickyHand":224,"MutagenicStrength":92,"infinitespire:PuzzleCube":326,"hubris:Reverence":183,"Regal Pillow":311,"Torii":294,"hierophant:PropheticMaskRelic":679,"Bag of Preparation":310,"hubris:EmptyBottle":679,"hubris:BlackHole":323,"hubris:ScarierMask":190,"Toolbox":524,"hubris:CuriousFeather":174,"aspiration:FutureDiary":282,"theMarked:Eyepatch":533,"aspiration:VileToxins":352,"Potion Belt":591,"hubris:64BitClover":249,"Golden Idol":274,"Guardian:GemstoneGun":65,"conspire:RunicOctahedron":308,"The Courier":317,"PreservedInsect":497,"Omamori":300,"infinitespire:Lucky Rock":274,"infinitespire:CheckeredPen":309,"Frozen Egg 2":126,"hubris:Towel":290,"MawBank":355,"theMarked:ArtifactOfAir":0,"Ornamental Fan":466,"Art of War":249,"Runesmith:AutoHammer":79,"conspire:DeflatedDodgeball":69,"Toy Ornithopter":204,"hubris:BottledRain":274,"Gremlin Horn":247,"hubris:VirtuousBlindfold":88,"Vajra":334,"HollowMod:StagPassRelic":267,"hubris:TerracottaHorce":563,"Lizard Tail":340,"aspiration:MobileForge":337,"aspiration:ArtOfWarUpgrade":304,"Toxic Egg 2":164,"hubris:Teleporter":339,"Astrolabe":345,"Oddly Smooth Stone":297,"energizedSpire:OgreHead":261,"Letter Opener":341,"conspire:GiftBox":138,"aspiration:EmptySkull":39,"Shuriken":277,"Molten Egg 2":342,"infinitespire:EmpoweringShard":242,"hubris:ToyBattleship":635,"Pocketwatch":603,"Darkstone Periapt":174,"bronze:BronzeCore":0,"reliquary:Boomerang":626,"SacredBark":122,"theForsaken:Lifeblossom":105,"Mango":297,"conspire:SpecialSausage":370,"aspiration:TomeofQuesting":546,"Incense Burner":317,"Juzu Bracelet":351,"hubris:SlimyHat":396,"theForsaken:Gavel":204,"conspire:TopHat":400,"aspiration:StickyExplosives_weak":311,"Frozen Eye":285,"Nunchaku":108,"hubris:Icosahedron":204,"theForsaken:Kindling":347,"Pantograph":326,"Tiny Chest":105,"Red Mask":126,"hubris:DisguiseKit":622,"aspiration:FetidBarrel":457,"Orichalcum":285,"Odd Mushroom":688,"Mercury Hourglass":239,"Calling Bell":317,"Strange Spoon":685,"Anchor":518,"CaptainsWheel":572,"infinitespire:WardingShard":102,"infinitespire:Satchel":65,"Bag of Marbles":331,"Membership Card":39,"hubris:Potato":546,"hubris:OldNail":688}]},"card_choices":[{"not_picked":["hierophant:Embezzle","hierophant:SecretStash"],"picked":"hierophant:ThreeLashes","floor":1},{"not_picked":["hierophant:WrathOfGod","hierophant:Generosity"],"picked":"hierophant:MintersHammer","floor":3},{"not_picked":["hierophant:PassingBell","hierophant:FlamingChariot"],"picked":"hierophant:Shelter","floor":7},{"not_picked":["hierophant:RecallFunds","hierophant:Shelter"],"picked":"hierophant:CursedGold","floor":11}],"player_experience":845343,"relics_obtained":[{"floor":7,"key":"Odd Mushroom"},{"floor":9,"key":"hubris:OldNail"}],"event_choices":[{"damage_healed":0,"gold_gain":0,"player_choice":"Ignored","damage_taken":0,"max_hp_gain":0,"max_hp_loss":0,"event_name":"Golden Wing","floor":2,"gold_loss":0},{"damage_healed":0,"gold_gain":0,"player_choice":"Grow","damage_taken":0,"max_hp_gain":0,"max_hp_loss":0,"event_name":"Living Wall","floor":4,"gold_loss":0,"cards_upgraded":["hierophant:Punish"]},{"damage_healed":0,"gold_gain":0,"player_choice":"Fought Mushrooms","damage_taken":0,"max_hp_gain":0,"max_hp_loss":0,"event_name":"Mushrooms","floor":7,"gold_loss":0}],"is_beta":false,"boss_relics":[],"items_purged_floors":[],"is_endless":false,"potions_floor_spawned":[],"killed_by":"Gremlin Nob","ascension_level":0}}