{"host":"yans4pr1zf0lm9bx","time":1613060766,"event":{"mods":["AchievementEnabler","BaseMod","Minty Spire (QoL Compilation)","Replay The Spire","StSLib","SuperFastMode","slay the spire mod where everything is the same but ironclad has a cowboy hat"],"gold_per_floor":[118,27,27,27,77,77,97,127,127],"floor_reached":8,"language":"ENG","playtime":236,"items_purged":[],"score":53,"play_id":"e0cf7a43-1114-4a48-a19b-7c2a1cf7655d","local_time":"20210211112606","is_ascension_mode":true,"campfire_choices":[{"data":"ReplayTheSpireMod:Uncanny Aura","floor":6,"key":"SMITH"}],"circlet_count":0,"master_deck":["Strike_R","Strike_R","Strike_R","Strike_R","Defend_R","Defend_R","Defend_R","Defend_R","Bash","ReplayTheSpireMod:Faulty Equipment","Master of Strategy","Flex","ReplayTheSpireMod:Uncanny Aura+1","Looming Evil"],"relics":["Burning Blood","ReplayTheSpireMod:Ring of Challenge","Ring of Greed","Blue Doll","The Courier"],"acts_visited":["Exordium"],"potions_floor_usage":[8],"damage_taken":[{"damage":2,"enemies":"2 Louse","floor":1,"turns":5},{"damage":8,"enemies":"Jaw Worm","floor":7,"turns":4},{"damage":87,"enemies":"Gremlin Nob","floor":8,"turns":6}],"seed_played":"-7559503684206021357","potions_obtained":[{"floor":1,"key":"Block Potion"}],"is_trial":false,"path_per_floor":["M","$","?","T","?","R","M","E"],"character_chosen":"IRONCLAD","items_purchased":["ReplayTheSpireMod:Uncanny Aura"],"campfire_rested":0,"item_purchase_floors":[2],"current_hp_per_floor":[80,80,73,73,73,73,71,0,0],"gold":127,"neow_bonus":"RANDOM_COLORLESS_2","is_daily":false,"chose_seed":false,"campfire_upgraded":1,"win_rate":0.0,"timestamp":1613060766,"path_taken":["M","$","?","?","?","R","M","E"],"items_purchased_type":["Card"],"build_version":"2020-12-22","purchased_purges":0,"victory":false,"max_hp_per_floor":[80,80,80,80,80,80,80,80,80],"card_choices":[{"not_picked":["Violence","Thinking Ahead"],"picked":"Master of Strategy","floor":0},{"not_picked":["ReplayTheSpireMod:Limb From Limb","Iron Wave"],"picked":"Flex","floor":1},{"not_picked":["Anger","Disarm","Dropkick"],"picked":"SKIP","floor":7}],"player_experience":282710,"relics_obtained":[{"floor":5,"key":"ReplayTheSpireMod:Ring of Challenge"},{"floor":5,"key":"Ring of Greed"},{"floor":5,"key":"Blue Doll"},{"floor":5,"key":"The Courier"}],"event_choices":[{"cards_removed":["Strike_R"],"damage_healed":0,"gold_gain":0,"player_choice":"Card Removal","damage_taken":7,"max_hp_gain":0,"max_hp_loss":0,"event_name":"Golden Wing","floor":3,"gold_loss":0}],"is_beta":false,"boss_relics":[],"items_purged_floors":[],"is_endless":false,"potions_floor_spawned":[1],"killed_by":"Gremlin Nob","ascension_level":4}}