{"host":"h2g8ky7y1n1j4svm","time":1613061139,"event":{"mods":["AchievementEnabler","BaseMod","Bestiary","Block Reminder","Colored Map","Highlight Path","Minty Spire (QoL Compilation)","Quick Restart","Relic Stats","SuperFastMode"],"gold_per_floor":[112,112,126,145,220,232,232,258,558,558,584,64,96,96,96,200,200,211,230,230,230,230,230,241,241,241,256,256,85,85,116,116,220,220,233,250,267,277,277,277,310,310,310,360,374,385,385,385,385,385,385,385,86,113,113],"floor_reached":56,"language":"ENG","playtime":11615,"items_purged":["Strike_B"],"score":1253,"play_id":"26260042-1c29-4a4a-9a88-f300f6b61e7f","local_time":"20210211173219","is_ascension_mode":false,"campfire_choices":[{"data":"Zap","floor":7.0,"key":"SMITH"},{"data":"Creative AI","floor":15.0,"key":"SMITH"},{"data":"Buffer","floor":23.0,"key":"SMITH"},{"data":"Defragment","floor":25.0,"key":"SMITH"},{"data":"Echo Form","floor":28.0,"key":"SMITH"},{"data":"Apotheosis","floor":30.0,"key":"SMITH"},{"floor":32.0,"key":"RECALL"},{"data":"Defragment","floor":40.0,"key":"SMITH"},{"data":"Hologram","floor":42.0,"key":"SMITH"},{"data":"Electrodynamics","floor":47.0,"key":"SMITH"},{"data":"Dualcast","floor":49.0,"key":"SMITH"},{"data":"Sunder","floor":52.0,"key":"SMITH"}],"circlet_count":0,"master_deck":["Strike_B+1","Defend_B+1","Defend_B+1","Defend_B+1","Zap+1","Dualcast+1","Chill","Sunder+1","Hologram+1","Cold Snap","Creative AI+1","Chill","Self Repair","Bandage Up","Cold Snap+1","Ball Lightning","Buffer+1","Cold Snap+1","Defragment+1","Force Field+1","Echo Form+1","Apotheosis+1","Redo+1","Electrodynamics+1","Storm+1","Leap+1","Defragment+1","Cold Snap+1","Conserve Battery+1","Thunder Strike","Conserve Battery","Capacitor","Coolheaded","Seek"],"relics":["Cracked Core","Oddly Smooth Stone","Odd Mushroom","Old Coin","Incense Burner","Mummified Hand","Potion Belt","Velvet Choker","Whetstone","SlaversCollar","Ornamental Fan","Art of War","Pocketwatch","Mercury Hourglass","Orichalcum"],"acts_visited":["Exordium","TheCity","TheBeyond","TheEnding"],"potions_floor_usage":[55,55,55,55],"damage_taken":[{"damage":0.0,"enemies":"Cultist","floor":1.0,"turns":3.0},{"damage":0.0,"enemies":"2 Louse","floor":3.0,"turns":3.0},{"damage":0.0,"enemies":"Small Slimes","floor":4.0,"turns":2.0},{"damage":0.0,"enemies":"3 Louse","floor":6.0,"turns":4.0},{"damage":6.0,"enemies":"The Mushroom Lair","floor":8.0,"turns":4.0},{"damage":12.0,"enemies":"3 Sentries","floor":11.0,"turns":8.0},{"damage":22.0,"enemies":"Gremlin Nob","floor":13.0,"turns":5.0},{"damage":14.0,"enemies":"Hexaghost","floor":16.0,"turns":7.0},{"damage":2.0,"enemies":"Shell Parasite","floor":18.0,"turns":7.0},{"damage":0.0,"enemies":"3 Byrds","floor":19.0,"turns":5.0},{"damage":3.0,"enemies":"3 Cultists","floor":24.0,"turns":6.0},{"damage":0.0,"enemies":"Cultist and Chosen","floor":27.0,"turns":5.0},{"damage":1.0,"enemies":"Book of Stabbing","floor":31.0,"turns":5.0},{"damage":0.0,"enemies":"Champ","floor":33.0,"turns":12.0},{"damage":2.0,"enemies":"Orb Walker","floor":35.0,"turns":3.0},{"damage":0.0,"enemies":"3 Shapes","floor":36.0,"turns":3.0},{"damage":2.0,"enemies":"Transient","floor":37.0,"turns":5.0},{"damage":0.0,"enemies":"Sphere and 2 Shapes","floor":38.0,"turns":4.0},{"damage":0.0,"enemies":"Giant Head","floor":41.0,"turns":7.0},{"damage":0.0,"enemies":"Mind Bloom Boss Battle","floor":44.0,"turns":3.0},{"damage":0.0,"enemies":"4 Shapes","floor":45.0,"turns":4.0},{"damage":0.0,"enemies":"Spire Growth","floor":46.0,"turns":3.0},{"damage":27.0,"enemies":"Donu and Deca","floor":50.0,"turns":7.0},{"damage":19,"enemies":"Shield and Spear","floor":54,"turns":6},{"damage":35,"enemies":"The Heart","floor":55,"turns":7}],"seed_played":"3992425400347767538","potions_obtained":[{"floor":1.0,"key":"Swift Potion"},{"floor":8.0,"key":"SteroidPotion"},{"floor":11.0,"key":"Regen Potion"},{"floor":18.0,"key":"Strength Potion"},{"floor":24.0,"key":"PotionOfCapacity"},{"floor":35.0,"key":"BlessingOfTheForge"},{"floor":41.0,"key":"Fire Potion"},{"floor":44.0,"key":"DistilledChaos"},{"floor":46.0,"key":"FearPotion"}],"is_trial":false,"path_per_floor":["M","?","M","M","?","M","R","?","T","?","E","$","E","?","R","B",null,"M","M","?","?","?","R","M","R","T","M","R","$","R","E","R","B",null,"M","M","M","M","?","R","E","R","T","?","M","M","R","T","R","B",null,"R","$","E","B",null],"character_chosen":"DEFECT","items_purchased":["Mummified Hand","Self Repair","Bandage Up","Cold Snap","Apotheosis","Thunder Strike","Conserve Battery","Capacitor","Coolheaded"],"campfire_rested":0,"item_purchase_floors":[12,12,12,12,29,53,53,53,53],"current_hp_per_floor":[75,75,75,75,64,64,64,58,58,58,46,46,49,42,42,39,75,75,75,61,61,61,61,69,69,69,80,80,80,80,79,79,80,80,80,80,80,80,80,80,80,80,80,80,80,80,80,80,80,60,80,80,80,72,43],"gold":113,"neow_bonus":"RANDOM_COMMON_RELIC","is_daily":false,"chose_seed":false,"campfire_upgraded":11,"win_rate":0.0,"timestamp":1613061139,"path_taken":["M","?","M","M","?","M","R","?","T","?","E","$","E","?","R","BOSS","M","M","?","?","?","R","M","R","T","M","R","$","R","E","R","BOSS","M","M","M","M","?","R","E","R","T","?","M","M","R","?","R","BOSS","R","$","E","BOSS"],"items_purchased_type":["Relic","Card","Card","Card","Card","Card","Card","Card","Card"],"build_version":"2020-12-22","purchased_purges":1,"victory":true,"max_hp_per_floor":[75,75,75,75,75,75,75,75,75,75,75,75,75,75,75,75,75,75,75,80,80,80,80,80,80,80,80,80,80,80,80,80,80,80,80,80,80,80,80,80,80,80,80,80,80,80,80,80,80,80,80,80,80,80,80],"relic_stats":{"counters":[25,128],"Mummified Hand":[211],"Ornamental Fan":[20],"Art of War":[4],"Whetstone":["Cold Snap","Cold Snap"],"Orichalcum":[6],"obtain_stats":[{"Potion Belt":13,"Oddly Smooth Stone":0,"Velvet Choker":17,"Incense Burner":11,"Whetstone":31,"Odd Mushroom":8,"Orichalcum":54,"Old Coin":9,"Mercury Hourglass":48,"SlaversCollar":34,"Mummified Hand":12,"Ornamental Fan":41,"Art of War":43,"Cracked Core":0,"Pocketwatch":44},{"Potion Belt":7,"Oddly Smooth Stone":0,"Velvet Choker":8,"Incense Burner":6,"Whetstone":13,"Odd Mushroom":5,"Orichalcum":24,"Old Coin":5,"Mercury Hourglass":22,"SlaversCollar":14,"Mummified Hand":6,"Ornamental Fan":19,"Art of War":19,"Cracked Core":0,"Pocketwatch":20},{"Potion Belt":29,"Oddly Smooth Stone":0,"Velvet Choker":36,"Incense Burner":24,"Whetstone":64,"Odd Mushroom":16,"Orichalcum":121,"Old Coin":16,"Mercury Hourglass":108,"SlaversCollar":76,"Mummified Hand":24,"Ornamental Fan":98,"Art of War":98,"Cracked Core":0,"Pocketwatch":101}],"Pocketwatch":[3],"Mercury Hourglass":[66]},"card_choices":[{"not_picked":["White Noise","Redo"],"picked":"Chill","floor":1.0},{"not_picked":["Rebound","Self Repair"],"picked":"Sunder","floor":3.0},{"not_picked":["Ball Lightning","Chaos"],"picked":"Hologram","floor":4.0},{"not_picked":["Aggregate","FTL"],"picked":"Cold Snap","floor":6.0},{"not_picked":["White Noise","BootSequence"],"picked":"Creative AI","floor":8.0},{"not_picked":["Barrage","Darkness"],"picked":"Chill","floor":11.0},{"not_picked":["Go for the Eyes","Tempest"],"picked":"Ball Lightning","floor":13.0},{"not_picked":["Amplify","Machine Learning"],"picked":"Buffer","floor":16.0},{"not_picked":["Turbo","Aggregate"],"picked":"Cold Snap","floor":18.0},{"not_picked":["Stack","Ball Lightning+1"],"picked":"Defragment","floor":19.0},{"not_picked":["Tempest","Rebound"],"picked":"Force Field+1","floor":24.0},{"not_picked":["Auto Shields","Melter"],"picked":"Echo Form","floor":27.0},{"not_picked":["Cold Snap","Sweeping Beam"],"picked":"Redo+1","floor":31.0},{"not_picked":["Machine Learning","All For One"],"picked":"Electrodynamics","floor":33.0},{"not_picked":["Self Repair","Hologram"],"picked":"Storm+1","floor":35.0},{"not_picked":["Hello World","Cold Snap"],"picked":"Leap+1","floor":36.0},{"not_picked":["Auto Shields","Hologram+1"],"picked":"Defragment","floor":37.0},{"not_picked":["Coolheaded","Lockon","Chaos"],"picked":"SKIP","floor":38.0},{"not_picked":["Sweeping Beam+1","Leap","Gash"],"picked":"SKIP","floor":41.0},{"not_picked":["Compile Driver","Static Discharge"],"picked":"Cold Snap+1","floor":44.0},{"not_picked":["Lockon","Auto Shields"],"picked":"Conserve Battery+1","floor":45.0},{"not_picked":["Cold Snap","Barrage+1","Stack"],"picked":"SKIP","floor":46.0},{"not_picked":["Rebound+1","Melter+1"],"picked":"Seek","floor":54}],"player_experience":922646,"relics_obtained":[{"floor":8.0,"key":"Odd Mushroom"},{"floor":9.0,"key":"Old Coin"},{"floor":11.0,"key":"Incense Burner"},{"floor":13.0,"key":"Potion Belt"},{"floor":31.0,"key":"Whetstone"},{"floor":41.0,"key":"Ornamental Fan"},{"floor":43.0,"key":"Art of War"},{"floor":44.0,"key":"Pocketwatch"},{"floor":48.0,"key":"Mercury Hourglass"},{"floor":54,"key":"Orichalcum"}],"event_choices":[{"cards_removed":["Strike_B"],"damage_healed":0.0,"max_hp_gain":0.0,"max_hp_loss":0.0,"gold_gain":0.0,"event_name":"Living Wall","player_choice":"Forget","floor":2.0,"gold_loss":0.0,"damage_taken":0.0},{"damage_healed":0.0,"max_hp_gain":0.0,"max_hp_loss":0.0,"gold_gain":75.0,"event_name":"World of Goop","player_choice":"Gather Gold","floor":5.0,"gold_loss":0.0,"damage_taken":11.0},{"damage_healed":0.0,"max_hp_gain":0.0,"max_hp_loss":0.0,"gold_gain":0.0,"event_name":"Mushrooms","player_choice":"Fought Mushrooms","floor":8.0,"gold_loss":0.0,"damage_taken":0.0},{"damage_healed":0.0,"max_hp_gain":0.0,"max_hp_loss":0.0,"gold_gain":0.0,"event_name":"Golden Idol","player_choice":"Ignored","floor":10.0,"gold_loss":0.0,"damage_taken":0.0},{"cards_removed":["Strike_B"],"damage_healed":0.0,"max_hp_gain":0.0,"max_hp_loss":0.0,"gold_gain":0.0,"event_name":"Golden Wing","player_choice":"Card Removal","floor":14.0,"gold_loss":0.0,"damage_taken":7.0},{"damage_healed":0.0,"max_hp_gain":5.0,"max_hp_loss":0.0,"gold_gain":0.0,"event_name":"Forgotten Altar","player_choice":"Shed Blood","floor":20.0,"gold_loss":0.0,"damage_taken":19.0},{"damage_healed":0.0,"max_hp_gain":0.0,"max_hp_loss":0.0,"gold_gain":0.0,"event_name":"Back to Basics","player_choice":"Simplicity","floor":21.0,"gold_loss":0.0,"damage_taken":0.0,"cards_upgraded":["Strike_B","Defend_B","Defend_B","Defend_B","Defend_B"]},{"cards_removed":["Defend_B"],"damage_healed":0.0,"max_hp_gain":0.0,"max_hp_loss":0.0,"gold_gain":0.0,"event_name":"Bonfire Elementals","player_choice":"Offered Basic","floor":22.0,"gold_loss":0.0,"damage_taken":0.0},{"damage_healed":0.0,"max_hp_gain":0.0,"max_hp_loss":0.0,"gold_gain":0.0,"event_name":"Tomb of Lord Red Mask","player_choice":"Ignored","floor":39.0,"gold_loss":0.0,"damage_taken":0.0},{"damage_healed":0.0,"max_hp_gain":0.0,"max_hp_loss":0.0,"gold_gain":0.0,"event_name":"MindBloom","player_choice":"Fight","floor":44.0,"gold_loss":0.0,"damage_taken":0.0}],"is_beta":false,"boss_relics":[{"not_picked":["Busted Crown","Astrolabe"],"picked":"Velvet Choker"},{"not_picked":["Coffee Dripper","Sozu"],"picked":"SlaversCollar"}],"items_purged_floors":[12],"is_endless":false,"potions_floor_spawned":[1,8,11,18,24,35,41,44,46],"ascension_level":0}}