{"host":"swn8ychr123rw3gf","time":1613054218,"event":{"mods":["BaseMod","Minty Spire (QoL Compilation)","StSLib"],"gold_per_floor":[109,121,136,151,226,253,268,268,268,52,1,18,34,34,34,34,34],"floor_reached":16,"language":"ZHS","playtime":592,"items_purged":["Strike_R"],"score":177,"play_id":"8207fbd3-7207-4396-8313-a5b837c9345e","local_time":"20210211223658","is_ascension_mode":true,"campfire_choices":[{"data":"Armaments","floor":8,"key":"SMITH"},{"floor":15,"key":"REST"}],"circlet_count":0,"master_deck":["AscendersBane","Strike_R","Strike_R","Strike_R","Strike_R","Defend_R","Defend_R","Defend_R","Defend_R","Bash","Inflame","Rupture","Bloodletting","Second Wind","Armaments+1","Dual Wield","Sword Boomerang"],"relics":["Burning Blood","Potion Belt","The Courier","Membership Card","Red Skull","Mummified Hand"],"acts_visited":["Exordium"],"potions_floor_usage":[4,6,6,13,16],"damage_taken":[{"damage":10.0,"enemies":"2 Louse","floor":1.0,"turns":3.0},{"damage":15.0,"enemies":"Small Slimes","floor":2.0,"turns":4.0},{"damage":5.0,"enemies":"Cultist","floor":3.0,"turns":4.0},{"damage":22,"enemies":"Large Slime","floor":4,"turns":7},{"damage":28,"enemies":"Lagavulin","floor":6,"turns":7},{"damage":10,"enemies":"Looter","floor":7,"turns":3},{"damage":8,"enemies":"Blue Slaver","floor":12,"turns":4},{"damage":6,"enemies":"Large Slime","floor":13,"turns":9},{"damage":37,"enemies":"The Guardian","floor":16,"turns":9}],"seed_played":"-4451004394583775886","potions_obtained":[{"floor":1.0,"key":"SteroidPotion"},{"floor":3.0,"key":"FearPotion"},{"floor":4,"key":"Explosive Potion"},{"floor":12,"key":"EssenceOfSteel"},{"floor":13,"key":"Fire Potion"}],"is_trial":false,"path_per_floor":["M","M","M","M","?","E","M","R","T","$","?","M","M","$","R","B"],"character_chosen":"IRONCLAD","items_purchased":["Membership Card","Red Skull"],"campfire_rested":1,"item_purchase_floors":[10,10],"current_hp_per_floor":[71,62,63,47,36,14,10,10,10,10,10,8,8,8,32,0,0],"gold":34,"neow_bonus":"TEN_PERCENT_HP_BONUS","is_daily":false,"chose_seed":false,"campfire_upgraded":1,"win_rate":0.0,"timestamp":1613054218,"path_taken":["M","M","M","M","?","E","M","R","T","$","?","M","M","$","R","BOSS"],"items_purchased_type":["Relic","Relic"],"build_version":"2020-12-22","purchased_purges":1,"victory":false,"max_hp_per_floor":[82,82,82,82,82,82,82,82,82,82,82,82,82,82,82,82,82],"card_choices":[{"not_picked":["Uppercut","Power Through"],"picked":"Inflame","floor":1.0},{"not_picked":["Perfected Strike","Headbutt","Wild Strike"],"picked":"SKIP","floor":2.0},{"not_picked":["Iron Wave","Thunderclap"],"picked":"Rupture","floor":3.0},{"not_picked":["Perfected Strike","Seeing Red"],"picked":"Bloodletting","floor":4},{"not_picked":["Anger","Rupture"],"picked":"Second Wind","floor":6},{"not_picked":["Thunderclap","Headbutt"],"picked":"Armaments","floor":7},{"not_picked":["Thunderclap","Twin Strike"],"picked":"Dual Wield","floor":12},{"not_picked":["Body Slam","Armaments"],"picked":"Sword Boomerang","floor":13}],"player_experience":465288,"relics_obtained":[{"floor":6,"key":"Potion Belt"},{"floor":9,"key":"The Courier"}],"event_choices":[{"damage_healed":0,"gold_gain":75,"player_choice":"Gather Gold","damage_taken":11,"max_hp_gain":0,"max_hp_loss":0,"event_name":"World of Goop","floor":5,"gold_loss":0},{"damage_healed":0,"gold_gain":0,"player_choice":"Paid Gold","damage_taken":0,"relics_obtained":["Mummified Hand"],"max_hp_gain":0,"max_hp_loss":0,"event_name":"WeMeetAgain","floor":11,"gold_loss":51}],"is_beta":false,"boss_relics":[],"items_purged_floors":[10],"is_endless":false,"potions_floor_spawned":[1,3,4,12,13],"killed_by":"The Guardian","ascension_level":14}}