{"host":"2kfsro7skzomnm41","time":1613025752,"event":{"mods":["AchievementEnabler","BaseMod","Googly Eyes","Highlight Path","Minty Spire (QoL Compilation)","StSLib"],"gold_per_floor":[11,27,42,52,52,84,84,111,111,121,121,139,139,152,152,253,253,271,196,295,295,311,345,255,269,295,306,318,146,164,15,15,117,117,137,137,153,176,192,192,220,273,273,284,317,317,331,341,341,341,341,341,88,117,117,117],"floor_reached":55,"language":"ENG","playtime":3140,"items_purged":["Defend_B","Defend_B"],"score":1172,"play_id":"2934289d-d362-4c64-8cc5-22f4189ed2c4","local_time":"20210211014232","is_ascension_mode":true,"campfire_choices":[{"data":"White Noise","floor":7,"key":"SMITH"},{"data":"Scrape","floor":13,"key":"SMITH"},{"floor":15,"key":"REST"},{"floor":32,"key":"REST"},{"floor":40,"key":"REST"},{"floor":49,"key":"RECALL"},{"floor":52,"key":"REST"}],"circlet_count":0,"master_deck":["Defend_B","Zap","Scrape+1","Chaos","Gash","Turbo","Melter","Coolheaded+1","White Noise+1","Streamline","Gash+1","FTL+1","Chill","Fission","Gash+1","Scrape+1","Undo","Hologram+1","Beam Cell+1","Good Instincts","Gash+1","All For One+1","Bandage Up","Deep Breath","Hologram","Skim+1","BootSequence+1","Hologram+1","Conserve Battery+1","Gash+1"],"relics":["Cracked Core","HornCleat","Kunai","Centennial Puzzle","Molten Egg 2","Fusion Hammer","Gremlin Horn","Akabeko","Sozu","Sundial","Du-Vu Doll","Bag of Preparation","Strawberry","Bottled Flame","Unceasing Top"],"acts_visited":["Exordium","TheCity","TheBeyond","TheEnding"],"potions_floor_usage":[8,12,14,16,23,33,33,33,45],"damage_taken":[{"damage":1.0,"enemies":"Cultist","floor":1.0,"turns":3.0},{"damage":3.0,"enemies":"2 Louse","floor":2.0,"turns":2.0},{"damage":2.0,"enemies":"Jaw Worm","floor":3.0,"turns":3.0},{"damage":0.0,"enemies":"Exordium Wildlife","floor":4.0,"turns":3.0},{"damage":19.0,"enemies":"Gremlin Nob","floor":6.0,"turns":4.0},{"damage":9,"enemies":"3 Sentries","floor":8,"turns":7},{"damage":0,"enemies":"2 Fungi Beasts","floor":10,"turns":3},{"damage":0,"enemies":"Red Slaver","floor":12,"turns":2},{"damage":6,"enemies":"Exordium Wildlife","floor":14,"turns":2},{"damage":0,"enemies":"Slime Boss","floor":16,"turns":5},{"damage":10,"enemies":"3 Byrds","floor":18,"turns":3},{"damage":7,"enemies":"2 Thieves","floor":22,"turns":3},{"damage":16,"enemies":"Book of Stabbing","floor":23,"turns":4},{"damage":0,"enemies":"Cultist and Chosen","floor":25,"turns":5},{"damage":0,"enemies":"Snecko","floor":27,"turns":4},{"damage":0,"enemies":"Snake Plant","floor":28,"turns":3},{"damage":12,"enemies":"Shelled Parasite and Fungi","floor":30,"turns":2},{"damage":0,"enemies":"Champ","floor":33,"turns":4},{"damage":0,"enemies":"3 Shapes","floor":35,"turns":2},{"damage":4,"enemies":"Orb Walker","floor":37,"turns":2},{"damage":0,"enemies":"Transient","floor":39,"turns":5},{"damage":0,"enemies":"Giant Head","floor":41,"turns":3},{"damage":0,"enemies":"2 Orb Walkers","floor":42,"turns":2},{"damage":0,"enemies":"4 Shapes","floor":44,"turns":1},{"damage":4,"enemies":"Nemesis","floor":45,"turns":3},{"damage":0,"enemies":"Spire Growth","floor":47,"turns":3},{"damage":0,"enemies":"3 Darklings","floor":48,"turns":1},{"damage":41,"enemies":"Awakened One","floor":50,"turns":5},{"damage":45,"enemies":"Shield and Spear","floor":54,"turns":3},{"damage":93,"enemies":"The Heart","floor":55,"turns":3}],"seed_played":"1699942785566533731","potions_obtained":[{"floor":3.0,"key":"SkillPotion"},{"floor":4.0,"key":"Fruit Juice"},{"floor":10,"key":"SkillPotion"},{"floor":12,"key":"Explosive Potion"},{"floor":14,"key":"ColorlessPotion"},{"floor":16,"key":"EssenceOfDarkness"},{"floor":18,"key":"BlessingOfTheForge"},{"floor":22,"key":"FocusPotion"},{"floor":30,"key":"Strength Potion"},{"floor":33,"key":"SkillPotion"}],"is_trial":false,"path_per_floor":["M","M","M","M","T","E","R","E","T","M","?","M","R","M","R","B",null,"M","?","?","?","M","E","?","M","T","M","M","$","M","$","R","B",null,"M","?","M","T","M","R","E","?","T","M","E","?","M","M","R","B",null,"R","$","E","B"],"character_chosen":"DEFECT","items_purchased":["Good Instincts","Gash+1","Bottled Flame"],"campfire_rested":4,"item_purchase_floors":[29,31,53],"current_hp_per_floor":[67,64,62,62,62,43,43,39,39,39,39,39,39,33,57,57,74,64,64,64,64,57,41,41,41,41,41,41,41,29,29,53,53,73,73,63,59,59,63,80,80,80,80,80,87,87,87,87,87,46,77,87,87,42,0,0],"gold":117,"neow_bonus":"TRANSFORM_TWO_CARDS","is_daily":false,"chose_seed":false,"campfire_upgraded":2,"win_rate":0.0,"timestamp":1613025752,"path_taken":["M","M","M","?","?","E","R","E","T","M","?","M","R","M","R","BOSS","M","?","?","?","?","E","?","M","T","M","M","$","?","?","R","BOSS","M","?","M","?","M","R","E","?","T","M","E","?","M","?","R","BOSS","R","$","E","BOSS"],"items_purchased_type":["Card","Card","Relic"],"build_version":"2020-12-22","purchased_purges":2,"victory":false,"max_hp_per_floor":[75,75,75,75,75,75,75,80,80,80,80,80,80,80,80,80,80,80,80,80,80,80,80,80,80,80,80,80,80,80,80,80,80,80,80,80,80,80,80,80,80,80,80,80,87,87,87,87,87,87,87,87,87,87,87,87],"card_choices":[{"not_picked":["Compile Driver","Streamline"],"picked":"Gash","floor":1.0},{"not_picked":["Redo","Compile Driver"],"picked":"Turbo","floor":2.0},{"not_picked":["Sunder","Chill"],"picked":"Melter","floor":3.0},{"not_picked":["Turbo","Leap"],"picked":"Coolheaded","floor":4.0},{"not_picked":["Steam Power","Fission"],"picked":"White Noise","floor":6},{"not_picked":["Consume","Stack"],"picked":"Streamline","floor":8},{"not_picked":["Compile Driver+1","Double Energy"],"picked":"Gash+1","floor":10},{"not_picked":["Barrage+1","Double Energy"],"picked":"FTL+1","floor":12},{"not_picked":["Stack","Streamline+1"],"picked":"Chill","floor":14},{"not_picked":["Buffer","Amplify"],"picked":"Fission","floor":16},{"not_picked":["Conserve Battery","Stack+1","Chill"],"picked":"SKIP","floor":18},{"not_picked":["Aggregate+1","Redo"],"picked":"Scrape+1","floor":22},{"not_picked":["Melter+1","Buffer"],"picked":"Undo","floor":23},{"not_picked":["Tempest+1","Steam"],"picked":"Hologram+1","floor":25},{"not_picked":["Leap","Ball Lightning+1"],"picked":"Beam Cell+1","floor":27},{"not_picked":["Leap","Undo","Steam"],"picked":"SKIP","floor":28},{"not_picked":["Rebound+1","Echo Form","Defragment"],"picked":"SKIP","floor":30},{"not_picked":["Multi-Cast","Amplify"],"picked":"All For One+1","floor":33},{"not_picked":["Stack+1","Steam","Storm+1"],"picked":"SKIP","floor":35},{"not_picked":["Magnetism","Enlightenment"],"picked":"Bandage Up","floor":36},{"not_picked":["Apotheosis","Chrysalis"],"picked":"Deep Breath","floor":36},{"not_picked":["Darkness+1","Redo"],"picked":"Hologram","floor":37},{"not_picked":["Doom and Gloom+1","Genetic Algorithm"],"picked":"Skim+1","floor":39},{"not_picked":["Fusion+1","Reprogram+1"],"picked":"BootSequence+1","floor":41},{"not_picked":["Go for the Eyes+1","Darkness"],"picked":"Hologram+1","floor":42},{"not_picked":["Hello World","Beam Cell+1","Rebound+1"],"picked":"SKIP","floor":44},{"not_picked":["Lockon+1","Conserve Battery+1","Doom and Gloom+1"],"picked":"SKIP","floor":45},{"not_picked":["Capacitor+1","Heatsinks+1","Go for the Eyes+1"],"picked":"SKIP","floor":47},{"not_picked":["Reprogram","White Noise+1"],"picked":"Conserve Battery+1","floor":48},{"not_picked":["Beam Cell+1","Steam"],"picked":"Gash+1","floor":54}],"player_experience":315956,"relics_obtained":[{"floor":5.0,"key":"HornCleat"},{"floor":6,"key":"Kunai"},{"floor":8,"key":"Centennial Puzzle"},{"floor":9,"key":"Molten Egg 2"},{"floor":23,"key":"Gremlin Horn"},{"floor":26,"key":"Akabeko"},{"floor":41,"key":"Sundial"},{"floor":42,"key":"Du-Vu Doll"},{"floor":43,"key":"Bag of Preparation"},{"floor":45,"key":"Strawberry"},{"floor":54,"key":"Unceasing Top"}],"event_choices":[{"cards_removed":["Strike_B"],"damage_healed":0,"gold_gain":0,"player_choice":"Forget","damage_taken":0,"max_hp_gain":0,"max_hp_loss":0,"event_name":"Living Wall","floor":11,"gold_loss":0},{"cards_removed":["Strike_B"],"damage_healed":0,"gold_gain":0,"player_choice":"Gave Gold","damage_taken":0,"max_hp_gain":0,"max_hp_loss":0,"event_name":"Beggar","floor":19,"gold_loss":75},{"damage_healed":0,"gold_gain":99,"player_choice":"Stole From Cult","damage_taken":0,"max_hp_gain":0,"max_hp_loss":0,"event_name":"Nest","floor":20,"gold_loss":0},{"damage_healed":0,"gold_gain":0,"player_choice":"Copied","damage_taken":0,"max_hp_gain":0,"max_hp_loss":0,"event_name":"Duplicator","floor":21,"gold_loss":0,"cards_obtained":["Gash"]},{"cards_removed":["Defend_B"],"damage_healed":0,"gold_gain":0,"player_choice":"Upgrade and Remove","damage_taken":0,"max_hp_gain":0,"max_hp_loss":0,"event_name":"Designer","floor":24,"gold_loss":90,"cards_upgraded":["Coolheaded"]},{"damage_healed":0,"gold_gain":0,"player_choice":"Memory 3","damage_taken":10,"max_hp_gain":0,"max_hp_loss":0,"event_name":"SensoryStone","floor":36,"gold_loss":0},{"damage_healed":0,"gold_gain":0,"player_choice":"Fight","damage_taken":0,"max_hp_gain":0,"max_hp_loss":0,"event_name":"Mysterious Sphere","floor":42,"gold_loss":0},{"cards_removed":["Dualcast"],"damage_healed":0,"gold_gain":0,"player_choice":"Purged","damage_taken":0,"max_hp_gain":0,"max_hp_loss":0,"event_name":"Purifier","floor":46,"gold_loss":0}],"is_beta":false,"boss_relics":[{"not_picked":["Velvet Choker","Calling Bell"],"picked":"Fusion Hammer"},{"not_picked":["SacredBark","Tiny House"],"picked":"Sozu"}],"items_purged_floors":[29,31],"is_endless":false,"potions_floor_spawned":[3,4,10,12,14,16,18,22,30,33,37,45,47],"killed_by":"The Heart","ascension_level":6}}