{"host":"7vnk28a2rl5r1mea","time":1613031762,"event":{"mods":["100% Spire Juice","AchievementEnabler","Act Like it!","Bard","BaseMod","Beaked The Cultist","Better Altar","Better Match","Better Note","Better Sensory Stone","Better Skull","Better Third Choice","BetterRewards","Block Reminder","ChefMod","Colored Map","Colored Powertips","Conspire","DeckTracker","Downfall","GifTheSpireLib","GungeonMod","Halation","Hermit","Hubris","Infinite Spire","Jedi Mod","Jorbs\u0027s Wanderer Trilogy","Marked Mod","Mimic Mod","Minty Spire (QoL Compilation)","Replay The Spire","Robot Space Explorer","Shade Mod","Spicy Shops","StSLib","The Blackbeard","The Cursed","The Hierophant","The Judge","The Jungle","The Marked","The Mystic","The Runesmith","TheBandit","Unceasing Turn Reminder","Wandering Minibosses","everything is the same but u backflip on backflip"],"gold_per_floor":[115,115,115,130,141,176,176,187,187,205,205,268,308,338,338,438,438,452,452,124,124,136,136,150,150,181,210,226,245,255,273,273,396,496,538,538,587,636,696,773,773,773,773,855,943,955,967,1061,1073,1085,1085],"floor_reached":50,"language":"ENG","playtime":1889,"items_purged":["theMarked:Strike","theMarked:Defend"],"score":708,"play_id":"d3661c87-1250-468d-8be7-6a2d8936b5a4","local_time":"20210211162242","is_ascension_mode":false,"campfire_choices":[{"data":"theMarked:ThrowWeapon","floor":7,"key":"SMITH"},{"data":"theMarked:Aftermath","floor":15,"key":"SMITH"},{"data":"theMarked:OneWithTheBlade","floor":23,"key":"SMITH"},{"data":"theMarked:Generate","floor":25,"key":"SMITH"},{"data":"theMarked:Seal","floor":32,"key":"SMITH"},{"data":"theMarked:Convert","floor":41,"key":"SMITH"},{"floor":47,"key":"RECALL"},{"floor":49,"key":"REST"}],"circlet_count":0,"master_deck":["theMarked:Strike","theMarked:Defend","theMarked:Defend","theMarked:SoldierOfQuellstein+1","theMarked:ShockingTouch","theMarked:ContemptForTheProud","theMarked:Aftermath+1","theMarked:WardOff","theMarked:ThrowWeapon+1","theMarked:BanishingWave","theMarked:UnarmedFury","theMarked:BanishingWave","theMarked:WardOff","theMarked:TakeOffHeels+1","theMarked:Friction+1","theMarked:OneWithTheBlade+1","theMarked:Generate+1","theMarked:Convert+1","theMarked:Parkour+1","theMarked:Frustration","theMarked:MuscleMemory","theMarked:Seal+1","theMarked:EmpowerWeapon+1","theMarked:EternalStudent","theMarked:SelfDefenseTraining","theMarked:RogueSparks+1","theMarked:WardOff+1","theMarked:SelfDefenseTraining","theMarked:Memento+1","theMarked:RepellingDischarge+1","theMarked:TwofoldDefense","theMarked:Electrify"],"relics":["theMarked:ArtifactOfAir","DemoMod:GundromedaStrain","theMarked:DemonDagger","Replay:Mystery Machine","Toy Ornithopter","Orichalcum","hubris:CrackedHourglass","conspire:TreasureMap","theMarked:NailFile","halation:SelfBoilingWater","infinitespire:EvilPickle","Replay:Wanted Poster","Bronze Scales","MawBank"],"acts_visited":["Exordium","TheCity","TheBeyond"],"potions_floor_usage":[14,14,14,29,33],"damage_taken":[{"damage":1,"enemies":"Jaw Worm","floor":1,"turns":2},{"damage":0,"enemies":"Small Slimes","floor":4,"turns":2},{"damage":0,"enemies":"2 Louse","floor":5,"turns":2},{"damage":0,"enemies":"Gremlin Nob","floor":6,"turns":2},{"damage":0,"enemies":"Large Slime","floor":8,"turns":3},{"damage":0,"enemies":"2 Fungi Beasts","floor":10,"turns":1},{"damage":3,"enemies":"Lagavulin Event","floor":12,"turns":3},{"damage":0,"enemies":"3 Louse","floor":13,"turns":2},{"damage":9,"enemies":"Lagavulin","floor":14,"turns":2},{"damage":12,"enemies":"Slime Boss","floor":16,"turns":9},{"damage":0,"enemies":"3 Byrds","floor":18,"turns":3},{"damage":0,"enemies":"Chosen","floor":22,"turns":2},{"damage":0,"enemies":"Sentry and Sphere","floor":24,"turns":3},{"damage":0,"enemies":"Centurion and Healer","floor":26,"turns":3},{"damage":13,"enemies":"Slavers","floor":27,"turns":2},{"damage":3,"enemies":"Centurion and Healer","floor":28,"turns":3},{"damage":0,"enemies":"Shelled Parasite and Fungi","floor":29,"turns":1},{"damage":0,"enemies":"Snake Plant","floor":30,"turns":2},{"damage":0,"enemies":"Cultist and Chosen","floor":31,"turns":3},{"damage":35,"enemies":"Pondfish","floor":33,"turns":7},{"damage":0,"enemies":"3 Shapes","floor":35,"turns":1},{"damage":0,"enemies":"Orb Walker","floor":37,"turns":1},{"damage":0,"enemies":"Transient","floor":38,"turns":5},{"damage":6,"enemies":"Spire Growth","floor":39,"turns":2},{"damage":41,"enemies":"Nemesis","floor":40,"turns":3},{"damage":7,"enemies":"4 Shapes","floor":44,"turns":3},{"damage":0,"enemies":"Sphere and 2 Shapes","floor":45,"turns":3},{"damage":19,"enemies":"Spire Growth","floor":48,"turns":3},{"damage":36,"enemies":"Donu and Deca","floor":50,"turns":3}],"seed_played":"-8197760536772197222","potions_obtained":[{"floor":4,"key":"BlessingOfTheForge"},{"floor":8,"key":"FearPotion"},{"floor":10,"key":"champ:CounterPotion"},{"floor":14,"key":"sneckomod:MuddlingPotion"},{"floor":24,"key":"GamblersBrew"},{"floor":28,"key":"Languid Potion"},{"floor":30,"key":"champ:CounterPotion"},{"floor":31,"key":"DuplicationPotion"},{"floor":33,"key":"hexamod:SoulburnPotion"}],"is_trial":false,"path_per_floor":["M","$","?","M","M","E","R","M","T","M","?","?","MIM","E","R","B",null,"M","?","$","?","M","R","M","R","MIM","E","M","M","M","M","R","B",null,"M","?","M","M","M","E","R","?","T","M","M","?","R","M","R","B"],"character_chosen":"THE_DEFAULT","items_purchased":["conspire:TreasureMap"],"campfire_rested":1,"item_purchase_floors":[20],"current_hp_per_floor":[69,69,69,69,69,69,69,69,69,69,69,66,66,61,61,49,70,70,70,70,70,70,70,70,70,70,57,54,59,59,69,69,49,70,70,70,70,70,70,29,29,29,29,22,32,32,32,13,34,0,0],"gold":1085,"neow_bonus":"","is_daily":false,"chose_seed":false,"campfire_upgraded":6,"win_rate":0.0,"timestamp":1613031762,"path_taken":["M","$","?","M","M","E","R","M","T","M","?","?","?","E","R","BOSS","M","?","$","?","M","R","M","R","MIM","E","?","M","M","M","R","BOSS","M","?","M","?","M","E","R","?","T","?","M","?","R","M","R","BOSS"],"items_purchased_type":["Relic"],"build_version":"2020-12-22","purchased_purges":2,"victory":false,"max_hp_per_floor":[70,70,70,70,70,70,70,70,70,70,70,70,70,70,70,70,70,70,70,70,70,70,70,70,70,70,70,70,70,70,70,70,70,70,70,70,70,70,70,70,70,70,70,70,70,70,70,70,70,70,70],"card_choices":[{"not_picked":["theMarked:TakeCover","theMarked:Indomitable"],"picked":"theMarked:Aftermath","floor":1},{"not_picked":["theMarked:Electrify","theMarked:ShockingTouch","theMarked:ElectricStrings"],"picked":"SKIP","floor":4},{"not_picked":["theMarked:HeightenedSenses","theMarked:WastefulAttack"],"picked":"theMarked:WardOff","floor":5},{"not_picked":["theMarked:Memento","theMarked:ChainLightning"],"picked":"theMarked:ThrowWeapon","floor":6},{"not_picked":["theMarked:ChainLightning","theMarked:TakeCover"],"picked":"theMarked:BanishingWave","floor":8},{"not_picked":["theMarked:Aftermath","theMarked:Maelstrom"],"picked":"theMarked:UnarmedFury","floor":10},{"not_picked":["theMarked:Aftermath","theMarked:Determination"],"picked":"theMarked:BanishingWave","floor":13},{"not_picked":["theMarked:WastefulAttack","theMarked:Aftermath"],"picked":"theMarked:WardOff","floor":14},{"not_picked":["theMarked:FavorableWinds","theMarked:MagusForm"],"picked":"theMarked:TakeOffHeels","floor":16},{"not_picked":["theMarked:ChainLightning+1","theMarked:Aftermath"],"picked":"theMarked:Friction+1","floor":18},{"not_picked":["theMarked:Standoff+1","theMarked:ShockingTouch","theMarked:BanishingWave"],"picked":"SKIP","floor":22},{"not_picked":["theMarked:Improvise","theMarked:Aftermath"],"picked":"theMarked:Generate","floor":24},{"not_picked":["theMarked:Pokerface","theMarked:ComboAttacks"],"picked":"theMarked:Convert","floor":26},{"not_picked":["theMarked:Aftermath","theMarked:Electrify"],"picked":"theMarked:Parkour+1","floor":27},{"not_picked":["theMarked:TakeCover+1","theMarked:WastefulAttack+1"],"picked":"theMarked:Frustration","floor":28},{"not_picked":["theMarked:SwordAndMagic","theMarked:ElectricStrings"],"picked":"theMarked:MuscleMemory","floor":29},{"not_picked":["theMarked:ElectricStrings","theMarked:WastefulAttack"],"picked":"theMarked:Seal","floor":30},{"not_picked":["theMarked:KeepCalmAndFight+1","theMarked:RogueSparks"],"picked":"theMarked:EmpowerWeapon+1","floor":31},{"not_picked":["theMarked:ThrowWeapon","theMarked:Challenge"],"picked":"theMarked:EternalStudent","floor":33},{"not_picked":["theMarked:Aftermath+1","theMarked:Overcharge"],"picked":"theMarked:SelfDefenseTraining","floor":35},{"not_picked":["theMarked:ShockingTouch+1","theMarked:Overthink"],"picked":"theMarked:RogueSparks","floor":37},{"not_picked":["theMarked:TakeCover","theMarked:ElectricStrings+1"],"picked":"theMarked:WardOff+1","floor":38},{"not_picked":["theMarked:Heritage","theMarked:Pokerface"],"picked":"theMarked:SelfDefenseTraining","floor":39},{"not_picked":["theMarked:Levitate","theMarked:Defy"],"picked":"theMarked:Memento+1","floor":40},{"not_picked":["theMarked:EmpowerWeapon+1","theMarked:WardOff+1"],"picked":"theMarked:RepellingDischarge+1","floor":44},{"not_picked":["theMarked:Generate","theMarked:Frustration"],"picked":"theMarked:TwofoldDefense","floor":45},{"not_picked":["theMarked:TakeCover+1","theMarked:WastefulAttack+1"],"picked":"theMarked:Electrify","floor":48}],"player_experience":146839,"relics_obtained":[{"floor":6,"key":"theMarked:DemonDagger"},{"floor":13,"key":"Toy Ornithopter"},{"floor":14,"key":"Orichalcum"},{"floor":26,"key":"theMarked:NailFile"},{"floor":27,"key":"halation:SelfBoilingWater"},{"floor":40,"key":"Bronze Scales"},{"floor":43,"key":"MawBank"}],"event_choices":[{"damage_healed":0,"gold_gain":0,"player_choice":"Grow","damage_taken":0,"max_hp_gain":0,"max_hp_loss":0,"event_name":"Living Wall","floor":3,"gold_loss":0,"cards_upgraded":["theMarked:SoldierOfQuellstein"]},{"damage_healed":0,"gold_gain":0,"player_choice":"Leave","damage_taken":0,"max_hp_gain":0,"max_hp_loss":0,"event_name":"The Cleric","floor":11,"gold_loss":0},{"damage_healed":0,"gold_gain":0,"player_choice":"Searched \u00272\u0027 times","damage_taken":0,"relics_obtained":["Replay:Mystery Machine"],"max_hp_gain":0,"max_hp_loss":0,"event_name":"Dead Adventurer","floor":12,"gold_loss":0},{"damage_healed":0,"gold_gain":0,"player_choice":"Forge","damage_taken":0,"max_hp_gain":0,"max_hp_loss":0,"event_name":"Accursed Blacksmith","floor":19,"gold_loss":0,"cards_upgraded":["theMarked:TakeOffHeels"]},{"damage_healed":0,"gold_gain":0,"cards_transformed":["theMarked:Strike"],"player_choice":"Transformed","damage_taken":0,"max_hp_gain":0,"max_hp_loss":0,"event_name":"Transmorgrifier","floor":21,"gold_loss":0,"cards_obtained":["theMarked:OneWithTheBlade"]},{"cards_removed":["theMarked:UnarmedFury"],"damage_healed":0,"gold_gain":0,"player_choice":"Give","damage_taken":0,"max_hp_gain":0,"max_hp_loss":0,"event_name":"betterNote:BetterNote","floor":36,"gold_loss":0,"cards_obtained":["Strike_P"]},{"damage_healed":0,"gold_gain":0,"player_choice":"Upgraded","damage_taken":0,"max_hp_gain":0,"max_hp_loss":0,"event_name":"Upgrade Shrine","floor":42,"gold_loss":0,"cards_upgraded":["theMarked:RogueSparks"]}],"is_beta":false,"boss_relics":[{"not_picked":["ReplayTheSpireMod:SealedPack","SlaversCollar"],"picked":"hubris:CrackedHourglass"},{"not_picked":["Sozu","Busted Crown"],"picked":"Replay:Wanted Poster"}],"items_purged_floors":[20,20],"is_endless":false,"potions_floor_spawned":[4,8,10,14,24,28,30,31,33,38,39,44,45],"killed_by":"Donu and Deca","ascension_level":0}}