{"host":"8zow35rkxv448q2r","time":1613068288,"event":{"mods":["AchievementEnabler","BaseMod","Colored Map","Colored Powertips","Minty Spire (QoL Compilation)","Relic Stats"],"gold_per_floor":[113,124,135,148,99085,99085,98296,98296,98296,98331,98348,98348,98348,98348],"floor_reached":13,"language":"ENG","playtime":579,"items_purged":["Flex","Strike_R"],"score":193,"play_id":"147af783-3710-465e-bbf5-5f49c99fe41f","local_time":"20210211133128","is_ascension_mode":true,"campfire_choices":[{"data":"Whirlwind","floor":12,"key":"SMITH"}],"circlet_count":0,"master_deck":["AscendersBane","Strike_R","Strike_R","Strike_R","Strike_R","Defend_R","Defend_R+1","Defend_R","Defend_R","Bash","Heavy Blade+1","Hemokinesis","Combust","Flame Barrier","Impervious","Whirlwind+1","Demon Form"],"relics":["Burning Blood","NeowsBlessing","FossilizedHelix","Meat on the Bone","Toolbox","Dream Catcher","Regal Pillow","Cauldron","Dead Branch","Darkstone Periapt","Tiny Chest"],"acts_visited":["Exordium"],"potions_floor_usage":[10],"damage_taken":[{"damage":0,"enemies":"Jaw Worm","floor":1,"turns":1},{"damage":0,"enemies":"2 Louse","floor":2,"turns":1},{"damage":0,"enemies":"Cultist","floor":3,"turns":1},{"damage":13,"enemies":"Looter","floor":4,"turns":2},{"damage":4,"enemies":"Lagavulin","floor":10,"turns":6},{"damage":4,"enemies":"Large Slime","floor":11,"turns":3},{"damage":67,"enemies":"Gremlin Nob","floor":13,"turns":5}],"seed_played":"-8369530688684637358","potions_obtained":[{"floor":2,"key":"LiquidBronze"},{"floor":4,"key":"Explosive Potion"},{"floor":7,"key":"LiquidMemories"}],"is_trial":false,"path_per_floor":["M","M","M","M","$","?","$","?","T","E","M","R","E"],"character_chosen":"IRONCLAD","items_purchased":["Flex","FossilizedHelix","Meat on the Bone","Toolbox","Impervious","Dream Catcher","Regal Pillow","Cauldron","Fire Potion","Whirlwind","Demon Form"],"campfire_rested":0,"item_purchase_floors":[5,5,5,5,5,7,7,7,7,7,7],"current_hp_per_floor":[74,75,75,68,68,45,45,27,27,41,55,55,0,0],"gold":98348,"neow_bonus":"THREE_ENEMY_KILL","is_daily":false,"chose_seed":false,"campfire_upgraded":1,"win_rate":0.0,"timestamp":1613068288,"path_taken":["M","M","M","M","$","?","$","?","T","E","M","R","E"],"items_purchased_type":["Card","Relic","Relic","Relic","Card","Relic","Relic","Relic","Potion","Card","Card"],"build_version":"2020-12-22","purchased_purges":2,"victory":false,"max_hp_per_floor":[75,75,75,75,75,75,75,75,75,75,75,75,75,75],"relic_stats":{"Darkstone Periapt":0,"Dream Catcher":0,"Regal Pillow":0,"counters":[7,19],"Dead Branch":[5],"Tiny Chest":0,"obtain_stats":[{"Darkstone Periapt":9,"Cauldron":7,"Dream Catcher":7,"Regal Pillow":7,"NeowsBlessing":0,"Dead Branch":8,"Toolbox":5,"Tiny Chest":10,"Burning Blood":0,"FossilizedHelix":5,"Meat on the Bone":5},{"Darkstone Periapt":4,"Cauldron":4,"Dream Catcher":4,"Regal Pillow":4,"NeowsBlessing":0,"Dead Branch":4,"Toolbox":4,"Tiny Chest":5,"Burning Blood":0,"FossilizedHelix":4,"Meat on the Bone":4},{"Darkstone Periapt":5,"Cauldron":5,"Dream Catcher":5,"Regal Pillow":5,"NeowsBlessing":0,"Dead Branch":5,"Toolbox":5,"Tiny Chest":11,"Burning Blood":0,"FossilizedHelix":5,"Meat on the Bone":5}],"Burning Blood":25,"Meat on the Bone":24},"card_choices":[{"not_picked":["Thunderclap","Twin Strike"],"picked":"Heavy Blade","floor":1},{"not_picked":["Clash","Shrug It Off"],"picked":"Hemokinesis","floor":2},{"not_picked":["Headbutt","Second Wind"],"picked":"Combust","floor":3},{"not_picked":["Pommel Strike","Juggernaut"],"picked":"Flame Barrier","floor":4},{"not_picked":["Clash","Body Slam","Warcry"],"picked":"SKIP","floor":10},{"not_picked":["Wild Strike","Pommel Strike","Clash"],"picked":"SKIP","floor":11}],"player_experience":204194,"relics_obtained":[{"floor":9,"key":"Darkstone Periapt"},{"floor":10,"key":"Tiny Chest"}],"event_choices":[{"damage_healed":0,"gold_gain":0,"player_choice":"Entered Light","damage_taken":23,"max_hp_gain":0,"max_hp_loss":0,"event_name":"Shining Light","floor":6,"gold_loss":0,"cards_upgraded":["Defend_R","Heavy Blade"]},{"damage_healed":0,"gold_gain":0,"player_choice":"Success","damage_taken":18,"relics_obtained":["Dead Branch"],"max_hp_gain":0,"max_hp_loss":0,"event_name":"Scrap Ooze","floor":8,"gold_loss":0}],"is_beta":false,"boss_relics":[],"items_purged_floors":[5,7],"is_endless":false,"potions_floor_spawned":[2,4],"killed_by":"Gremlin Nob","ascension_level":15}}