{"host":"7ij4m6ehapfophuy","time":1613067401,"event":{"mods":["BaseMod","Bestiary","Curses Come First","Filter the Spire","Minty Spire (QoL Compilation)","Relic Stats","StSLib","ojb\u0027s Better Paths Mod"],"gold_per_floor":[113,26,45,120,133,133,133,133,133,103,113,131,143,171,171,246,246,260,273,273,33,33,33],"floor_reached":22,"language":"ENG","playtime":1609,"items_purged":["Barrage"],"score":397,"play_id":"7517f5fa-b83d-4d58-864c-421d7f0a3f7f","local_time":"20210211131641","is_ascension_mode":true,"campfire_choices":[{"data":"Tempest","floor":6.0,"key":"SMITH"},{"data":"Zap","floor":8.0,"key":"SMITH"},{"data":"Dualcast","floor":15.0,"key":"SMITH"}],"circlet_count":0,"master_deck":["AscendersBane","Defend_B","Defend_B","Defend_B","Defend_B","Zap+1","Dualcast+1","Sweeping Beam","Defragment+1","Tempest+1","Steam","Ball Lightning","Doom and Gloom","Core Surge","Rainbow","Bite","Bite","Bite","Bite","Bite"],"relics":["Inserter","Toy Ornithopter","Velvet Choker","Membership Card"],"acts_visited":["Exordium","TheCity"],"potions_floor_usage":[16,16,22,22],"damage_taken":[{"damage":2.0,"enemies":"Small Slimes","floor":1.0,"turns":4.0},{"damage":8.0,"enemies":"2 Louse","floor":3.0,"turns":4.0},{"damage":7.0,"enemies":"Cultist","floor":5.0,"turns":4.0},{"damage":9.0,"enemies":"3 Louse","floor":11.0,"turns":3.0},{"damage":0.0,"enemies":"2 Fungi Beasts","floor":12.0,"turns":3.0},{"damage":13.0,"enemies":"Blue Slaver","floor":13.0,"turns":2.0},{"damage":8.0,"enemies":"Gremlin Nob","floor":14.0,"turns":3.0},{"damage":8,"enemies":"Hexaghost","floor":16,"turns":6},{"damage":29,"enemies":"2 Thieves","floor":18,"turns":3},{"damage":0,"enemies":"Chosen","floor":19,"turns":3},{"damage":55,"enemies":"Masked Bandits","floor":22,"turns":3}],"seed_played":"5683839921124453625","potions_obtained":[{"floor":10.0,"key":"Energy Potion"},{"floor":10.0,"key":"CultistPotion"},{"floor":11.0,"key":"LiquidMemories"},{"floor":14.0,"key":"SneckoOil"},{"floor":16,"key":"Energy Potion"},{"floor":18,"key":"LiquidBronze"}],"is_trial":false,"path_per_floor":["M","$","M","?","M","R","?","R","T","?","M","M","M","E","R","B",null,"M","M","?","$","?"],"character_chosen":"DEFECT","items_purchased":["Defragment","Membership Card","DuplicationPotion"],"campfire_rested":0,"item_purchase_floors":[2,21,21],"current_hp_per_floor":[62,62,54,43,36,36,36,36,36,36,27,27,14,6,6,8,55,26,26,26,26,0,0],"gold":33,"neow_bonus":"BOSS_RELIC","is_daily":false,"chose_seed":false,"campfire_upgraded":3,"win_rate":0.0,"timestamp":1613067401,"path_taken":["M","$","M","?","M","R","?","R","T","?","M","M","M","E","R","BOSS","M","M","?","$","?"],"items_purchased_type":["Card","Relic","Potion"],"build_version":"2020-12-22","purchased_purges":1,"victory":false,"max_hp_per_floor":[71,71,71,71,71,71,71,71,71,71,71,71,71,71,71,71,71,71,71,49,49,49,49],"relic_stats":{"Inserter":[19],"counters":[11,38],"obtain_stats":[{"Inserter":0,"Velvet Choker":17,"Membership Card":21,"Cracked Core":0,"Toy Ornithopter":14},{"Inserter":0,"Velvet Choker":8,"Membership Card":10,"Cracked Core":0,"Toy Ornithopter":7},{"Inserter":0,"Velvet Choker":29,"Membership Card":35,"Cracked Core":0,"Toy Ornithopter":23}],"Toy Ornithopter":20},"card_choices":[{"not_picked":["Leap","Turbo"],"picked":"Sweeping Beam","floor":1.0},{"not_picked":["Conserve Battery","Sweeping Beam"],"picked":"Tempest","floor":3.0},{"not_picked":["Sweeping Beam","Force Field"],"picked":"Steam","floor":5.0},{"not_picked":["Gash","Coolheaded"],"picked":"Ball Lightning","floor":11.0},{"not_picked":["Steam","Go for the Eyes"],"picked":"Doom and Gloom","floor":12.0},{"not_picked":["Darkness","Leap","Skim"],"picked":"SKIP","floor":13.0},{"not_picked":["Redo","Reprogram"],"picked":"Core Surge","floor":14.0},{"not_picked":["Hyperbeam","All For One"],"picked":"Rainbow","floor":16},{"not_picked":["Fusion","Streamline","Heatsinks"],"picked":"SKIP","floor":18},{"not_picked":["Redo","BootSequence"],"picked":"Barrage","floor":19}],"player_experience":1085020,"relics_obtained":[{"floor":14.0,"key":"Toy Ornithopter"}],"event_choices":[{"damage_healed":0.0,"max_hp_gain":0.0,"max_hp_loss":0.0,"gold_gain":75.0,"event_name":"World of Goop","player_choice":"Gather Gold","floor":4.0,"gold_loss":0.0,"damage_taken":11.0},{"damage_healed":0.0,"max_hp_gain":0.0,"max_hp_loss":0.0,"gold_gain":0.0,"event_name":"Living Wall","player_choice":"Grow","floor":7.0,"gold_loss":0.0,"damage_taken":0.0,"cards_upgraded":["Defragment"]},{"damage_healed":0.0,"max_hp_gain":0.0,"max_hp_loss":0.0,"gold_gain":0.0,"event_name":"The Woman in Blue","player_choice":"Bought 2 Potions","floor":10.0,"gold_loss":0.0,"damage_taken":0.0},{"damage_healed":0,"gold_gain":0,"player_choice":"Became a vampire","damage_taken":0,"max_hp_gain":0,"max_hp_loss":22,"event_name":"Vampires","floor":20,"gold_loss":0,"cards_obtained":["Bite","Bite","Bite","Bite","Bite"]},{"damage_healed":0,"gold_gain":0,"player_choice":"Fought Bandits","damage_taken":0,"max_hp_gain":0,"max_hp_loss":0,"event_name":"Masked Bandits","floor":22,"gold_loss":0}],"is_beta":false,"boss_relics":[{"not_picked":["Runic Pyramid","Empty Cage"],"picked":"Velvet Choker"}],"items_purged_floors":[21],"is_endless":false,"potions_floor_spawned":[11,13,14,16,18],"killed_by":"Masked Bandits","ascension_level":20}}