{"host":"9xq257ad8931sio9","time":1613085607,"event":{"mods":["BaseMod","Better Third Choice","BetterRewards","Card Forge","Custom Start","Minty Spire (QoL Compilation)","StSLib","SuperFastMode","Uncapped"],"gold_per_floor":[119,119,129,304,318,348,348,365,365,378,397,425,482,495,495,597,597,614,614,628,628,628,628,658,683,734,748,748,206,237,248,248,347,347,365,365,365,376,598,598,625,251,301,301,301,301],"floor_reached":45,"language":"ENG","playtime":4582,"items_purged":[],"score":743,"play_id":"9528037a-4c50-483a-922e-01fd88225b6f","local_time":"20210211152007","is_ascension_mode":true,"campfire_choices":[{"floor":7,"key":"REST"},{"floor":15,"key":"REST"},{"floor":23,"key":"REST"},{"floor":28,"key":"REST"},{"floor":32,"key":"REST"},{"floor":40,"key":"REST"}],"circlet_count":0,"master_deck":["Defend_B+1","Defend_B+1","Defend_B+1","Defend_B+1","Zap+1","Dualcast+1","Go for the Eyes+1","BootSequence+1","Capacitor+1","Beam Cell+1","Turbo+1","Tempest+1","Zap+1","Violence+1","Trip+1","Swift Strike+1","Double Energy+1","Biased Cognition+1","Steam+1","Sweeping Beam+1","FTL+1","Doom and Gloom+1","Conserve Battery+1","Hello World+1","Meteor Strike+1","Self Repair+1","Static Discharge+1","Defragment+1","Double Energy+1","Double Energy+1","Chill+1","Biased Cognition+1","Machine Learning+1","Compile Driver+1","Bite+1","Bite+1","Bite+1","Bite+1","Bite+1","Loop+1","Reboot+1","Seek+1","Double Energy+1","Compile Driver+1","White Noise+1","Streamline+1","Scrape+1","Turbo+1","Beam Cell+1","Discovery+1","White Noise+1","Meteor Strike+1","Static Discharge+1","Cold Snap+1","Ball Lightning+1","Redo+1","Rainbow+1","FTL+1","Madness+1","Madness+1","Rebound+1","Ball Lightning+1","Sweeping Beam","Rip and Tear","Dramatic Entrance"],"relics":["Hammer of Thor","Seething Fire","Anvil of the Gods","SacredBark","Strawberry","Shuriken","Whetstone","Ancient Tea Set","Potion Belt","Fusion Hammer","Nilry\u0027s Codex","MutagenicStrength","Red Mask","Regal Pillow","Dream Catcher","Membership Card","Oddly Smooth Stone","Pen Nib","Orichalcum","Runic Pyramid","Bird Faced Urn","Nunchaku","Juzu Bracelet","PreservedInsect","PrismaticShard","Bag of Marbles"],"acts_visited":["Exordium","TheCity","TheBeyond"],"potions_floor_usage":[8,12,13,16,24,24,30,41,45,45,45],"damage_taken":[{"damage":12,"enemies":"Small Slimes","floor":1,"turns":4},{"damage":0,"enemies":"2 Louse","floor":3,"turns":2},{"damage":0,"enemies":"Jaw Worm","floor":5,"turns":2},{"damage":20,"enemies":"Lagavulin","floor":6,"turns":4},{"damage":10,"enemies":"Large Slime","floor":8,"turns":4},{"damage":0,"enemies":"Blue Slaver","floor":10,"turns":2},{"damage":0,"enemies":"3 Louse","floor":11,"turns":1},{"damage":4,"enemies":"3 Sentries","floor":12,"turns":4},{"damage":2,"enemies":"Lagavulin Event","floor":13,"turns":3},{"damage":0,"enemies":"Looter","floor":14,"turns":3},{"damage":27,"enemies":"The Guardian","floor":16,"turns":7},{"damage":0,"enemies":"Shell Parasite","floor":18,"turns":5},{"damage":6,"enemies":"Spheric Guardian","floor":20,"turns":5},{"damage":0,"enemies":"Masked Bandits","floor":24,"turns":5},{"damage":0,"enemies":"Slavers","floor":25,"turns":3},{"damage":9,"enemies":"Snake Plant","floor":27,"turns":3},{"damage":9,"enemies":"Book of Stabbing","floor":30,"turns":2},{"damage":0,"enemies":"Cultist and Chosen","floor":31,"turns":3},{"damage":4,"enemies":"Automaton","floor":33,"turns":5},{"damage":0,"enemies":"Orb Walker","floor":35,"turns":3},{"damage":1,"enemies":"3 Darklings","floor":38,"turns":5},{"damage":20,"enemies":"Nemesis","floor":41,"turns":5},{"damage":82,"enemies":"Awakened One","floor":45,"turns":5}],"seed_played":"-6255255533103525064","potions_obtained":[{"floor":3,"key":"Regen Potion"},{"floor":6,"key":"PowerPotion"},{"floor":8,"key":"SpeedPotion"},{"floor":10,"key":"Fruit Juice"},{"floor":16,"key":"Dexterity Potion"},{"floor":18,"key":"Strength Potion"},{"floor":25,"key":"GamblersBrew"},{"floor":31,"key":"EssenceOfSteel"},{"floor":41,"key":"BlessingOfTheForge"}],"is_trial":false,"path_per_floor":["M","?","M","?","M","E","R","M","T","M","M","E","?","M","R","B",null,"M","?","M","?","?","R","?","E","T","M","R","$","E","M","R","B",null,"M","T","?","M","?","R","E","$","T","?","B"],"character_chosen":"DEFECT","items_purchased":["Membership Card","Oddly Smooth Stone","Pen Nib","DuplicationPotion","Turbo","Beam Cell","Discovery","White Noise","Meteor Strike","Static Discharge","Juzu Bracelet","PreservedInsect","PrismaticShard","Rip and Tear","Dramatic Entrance","PowerPotion","LiquidMemories"],"campfire_rested":6,"item_purchase_floors":[29,29,29,29,29,29,29,29,29,29,42,42,42,42,42,42,42],"current_hp_per_floor":[63,70,70,70,70,50,74,64,64,64,64,77,92,92,92,75,92,92,64,61,45,45,64,64,64,64,55,64,64,55,58,64,64,64,64,64,56,64,64,64,57,57,57,57,0,0],"gold":301,"neow_bonus":"BOSS_RELIC","is_daily":false,"chose_seed":false,"campfire_upgraded":0,"win_rate":0.0,"timestamp":1613085607,"path_taken":["M","?","M","?","M","E","R","M","T","?","M","E","?","M","R","BOSS","M","?","M","?","?","R","?","E","T","M","R","?","E","M","R","BOSS","M","?","?","M","?","R","E","$","T","?","BOSS"],"items_purchased_type":["Relic","Relic","Relic","Potion","Card","Card","Card","Card","Card","Card","Relic","Relic","Relic","Card","Card","Potion","Potion"],"build_version":"2020-12-22","purchased_purges":0,"victory":false,"max_hp_per_floor":[75,82,82,82,82,82,82,82,82,82,82,92,92,92,92,92,92,92,64,64,64,64,64,64,64,64,64,64,64,64,64,64,64,64,64,64,64,64,64,64,64,64,64,64,64,64],"card_choices":[{"not_picked":["Sweeping Beam","Doom and Gloom"],"picked":"Go for the Eyes","floor":1},{"not_picked":["Hello World","Double Energy"],"picked":"Steam","floor":3},{"not_picked":["Go for the Eyes","Ball Lightning"],"picked":"Sweeping Beam","floor":5},{"not_picked":["Coolheaded","Rebound"],"picked":"FTL","floor":6},{"not_picked":["Coolheaded","Creative AI"],"picked":"Doom and Gloom","floor":8},{"not_picked":["Reprogram","Self Repair"],"picked":"Conserve Battery","floor":10},{"not_picked":["Beam Cell","Gash"],"picked":"Hello World","floor":11},{"not_picked":["Force Field","Steam Power"],"picked":"Defragment","floor":12},{"not_picked":["Gash","Storm"],"picked":"Chill","floor":13},{"not_picked":["Go for the Eyes","Undo"],"picked":"Biased Cognition","floor":14},{"not_picked":["Reboot","Seek"],"picked":"Machine Learning","floor":16},{"not_picked":["Go for the Eyes","Chill"],"picked":"Compile Driver+1","floor":18},{"not_picked":["Heatsinks","Self Repair"],"picked":"Double Energy+1","floor":20},{"not_picked":["Ball Lightning","Barrage"],"picked":"Compile Driver","floor":24},{"not_picked":["Auto Shields","Cold Snap"],"picked":"White Noise","floor":25},{"not_picked":["Leap","Coolheaded"],"picked":"Streamline+1","floor":27},{"not_picked":["Go for the Eyes","Genetic Algorithm"],"picked":"Scrape+1","floor":28},{"not_picked":["Thunder Strike","Steam Power"],"picked":"Cold Snap","floor":30},{"not_picked":["Scrape","Rebound"],"picked":"Ball Lightning","floor":31},{"not_picked":["Hologram","Gash+1"],"picked":"Redo+1","floor":32},{"not_picked":["Biased Cognition","Fission"],"picked":"Rainbow","floor":33},{"not_picked":["Redo+1","Lockon"],"picked":"FTL+1","floor":35},{"not_picked":["Chill","Go for the Eyes"],"picked":"Rebound+1","floor":38},{"not_picked":["Steam","Beam Cell+1"],"picked":"Ball Lightning","floor":40},{"not_picked":["Hello World","Beam Cell+1"],"picked":"Sweeping Beam","floor":41}],"player_experience":17637,"relics_obtained":[{"floor":6,"key":"Shuriken"},{"floor":9,"key":"Whetstone"},{"floor":12,"key":"Ancient Tea Set"},{"floor":13,"key":"Potion Belt"},{"floor":21,"key":"Nilry\u0027s Codex"},{"floor":24,"key":"Red Mask"},{"floor":25,"key":"Regal Pillow"},{"floor":26,"key":"Dream Catcher"},{"floor":30,"key":"Orichalcum"},{"floor":36,"key":"Bird Faced Urn"},{"floor":41,"key":"Nunchaku"},{"floor":43,"key":"Bag of Marbles"}],"event_choices":[{"damage_healed":0,"gold_gain":0,"player_choice":"Box","damage_taken":0,"relics_obtained":["Strawberry"],"max_hp_gain":0,"max_hp_loss":0,"event_name":"Big Fish","floor":2,"gold_loss":0,"cards_obtained":["Regret"]},{"damage_healed":0,"gold_gain":175,"player_choice":"AGREE","damage_taken":129,"max_hp_gain":0,"max_hp_loss":0,"event_name":"betterThird:BetterSerpent","floor":4,"gold_loss":0},{"damage_healed":0,"gold_gain":0,"player_choice":"Searched \u00272\u0027 times","damage_taken":0,"max_hp_gain":0,"max_hp_loss":0,"event_name":"Dead Adventurer","floor":13,"gold_loss":0},{"damage_healed":0,"gold_gain":0,"player_choice":"Became a vampire","damage_taken":0,"max_hp_gain":0,"max_hp_loss":28,"event_name":"Vampires","floor":19,"gold_loss":0,"cards_obtained":["Bite","Bite","Bite","Bite","Bite"]},{"damage_healed":0,"gold_gain":0,"player_choice":"Obtained Book","damage_taken":16,"max_hp_gain":0,"max_hp_loss":0,"event_name":"Cursed Tome","floor":21,"gold_loss":0},{"damage_healed":0,"gold_gain":0,"player_choice":"Inject Mutagens","damage_taken":0,"relics_obtained":["MutagenicStrength"],"max_hp_gain":0,"max_hp_loss":0,"event_name":"Drug Dealer","floor":22,"gold_loss":0},{"damage_healed":0,"gold_gain":0,"player_choice":"Fought Bandits","damage_taken":0,"max_hp_gain":0,"max_hp_loss":0,"event_name":"Masked Bandits","floor":24,"gold_loss":0},{"damage_healed":0,"gold_gain":0,"player_choice":"Embrace Madness","damage_taken":8,"max_hp_gain":0,"max_hp_loss":0,"event_name":"Winding Halls","floor":37,"gold_loss":0,"cards_obtained":["Madness","Madness"]},{"damage_healed":0,"gold_gain":222,"player_choice":"Wore Mask","damage_taken":0,"max_hp_gain":0,"max_hp_loss":0,"event_name":"Tomb of Lord Red Mask","floor":39,"gold_loss":0},{"damage_healed":0,"gold_gain":0,"player_choice":"Portal","damage_taken":0,"max_hp_gain":0,"max_hp_loss":0,"event_name":"betterThird:BetterPortal","floor":44,"gold_loss":0}],"is_beta":false,"boss_relics":[{"not_picked":["Tiny House","Coffee Dripper"],"picked":"Fusion Hammer"},{"not_picked":["Cursed Key","Inserter"],"picked":"Runic Pyramid"}],"items_purged_floors":[],"is_endless":false,"potions_floor_spawned":[3,6,8,10,16,18,25,31,41],"killed_by":"Awakened One","ascension_level":1}}