{"host":"67b023zx83deun0a","time":1613049328,"event":{"mods":["BaseMod","Block Reminder","Minty Spire (QoL Compilation)","Relic Stats","StSLib"],"gold_per_floor":[114,178,196,196,213,213,246,266,266,266,98,122,141,158,158,158,158],"floor_reached":16,"language":"ENG","playtime":641,"items_purged":["Strike_R"],"score":148,"play_id":"52551b1c-55dc-4c6e-8add-494082c8d305","local_time":"20210211051528","is_ascension_mode":true,"campfire_choices":[{"data":"Clothesline","floor":6.0,"key":"SMITH"},{"data":"Bash","floor":10,"key":"SMITH"},{"data":"Armaments","floor":15,"key":"SMITH"}],"circlet_count":0,"master_deck":["Strike_R","Strike_R","Strike_R","Defend_R","Defend_R","Defend_R","Bash+1","Clothesline+1","Pommel Strike+1","Rampage","Ghostly Armor","Armaments+1","Bloodletting","Shrug It Off"],"relics":["Empty Cage","HornCleat","Ornamental Fan","Toy Ornithopter"],"acts_visited":["Exordium"],"potions_floor_usage":[7,8],"damage_taken":[{"damage":5.0,"enemies":"Jaw Worm","floor":1.0,"turns":5.0},{"damage":8.0,"enemies":"2 Louse","floor":3.0,"turns":3.0},{"damage":1.0,"enemies":"Cultist","floor":5.0,"turns":3.0},{"damage":28,"enemies":"Lagavulin","floor":7,"turns":11},{"damage":4,"enemies":"Red Slaver","floor":8,"turns":4},{"damage":5,"enemies":"3 Louse","floor":13,"turns":3},{"damage":1,"enemies":"2 Fungi Beasts","floor":14,"turns":4},{"damage":22,"enemies":"Hexaghost","floor":16,"turns":10}],"seed_played":"-1709011659405417853","potions_obtained":[{"floor":3.0,"key":"BlessingOfTheForge"},{"floor":7,"key":"SteroidPotion"}],"is_trial":false,"path_per_floor":["M","?","M","?","M","R","E","M","T","R","$","T","M","M","R","B"],"character_chosen":"IRONCLAD","items_purchased":["Armaments","Dexterity Potion"],"campfire_rested":0,"item_purchase_floors":[11,11],"current_hp_per_floor":[67,67,59,59,58,58,30,26,26,26,26,26,21,20,20,0,0],"gold":158,"neow_bonus":"BOSS_RELIC","is_daily":false,"chose_seed":false,"campfire_upgraded":3,"win_rate":0.0,"timestamp":1613049328,"path_taken":["M","?","M","?","?","R","E","M","T","R","$","?","M","M","R","BOSS"],"items_purchased_type":["Card","Potion"],"build_version":"2020-12-22","purchased_purges":1,"victory":false,"max_hp_per_floor":[80,80,80,80,80,80,80,80,80,80,80,80,80,80,80,80,80],"relic_stats":{"counters":[8,43],"Ornamental Fan":[8],"obtain_stats":[{"HornCleat":7,"Ornamental Fan":9,"Empty Cage":0,"Burning Blood":0,"Toy Ornithopter":12},{"HornCleat":4,"Ornamental Fan":5,"Empty Cage":0,"Burning Blood":0,"Toy Ornithopter":5},{"HornCleat":22,"Ornamental Fan":26,"Empty Cage":0,"Burning Blood":0,"Toy Ornithopter":26}],"Toy Ornithopter":0},"card_choices":[{"not_picked":["Clash","Wild Strike"],"picked":"Clothesline","floor":1.0},{"not_picked":["Thunderclap","Flex"],"picked":"Pommel Strike","floor":3.0},{"not_picked":["Perfected Strike","Infernal Blade","Thunderclap"],"picked":"SKIP","floor":5.0},{"not_picked":["Headbutt","Carnage"],"picked":"Rampage","floor":7},{"not_picked":["Clash","Clothesline"],"picked":"Ghostly Armor","floor":8},{"not_picked":["Twin Strike","Intimidate"],"picked":"Bloodletting","floor":13},{"not_picked":["Perfected Strike","Pummel"],"picked":"Shrug It Off","floor":14}],"player_experience":365851,"relics_obtained":[{"floor":7,"key":"HornCleat"},{"floor":9,"key":"Ornamental Fan"},{"floor":12,"key":"Toy Ornithopter"}],"event_choices":[{"damage_healed":0.0,"max_hp_gain":0.0,"max_hp_loss":0.0,"gold_gain":64.0,"event_name":"Golden Wing","player_choice":"Gained Gold","floor":2.0,"gold_loss":0.0,"damage_taken":0.0},{"damage_healed":0.0,"max_hp_gain":0.0,"max_hp_loss":0.0,"gold_gain":0.0,"event_name":"Upgrade Shrine","player_choice":"Upgraded","floor":4.0,"gold_loss":0.0,"damage_taken":0.0,"cards_upgraded":["Pommel Strike"]}],"is_beta":false,"boss_relics":[],"items_purged_floors":[11],"is_endless":false,"potions_floor_spawned":[3,7],"killed_by":"Hexaghost","ascension_level":9}}