{"host":"dztixnx9b0gu6w9i","time":1613075590,"event":{"mods":["BaseMod","Bestiary","Minty Spire (QoL Compilation)","Relic Stats","Slay the Relics Exporter","SpireBot","ojb\u0027s Better Paths Mod","ojb\u0027s Info Mod"],"gold_per_floor":[111,16,91,102,102,102,133,152,152,178,195,195,220,48,48,120,120,130,144,156,156,156,156,102,102,102,102,118,129,129,155,155,234,234,250,250,88,103,103,103,130,150,150,178,178,206,252,252,252,252,252,252,252,42,70,70],"floor_reached":57,"language":"ENG","playtime":10843,"items_purged":["Strike_B+1"],"score":2923,"play_id":"ab16f344-edb7-4d47-98f2-130386a2e8d0","local_time":"20210211153310","is_ascension_mode":true,"campfire_choices":[{"data":"Beam Cell","floor":6,"key":"SMITH"},{"data":"Zap","floor":12,"key":"SMITH"},{"data":"Sunder","floor":15,"key":"SMITH"},{"data":"Defragment","floor":23,"key":"SMITH"},{"data":"Go for the Eyes","floor":25,"key":"SMITH"},{"floor":27,"key":"REST"},{"data":"Barrage","floor":30,"key":"SMITH"},{"data":"Coolheaded","floor":32,"key":"SMITH"},{"data":"Biased Cognition","floor":40,"key":"SMITH"},{"data":"Barrage","floor":45,"key":"SMITH"},{"floor":49,"key":"RECALL"},{"data":"Seek","floor":53,"key":"SMITH"}],"circlet_count":0,"master_deck":["AscendersBane","Strike_B+1","Strike_B+1","Strike_B+1","Defend_B+1","Defend_B+1","Defend_B+1","Defend_B+1","Zap+1","Dualcast","Finesse","Beam Cell+1","FTL","Ball Lightning","Undo","Core Surge","Glacier","Core Surge","Glacier","Sunder+1","Conserve Battery","Defragment+1","Go for the Eyes+1","Coolheaded+1","Barrage+1","Fusion+1","All For One","Chill+1","Biased Cognition+1","Chaos+1","Hologram","Barrage+1","Seek+1","PanicButton","PanicButton","Dark Shackles","Loop","Capacitor","Hologram","Compile Driver+1"],"relics":["Cracked Core","Ginger","Torii","Mango","Regal Pillow","ClockworkSouvenir","Inserter","Nilry\u0027s Codex","Sundial","Velvet Choker","Lantern","Gremlin Horn","Bottled Lightning","FossilizedHelix","Shovel","Orrery","Pen Nib"],"acts_visited":["Exordium","TheCity","TheBeyond","TheEnding"],"potions_floor_usage":[10,16,31,47,55,56,56,56,56],"damage_taken":[{"damage":1,"enemies":"Cultist","floor":1,"turns":4},{"damage":0,"enemies":"Small Slimes","floor":4,"turns":2},{"damage":23,"enemies":"Gremlin Nob","floor":7,"turns":4},{"damage":1,"enemies":"2 Louse","floor":8,"turns":2},{"damage":11,"enemies":"3 Sentries","floor":10,"turns":8},{"damage":7,"enemies":"Exordium Wildlife","floor":11,"turns":4},{"damage":9,"enemies":"Lagavulin","floor":13,"turns":6},{"damage":18,"enemies":"Slime Boss","floor":16,"turns":9},{"damage":8,"enemies":"2 Thieves","floor":18,"turns":4},{"damage":13,"enemies":"Spheric Guardian","floor":19,"turns":4},{"damage":19,"enemies":"Snake Plant","floor":20,"turns":7},{"damage":0,"enemies":"Snecko","floor":28,"turns":4},{"damage":6,"enemies":"Shelled Parasite and Fungi","floor":29,"turns":6},{"damage":21,"enemies":"Slavers","floor":31,"turns":6},{"damage":1,"enemies":"Champ","floor":33,"turns":18},{"damage":0,"enemies":"Orb Walker","floor":35,"turns":4},{"damage":0,"enemies":"3 Shapes","floor":38,"turns":12},{"damage":1,"enemies":"Nemesis","floor":41,"turns":8},{"damage":7,"enemies":"Maw","floor":42,"turns":8},{"damage":8,"enemies":"Giant Head","floor":44,"turns":12},{"damage":8,"enemies":"Nemesis","floor":46,"turns":17},{"damage":1,"enemies":"2 Orb Walkers","floor":47,"turns":4},{"damage":0,"enemies":"Awakened One","floor":50,"turns":19},{"damage":0,"enemies":"Time Eater","floor":51,"turns":27},{"damage":8,"enemies":"Shield and Spear","floor":55,"turns":11},{"damage":20,"enemies":"The Heart","floor":56,"turns":13}],"seed_played":"-3133239682685877385","potions_obtained":[{"floor":8,"key":"CultistPotion"},{"floor":13,"key":"EssenceOfSteel"},{"floor":28,"key":"Dexterity Potion"},{"floor":31,"key":"Dexterity Potion"},{"floor":33,"key":"EntropicBrew"},{"floor":35,"key":"Block Potion"},{"floor":38,"key":"DistilledChaos"},{"floor":47,"key":"LiquidMemories"},{"floor":55,"key":"BlessingOfTheForge"}],"is_trial":false,"path_per_floor":["M","$","?","M","?","R","E","M","T","E","M","R","E","$","R","B",null,"M","M","M","?","?","R","$","R","T","R","M","M","R","E","R","B",null,"M","?","$","M","?","R","E","M","T","E","R","E","?","?","R","B","B",null,"R","$","E","B",null],"character_chosen":"DEFECT","items_purchased":["FTL","Ball Lightning","ClockworkSouvenir","Fire Potion","Biased Cognition","Orrery","Swift Potion"],"campfire_rested":1,"item_purchase_floors":[2,2,14,24,37,54,54],"current_hp_per_floor":[63,63,52,52,71,71,48,47,47,50,43,43,34,34,34,16,68,60,47,28,7,7,7,7,7,7,47,47,41,41,20,20,19,69,69,69,69,69,69,69,68,61,61,53,53,45,44,34,34,34,34,69,69,69,61,41],"gold":70,"neow_bonus":"RANDOM_COLORLESS","is_daily":false,"chose_seed":false,"campfire_upgraded":10,"win_rate":0.0,"timestamp":1613075590,"path_taken":["M","?","?","M","?","R","E","M","T","E","M","R","E","$","R","BOSS","M","M","M","?","?","R","$","R","T","R","M","?","R","E","R","BOSS","M","?","$","M","?","R","E","M","T","E","R","E","?","?","R","BOSS","BOSS","R","$","E","BOSS"],"items_purchased_type":["Card","Card","Relic","Potion","Card","Relic","Potion"],"build_version":"2020-12-22","purchased_purges":1,"victory":true,"max_hp_per_floor":[71,71,71,71,71,71,71,71,71,85,85,85,85,85,85,85,85,85,85,85,85,85,85,85,85,85,85,85,85,85,85,85,85,85,85,85,85,85,81,81,81,81,81,81,81,81,81,81,81,81,81,81,81,81,81,81],"relic_stats":{"Regal Pillow":15,"Inserter":[77],"Shovel":0,"Torii":62,"Gremlin Horn":[5,5],"counters":[26,223],"Sundial":[14],"Pen Nib":[2],"Ginger":[29],"obtain_stats":[{"Regal Pillow":13,"Lantern":41,"Inserter":17,"Torii":9,"Gremlin Horn":43,"Nilry\u0027s Codex":21,"Velvet Choker":34,"Mango":10,"Pen Nib":55,"Ginger":7,"ClockworkSouvenir":14,"Shovel":47,"Sundial":31,"Orrery":54,"Bottled Lightning":44,"Cracked Core":0,"FossilizedHelix":46},{"Regal Pillow":7,"Lantern":18,"Inserter":8,"Torii":4,"Gremlin Horn":19,"Nilry\u0027s Codex":11,"Velvet Choker":15,"Mango":5,"Pen Nib":25,"Ginger":3,"ClockworkSouvenir":7,"Shovel":22,"Sundial":14,"Orrery":24,"Bottled Lightning":20,"Cracked Core":0,"FossilizedHelix":21},{"Regal Pillow":30,"Lantern":112,"Inserter":39,"Torii":12,"Gremlin Horn":120,"Nilry\u0027s Codex":54,"Velvet Choker":88,"Mango":20,"Pen Nib":210,"Ginger":10,"ClockworkSouvenir":30,"Shovel":153,"Sundial":70,"Orrery":199,"Bottled Lightning":132,"Cracked Core":0,"FossilizedHelix":149}]},"card_choices":[{"not_picked":["Impatience","Panacea"],"picked":"Finesse","floor":0},{"not_picked":["Coolheaded","Gash"],"picked":"Beam Cell","floor":1},{"not_picked":["Hologram","Streamline"],"picked":"Undo","floor":4},{"not_picked":["Redo","Steam"],"picked":"Core Surge","floor":7},{"not_picked":["Leap","Gash"],"picked":"Glacier","floor":8},{"not_picked":["Sunder","Beam Cell"],"picked":"Core Surge","floor":10},{"not_picked":["Streamline","Turbo"],"picked":"Glacier","floor":11},{"not_picked":["Melter","Reinforced Body"],"picked":"Sunder","floor":13},{"not_picked":["Coolheaded","Darkness"],"picked":"Conserve Battery","floor":18},{"not_picked":["Turbo","Ball Lightning"],"picked":"Defragment","floor":19},{"not_picked":["Steam","Reinforced Body"],"picked":"Go for the Eyes","floor":20},{"not_picked":["Streamline","Sunder"],"picked":"Coolheaded","floor":28},{"not_picked":["Streamline","Rebound"],"picked":"Barrage","floor":29},{"not_picked":["Tempest","Static Discharge"],"picked":"Fusion+1","floor":31},{"not_picked":["Hyperbeam","Thunder Strike"],"picked":"All For One","floor":33},{"not_picked":["Beam Cell","Stack"],"picked":"Chill+1","floor":35},{"not_picked":["Rebound","Darkness"],"picked":"Chaos+1","floor":38},{"not_picked":["Gash+1","Sweeping Beam","Hyperbeam"],"picked":"SKIP","floor":41},{"not_picked":["Gash+1","Sweeping Beam","Hyperbeam"],"picked":"SKIP","floor":41},{"not_picked":["Streamline+1","Gash"],"picked":"Hologram","floor":42},{"not_picked":["Chill","Go for the Eyes"],"picked":"Barrage","floor":44},{"not_picked":["Conserve Battery","Turbo","Steam"],"picked":"SKIP","floor":46},{"not_picked":["Conserve Battery+1","Melter"],"picked":"Seek","floor":47},{"not_picked":["Dramatic Entrance","Apotheosis"],"picked":"PanicButton","floor":48},{"not_picked":["Bandage Up","Deep Breath"],"picked":"PanicButton","floor":48},{"not_picked":["Deep Breath","Panacea"],"picked":"Dark Shackles","floor":48},{"not_picked":["Cold Snap","Defragment"],"picked":"Loop","floor":54},{"not_picked":["Recycle+1","Barrage+1"],"picked":"Capacitor","floor":54},{"not_picked":["Go for the Eyes","Chill"],"picked":"Hologram","floor":54},{"not_picked":["Melter+1","Fission"],"picked":"Compile Driver+1","floor":55}],"player_experience":8557099,"relics_obtained":[{"floor":7,"key":"Ginger"},{"floor":9,"key":"Torii"},{"floor":10,"key":"Mango"},{"floor":13,"key":"Regal Pillow"},{"floor":21,"key":"Nilry\u0027s Codex"},{"floor":31,"key":"Sundial"},{"floor":41,"key":"Lantern"},{"floor":43,"key":"Gremlin Horn"},{"floor":44,"key":"Bottled Lightning"},{"floor":46,"key":"FossilizedHelix"},{"floor":47,"key":"Shovel"},{"floor":55,"key":"Pen Nib"}],"event_choices":[{"damage_healed":0,"gold_gain":75,"player_choice":"Gather Gold","damage_taken":11,"max_hp_gain":0,"max_hp_loss":0,"event_name":"World of Goop","floor":3,"gold_loss":0},{"damage_healed":23,"gold_gain":0,"player_choice":"Banana","damage_taken":0,"max_hp_gain":0,"max_hp_loss":0,"event_name":"Big Fish","floor":5,"gold_loss":0},{"damage_healed":0,"gold_gain":0,"player_choice":"Obtained Book","damage_taken":21,"max_hp_gain":0,"max_hp_loss":0,"event_name":"Cursed Tome","floor":21,"gold_loss":0},{"damage_healed":0,"gold_gain":0,"player_choice":"Simplicity","damage_taken":0,"max_hp_gain":0,"max_hp_loss":0,"event_name":"Back to Basics","floor":22,"gold_loss":0,"cards_upgraded":["Strike_B","Strike_B","Strike_B","Strike_B","Defend_B","Defend_B","Defend_B","Defend_B"]},{"damage_healed":0,"gold_gain":0,"player_choice":"Ignored","damage_taken":0,"max_hp_gain":0,"max_hp_loss":0,"event_name":"Tomb of Lord Red Mask","floor":36,"gold_loss":0},{"damage_healed":0,"gold_gain":0,"player_choice":"Max HP","damage_taken":0,"max_hp_gain":0,"max_hp_loss":4,"event_name":"Winding Halls","floor":39,"gold_loss":0},{"damage_healed":0,"gold_gain":0,"player_choice":"Fight","damage_taken":0,"max_hp_gain":0,"max_hp_loss":0,"event_name":"Mysterious Sphere","floor":47,"gold_loss":0},{"damage_healed":0,"gold_gain":0,"player_choice":"Memory 3","damage_taken":10,"max_hp_gain":0,"max_hp_loss":0,"event_name":"SensoryStone","floor":48,"gold_loss":0}],"is_beta":false,"boss_relics":[{"not_picked":["Ectoplasm","Philosopher\u0027s Stone"],"picked":"Inserter"},{"not_picked":["Pandora\u0027s Box","Runic Pyramid"],"picked":"Velvet Choker"}],"items_purged_floors":[37],"is_endless":false,"potions_floor_spawned":[8,13,28,31,33,35,38,44,47,55],"ascension_level":20}}