{"host":"5n1fl7z5i1vf7jan","time":1613029010,"event":{"mods":["BaseMod","Minty Spire (QoL Compilation)","Quick Restart","Relic Stats"],"gold_per_floor":[110,120,132,92,131,131,161,175,175,208,222,233,173,173,173,173,173],"floor_reached":16,"language":"ENG","playtime":476,"items_purged":[],"score":222,"play_id":"ac319e11-ec86-42fd-a93f-51993f731293","local_time":"20210210233650","is_ascension_mode":true,"campfire_choices":[{"data":"Perfected Strike","floor":6,"key":"SMITH"},{"floor":15,"key":"REST"}],"circlet_count":0,"master_deck":["AscendersBane","Strike_R","Strike_R","Strike_R","Strike_R","Strike_R","Defend_R","Defend_R","Defend_R","Defend_R","Bash","Dropkick","Perfected Strike+1","Burning Pact","Rage","Twin Strike","Uppercut+1","Pommel Strike","Shrug It Off","Shrug It Off"],"relics":["Burning Blood","NeowsBlessing","Question Card","Ornamental Fan","StoneCalendar"],"acts_visited":["Exordium"],"potions_floor_usage":[5,7,10],"damage_taken":[{"damage":0,"enemies":"Jaw Worm","floor":1,"turns":1},{"damage":0,"enemies":"Cultist","floor":2,"turns":1},{"damage":0,"enemies":"Small Slimes","floor":3,"turns":2},{"damage":11,"enemies":"Blue Slaver","floor":5,"turns":4},{"damage":34,"enemies":"3 Sentries","floor":7,"turns":8},{"damage":13,"enemies":"Red Slaver","floor":8,"turns":4},{"damage":16,"enemies":"Lagavulin","floor":10,"turns":6},{"damage":17,"enemies":"Gremlin Gang","floor":11,"turns":7},{"damage":7,"enemies":"Exordium Thugs","floor":12,"turns":4},{"damage":35,"enemies":"Hexaghost","floor":16,"turns":9}],"seed_played":"-5651619769201705471","potions_obtained":[{"floor":1,"key":"HeartOfIron"},{"floor":4,"key":"ColorlessPotion"},{"floor":5,"key":"Explosive Potion"},{"floor":10,"key":"Ancient Potion"},{"floor":11,"key":"ElixirPotion"}],"is_trial":false,"path_per_floor":["M","M","M","?","M","R","E","M","T","E","M","M","?","?","R","B"],"character_chosen":"IRONCLAD","items_purchased":[],"campfire_rested":1,"item_purchase_floors":[],"current_hp_per_floor":[74,75,75,75,70,70,42,35,35,25,14,13,13,13,35,0,0],"gold":173,"neow_bonus":"THREE_ENEMY_KILL","is_daily":false,"chose_seed":false,"campfire_upgraded":1,"win_rate":0.0,"timestamp":1613029010,"path_taken":["M","M","M","?","?","R","E","M","T","E","M","M","?","?","R","BOSS"],"items_purchased_type":[],"build_version":"2020-12-22","purchased_purges":0,"victory":false,"max_hp_per_floor":[75,75,75,75,75,75,75,75,75,75,75,75,75,75,75,75,75],"relic_stats":{"counters":[10,46],"Ornamental Fan":[8],"StoneCalendar":[58],"Question Card":4,"obtain_stats":[{"NeowsBlessing":0,"Ornamental Fan":9,"StoneCalendar":10,"Question Card":7,"Burning Blood":0},{"NeowsBlessing":0,"Ornamental Fan":6,"StoneCalendar":7,"Question Card":5,"Burning Blood":0},{"NeowsBlessing":0,"Ornamental Fan":20,"StoneCalendar":26,"Question Card":16,"Burning Blood":0}],"Burning Blood":43},"card_choices":[{"not_picked":["Seeing Red","Clash"],"picked":"Dropkick","floor":1},{"not_picked":["Disarm","Thunderclap"],"picked":"Perfected Strike","floor":2},{"not_picked":["Bloodletting","Clash"],"picked":"Burning Pact","floor":3},{"not_picked":["Clothesline","Warcry"],"picked":"Rage","floor":5},{"not_picked":["Armaments","Dual Wield"],"picked":"Twin Strike","floor":7},{"not_picked":["Burning Pact","Heavy Blade","Sever Soul"],"picked":"Uppercut","floor":8},{"not_picked":["Fiend Fire","Sword Boomerang","Carnage"],"picked":"Pommel Strike","floor":10},{"not_picked":["Headbutt","Body Slam","Sword Boomerang"],"picked":"Shrug It Off","floor":11},{"not_picked":["Reckless Charge","Flex","Intimidate"],"picked":"Shrug It Off","floor":12}],"player_experience":340929,"relics_obtained":[{"floor":7,"key":"Question Card"},{"floor":9,"key":"Ornamental Fan"},{"floor":10,"key":"StoneCalendar"}],"event_choices":[{"damage_healed":0,"gold_gain":0,"player_choice":"Bought 3 Potions","damage_taken":0,"max_hp_gain":0,"max_hp_loss":0,"event_name":"The Woman in Blue","floor":4,"gold_loss":0},{"damage_healed":0,"gold_gain":0,"player_choice":"Left Gold","damage_taken":0,"max_hp_gain":0,"max_hp_loss":0,"event_name":"World of Goop","floor":13,"gold_loss":60},{"damage_healed":0,"gold_gain":0,"player_choice":"Upgraded","damage_taken":0,"max_hp_gain":0,"max_hp_loss":0,"event_name":"Upgrade Shrine","floor":14,"gold_loss":0,"cards_upgraded":["Uppercut"]}],"is_beta":false,"boss_relics":[],"items_purged_floors":[],"is_endless":false,"potions_floor_spawned":[1,5,10,11],"killed_by":"Hexaghost","ascension_level":19}}