{"host":"gtkw0hh8g0porc44","time":1613062547,"event":{"mods":["AchievementEnabler","BaseMod","Better Altar","Better Match","Better Note","Better Sensory Stone","Better Skull","Better Synergies","Better Vampires","BetterRewards","Colored Map","Colored Powertips","DeckTracker","Highlight Path","Infinite Spire","Minty Spire (QoL Compilation)","Relic Stats","Replay The Spire","StSLib","Synergy Search"],"gold_per_floor":[119,79,98,114,124,124,137,137,160,191,211,239,251,273,285,400,412,435,447,459,471,499,511,523,535,547,569,592,604,604],"floor_reached":29,"language":"ENG","playtime":3020,"items_purged":[],"score":249,"play_id":"167395fd-a948-4ab1-9301-f58f51bcff0a","local_time":"20210211115547","is_ascension_mode":true,"campfire_choices":[{"data":"Fusion","floor":6,"key":"SMITH"},{"floor":8,"key":"REST"},{"floor":13,"key":"REST"},{"floor":15,"key":"REST"},{"floor":23,"key":"REST"},{"floor":25,"key":"REST"}],"circlet_count":0,"master_deck":["Strike_B","Strike_B","Defend_B+1","Defend_B","Defend_B","Defend_B+1","Zap","Dualcast","Fusion+1","Skim","Melter","Panic Button","Loop","Electrodynamics","Echo Form","FIFO Queue+1","ReplaySort+1"],"relics":["Cracked Core","NeowsBlessing","ReplayTheSpireMod:TigerMarble","Simple Rune","MawBank","Inserter","Letter Opener"],"acts_visited":["Exordium","TheCity"],"potions_floor_usage":[7,7,7,7,12,16,16,22,24,27,29],"damage_taken":[{"damage":0,"enemies":"Small Slimes","floor":1,"turns":1},{"damage":0,"enemies":"Cultist","floor":3,"turns":1},{"damage":0,"enemies":"Jaw Worm","floor":4,"turns":1},{"damage":10,"enemies":"Looter","floor":5,"turns":4},{"damage":12,"enemies":"Exordium Thugs","floor":7,"turns":4},{"damage":26,"enemies":"Lagavulin","floor":10,"turns":5},{"damage":16,"enemies":"Large Slime","floor":11,"turns":4},{"damage":19,"enemies":"3 Sentries","floor":12,"turns":11},{"damage":0,"enemies":"2 Fungi Beasts","floor":14,"turns":2},{"damage":37,"enemies":"Hexaghost","floor":16,"turns":9},{"damage":40,"enemies":"2 Thieves","floor":18,"turns":3},{"damage":15,"enemies":"Chosen","floor":22,"turns":6},{"damage":0,"enemies":"Masked Bandits","floor":24,"turns":1},{"damage":21,"enemies":"Snake Plant","floor":27,"turns":4},{"damage":19,"enemies":"Chosen and Byrds","floor":28,"turns":8},{"damage":30,"enemies":"Cultist and Chosen","floor":29,"turns":6}],"seed_played":"7028619875979766841","potions_obtained":[{"floor":2,"key":"PotionOfCapacity"},{"floor":2,"key":"BlessingOfTheForge"},{"floor":2,"key":"EntropicBrew"},{"floor":12,"key":"FocusPotion"},{"floor":14,"key":"Block Potion"},{"floor":16,"key":"Milkshake"},{"floor":18,"key":"AttackPotion"},{"floor":28,"key":"LiquidMemories"}],"is_trial":false,"path_per_floor":["M","?","M","M","M","R","M","R","T","E","M","E","R","M","R","B",null,"M","?","?","$","M","R","?","R","T","M","M","M"],"character_chosen":"DEFECT","items_purchased":[],"campfire_rested":5,"item_purchase_floors":[],"current_hp_per_floor":[75,75,75,75,65,65,53,75,75,49,33,14,36,36,58,21,75,35,35,35,35,20,42,42,64,64,43,24,0,0],"gold":604,"neow_bonus":"THREE_ENEMY_KILL","is_daily":false,"chose_seed":false,"campfire_upgraded":1,"win_rate":0.0,"timestamp":1613062547,"path_taken":["M","?","M","M","?","R","M","R","T","E","M","E","R","M","R","BOSS","M","?","?","$","?","R","?","R","T","M","M","M"],"items_purchased_type":[],"build_version":"2020-12-22","purchased_purges":0,"victory":false,"max_hp_per_floor":[75,75,75,75,75,75,75,75,75,75,75,75,75,75,75,75,75,75,75,75,75,75,75,75,75,75,75,75,75,75],"relic_stats":{"Inserter":[13],"counters":[16,69],"Letter Opener":[35],"MawBank":204,"obtain_stats":[{"Inserter":17,"NeowsBlessing":0,"Simple Rune":10,"ReplayTheSpireMod:TigerMarble":9,"Letter Opener":26,"Cracked Core":0,"MawBank":12},{"Inserter":10,"NeowsBlessing":0,"Simple Rune":6,"ReplayTheSpireMod:TigerMarble":5,"Letter Opener":13,"Cracked Core":0,"MawBank":8},{"Inserter":41,"NeowsBlessing":0,"Simple Rune":16,"ReplayTheSpireMod:TigerMarble":11,"Letter Opener":51,"Cracked Core":0,"MawBank":30}]},"card_choices":[{"not_picked":["Genetic Algorithm","Scrape"],"picked":"Fusion","floor":1},{"not_picked":["Gash","Conserve Battery","Beam Cell"],"picked":"SKIP","floor":3},{"not_picked":["Force Field","Turbo"],"picked":"Skim","floor":4},{"not_picked":["Panic Button","Barrage"],"picked":"Melter","floor":5},{"not_picked":["Reinforced Body","Barrage"],"picked":"Panic Button","floor":7},{"not_picked":["Beam Cell","Rebound"],"picked":"Loop","floor":10},{"not_picked":["Reprogram","Turbo","Compile Driver"],"picked":"SKIP","floor":11},{"not_picked":["Sweeping Beam","Reboot"],"picked":"Electrodynamics","floor":12},{"not_picked":["Panic Button","Compile Driver","Skim"],"picked":"SKIP","floor":14},{"not_picked":["ReplayRNGCard","Core Surge"],"picked":"Echo Form","floor":16},{"not_picked":["Go for the Eyes","Streamline"],"picked":"FIFO Queue+1","floor":18},{"not_picked":["Doom and Gloom","Conserve Battery","Aggregate"],"picked":"SKIP","floor":22},{"not_picked":["Rebound","Steam","Gash"],"picked":"SKIP","floor":27},{"not_picked":["Leap","BootSequence"],"picked":"ReplaySort+1","floor":28}],"player_experience":113425,"relics_obtained":[{"floor":9,"key":"ReplayTheSpireMod:TigerMarble"},{"floor":10,"key":"Simple Rune"},{"floor":12,"key":"MawBank"},{"floor":26,"key":"Letter Opener"}],"event_choices":[{"damage_healed":0,"gold_gain":0,"player_choice":"Bought 3 Potions","damage_taken":0,"max_hp_gain":0,"max_hp_loss":0,"event_name":"The Woman in Blue","floor":2,"gold_loss":0},{"cards_removed":["Strike_B"],"damage_healed":0,"gold_gain":0,"player_choice":"Elegance","damage_taken":0,"max_hp_gain":0,"max_hp_loss":0,"event_name":"Back to Basics","floor":19,"gold_loss":0},{"cards_removed":["Strike_B"],"damage_healed":0,"gold_gain":0,"player_choice":"Purged","damage_taken":0,"max_hp_gain":0,"max_hp_loss":0,"event_name":"Purifier","floor":20,"gold_loss":0},{"damage_healed":0,"gold_gain":0,"player_choice":"Fought Bandits","damage_taken":0,"max_hp_gain":0,"max_hp_loss":0,"event_name":"Masked Bandits","floor":24,"gold_loss":0}],"is_beta":false,"boss_relics":[{"not_picked":["Velvet Choker","Coffee Dripper"],"picked":"Inserter"}],"items_purged_floors":[],"is_endless":false,"potions_floor_spawned":[4,5,12,14,16,18,28],"killed_by":"Cultist and Chosen","ascension_level":1}}