{"host":"rmsq46plbpwfbxcc","time":1613042774,"event":{"mods":["AchievementEnabler","BaseMod","Colored Map","Colored Powertips","DeckTracker","KOR Keyword Fix","Minty Spire (QoL Compilation)","Permanent Neow","Quick Restart","SuperFastMode"],"gold_per_floor":[114,132,132,132,57,57,86,86,111,186,20,20,40,56,56,132,132,145,156,156,156,169,169,201,201,201,29,63,63,97,110,110,186,186,199,212,223,248,268,268,302,317,341,341,356,388,388,278,278,278],"floor_reached":51,"language":"KOR","playtime":2106,"items_purged":["Storm of Steel"],"score":1567,"play_id":"e902a72e-4584-42f6-910d-9cff1f3cce6d","local_time":"20210211202614","is_ascension_mode":true,"campfire_choices":[{"data":"After Image","floor":6.0,"key":"SMITH"},{"data":"Envenom","floor":8.0,"key":"SMITH"},{"floor":15.0,"key":"REST"},{"data":"Blade Dance","floor":23,"key":"SMITH"},{"data":"Cloak And Dagger","floor":25,"key":"SMITH"},{"data":"Accuracy","floor":32,"key":"SMITH"},{"data":"Well Laid Plans","floor":40,"key":"SMITH"},{"floor":47,"key":"REST"},{"data":"1","floor":49,"key":"LIFT"}],"circlet_count":0,"master_deck":["AscendersBane","Survivor","Neutralize+1","Blur","Corpse Explosion","Cloak And Dagger+1","Envenom+1","After Image+1","Slice+1","All Out Attack","Acrobatics","Venomology","PiercingWail","Blade Dance+1","Backflip","Well Laid Plans+1","Bane+1","CurseOfTheBell","Dodge and Roll+1","Accuracy+1","Adrenaline+1","Blade Dance+1","Bullet Time+1","Blur+1","Finisher+1","Cloak And Dagger+1","Tactician+1","Acrobatics+1","Trip+1","Escape Plan+1","Cloak And Dagger+1"],"relics":["Pandora\u0027s Box","Girya","Bag of Marbles","Dream Catcher","Happy Flower","Calling Bell","Bronze Scales","Toxic Egg 2","MutagenicStrength","Boot","Orichalcum","Centennial Puzzle","Lee\u0027s Waffle","Ancient Tea Set","Red Mask","Cursed Key","Prayer Wheel","StoneCalendar","Whetstone","Akabeko"],"acts_visited":["Exordium","TheCity","TheBeyond"],"potions_floor_usage":[22,24,28,30,31,33,35,36,37,38,39,41,42,45,50,50],"damage_taken":[{"damage":10.0,"enemies":"Small Slimes","floor":1.0,"turns":2.0},{"damage":4.0,"enemies":"Jaw Worm","floor":2.0,"turns":4.0},{"damage":17.0,"enemies":"3 Sentries","floor":7.0,"turns":3.0},{"damage":0.0,"enemies":"Gremlin Nob","floor":12.0,"turns":3.0},{"damage":0.0,"enemies":"2 Louse","floor":13.0,"turns":2.0},{"damage":4.0,"enemies":"Gremlin Gang","floor":14.0,"turns":2.0},{"damage":14.0,"enemies":"The Guardian","floor":16.0,"turns":9.0},{"damage":2.0,"enemies":"Spheric Guardian","floor":18.0,"turns":5.0},{"damage":5.0,"enemies":"Shell Parasite","floor":19.0,"turns":8.0},{"damage":4,"enemies":"Centurion and Healer","floor":22,"turns":4},{"damage":27,"enemies":"Gremlin Leader","floor":24,"turns":8},{"damage":7,"enemies":"Book of Stabbing","floor":28,"turns":4},{"damage":2,"enemies":"Masked Bandits","floor":30,"turns":3},{"damage":1,"enemies":"Snecko","floor":31,"turns":4},{"damage":21,"enemies":"Automaton","floor":33,"turns":8},{"damage":0,"enemies":"Orb Walker","floor":35,"turns":3},{"damage":0,"enemies":"3 Darklings","floor":36,"turns":3},{"damage":16,"enemies":"Spire Growth","floor":37,"turns":4},{"damage":4,"enemies":"Mind Bloom Boss Battle","floor":38,"turns":5},{"damage":12,"enemies":"Writhing Mass","floor":39,"turns":4},{"damage":0,"enemies":"Giant Head","floor":41,"turns":7},{"damage":22,"enemies":"Transient","floor":42,"turns":6},{"damage":0,"enemies":"Maw","floor":45,"turns":7},{"damage":37,"enemies":"Reptomancer","floor":46,"turns":3},{"damage":16,"enemies":"Donu and Deca","floor":50,"turns":2}],"seed_played":"2010973680495270303","potions_obtained":[{"floor":7.0,"key":"Energy Potion"},{"floor":14.0,"key":"FairyPotion"},{"floor":18.0,"key":"EssenceOfSteel"},{"floor":24,"key":"Poison Potion"},{"floor":37,"key":"EssenceOfSteel"},{"floor":42,"key":"Dexterity Potion"},{"floor":46,"key":"Dexterity Potion"}],"is_trial":false,"path_per_floor":["M","M","?","T","$","R","E","R","T","?","$","E","M","M","R","B",null,"M","M","?","T","M","R","E","R","T","$","E","$","?","M","R","B",null,"M","M","M","?","M","R","E","M","T","?","M","E","R","?","R","B",null],"character_chosen":"THE_SILENT","items_purchased":["Happy Flower","Lee\u0027s Waffle"],"campfire_rested":2,"item_purchase_floors":[11,27],"current_hp_per_floor":[49,45,45,45,45,45,28,28,28,17,17,17,17,13,32,18,54,52,47,47,47,43,43,16,16,16,73,66,66,64,63,63,42,65,73,73,57,53,41,41,41,19,19,19,19,11,32,32,32,16],"gold":278,"neow_bonus":"BOSS_RELIC","is_daily":false,"chose_seed":false,"campfire_upgraded":6,"win_rate":0.0,"timestamp":1613042774,"path_taken":["M","M","?","?","?","R","E","R","T","?","$","E","M","M","R","BOSS","M","M","?","?","M","R","E","R","T","?","E","?","?","M","R","BOSS","M","M","M","?","M","R","E","M","T","?","M","E","R","?","R","BOSS"],"items_purchased_type":["Relic","Relic"],"build_version":"2020-12-22","purchased_purges":1,"victory":true,"max_hp_per_floor":[66,66,66,66,66,66,66,66,66,66,66,66,66,66,66,66,66,66,66,66,66,66,66,66,66,66,73,73,73,73,73,73,73,73,73,73,73,73,73,73,73,73,73,73,73,73,73,73,73,73],"card_choices":[{"not_picked":["Poisoned Stab","Riddle With Holes"],"picked":"PiercingWail","floor":1.0},{"not_picked":["Calculated Gamble","Bane"],"picked":"Blade Dance","floor":2.0},{"not_picked":["Choke","Outmaneuver"],"picked":"Backflip","floor":7.0},{"not_picked":["Eviscerate","Poisoned Stab"],"picked":"Well Laid Plans","floor":13.0},{"not_picked":["Deadly Poison","Underhanded Strike","Distraction"],"picked":"SKIP","floor":14.0},{"not_picked":["Acrobatics","Deadly Poison"],"picked":"Bane","floor":15.0},{"not_picked":["Dagger Spray","Sucker Punch"],"picked":"Dodge and Roll+1","floor":18.0},{"not_picked":["Blade Dance+1","Concentrate+1","Wraith Form v2"],"picked":"SKIP","floor":19.0},{"not_picked":["Dagger Spray","Poisoned Stab","Dodge and Roll+1"],"picked":"SKIP","floor":22},{"not_picked":["Blade Dance+1","Underhanded Strike"],"picked":"Accuracy","floor":24},{"not_picked":["PiercingWail+1","Dodge and Roll+1"],"picked":"Adrenaline+1","floor":28},{"not_picked":["Prepared+1","Dagger Throw"],"picked":"Blade Dance+1","floor":31},{"not_picked":["Night Terror+1","After Image"],"picked":"Bullet Time+1","floor":33},{"not_picked":["PiercingWail+1","Blade Dance+1"],"picked":"Blur+1","floor":35},{"not_picked":["Dagger Throw","Escape Plan+1"],"picked":"Finisher+1","floor":36},{"not_picked":["Prepared+1","Slice"],"picked":"Cloak And Dagger+1","floor":37},{"not_picked":["Flechettes","Deadly Poison+1"],"picked":"Tactician+1","floor":38},{"not_picked":["Underhanded Strike+1","Envenom"],"picked":"Acrobatics+1","floor":39},{"not_picked":["Blade Dance+1","Dagger Throw","Underhanded Strike"],"picked":"SKIP","floor":39},{"not_picked":["Dagger Spray","Outmaneuver+1","Tactician+1"],"picked":"SKIP","floor":41},{"not_picked":["Heel Hook","Concentrate+1","Dash"],"picked":"SKIP","floor":42},{"not_picked":["Prepared+1","Acrobatics+1","Masterful Stab"],"picked":"SKIP","floor":42},{"not_picked":["Metamorphosis+1","Mind Blast"],"picked":"Trip+1","floor":44},{"not_picked":["Poisoned Stab","Accuracy"],"picked":"Escape Plan+1","floor":45},{"not_picked":["Slice","Catalyst+1"],"picked":"Cloak And Dagger+1","floor":45},{"not_picked":["Tactician+1","Eviscerate","A Thousand Cuts"],"picked":"SKIP","floor":46}],"player_experience":687990,"relics_obtained":[{"floor":4.0,"key":"Girya"},{"floor":7.0,"key":"Bag of Marbles"},{"floor":9.0,"key":"Dream Catcher"},{"floor":17.0,"key":"Bronze Scales"},{"floor":17.0,"key":"Toxic Egg 2"},{"floor":21,"key":"Boot"},{"floor":24,"key":"Orichalcum"},{"floor":26,"key":"Centennial Puzzle"},{"floor":28,"key":"Ancient Tea Set"},{"floor":30,"key":"Red Mask"},{"floor":38,"key":"Prayer Wheel"},{"floor":41,"key":"StoneCalendar"},{"floor":43,"key":"Whetstone"},{"floor":46,"key":"Akabeko"}],"event_choices":[{"damage_healed":0.0,"max_hp_gain":0.0,"max_hp_loss":0.0,"gold_gain":0.0,"event_name":"Shining Light","player_choice":"Ignored","floor":3.0,"gold_loss":0.0,"damage_taken":0.0},{"damage_healed":0.0,"max_hp_gain":0.0,"max_hp_loss":0.0,"gold_gain":75.0,"event_name":"World of Goop","player_choice":"Gather Gold","floor":10.0,"gold_loss":0.0,"damage_taken":11.0},{"damage_healed":0,"gold_gain":0,"player_choice":"Inject Mutagens","damage_taken":0,"relics_obtained":["MutagenicStrength"],"max_hp_gain":0,"max_hp_loss":0,"event_name":"Drug Dealer","floor":20,"gold_loss":0},{"damage_healed":0,"gold_gain":0,"player_choice":"Fought Bandits","damage_taken":0,"max_hp_gain":0,"max_hp_loss":0,"event_name":"Masked Bandits","floor":30,"gold_loss":0},{"damage_healed":0,"gold_gain":0,"player_choice":"Fight","damage_taken":0,"max_hp_gain":0,"max_hp_loss":0,"event_name":"MindBloom","floor":38,"gold_loss":0},{"damage_healed":0,"gold_gain":0,"player_choice":"Memory 1","damage_taken":0,"max_hp_gain":0,"max_hp_loss":0,"event_name":"SensoryStone","floor":44,"gold_loss":0},{"cards_removed":["Pain"],"damage_healed":0,"gold_gain":0,"player_choice":"Upgrade and Remove","damage_taken":0,"max_hp_gain":0,"max_hp_loss":0,"event_name":"Designer","floor":48,"gold_loss":110,"cards_upgraded":["Slice"]}],"is_beta":false,"boss_relics":[{"not_picked":["SacredBark","Ectoplasm"],"picked":"Calling Bell"},{"not_picked":["Snecko Eye","HoveringKite"],"picked":"Cursed Key"}],"items_purged_floors":[5],"is_endless":false,"potions_floor_spawned":[7,12,14,18,19,24,28,30,37,38,42,46],"ascension_level":19}}