{"host":"6rd8hsjmp8z8o98z","time":1613077076,"event":{"mods":["AchievementEnabler","BaseMod","Better Match","Better Third Choice","BetterRewards","Gremlin Mod","Minty Spire (QoL Compilation)","Say the Spire","Shop Mod","StSLib","The Jungle"],"gold_per_floor":[111,121,0,0,14,48,48,89,89,89,89,89],"floor_reached":11,"language":"KOR","playtime":570,"items_purged":[],"score":122,"play_id":"5594e098-cdc4-460b-a535-f201c941ae41","local_time":"20210212055756","is_ascension_mode":true,"campfire_choices":[{"data":"Strike_G","floor":7,"key":"PURGE"}],"circlet_count":0,"master_deck":["AscendersBane","Strike_G","Strike_G","Strike_G","Strike_G","Defend_G","Defend_G","Defend_G","Defend_G","Defend_G","Survivor","Neutralize","Dagger Throw","Flying Knee","Underhanded Strike","Prepared"],"relics":["Ring of the Snake","Membership Card","Paper Crane","Golden Idol","Peace Pipe","The Courier","Question Card"],"acts_visited":["Exordium"],"potions_floor_usage":[6,11],"damage_taken":[{"damage":0,"enemies":"Cultist","floor":1,"turns":4},{"damage":0,"enemies":"Jaw Worm","floor":2,"turns":5},{"damage":0,"enemies":"2 Louse","floor":5,"turns":3},{"damage":25,"enemies":"3 Sentries","floor":6,"turns":8},{"damage":25,"enemies":"Lagavulin","floor":8,"turns":8},{"damage":15,"enemies":"3 Sentries","floor":11,"turns":2}],"seed_played":"5084062320502975314","potions_obtained":[{"floor":2,"key":"Energy Potion"},{"floor":8,"key":"LiquidBronze"}],"is_trial":false,"path_per_floor":["M","M","$","?","M","E","R","E","T","?","E"],"character_chosen":"THE_SILENT","items_purchased":["Membership Card","Paper Crane"],"campfire_rested":0,"item_purchase_floors":[0,3],"current_hp_per_floor":[63,63,63,63,63,38,38,13,13,13,0,0],"gold":89,"neow_bonus":"","is_daily":false,"chose_seed":false,"campfire_upgraded":0,"win_rate":0.0,"timestamp":1613077076,"path_taken":["M","M","$","?","M","E","R","E","T","?","E"],"items_purchased_type":["Relic","Relic"],"build_version":"2020-12-22","purchased_purges":0,"victory":false,"max_hp_per_floor":[70,70,70,65,65,65,65,65,65,65,65,65],"card_choices":[{"not_picked":["Dodge and Roll","Catalyst"],"picked":"Dagger Throw","floor":1},{"not_picked":["Dagger Throw","Poisoned Stab"],"picked":"Flying Knee","floor":2},{"not_picked":["Endless Agony","Dodge and Roll"],"picked":"Underhanded Strike","floor":5},{"not_picked":["Underhanded Strike","Catalyst","Predator"],"picked":"SKIP","floor":6},{"not_picked":["Underhanded Strike","Burst"],"picked":"Prepared","floor":8}],"player_experience":538317,"relics_obtained":[{"floor":6,"key":"Peace Pipe"},{"floor":8,"key":"The Courier"},{"floor":9,"key":"Question Card"}],"event_choices":[{"damage_healed":0,"gold_gain":0,"player_choice":"Lose Max HP","damage_taken":0,"relics_obtained":["Golden Idol"],"max_hp_gain":0,"max_hp_loss":5,"event_name":"Golden Idol","floor":4,"gold_loss":0},{"damage_healed":13,"gold_gain":0,"player_choice":"Leave","damage_taken":0,"max_hp_gain":0,"max_hp_loss":65,"event_name":"betterThird:BetterShining","floor":10,"gold_loss":0}],"is_beta":false,"boss_relics":[],"items_purged_floors":[],"is_endless":false,"potions_floor_spawned":[2,8],"killed_by":"3 Sentries","ascension_level":10}}