{"host":"56xwnffi6e9z5l58","time":1613060472,"event":{"mods":["Aspiration","BaseMod","Better Match","Better Note","Better Sensory Stone","BetterRewards","Colored Map","Colored Powertips","Conspire","Downfall","GifTheSpireLib","Hermit","Highlight Path","Hubris","Infinite Spire","Key Reminder","Minty Spire (QoL Compilation)","Permanent Neow","Quick Restart","Rare Cards Sparkle","Replay The Spire","StSLib","Stuff the Spire","SuperFastMode","Unceasing Turn Reminder"],"gold_per_floor":[99,113,131,149,149,163,163,163,180,16,49,49,49,77,88,184,184,184,196,213,213,228,228,282,304,304,330,348,361,361,461,485,596,596,596,620,646,381,407,407,407,407],"floor_reached":40,"language":"ENG","playtime":1538,"items_purged":["hexamod:Defend"],"score":429,"play_id":"5cf11e01-4b96-44bd-9df8-9f354eab089a","local_time":"20210212002112","is_ascension_mode":false,"campfire_choices":[{"data":"hexamod:RainOfEmbers","floor":8,"key":"SMITH"},{"data":"hexamod:DynamicBlow","floor":12,"key":"SMITH"},{"data":"hexamod:Strike","floor":18,"key":"PURGE"},{"data":"hexamod:UnlimitedPower","floor":26,"key":"SMITH"},{"data":"hexamod:RetreatToShadows","floor":30,"key":"SMITH"},{"floor":35,"key":"DIG"}],"circlet_count":0,"master_deck":["hexamod:Strike","hexamod:Strike+1","hexamod:Strike+1","hexamod:Defend","hexamod:Defend","hexamod:Defend+1","hexamod:Sear+1","hexamod:Float","hexamod:TimeOfNeed+1","hexamod:Firestarter+1","hexamod:NightmareStrike+1","hexamod:RainOfEmbers+1","hexamod:UnlimitedPower+1","hexamod:DynamicBlow+1","hexamod:FlamesFromBeyond+1","hexamod:FirstSeal","hexamod:VolcanoVisage+1","hexamod:HeatCrush+1","hexamod:SixthSeal","hexamod:ChargedBarrage+1","hexamod:SpectralAdrenaline","hexamod:SecondSeal","Doubt","hexamod:GhostOfSpireFuture+1","hexamod:RecurringNightmare","hexamod:RetreatToShadows+1","hexamod:HeatShield+1","hexamod:FlamesFromBeyond+1","hexamod:WildfireWeapon","hexamod:ChargedBarrage+1","hexamod:StepThrough+1","expansioncontent:QuickStudy"],"relics":["hexamod:SpiritBrand","ReplayTheSpireMod:Lightbulb","hexamod:MatchstickCase","ReplayTheSpireMod:Ninjato","hexamod:SoulConsumer","Coffee Dripper","Ring of Panic","ReplayTheSpireMod:Ring of Exchange","conspire:TopHat","StuffTheSpire:Saxophone","StuffTheSpire:SapphireSignet"],"acts_visited":["Exordium","TheCity","TheBeyond"],"potions_floor_usage":[14,38,38,38],"damage_taken":[{"damage":0,"enemies":"Cultist","floor":2,"turns":4},{"damage":0,"enemies":"Small Slimes","floor":3,"turns":3},{"damage":1,"enemies":"Jaw Worm","floor":4,"turns":3},{"damage":4,"enemies":"3 Louse","floor":6,"turns":3},{"damage":19,"enemies":"Gremlin Gang","floor":9,"turns":6},{"damage":5,"enemies":"downfall:FleeingMerchant","floor":10,"turns":4},{"damage":13,"enemies":"3 Sentries","floor":11,"turns":5},{"damage":10,"enemies":"Gremlin Nob","floor":14,"turns":3},{"damage":2,"enemies":"Blue Slaver","floor":15,"turns":3},{"damage":15,"enemies":"SI_SHIV_ARCHETYPE","floor":16,"turns":6},{"damage":0,"enemies":"Chosen","floor":19,"turns":3},{"damage":20,"enemies":"Chosen and Byrds","floor":20,"turns":6},{"damage":29,"enemies":"3 Cultists","floor":22,"turns":6},{"damage":27,"enemies":"Shelled Parasite and Fungi","floor":25,"turns":5},{"damage":3,"enemies":"Centurion and Healer","floor":27,"turns":4},{"damage":5,"enemies":"Cultist and Chosen","floor":28,"turns":3},{"damage":6,"enemies":"Snake Plant","floor":29,"turns":3},{"damage":5,"enemies":"Snecko","floor":32,"turns":3},{"damage":29,"enemies":"IC_MUSHROOM_ARCHETYPE","floor":33,"turns":6},{"damage":5,"enemies":"Orb Walker","floor":36,"turns":3},{"damage":22,"enemies":"3 Shapes","floor":37,"turns":6},{"damage":0,"enemies":"downfall:FleeingMerchant","floor":38,"turns":5},{"damage":7,"enemies":"Maw","floor":39,"turns":5},{"damage":93,"enemies":"Reptomancer","floor":40,"turns":2}],"seed_played":"-2694049396155945759","potions_obtained":[{"floor":3,"key":"Slimebound:ThreeZeroPotion"},{"floor":6,"key":"Explosive Potion"},{"floor":14,"key":"Death Potion"},{"floor":15,"key":"Flashbang"},{"floor":22,"key":"Swift Potion"}],"is_trial":false,"path_per_floor":["R_BF","M","M","M","?","M","T","R","M","$","E","R","?","E","M","B",null,"R_BF","M","M","?","M","?","T","M","R","M","M","M","R","?","M","B",null,"R_BF","M","M","$","M","E"],"character_chosen":"THE_SPIRIT","items_purchased":["hexamod:MatchstickCase","expansioncontent:QuickStudy"],"campfire_rested":0,"item_purchase_floors":[10,38],"current_hp_per_floor":[70,70,70,69,69,65,65,65,46,41,28,28,28,25,34,30,70,70,70,61,61,43,43,43,27,27,35,41,42,42,42,44,26,70,70,69,58,69,70,0,0,0],"gold":407,"neow_bonus":"THREE_RARE_CARDS","is_daily":false,"chose_seed":false,"campfire_upgraded":4,"win_rate":0.0,"timestamp":1613060472,"path_taken":["R_BF","M","M","M","?","M","T","R","M","$","E","R","?","E","M","BOSS","R_BF","M","M","?","M","?","T","M","R","M","M","M","R","?","M","BOSS","R_BF","M","M","$","?","E"],"items_purchased_type":["Relic","Card"],"build_version":"2020-12-22","purchased_purges":1,"victory":false,"max_hp_per_floor":[70,70,70,70,70,70,70,70,70,70,70,70,70,70,70,70,70,70,70,70,70,70,70,70,70,70,70,70,70,70,70,70,70,70,70,70,70,70,70,70,70,70],"card_choices":[{"not_picked":["hexamod:GhostflameInferno","hexamod:TurnItUp"],"picked":"hexamod:TimeOfNeed","floor":0},{"not_picked":["hexamod:GhostShield","hexamod:HeatMetal"],"picked":"hexamod:Firestarter","floor":2},{"not_picked":["hexamod:BacktrackSmack","hexamod:EtherealExpedition"],"picked":"hexamod:NightmareStrike","floor":3},{"not_picked":["hexamod:InspiringFlames","hexamod:RetreatToShadows"],"picked":"hexamod:RainOfEmbers","floor":4},{"not_picked":["hexamod:PhantomFireball","hexamod:SpectersWail"],"picked":"hexamod:UnlimitedPower","floor":6},{"not_picked":["hexamod:BacktrackSmack","hexamod:GhostflameBarrier"],"picked":"hexamod:DynamicBlow","floor":9},{"not_picked":["hexamod:AdvancingGuard","hexamod:SpectersWail"],"picked":"hexamod:FlamesFromBeyond","floor":10},{"not_picked":["hexamod:CatchUp","hexamod:NightmareStrike"],"picked":"hexamod:FirstSeal","floor":11},{"not_picked":["hexamod:BurningTouch","hexamod:GhostShield"],"picked":"hexamod:VolcanoVisage","floor":14},{"not_picked":["hexamod:Again","hexamod:Haunt"],"picked":"hexamod:HeatCrush","floor":15},{"not_picked":["hexamod:VolcanoVisage","hexamod:WildfireWeapon"],"picked":"hexamod:SixthSeal","floor":16},{"not_picked":["hexamod:PhantomCloak","hexamod:FastForward"],"picked":"hexamod:ChargedBarrage","floor":19},{"not_picked":["hexamod:SwordOfDarkness","hexamod:HeatCrush"],"picked":"hexamod:SpectralAdrenaline","floor":20},{"not_picked":["hexamod:Firestarter","hexamod:FourthSeal"],"picked":"hexamod:SecondSeal","floor":22},{"not_picked":["hexamod:RainOfEmbers","hexamod:HeatMetal"],"picked":"hexamod:GhostOfSpireFuture","floor":25},{"not_picked":["hexamod:NecessarySacrifice","hexamod:FastForward"],"picked":"hexamod:RecurringNightmare","floor":27},{"not_picked":["hexamod:HeatCrush","hexamod:Again+1"],"picked":"hexamod:RetreatToShadows","floor":28},{"not_picked":["hexamod:GhostShield","hexamod:Haunt"],"picked":"hexamod:HeatShield","floor":29},{"not_picked":["hexamod:BurningTouch","hexamod:SixthSeal"],"picked":"hexamod:FlamesFromBeyond","floor":32},{"not_picked":["hexamod:GhostOfSpirePresent","hexamod:UnlimitedPower"],"picked":"hexamod:WildfireWeapon","floor":33},{"not_picked":["hexamod:Rewind+1","hexamod:SpectralAdrenaline"],"picked":"hexamod:ChargedBarrage+1","floor":36},{"not_picked":["hexamod:HauntingEcho","hexamod:InspiringFlames"],"picked":"hexamod:StepThrough+1","floor":37},{"not_picked":["hexamod:InspiringFlames","hexamod:GhostOfSpireFuture","hexamod:FirstSeal"],"picked":"SKIP","floor":38},{"not_picked":["hexamod:Hexaguard","hexamod:BurningTouch+1","hexamod:Rewind"],"picked":"SKIP","floor":39}],"player_experience":1026349,"relics_obtained":[{"floor":7,"key":"ReplayTheSpireMod:Lightbulb"},{"floor":11,"key":"ReplayTheSpireMod:Ninjato"},{"floor":14,"key":"hexamod:SoulConsumer"},{"floor":23,"key":"Ring of Panic"},{"floor":23,"key":"ReplayTheSpireMod:Ring of Exchange"},{"floor":24,"key":"conspire:TopHat"},{"floor":35,"key":"StuffTheSpire:SapphireSignet"}],"event_choices":[{"cards_removed":["hexamod:Defend"],"damage_healed":0,"gold_gain":0,"player_choice":"Give","damage_taken":0,"max_hp_gain":0,"max_hp_loss":0,"event_name":"betterNote:BetterNote","floor":21,"gold_loss":0,"cards_obtained":["hexamod:Strike"]}],"is_beta":false,"boss_relics":[{"not_picked":["aspiration:WatcherSkillbook","Cursed Key"],"picked":"Coffee Dripper"},{"not_picked":["hubris:BlackHole","conspire:RoyalGoblet"],"picked":"StuffTheSpire:Saxophone"}],"items_purged_floors":[38],"is_endless":false,"potions_floor_spawned":[3,6,14,15,16,19,22,29,32,36],"killed_by":"Reptomancer","ascension_level":0}}