{"host":"ajxvnmsjfcleb5r5","time":1613057326,"event":{"mods":["2.2 Compatiblity","AchievementEnabler","BaseMod","Beaked The Cultist","Card Forge","Colored Powertips","DNKmod","Downfall","Friendly Minions","Minty Spire (QoL Compilation)","Quick Restart","StSLib","SuperFastMode"],"gold_per_floor":[550,550,550,172,172,201,201,201,220,220,220,252,252,252,263,360,360,360,375,385,399,426,445,445,205,205,219,219,229,307,307,323,426,426,426,444,464,181,196,196,196,196,211,227,245,245,258,268,282,282],"floor_reached":51,"language":"ENG","playtime":2563,"items_purged":["Slimebound:Strike_Slimebound"],"score":684,"play_id":"0696fca3-0a0d-46bd-a844-38b4fc9cdff7","local_time":"20210212002846","is_ascension_mode":false,"campfire_choices":[{"data":"Slimebound:Split","floor":1.0,"key":"SMITH"},{"data":"Slimebound:Gluttony","floor":8.0,"key":"SMITH"},{"data":"Slimebound:DisruptingSlam","floor":11.0,"key":"SMITH"},{"floor":13.0,"key":"DIG"},{"floor":18.0,"key":"DIG"},{"data":"Slimebound:CorrosiveSpit","floor":26.0,"key":"SMITH"},{"data":"Slimebound:TagTeam","floor":28.0,"key":"SMITH"},{"data":"Slimebound:Strike_Slimebound","floor":35,"key":"PURGE"},{"data":"Slimebound:Gluttony","floor":40,"key":"SMITH"},{"data":"expansioncontent:AwakenDeath","floor":46,"key":"SMITH"}],"circlet_count":0,"master_deck":["Slimebound:Strike_Slimebound","Slimebound:Defend_Slimebound","Slimebound:Defend_Slimebound","Slimebound:Defend_Slimebound","Slimebound:Defend_Slimebound","Slimebound:Split+1","Slimebound:CorrosiveSpit+1","Slimebound:DisruptingSlam+1","Slimebound:Replication","Slimebound:SplitSpecialist","Slimebound:Gluttony+1","Slimebound:SplitLeeching","Slimebound:TagTeam+1","CurseOfTheBell","Slimebound:SplitSpecialist+1","Slimebound:Schlurp","Slimebound:GoopSpray","Slimebound:SpikyOuterGoop","Slimebound:ViciousTackle","Slimebound:ComboTackle+1","Slimebound:ComboTackle+1","Slimebound:OneTwoCombo","Slimebound:HauntingLick+1","Slimebound:Repurpose+1","Slimebound:MegaLick","Slimebound:LeadByExample","Slimebound:Gluttony+1","expansioncontent:AwakenDeath+1","Slimebound:LeechEnergy+1","Slimebound:ProtectTheBoss+1","Slimebound:SlimeTap","Slimebound:MassRepurpose","Slimebound:LeechEnergy+1"],"relics":["Slimebound:AbsorbEndCombat","Hammer of Thor","Seething Fire","Anvil of the Gods","downfall:HeartsMalice","Torii","PreservedInsect","HornCleat","Shovel","Orichalcum","Calling Bell","InkBottle","Peace Pipe","Slimebound:AggressiveSlimeRelic","Happy Flower","Meat on the Bone","Slimebound:SelfDamagePreventRelic","Darkstone Periapt","downfall:RedIOU","Black Star","Medical Kit","Molten Egg 2","Thread and Needle"],"acts_visited":["Exordium","TheCity","TheBeyond"],"potions_floor_usage":[33,50],"damage_taken":[{"damage":0.0,"enemies":"Small Slimes","floor":2.0,"turns":1.0},{"damage":0.0,"enemies":"downfall:FleeingMerchant","floor":4.0,"turns":1.0},{"damage":0.0,"enemies":"Lagavulin","floor":6.0,"turns":1.0},{"damage":9.0,"enemies":"Cultist","floor":9.0,"turns":4.0},{"damage":8.0,"enemies":"Gremlin Nob","floor":12.0,"turns":4.0},{"damage":1.0,"enemies":"2 Louse","floor":15.0,"turns":2.0},{"damage":63.0,"enemies":"WA_ARCHETYPE_RETAIN","floor":16.0,"turns":11.0},{"damage":8.0,"enemies":"Chosen","floor":19.0,"turns":5.0},{"damage":8.0,"enemies":"Centurion and Healer","floor":20.0,"turns":7.0},{"damage":26.0,"enemies":"Shelled Parasite and Fungi","floor":21.0,"turns":5.0},{"damage":3.0,"enemies":"3 Cultists","floor":23.0,"turns":6.0},{"damage":0.0,"enemies":"downfall:FleeingMerchant","floor":25.0,"turns":4.0},{"damage":2.0,"enemies":"Snake Plant","floor":27.0,"turns":4.0},{"damage":11.0,"enemies":"Cultist and Chosen","floor":29.0,"turns":6.0},{"damage":0.0,"enemies":"Snecko","floor":32.0,"turns":5.0},{"damage":54,"enemies":"IC_MUSHROOM_ARCHETYPE","floor":33,"turns":11},{"damage":1,"enemies":"Orb Walker","floor":36,"turns":3},{"damage":25,"enemies":"3 Darklings","floor":37,"turns":4},{"damage":0,"enemies":"downfall:FleeingMerchant","floor":38,"turns":4},{"damage":11,"enemies":"Sphere and 2 Shapes","floor":39,"turns":5},{"damage":29,"enemies":"Jaw Worm Horde","floor":43,"turns":4},{"damage":32,"enemies":"Spire Growth","floor":44,"turns":5},{"damage":0,"enemies":"downfall:FleeingMerchant","floor":45,"turns":4},{"damage":0,"enemies":"3 Darklings","floor":47,"turns":6},{"damage":1,"enemies":"Sphere and 2 Shapes","floor":48,"turns":4},{"damage":9,"enemies":"Transient","floor":49,"turns":5},{"damage":68,"enemies":"DF_ARCHETYPE_ORBS","floor":50,"turns":7}],"seed_played":"-5262619996329788197","potions_obtained":[{"floor":9.0,"key":"Swift Potion"},{"floor":15.0,"key":"Energy Potion"},{"floor":19.0,"key":"sneckomod:MuddlingPotion"},{"floor":29.0,"key":"PowerPotion"},{"floor":33,"key":"SpeedPotion"},{"floor":36,"key":"Slimebound:SlimedPotion"}],"is_trial":false,"path_per_floor":["R","M","?","$","?","E","T","R","M","?","R","E","R","?","M","B",null,"R","M","M","M","T","M","T","$","R","M","R","M","T","?","M","B",null,"R","M","M","$","M","R","T","?","M","M","$","R","M","M","M","B",null],"character_chosen":"SLIMEBOUND","items_purchased":["Torii","Slimebound:SplitSpecialist","Slimebound:SelfDamagePreventRelic","Slimebound:ViciousTackle","Medical Kit","Slimebound:LeadByExample","Thread and Needle"],"campfire_rested":0,"item_purchase_floors":[4,4,25,25,38,38,45],"current_hp_per_floor":[65,65,65,65,65,65,65,65,58,58,58,56,56,56,59,4,65,65,59,59,41,41,44,44,50,50,52,52,49,49,49,57,23,65,65,65,48,56,53,53,53,53,44,32,38,38,46,53,52,42],"gold":282,"neow_bonus":"THREE_ENEMY_KILL","is_daily":false,"chose_seed":false,"campfire_upgraded":7,"win_rate":0.0,"timestamp":1613057326,"path_taken":["R","M","?","?","?","E","T","R","M","?","R","E","R","?","M","BOSS","R","M","M","?","?","M","T","$","R","?","R","M","?","?","M","BOSS","R","M","M","$","M","R","T","?","M","M","$","R","M","M","M","BOSS"],"items_purchased_type":["Relic","Card","Relic","Card","Relic","Card","Relic"],"build_version":"2020-12-22","purchased_purges":1,"victory":true,"max_hp_per_floor":[65,65,65,65,65,65,65,65,65,65,65,65,65,65,65,65,65,65,65,65,65,65,65,65,65,65,65,65,65,65,65,65,65,65,65,65,65,65,65,65,65,65,65,65,65,65,65,65,65,65],"card_choices":[{"not_picked":["Slimebound:Equalize","Slimebound:SplitAcid"],"picked":"Slimebound:DisruptingSlam","floor":2.0},{"not_picked":["Slimebound:SplitLeeching","Slimebound:GoopTackle"],"picked":"Slimebound:Replication","floor":4.0},{"not_picked":["Slimebound:LivingWall","Slimebound:Equalize"],"picked":"Slimebound:Gluttony","floor":6.0},{"not_picked":["Slimebound:ComboTackle","Slimebound:LeechingTouch","Slimebound:PressTheAttack"],"picked":"SKIP","floor":9.0},{"not_picked":["Slimebound:SplitAcid","Slimebound:DisruptingSlam","Slimebound:SlimeSpikes"],"picked":"SKIP","floor":12.0},{"not_picked":["Slimebound:PrepareCrush","Slimebound:SplitAcid"],"picked":"Slimebound:SplitLeeching","floor":15.0},{"not_picked":["Slimebound:CheckThePlaybook","Slimebound:MassFeed"],"picked":"Slimebound:TagTeam","floor":16.0},{"not_picked":["Slimebound:SplitBruiser","Slimebound:SlimeTap"],"picked":"Slimebound:SplitSpecialist+1","floor":19.0},{"not_picked":["Slimebound:ServeAndProtect","Slimebound:SplitLeeching"],"picked":"Slimebound:Schlurp","floor":20.0},{"not_picked":["Slimebound:HauntingLick+1","Slimebound:DuplicatedForm","Slimebound:Replication+1"],"picked":"SKIP","floor":21.0},{"not_picked":["Slimebound:SplitLeeching","Slimebound:LeechingTouch"],"picked":"Slimebound:GoopSpray","floor":23.0},{"not_picked":["Slimebound:SplitSpecialist","Slimebound:Schlurp"],"picked":"Slimebound:SpikyOuterGoop","floor":25.0},{"not_picked":["Slimebound:HauntingLick","Slimebound:FinishingTackle"],"picked":"Slimebound:ComboTackle+1","floor":27.0},{"not_picked":["Slimebound:GoopTackle","Slimebound:Schlurp+1"],"picked":"Slimebound:ComboTackle+1","floor":29.0},{"not_picked":["Slimebound:Equalize+1","Slimebound:HauntingLick","Slimebound:SlimeBrawl+1"],"picked":"SKIP","floor":32.0},{"not_picked":["Slimebound:TagTeam","Slimebound:SlimeSlap"],"picked":"Slimebound:OneTwoCombo","floor":33},{"not_picked":["Slimebound:LeechingTouch","Slimebound:Chomp"],"picked":"Slimebound:HauntingLick+1","floor":36},{"not_picked":["Slimebound:PressTheAttack+1","Slimebound:SplitBruiser"],"picked":"Slimebound:Repurpose+1","floor":37},{"not_picked":["Slimebound:LeechingTouch+1","Slimebound:Nibble"],"picked":"Slimebound:MegaLick","floor":38},{"not_picked":["Slimebound:SplitLeeching","Slimebound:MegaLick+1"],"picked":"Slimebound:Gluttony","floor":39},{"not_picked":["expansioncontent:GuardianWhirl","expansioncontent:Chronoboost"],"picked":"expansioncontent:AwakenDeath","floor":42},{"not_picked":["Slimebound:SplitMire+1","Slimebound:FlameTackle+1","Slimebound:DisruptingSlam+1"],"picked":"SKIP","floor":43},{"not_picked":["Slimebound:ItLooksTasty+1","Slimebound:SplitLeeching+1"],"picked":"Slimebound:LeechEnergy+1","floor":44},{"not_picked":["Slimebound:LivingWall","Slimebound:Prepare"],"picked":"Slimebound:ProtectTheBoss+1","floor":45},{"not_picked":["Slimebound:ItLooksTasty+1","Slimebound:Prepare+1"],"picked":"Slimebound:SlimeTap","floor":47},{"not_picked":["Slimebound:LivingWall","Slimebound:FinishingTackle+1"],"picked":"Slimebound:MassRepurpose","floor":48},{"not_picked":["Slimebound:FinishingTackle+1","Slimebound:SplitBruiser"],"picked":"Slimebound:LeechEnergy+1","floor":49}],"player_experience":199969,"relics_obtained":[{"floor":6.0,"key":"PreservedInsect"},{"floor":7.0,"key":"HornCleat"},{"floor":12.0,"key":"Shovel"},{"floor":13.0,"key":"Orichalcum"},{"floor":17.0,"key":"Tiny Chest"},{"floor":17.0,"key":"InkBottle"},{"floor":17.0,"key":"Peace Pipe"},{"floor":18.0,"key":"Slimebound:AggressiveSlimeRelic"},{"floor":22.0,"key":"Happy Flower"},{"floor":24.0,"key":"Meat on the Bone"},{"floor":30.0,"key":"Darkstone Periapt"},{"floor":41,"key":"Molten Egg 2"}],"event_choices":[{"damage_healed":0.0,"max_hp_gain":0.0,"max_hp_loss":0.0,"gold_gain":0.0,"event_name":"NoteForYourself","player_choice":"Ignored","floor":3.0,"gold_loss":0.0,"damage_taken":0.0},{"cards_removed":["Slimebound:Tackle"],"damage_healed":0.0,"max_hp_gain":0.0,"max_hp_loss":0.0,"gold_gain":0.0,"event_name":"The Cleric","player_choice":"Card Removal","floor":10.0,"gold_loss":0.0,"damage_taken":0.0}],"is_beta":false,"boss_relics":[{"not_picked":["Snecko Eye","Runic Dome"],"picked":"Calling Bell"},{"not_picked":["Cursed Key","SlaversCollar"],"picked":"Black Star"}],"items_purged_floors":[38],"is_endless":false,"potions_floor_spawned":[9,15,19,27,29,32,33,36,43,47,48],"ascension_level":0}}