{"host":"4eao2pkwlmv012cz","time":1613023693,"event":{"mods":["BaseMod","Colored Powertips","Minty Spire (QoL Compilation)","Permanent Neow","Quick Restart","Random Character Button","StSLib"],"gold_per_floor":[115,34,34,44,64,96,96,96,96],"floor_reached":8,"language":"ENG","playtime":276,"items_purged":[],"score":112,"play_id":"4a7dea88-3b6d-471b-8447-a7cf58fd2b82","local_time":"20210211010813","is_ascension_mode":true,"campfire_choices":[{"floor":7,"key":"REST"}],"circlet_count":0,"master_deck":["AscendersBane","Strike_B","Strike_B","Strike_B","Strike_B","Defend_B","Defend_B","Defend_B","Defend_B","Zap","Dualcast","Gash","Defragment","Gash","Rebound","Heatsinks+1","Sweeping Beam"],"relics":["Cracked Core","Dream Catcher","Frozen Egg 2"],"acts_visited":["Exordium"],"potions_floor_usage":[6],"damage_taken":[{"damage":16,"enemies":"Jaw Worm","floor":1,"turns":5},{"damage":1,"enemies":"Cultist","floor":4,"turns":3},{"damage":1,"enemies":"Small Slimes","floor":5,"turns":3},{"damage":35,"enemies":"Lagavulin","floor":6,"turns":7},{"damage":38,"enemies":"Gremlin Nob","floor":8,"turns":3}],"seed_played":"7860079019456936913","potions_obtained":[{"floor":5,"key":"SkillPotion"}],"is_trial":false,"path_per_floor":["M","$","?","M","M","E","R","E"],"character_chosen":"DEFECT","items_purchased":["Defragment"],"campfire_rested":1,"item_purchase_floors":[2],"current_hp_per_floor":[48,48,48,47,46,11,32,0,0],"gold":96,"neow_bonus":"RANDOM_COMMON_RELIC","is_daily":false,"chose_seed":false,"campfire_upgraded":0,"win_rate":0.0,"timestamp":1613023693,"path_taken":["M","$","?","M","M","E","R","E"],"items_purchased_type":["Card"],"build_version":"2020-12-22","purchased_purges":0,"victory":false,"max_hp_per_floor":[71,71,71,71,71,71,71,71,71],"card_choices":[{"not_picked":["Double Energy","Skim"],"picked":"Gash","floor":1},{"not_picked":["Rip and Tear","Darkness"],"picked":"Gash","floor":4},{"not_picked":["Compile Driver","Scrape"],"picked":"Rebound","floor":5},{"not_picked":["Beam Cell","Meteor Strike"],"picked":"Heatsinks+1","floor":6},{"not_picked":["Rip and Tear","Barrage"],"picked":"Sweeping Beam","floor":7}],"player_experience":2923721,"relics_obtained":[{"floor":6,"key":"Frozen Egg 2"}],"event_choices":[{"damage_healed":0,"gold_gain":0,"player_choice":"Ignored","damage_taken":0,"max_hp_gain":0,"max_hp_loss":0,"event_name":"WeMeetAgain","floor":3,"gold_loss":0}],"is_beta":false,"boss_relics":[],"items_purged_floors":[],"is_endless":false,"potions_floor_spawned":[5],"killed_by":"Gremlin Nob","ascension_level":20}}