{"host":"m0bekkrd201b63ug","time":1613077898,"event":{"mods":["AchievementEnabler","BaseMod","Colored Powertips","Highlight Path","Minty Spire (QoL Compilation)","Rare Cards Sparkle","StSLib","SuperFastMode","everything is the same but u backflip on backflip","slay the spire mod where everything is the same but ironclad has a cowboy hat"],"gold_per_floor":[112,131,12,12,27,27,53,53,77,89,105,105,119,69,69,146,146,158,178,128,328,348,348,348,348],"floor_reached":24,"language":"ENG","playtime":727,"items_purged":["Strike_G","Strike_G","Strike_G"],"score":376,"play_id":"f3945c6d-150d-4125-91bf-55743b03a3d5","local_time":"20210211191138","is_ascension_mode":true,"campfire_choices":[{"data":"Bouncing Flask","floor":6,"key":"SMITH"},{"data":"Skewer","floor":8,"key":"SMITH"},{"data":"Bane","floor":12,"key":"SMITH"},{"floor":15,"key":"REST"},{"floor":23,"key":"REST"}],"circlet_count":0,"master_deck":["AscendersBane","Strike_G","Strike_G","Defend_G","Defend_G","Defend_G","Defend_G","Defend_G","Survivor","Neutralize","Skewer+1","Bouncing Flask+1","Blur","Bane+1","Dagger Spray","Adrenaline"],"relics":["Runic Pyramid","Nunchaku","Smiling Mask","Strawberry","Philosopher\u0027s Stone"],"acts_visited":["Exordium","TheCity"],"potions_floor_usage":[7,13,16,16,22],"damage_taken":[{"damage":0,"enemies":"Jaw Worm","floor":1,"turns":5},{"damage":1,"enemies":"Cultist","floor":2,"turns":4},{"damage":11,"enemies":"Small Slimes","floor":5,"turns":5},{"damage":10,"enemies":"3 Sentries","floor":7,"turns":11},{"damage":4,"enemies":"Red Slaver","floor":10,"turns":3},{"damage":5,"enemies":"3 Louse","floor":11,"turns":3},{"damage":12,"enemies":"Exordium Wildlife","floor":13,"turns":2},{"damage":18,"enemies":"Slime Boss","floor":16,"turns":5},{"damage":18,"enemies":"3 Byrds","floor":18,"turns":4},{"damage":20,"enemies":"Shell Parasite","floor":19,"turns":5},{"damage":0,"enemies":"Snecko","floor":22,"turns":3},{"damage":48,"enemies":"Slavers","floor":24,"turns":3}],"seed_played":"-9044832589908261499","potions_obtained":[{"floor":2,"key":"SteroidPotion"},{"floor":5,"key":"LiquidMemories"},{"floor":11,"key":"DuplicationPotion"},{"floor":13,"key":"Dexterity Potion"},{"floor":19,"key":"Swift Potion"}],"is_trial":false,"path_per_floor":["M","M","$","?","M","R","E","R","T","M","M","R","M","$","R","B",null,"M","M","$","?","M","R","E"],"character_chosen":"THE_SILENT","items_purchased":["Blur"],"campfire_rested":2,"item_purchase_floors":[3],"current_hp_per_floor":[59,58,58,58,47,47,37,37,44,40,35,35,23,23,44,26,61,43,23,23,23,23,44,0,0],"gold":348,"neow_bonus":"BOSS_RELIC","is_daily":false,"chose_seed":false,"campfire_upgraded":3,"win_rate":0.0,"timestamp":1613077898,"path_taken":["M","M","$","?","M","R","E","R","T","M","M","R","M","$","R","BOSS","M","?","$","?","M","R","E"],"items_purchased_type":["Card"],"build_version":"2020-12-22","purchased_purges":3,"victory":false,"max_hp_per_floor":[66,66,66,66,66,66,66,66,73,73,73,73,73,73,73,73,73,73,73,73,73,73,73,73,73],"card_choices":[{"not_picked":["Acrobatics","Cloak And Dagger"],"picked":"Skewer","floor":1},{"not_picked":["Predator","Quick Slash"],"picked":"Bouncing Flask","floor":2},{"not_picked":["Tactician","Reflex","Phantasmal Killer"],"picked":"SKIP","floor":5},{"not_picked":["Leg Sweep","Tactician"],"picked":"Bane","floor":7},{"not_picked":["Heel Hook","Quick Slash"],"picked":"Dagger Spray","floor":10},{"not_picked":["Tactician","Quick Slash","Bane"],"picked":"SKIP","floor":11},{"not_picked":["Setup","Heel Hook","Poisoned Stab"],"picked":"SKIP","floor":13},{"not_picked":["Burst","Tools of the Trade"],"picked":"Adrenaline","floor":16},{"not_picked":["Deadly Poison","All Out Attack+1","Flying Knee+1"],"picked":"SKIP","floor":18},{"not_picked":["Dodge and Roll","Endless Agony","Blur"],"picked":"SKIP","floor":19},{"not_picked":["Burst","Dodge and Roll","Flying Knee+1"],"picked":"SKIP","floor":22}],"player_experience":246521,"relics_obtained":[{"floor":4,"key":"Nunchaku"},{"floor":7,"key":"Smiling Mask"},{"floor":9,"key":"Strawberry"}],"event_choices":[{"damage_healed":0,"gold_gain":0,"player_choice":"Relic","damage_taken":0,"max_hp_gain":0,"max_hp_loss":0,"event_name":"Wheel of Change","floor":4,"gold_loss":0},{"damage_healed":0,"gold_gain":250,"player_choice":"Bet on Owner","damage_taken":0,"max_hp_gain":0,"max_hp_loss":0,"event_name":"The Joust","floor":21,"gold_loss":50}],"is_beta":false,"boss_relics":[{"not_picked":["Snecko Eye","Pandora\u0027s Box"],"picked":"Philosopher\u0027s Stone"}],"items_purged_floors":[3,14,20],"is_endless":false,"potions_floor_spawned":[2,5,11,13,19],"killed_by":"Slavers","ascension_level":18}}