{"host":"qp7xs8nuzfsyommi","time":1613086614,"event":{"mods":["2.2 Compatiblity","BaseMod","Colored Powertips","DeckTracker","Highlight Path","Minty Spire (QoL Compilation)","Permanent Neow","Quick Restart","StSLib"],"gold_per_floor":[12,26,26,26,45,45,45,89,89,104,104,23,0,34,34,124,124,142,166,166,190,115,115,115,139,139,103,103,119,119,159,159,159,159],"floor_reached":33,"language":"ENG","playtime":13987,"items_purged":[],"score":596,"play_id":"c0cb93df-700e-48e8-bd23-20bf1aaf8e31","local_time":"20210211183654","is_ascension_mode":true,"campfire_choices":[{"data":"Fission","floor":6.0,"key":"SMITH"},{"floor":11.0,"key":"REST"},{"floor":15.0,"key":"REST"},{"floor":23.0,"key":"REST"},{"floor":28,"key":"RECALL"},{"floor":30,"key":"REST"},{"floor":32,"key":"REST"}],"circlet_count":0,"master_deck":["AscendersBane","Zap","Dualcast","Fission+1","Sweeping Beam","Ball Lightning","Hologram","Glacier","Storm","Loop","Rainbow","Echo Form","Hologram","Hello World","Defragment","All For One","Darkness","Core Surge","Hologram","Double Energy+1","Compile Driver","Amplify","Static Discharge","Coolheaded","BootSequence","Machine Learning"],"relics":["Cracked Core","Golden Idol","Turnip","Torii","Happy Flower","Pandora\u0027s Box","Bag of Preparation"],"acts_visited":["Exordium","TheCity"],"potions_floor_usage":[],"damage_taken":[{"damage":10.0,"enemies":"2 Louse","floor":1.0,"turns":2.0},{"damage":14.0,"enemies":"Small Slimes","floor":2.0,"turns":3.0},{"damage":6.0,"enemies":"Jaw Worm","floor":5.0,"turns":4.0},{"damage":37.0,"enemies":"Lagavulin","floor":8.0,"turns":8.0},{"damage":1.0,"enemies":"Looter","floor":10.0,"turns":3.0},{"damage":21.0,"enemies":"3 Sentries","floor":14.0,"turns":7.0},{"damage":4.0,"enemies":"The Guardian","floor":16.0,"turns":10.0},{"damage":0.0,"enemies":"Spheric Guardian","floor":18.0,"turns":5.0},{"damage":13.0,"enemies":"3 Byrds","floor":19.0,"turns":4.0},{"damage":7.0,"enemies":"Centurion and Healer","floor":21.0,"turns":5.0},{"damage":0,"enemies":"Snecko","floor":25,"turns":4},{"damage":17,"enemies":"Shelled Parasite and Fungi","floor":29,"turns":5},{"damage":14,"enemies":"Gremlin Leader","floor":31,"turns":7},{"damage":81,"enemies":"Automaton","floor":33,"turns":8}],"seed_played":"-5282364922253225984","potions_obtained":[{"floor":5.0,"key":"FairyPotion"},{"floor":8.0,"key":"DuplicationPotion"},{"floor":14.0,"key":"FocusPotion"},{"floor":18.0,"key":"Strength Potion"},{"floor":29,"key":"Dexterity Potion"}],"is_trial":false,"path_per_floor":["M","M","?","$","M","R","?","E","T","M","R","$","?","E","R","B",null,"M","M","?","M","?","R","?","M","T","$","R","M","R","E","R","B"],"character_chosen":"DEFECT","items_purchased":["Loop","BootSequence"],"campfire_rested":5,"item_purchase_floors":[12,27],"current_hp_per_floor":[54,40,40,40,34,34,27,19,19,18,37,37,37,16,35,31,56,56,43,43,36,36,55,55,55,55,55,55,38,57,43,62,0,0],"gold":159,"neow_bonus":"THREE_RARE_CARDS","is_daily":false,"chose_seed":false,"campfire_upgraded":1,"win_rate":0.0,"timestamp":1613086614,"path_taken":["M","M","?","$","M","R","?","E","T","M","R","$","?","E","R","BOSS","M","M","?","M","?","R","?","M","T","$","R","?","R","E","R","BOSS"],"items_purchased_type":["Card","Card"],"build_version":"2020-12-22","purchased_purges":0,"victory":false,"max_hp_per_floor":[71,71,64,64,64,64,64,64,64,64,64,64,64,64,64,64,64,64,64,64,64,64,64,64,64,64,64,64,64,64,64,64,64,64],"card_choices":[{"not_picked":["Amplify","Reboot"],"picked":"Fission","floor":0.0},{"not_picked":["Redo","Stack"],"picked":"Sweeping Beam","floor":1.0},{"not_picked":["Sweeping Beam","Go for the Eyes"],"picked":"Ball Lightning","floor":2.0},{"not_picked":["Force Field","Redo"],"picked":"Hologram","floor":5.0},{"not_picked":["Conserve Battery","Gash"],"picked":"Glacier","floor":8.0},{"not_picked":["Hologram","Fusion"],"picked":"Storm","floor":10.0},{"not_picked":["Hologram","Compile Driver"],"picked":"Rainbow","floor":14.0},{"not_picked":["Core Surge","Amplify"],"picked":"Echo Form","floor":16.0},{"not_picked":["Rip and Tear","Gash"],"picked":"Hologram","floor":18.0},{"not_picked":["Rip and Tear","Stack"],"picked":"Double Energy+1","floor":19.0},{"not_picked":["Redo","Beam Cell"],"picked":"Compile Driver","floor":21.0},{"not_picked":["Ball Lightning","Chaos"],"picked":"Coolheaded","floor":25},{"not_picked":["Sweeping Beam","Tempest","Gash"],"picked":"SKIP","floor":29},{"not_picked":["Rip and Tear","Compile Driver+1"],"picked":"Machine Learning","floor":31}],"player_experience":1862880,"relics_obtained":[{"floor":8.0,"key":"Turnip"},{"floor":9.0,"key":"Torii"},{"floor":14.0,"key":"Happy Flower"},{"floor":31,"key":"Bag of Preparation"}],"event_choices":[{"damage_healed":0.0,"max_hp_gain":0.0,"max_hp_loss":7.0,"gold_gain":0.0,"event_name":"Golden Idol","player_choice":"Lose Max HP","floor":3.0,"gold_loss":0.0,"damage_taken":0.0,"relics_obtained":["Golden Idol"]},{"cards_removed":["Strike_B"],"damage_healed":0.0,"max_hp_gain":0.0,"max_hp_loss":0.0,"gold_gain":0.0,"event_name":"Golden Wing","player_choice":"Card Removal","floor":7.0,"gold_loss":0.0,"damage_taken":7.0},{"damage_healed":0.0,"max_hp_gain":0.0,"max_hp_loss":0.0,"gold_gain":0.0,"event_name":"World of Goop","player_choice":"Left Gold","floor":13.0,"gold_loss":23.0,"damage_taken":0.0},{"damage_healed":0.0,"max_hp_gain":0.0,"max_hp_loss":0.0,"gold_gain":0.0,"event_name":"Ghosts","player_choice":"Ignored","floor":20.0,"gold_loss":0.0,"damage_taken":0.0},{"cards_removed":["Hello World"],"damage_healed":0.0,"max_hp_gain":0.0,"max_hp_loss":0.0,"gold_gain":0.0,"event_name":"Beggar","player_choice":"Gave Gold","floor":22.0,"gold_loss":75.0,"damage_taken":0.0},{"damage_healed":0.0,"max_hp_gain":0.0,"max_hp_loss":0.0,"gold_gain":0.0,"event_name":"Match and Keep!","player_choice":"2 cards matched","floor":24.0,"gold_loss":0.0,"damage_taken":0.0,"cards_obtained":["Amplify","Static Discharge"]}],"is_beta":false,"boss_relics":[{"not_picked":["Black Star","Busted Crown"],"picked":"Pandora\u0027s Box"}],"items_purged_floors":[],"is_endless":false,"potions_floor_spawned":[5,8,14,18,29],"killed_by":"Automaton","ascension_level":20}}