{"host":"c64dsqyrqv0ei9yn","time":1613070598,"event":{"mods":["BaseMod","Bestiary","Minty Spire (QoL Compilation)","The Servant 0.9.4"],"gold_per_floor":[113,127,140,160,177,177,190,190,217,217,229,239,22,41,41,144,144,161,151,76,76,76],"floor_reached":21,"language":"ENG","playtime":1613,"items_purged":[],"score":177,"play_id":"b2d2e6d3-89b4-4dec-884f-4cda980816ba","local_time":"20210211190958","is_ascension_mode":false,"campfire_choices":[{"data":"KillingDoll","floor":6,"key":"SMITH"},{"floor":10,"key":"REST"},{"floor":15,"key":"REST"}],"circlet_count":0,"master_deck":["Strike_S","Strike_S","Strike_S","Defend_S","Defend_S","Defend_S","Defend_S","KidneyShot","Exchange","Ricochet","Starlight","Rearm","KillingDoll+1","Moonlight","BestPractice+1","RealityMarble","Defy","FanOfKnives","Rewind","Rearm","SoulSculpture","ShatteredReality","Barrier"],"relics":["Uniform","Regal Pillow","Dream Catcher","StoneMask"],"acts_visited":["Exordium","TheCity"],"potions_floor_usage":[],"damage_taken":[{"damage":1,"enemies":"Cultist","floor":1,"turns":4},{"damage":6,"enemies":"Jaw Worm","floor":2,"turns":3},{"damage":2,"enemies":"Small Slimes","floor":3,"turns":3},{"damage":9,"enemies":"Blue Slaver","floor":4,"turns":4},{"damage":6,"enemies":"3 Louse","floor":5,"turns":3},{"damage":21,"enemies":"Large Slime","floor":7,"turns":6},{"damage":2,"enemies":"Blue Slaver","floor":11,"turns":4},{"damage":8,"enemies":"2 Fungi Beasts","floor":12,"turns":3},{"damage":31,"enemies":"Gremlin Gang","floor":14,"turns":4},{"damage":51,"enemies":"Hexaghost","floor":16,"turns":14},{"damage":29,"enemies":"Spheric Guardian","floor":18,"turns":5},{"damage":32,"enemies":"2 Thieves","floor":19,"turns":4},{"damage":22,"enemies":"3 Cultists","floor":21,"turns":3}],"seed_played":"-5413671710859816556","potions_obtained":[{"floor":2,"key":"Ancient Potion"},{"floor":4,"key":"Explosive Potion"},{"floor":11,"key":"Energy Potion"},{"floor":12,"key":"BlessingOfTheForge"},{"floor":14,"key":"AttackPotion"}],"is_trial":false,"path_per_floor":["M","M","M","M","M","R","M","?","T","R","M","M","$","M","R","B",null,"M","M","?","M"],"character_chosen":"THE_SERVANT","items_purchased":["FanOfKnives","Dream Catcher"],"campfire_rested":2,"item_purchase_floors":[13,13],"current_hp_per_floor":[70,64,62,53,47,47,26,26,26,62,60,52,52,21,57,6,71,45,16,16,0,0],"gold":76,"neow_bonus":"TEN_PERCENT_HP_BONUS","is_daily":false,"chose_seed":false,"campfire_upgraded":1,"win_rate":0.0,"timestamp":1613070598,"path_taken":["M","M","?","M","M","R","?","?","T","R","M","M","$","M","R","BOSS","M","M","?","M"],"items_purchased_type":["Card","Relic"],"build_version":"2020-12-22","purchased_purges":0,"victory":false,"max_hp_per_floor":[71,71,71,71,71,71,71,71,71,71,71,71,71,71,71,71,71,72,73,73,73,73],"card_choices":[{"not_picked":["Potential","DoubleEdge"],"picked":"Ricochet","floor":1},{"not_picked":["Snipe","BottledTime"],"picked":"Starlight","floor":2},{"not_picked":["Foresight","Spin"],"picked":"Rearm","floor":3},{"not_picked":["Hightail","SpecialFormula"],"picked":"KillingDoll","floor":4},{"not_picked":["InstantArmor","Unruled"],"picked":"Moonlight","floor":5},{"not_picked":["Starlight","FastForward"],"picked":"BestPractice","floor":7},{"not_picked":["InstantArmor","Collapse"],"picked":"RealityMarble","floor":11},{"not_picked":["Initiator","Gouge"],"picked":"Defy","floor":12},{"not_picked":["Starlight","FanOfKnives"],"picked":"Rewind","floor":14},{"not_picked":["Replace","Read"],"picked":"Rearm","floor":15},{"not_picked":["Deny","ForgedInTime"],"picked":"SoulSculpture","floor":16},{"not_picked":["Starlight+1","TimeWarp"],"picked":"ShatteredReality","floor":18},{"not_picked":["Spin","BestPractice"],"picked":"Barrier","floor":19}],"player_experience":33160,"relics_obtained":[{"floor":9,"key":"Regal Pillow"}],"event_choices":[{"damage_healed":0,"gold_gain":0,"player_choice":"Grow","damage_taken":0,"max_hp_gain":0,"max_hp_loss":0,"event_name":"Living Wall","floor":8,"gold_loss":0,"cards_upgraded":["BestPractice"]},{"cards_removed":["Strike_S"],"damage_healed":0,"gold_gain":0,"player_choice":"Gave Gold","damage_taken":0,"max_hp_gain":0,"max_hp_loss":0,"event_name":"Beggar","floor":20,"gold_loss":75}],"is_beta":false,"boss_relics":[{"not_picked":["SacredBark","Runic Dome"],"picked":"StoneMask"}],"items_purged_floors":[],"is_endless":false,"potions_floor_spawned":[2,4,11,12,14,18],"killed_by":"3 Cultists","ascension_level":0}}