{"host":"y36bp6mnm73x3iob","time":1613043126,"event":{"mods":["2.2 Compatiblity","Aspiration","BaseMod","Bossed Relics","Downfall","GifTheSpireLib","Hermit","Minty Spire (QoL Compilation)","Reliquary","Retaliation","StSLib"],"gold_per_floor":[119,51,51,99,116,116,142,142,142,152,152,165,88,88,88,216,216,237,25,25,25,50,91,106,140,167,29,44,44,80,94,94,225,225,240,240,23,23,43,43,83,106,130,149,149,163,163,187,187,187,187],"floor_reached":50,"language":"ENG","playtime":1888,"items_purged":["Regret","Pain"],"score":607,"play_id":"28768227-0d42-4a06-a624-6a19970a04bb","local_time":"20210211133206","is_ascension_mode":true,"campfire_choices":[{"data":"Static Discharge","floor":6.0,"key":"SMITH"},{"data":"Static Discharge","floor":8.0,"key":"SMITH"},{"data":"Storm","floor":15.0,"key":"SMITH"},{"floor":29.0,"key":"REST"},{"floor":32.0,"key":"REST"},{"data":"Echo Form","floor":40.0,"key":"SMITH"},{"floor":49,"key":"RECALL"}],"circlet_count":0,"master_deck":["Defend_B","Defend_B","Defend_B","Defend_B","Zap","Dualcast","Static Discharge+1","Conserve Battery","Static Discharge+1","Sunder","Heatsinks","Loop","Storm+1","Electrodynamics","Genetic Algorithm+1","Creative AI","Slimebound:Tackle+1","Slimebound:Tackle+1","Genetic Algorithm","Amplify","Barrage+1","White Noise","Storm","BootSequence","Buffer","Hologram+1","Echo Form+1","Steam Power+1","Heatsinks","Leap+1","Conserve Battery+1","Meteor Strike+1","Conserve Battery+1","Force Field","Cold Snap+1","Beam Cell+1"],"relics":["Cracked Core","reliquary:PorcupineQuills","reliquary:ExpiredCoupon","Lizard Tail","Golden Idol","Molten Egg 2","Pandora\u0027s Box","WarpedTongs","reliquary:PrincelyHelmet","Ornamental Fan","Bag of Preparation","Oddly Smooth Stone","Sozu","OrangePellets","reliquary:TatteredRug"],"acts_visited":["Exordium","TheCity","TheBeyond"],"potions_floor_usage":[],"damage_taken":[{"damage":1.0,"enemies":"Cultist","floor":1.0,"turns":3.0},{"damage":0.0,"enemies":"2 Louse","floor":5.0,"turns":2.0},{"damage":33.0,"enemies":"Gremlin Nob","floor":7.0,"turns":3.0},{"damage":3.0,"enemies":"Jaw Worm","floor":10.0,"turns":2.0},{"damage":8.0,"enemies":"Exordium Wildlife","floor":12.0,"turns":3.0},{"damage":25.0,"enemies":"Slime Boss","floor":16.0,"turns":4.0},{"damage":5.0,"enemies":"Spheric Guardian","floor":18.0,"turns":3.0},{"damage":16.0,"enemies":"Shell Parasite","floor":22.0,"turns":3.0},{"damage":9.0,"enemies":"Gremlin Leader","floor":23.0,"turns":5.0},{"damage":15.0,"enemies":"Snecko","floor":24.0,"turns":5.0},{"damage":33.0,"enemies":"Book of Stabbing","floor":25.0,"turns":3.0},{"damage":4.0,"enemies":"Chosen and Byrds","floor":28.0,"turns":4.0},{"damage":28.0,"enemies":"Gremlin Leader","floor":30.0,"turns":4.0},{"damage":6.0,"enemies":"Snake Plant","floor":31.0,"turns":3.0},{"damage":8.0,"enemies":"Collector","floor":33.0,"turns":7.0},{"damage":0.0,"enemies":"3 Shapes","floor":35.0,"turns":2.0},{"damage":0.0,"enemies":"3 Darklings","floor":39.0,"turns":3.0},{"damage":42.0,"enemies":"Nemesis","floor":41.0,"turns":5.0},{"damage":7.0,"enemies":"Maw","floor":42.0,"turns":5.0},{"damage":0.0,"enemies":"Transient","floor":44.0,"turns":5.0},{"damage":3.0,"enemies":"Spire Growth","floor":46.0,"turns":3.0},{"damage":0.0,"enemies":"Sphere and 2 Shapes","floor":48.0,"turns":2.0},{"damage":11,"enemies":"Time Eater","floor":50,"turns":3}],"seed_played":"-3043941717689732018","potions_obtained":[{"floor":1.0,"key":"Regen Potion"},{"floor":5.0,"key":"BlessingOfTheForge"},{"floor":7.0,"key":"sneckomod:MuddlingPotion"},{"floor":18.0,"key":"AttackPotion"},{"floor":24.0,"key":"hexamod:SoulburnPotion"},{"floor":25.0,"key":"LiquidMemories"},{"floor":31.0,"key":"Fire Potion"}],"is_trial":false,"path_per_floor":["M","$","?","T","M","R","E","R","T","M","?","M","$","?","R","B",null,"M","$","?","?","M","E","M","E","T","$","M","R","E","M","R","B",null,"M","?","$","$","M","R","E","M","T","M","?","M","?","M","R","B"],"character_chosen":"DEFECT","items_purchased":["Static Discharge","Storm","Creative AI","Storm","OrangePellets","Heatsinks"],"campfire_rested":2,"item_purchase_floors":[2,13,19,27,37,37],"current_hp_per_floor":[74,74,74,74,74,74,41,41,41,43,43,35,35,35,35,10,69,64,64,64,64,48,39,24,25,25,25,21,41,13,7,27,19,69,69,69,69,69,69,69,27,20,20,20,14,11,11,11,11,0,0],"gold":187,"neow_bonus":"THREE_CARDS","is_daily":false,"chose_seed":false,"campfire_upgraded":4,"win_rate":0.0,"timestamp":1613043126,"path_taken":["M","?","?","?","?","R","E","R","T","?","?","M","$","?","R","BOSS","M","$","?","?","M","E","M","E","T","$","?","R","E","M","R","BOSS","M","?","?","$","M","R","E","M","T","M","?","?","?","M","R","BOSS"],"items_purchased_type":["Card","Card","Card","Card","Relic","Card"],"build_version":"2020-12-22","purchased_purges":2,"victory":false,"max_hp_per_floor":[75,75,75,75,75,75,75,75,75,75,69,69,69,69,69,69,69,69,69,69,69,69,69,69,69,69,69,69,69,69,69,69,69,69,69,69,69,69,69,69,69,69,69,69,69,69,69,69,69,69,69],"card_choices":[{"not_picked":["Compile Driver","Turbo"],"picked":"Static Discharge","floor":0.0},{"not_picked":["Sunder","Double Energy"],"picked":"Conserve Battery","floor":1.0},{"not_picked":["Chaos","Go for the Eyes","Rebound"],"picked":"SKIP","floor":5.0},{"not_picked":["Double Energy","Stack"],"picked":"Sunder","floor":7.0},{"not_picked":["Rebound","Recycle"],"picked":"Heatsinks","floor":10.0},{"not_picked":["Redo","Genetic Algorithm"],"picked":"Loop","floor":12.0},{"not_picked":["Rainbow","Buffer"],"picked":"Electrodynamics","floor":16.0},{"not_picked":["Sweeping Beam+1","Chaos"],"picked":"Genetic Algorithm+1","floor":18.0},{"not_picked":["aspiration:Polymerization","Beam Cell+1"],"picked":"Genetic Algorithm","floor":22.0},{"not_picked":["Loop","Beam Cell+1"],"picked":"Amplify","floor":23.0},{"not_picked":["Melter+1","Chill+1"],"picked":"Barrage+1","floor":24.0},{"not_picked":["Glacier+1","Sweeping Beam+1"],"picked":"White Noise","floor":25.0},{"not_picked":["Rebound+1","Beam Cell+1"],"picked":"BootSequence","floor":28.0},{"not_picked":["Stack","Hologram"],"picked":"Buffer","floor":30.0},{"not_picked":["Sweeping Beam+1","Beam Cell+1"],"picked":"Hologram+1","floor":31.0},{"not_picked":["Hyperbeam+1","Biased Cognition"],"picked":"Echo Form","floor":33.0},{"not_picked":["Doom and Gloom+1","Darkness"],"picked":"Steam Power+1","floor":35.0},{"not_picked":["Doom and Gloom+1","Go for the Eyes+1"],"picked":"Leap+1","floor":39.0},{"not_picked":["Ball Lightning+1","Redo+1"],"picked":"Conserve Battery+1","floor":41.0},{"not_picked":["Gash+1","Cold Snap+1"],"picked":"Meteor Strike+1","floor":42.0},{"not_picked":["Coolheaded+1","BootSequence+1"],"picked":"Conserve Battery+1","floor":44.0},{"not_picked":["Ball Lightning+1","Hologram+1"],"picked":"Force Field","floor":46.0},{"not_picked":["Genetic Algorithm","Compile Driver+1"],"picked":"Beam Cell+1","floor":48.0}],"player_experience":560739,"relics_obtained":[{"floor":4.0,"key":"reliquary:PorcupineQuills"},{"floor":7.0,"key":"reliquary:ExpiredCoupon"},{"floor":9.0,"key":"Lizard Tail"},{"floor":23.0,"key":"reliquary:PrincelyHelmet"},{"floor":25.0,"key":"Ornamental Fan"},{"floor":26.0,"key":"Bag of Preparation"},{"floor":30.0,"key":"Oddly Smooth Stone"},{"floor":41.0,"key":"reliquary:TatteredRug"}],"event_choices":[{"damage_healed":0.0,"max_hp_gain":0.0,"max_hp_loss":0.0,"gold_gain":0.0,"event_name":"The Cleric","player_choice":"Leave","floor":3.0,"gold_loss":0.0,"damage_taken":0.0},{"damage_healed":0.0,"max_hp_gain":0.0,"max_hp_loss":6.0,"gold_gain":0.0,"event_name":"Golden Idol","player_choice":"Lose Max HP","floor":11.0,"gold_loss":0.0,"damage_taken":0.0,"relics_obtained":["Golden Idol"]},{"damage_healed":0.0,"max_hp_gain":0.0,"max_hp_loss":0.0,"gold_gain":0.0,"event_name":"Big Fish","player_choice":"Box","floor":14.0,"gold_loss":0.0,"damage_taken":0.0,"relics_obtained":["Molten Egg 2"],"cards_obtained":["Regret"]},{"damage_healed":0.0,"max_hp_gain":0.0,"max_hp_loss":0.0,"gold_gain":0.0,"event_name":"Accursed Blacksmith","player_choice":"Rummage","floor":21.0,"gold_loss":0.0,"damage_taken":0.0,"relics_obtained":["WarpedTongs"],"cards_obtained":["Pain"]},{"damage_healed":0.0,"max_hp_gain":0.0,"max_hp_loss":0.0,"gold_gain":0.0,"event_name":"Match and Keep!","player_choice":"0 cards matched","floor":36.0,"gold_loss":0.0,"damage_taken":0.0,"cards_obtained":[]},{"damage_healed":0.0,"max_hp_gain":0.0,"max_hp_loss":0.0,"gold_gain":0.0,"event_name":"Wheel of Change","player_choice":"Damaged","floor":45.0,"gold_loss":0.0,"damage_taken":6.0},{"damage_healed":0.0,"max_hp_gain":0.0,"max_hp_loss":0.0,"gold_gain":0.0,"cards_transformed":["Slimebound:Tackle"],"event_name":"Transmorgrifier","player_choice":"Transformed","floor":47.0,"gold_loss":0.0,"damage_taken":0.0,"cards_obtained":["Cold Snap"]}],"is_beta":false,"boss_relics":[{"not_picked":["Astrolabe","Nuclear Battery"],"picked":"Pandora\u0027s Box"},{"not_picked":["SlaversCollar","SacredBark"],"picked":"Sozu"}],"items_purged_floors":[19,27],"is_endless":false,"potions_floor_spawned":[1,5,7,18,24,25,31,39,42,44],"killed_by":"Time Eater","ascension_level":1}}