{"host":"cnq91ghfhf6lz0gv","time":1613005591,"event":{"mods":["BaseMod","Clockwork Mod","Colored Map","Colored Powertips","Conspire","Downfall","Googly Eyes","Highlight Path","Minty Spire (QoL Compilation)","Replay The Spire","StSLib","SuperFastMode","The IronCluck","The Showman","slay the spire mod where everything is the same but ironclad has a cowboy hat"],"gold_per_floor":[115,131,131,131,141,141,175,175,175,175,185,86,99,49,49,154,154,170,143,143,156,81,81,81,112,139,139,61,86,102,112,112,112,112],"floor_reached":33,"language":"ENG","playtime":1319,"items_purged":["Dual Wield"],"score":314,"play_id":"cb7a6257-7a98-4c68-aab8-864b269917f6","local_time":"20210210200631","is_ascension_mode":true,"campfire_choices":[{"data":"Zap","floor":6,"key":"SMITH"},{"data":"Melter","floor":8,"key":"SMITH"},{"data":"ReplayTheSpireMod:Muscle Training","floor":15,"key":"SMITH"},{"data":"Barricade","floor":23,"key":"SMITH"},{"data":"Capacitor","floor":27,"key":"SMITH"}],"circlet_count":0,"master_deck":["Strike_B+1","Strike_B+1","Strike_B+1","Defend_B+1","Defend_B+1","Defend_B+1","Defend_B+1","Zap+1","Steam Power","Steam","Melter+1","Conserve Battery","Cold Snap","Conserve Battery","ReplayTheSpireMod:Muscle Training+1","Barricade+1","CurseOfTheBell","Leap+1","Capacitor+1","ReplayTheSpireMod:Calculation Training+1","Pot Of Greed","Pot Of Greed","Capacitor"],"relics":["Iron Core","Pocketwatch","Singing Bowl","Calling Bell","Matryoshka","Dream Catcher","WingedGreaves","ReplayTheSpireMod:Ring of Exchange","Ring of Shattering","Grinning Jar","Boot","Art of War","conspire:Dentures","Prayer Wheel"],"acts_visited":["Exordium","TheCity"],"potions_floor_usage":[29,29,33,33],"damage_taken":[{"damage":0,"enemies":"conspire:RoseBush","floor":1,"turns":4},{"damage":7,"enemies":"Jaw Worm","floor":2,"turns":3},{"damage":5,"enemies":"Small Slimes","floor":5,"turns":3},{"damage":10,"enemies":"Lagavulin","floor":7,"turns":6},{"damage":3,"enemies":"Blue Slaver","floor":11,"turns":3},{"damage":0,"enemies":"Looter","floor":13,"turns":2},{"damage":39,"enemies":"Fading Forest","floor":16,"turns":11},{"damage":8,"enemies":"Shell Parasite","floor":18,"turns":9},{"damage":17,"enemies":"2 Thieves","floor":19,"turns":5},{"damage":3,"enemies":"Sentry and Sphere","floor":21,"turns":3},{"damage":9,"enemies":"Gremlin Leader","floor":25,"turns":10},{"damage":20,"enemies":"Slavers","floor":29,"turns":6},{"damage":14,"enemies":"Snake Plant","floor":30,"turns":5},{"damage":1,"enemies":"Snecko","floor":31,"turns":8},{"damage":32,"enemies":"Collector","floor":33,"turns":5}],"seed_played":"-3671066324718653796","potions_obtained":[{"floor":5,"key":"Dexterity Potion"},{"floor":11,"key":"Cursed Concoction"},{"floor":13,"key":"champ:CounterPotion"},{"floor":32,"key":"SkillPotion"},{"floor":32,"key":"sneckomod:MuddlingPotion"}],"is_trial":false,"path_per_floor":["M","M","?","?","M","R","E","R","T","?","M","$","M","?","R_BF","B",null,"M","M","?","M","$","R","?","E","T","R","$","E","M","M","R_BF","B"],"character_chosen":"DEFECT","items_purchased":["Cold Snap","Conserve Battery","Capacitor"],"campfire_rested":0,"item_purchase_floors":[12,12,28],"current_hp_per_floor":[75,68,68,68,63,63,53,53,53,53,50,50,50,50,50,11,75,69,52,52,49,49,49,49,40,40,40,40,22,8,11,11,0,0],"gold":112,"neow_bonus":"TRANSFORM_CARD","is_daily":false,"chose_seed":false,"campfire_upgraded":5,"win_rate":0.0,"timestamp":1613005591,"path_taken":["M","M","?","?","M","R","E","R","T","?","?","$","M","?","R_BF","BOSS","M","M","?","M","$","R","?","E","T","R","$","E","M","M","R_BF","BOSS"],"items_purchased_type":["Card","Card","Card"],"build_version":"2020-12-22","purchased_purges":1,"victory":false,"max_hp_per_floor":[75,75,75,75,75,75,75,75,75,75,75,75,75,75,75,75,75,77,77,77,77,77,77,77,77,77,77,77,79,79,83,83,83,83],"card_choices":[{"not_picked":["Redo","Turbo"],"picked":"Streamline","floor":1},{"not_picked":["Blizzard","Creative AI"],"picked":"Steam","floor":2},{"not_picked":["ReplaySolidLightProjector","WeaponsOverheat"],"picked":"Melter","floor":5},{"not_picked":["Seeing Red","Heatsinks"],"picked":"Conserve Battery","floor":7},{"not_picked":["ReplayTheSpireMod:System Scan","ReplayReversal"],"picked":"Dual Wield","floor":11},{"not_picked":["Chaos","Reinforced Body"],"picked":"ReplayTheSpireMod:Muscle Training","floor":13},{"not_picked":["ReplayTheSpireMod:Omega Cannon","Fission"],"picked":"Barricade","floor":16},{"not_picked":["conspire:Rain","Skim+1","Beam Cell"],"picked":"Singing Bowl","floor":18},{"not_picked":["Doom and Gloom","Gash"],"picked":"Leap+1","floor":19},{"not_picked":["Leap+1","ReplayTheSpireMod:Dual Polarity"],"picked":"Capacitor","floor":21},{"not_picked":["BasicCrystalCard","Aggregate"],"picked":"ReplayTheSpireMod:Calculation Training+1","floor":25},{"not_picked":["ReplayTheSpireMod:System Scan","Stack","ReplaySort"],"picked":"Singing Bowl","floor":29},{"not_picked":["FTL","Streamline"],"picked":"ReplayTheSpireMod:Fabricate Wheel","floor":30},{"not_picked":["Hologram","Gash+1","Redo"],"picked":"Singing Bowl","floor":31},{"not_picked":["Blizzard","Redo","Compile Driver+1"],"picked":"Singing Bowl","floor":31}],"player_experience":224772,"relics_obtained":[{"floor":7,"key":"Pocketwatch"},{"floor":9,"key":"Singing Bowl"},{"floor":17,"key":"Matryoshka"},{"floor":17,"key":"Dream Catcher"},{"floor":17,"key":"WingedGreaves"},{"floor":20,"key":"ReplayTheSpireMod:Ring of Exchange"},{"floor":20,"key":"Ring of Shattering"},{"floor":25,"key":"Grinning Jar"},{"floor":26,"key":"Boot"},{"floor":26,"key":"Art of War"},{"floor":29,"key":"conspire:Dentures"}],"event_choices":[{"cards_removed":["Bash"],"damage_healed":0,"gold_gain":0,"player_choice":"Forget","damage_taken":0,"max_hp_gain":0,"max_hp_loss":0,"event_name":"Living Wall","floor":4,"gold_loss":0},{"damage_healed":0,"gold_gain":0,"player_choice":"Bought 0 Potions","damage_taken":0,"max_hp_gain":0,"max_hp_loss":0,"event_name":"The Woman in Blue","floor":10,"gold_loss":0},{"cards_removed":["Streamline"],"damage_healed":0,"gold_gain":0,"player_choice":"Card Removal","damage_taken":0,"max_hp_gain":0,"max_hp_loss":0,"event_name":"The Cleric","floor":14,"gold_loss":50},{"damage_healed":0,"gold_gain":0,"player_choice":"Simplicity","damage_taken":0,"max_hp_gain":0,"max_hp_loss":0,"event_name":"Back to Basics","floor":24,"gold_loss":0,"cards_upgraded":["Strike_B","Strike_B","Strike_B","Defend_B","Defend_B","Defend_B","Defend_B"]}],"is_beta":false,"boss_relics":[{"not_picked":["Busted Crown","Replay:Wanted Poster"],"picked":"Calling Bell"}],"items_purged_floors":[22],"is_endless":false,"potions_floor_spawned":[5,11,13,18,21],"killed_by":"Collector","ascension_level":2}}