{"host":"mo4d2vii2wc3uyp7","time":1613052487,"event":{"mods":["AchievementEnabler","BaseMod","Colored Map","Highlight Path","Keyboard Shortcuts","Minty Spire (QoL Compilation)","Permanent Neow","Quick Restart","Shop Mod","StSLib","SuperFastMode","everything is the same but u backflip on backflip"],"gold_per_floor":[119,119,135,145,119,149,163,194,274,274,274,284,284,294,294,294,294],"floor_reached":16,"language":"KOR","playtime":403,"items_purged":[],"score":112,"play_id":"7099df8b-cc74-43a5-8669-056039cbb72c","local_time":"20210211230807","is_ascension_mode":false,"campfire_choices":[{"floor":13.0,"key":"REST"},{"floor":15,"key":"REST"}],"circlet_count":0,"master_deck":["Strike_G","Strike_G","Strike_G","Strike_G","Defend_G","Defend_G","Defend_G","Defend_G","Defend_G","Survivor","Neutralize","Dagger Throw","Calculated Gamble+1","Reflex","Dagger Spray","Prepared","Quick Slash","Acrobatics"],"relics":["Ring of the Snake","Art of War","CaptainsWheel","Frozen Egg 2","MealTicket"],"acts_visited":["Exordium"],"potions_floor_usage":[],"damage_taken":[{"damage":1.0,"enemies":"Cultist","floor":1.0,"turns":5.0},{"damage":0.0,"enemies":"Jaw Worm","floor":3.0,"turns":4.0},{"damage":0.0,"enemies":"Small Slimes","floor":4.0,"turns":3.0},{"damage":31.0,"enemies":"Lagavulin","floor":6.0,"turns":8.0},{"damage":12.0,"enemies":"Looter","floor":7.0,"turns":4.0},{"damage":27.0,"enemies":"Gremlin Nob","floor":8.0,"turns":4.0},{"damage":1.0,"enemies":"Large Slime","floor":12.0,"turns":6.0},{"damage":8,"enemies":"Lots of Slimes","floor":14,"turns":2},{"damage":22,"enemies":"Slime Boss","floor":16,"turns":8}],"seed_played":"5449388631172043257","potions_obtained":[{"floor":1.0,"key":"Poison Potion"},{"floor":6.0,"key":"EssenceOfSteel"},{"floor":7.0,"key":"Fire Potion"},{"floor":12.0,"key":"Swift Potion"}],"is_trial":false,"path_per_floor":["M","?","M","M","?","E","M","E","T","T","?","M","R","M","R","B"],"character_chosen":"THE_SILENT","items_purchased":[],"campfire_rested":2,"item_purchase_floors":[],"current_hp_per_floor":[69,74,74,74,74,43,31,4,4,4,4,3,25,17,39,17,17],"gold":294,"neow_bonus":"REMOVE_CARD","is_daily":false,"chose_seed":false,"campfire_upgraded":0,"win_rate":0.0,"timestamp":1613052487,"path_taken":["M","?","M","M","?","E","M","E","T","?","?","M","R","M","R","BOSS"],"items_purchased_type":[],"build_version":"2020-12-22","purchased_purges":0,"victory":false,"max_hp_per_floor":[70,75,75,75,75,75,75,75,75,75,75,75,75,75,75,75,75],"card_choices":[{"not_picked":["Accuracy","Acrobatics"],"picked":"Dagger Throw","floor":1.0},{"not_picked":["Crippling Poison","Quick Slash"],"picked":"Calculated Gamble","floor":3.0},{"not_picked":["Blur","Deflect","Accuracy"],"picked":"SKIP","floor":4.0},{"not_picked":["Poisoned Stab","Dagger Throw"],"picked":"Reflex","floor":6.0},{"not_picked":["Dodge and Roll","Flechettes"],"picked":"Dagger Spray","floor":7.0},{"not_picked":["Dagger Throw","Deadly Poison"],"picked":"Prepared","floor":8.0},{"not_picked":["Prepared","Slice"],"picked":"Quick Slash","floor":12.0},{"not_picked":["Slice","Prepared"],"picked":"Acrobatics","floor":14}],"player_experience":612993,"relics_obtained":[{"floor":6.0,"key":"Art of War"},{"floor":8.0,"key":"CaptainsWheel"},{"floor":9.0,"key":"Frozen Egg 2"},{"floor":10.0,"key":"MealTicket"}],"event_choices":[{"damage_healed":0.0,"max_hp_gain":5.0,"max_hp_loss":0.0,"gold_gain":0.0,"event_name":"Big Fish","player_choice":"Donut","floor":2.0,"gold_loss":0.0,"damage_taken":0.0},{"damage_healed":0.0,"max_hp_gain":0.0,"max_hp_loss":0.0,"gold_gain":0.0,"event_name":"World of Goop","player_choice":"Left Gold","floor":5.0,"gold_loss":26.0,"damage_taken":0.0},{"damage_healed":0.0,"max_hp_gain":0.0,"max_hp_loss":0.0,"gold_gain":0.0,"event_name":"Living Wall","player_choice":"Grow","floor":11.0,"gold_loss":0.0,"damage_taken":0.0,"cards_upgraded":["Calculated Gamble"]}],"is_beta":false,"boss_relics":[],"items_purged_floors":[],"is_endless":false,"potions_floor_spawned":[1,6,7,12],"killed_by":"Slime Boss","ascension_level":0}}