{"host":"xp27heuvanyklt0b","time":1613022237,"event":{"mods":["100% Spire Juice","BaseMod","Lobotomy","Minty Spire (QoL Compilation)","StSLib"],"gold_per_floor":[115,134,145,155,155,155,176,176,176,176,197,217,241,241,241,367,367,388,426,441,29,29,29,73,98,98,123,136,151,176,196,196,326,326,341,19,19,19,32,32,95,140,210,229,229,270,290,512,512,304,304],"floor_reached":50,"language":"KOR","playtime":5118,"items_purged":["Wingbeat"],"score":615,"play_id":"0558eb9b-f9b0-448d-8a6d-2750cac87a6c","local_time":"20210211144357","is_ascension_mode":false,"campfire_choices":[{"floor":45,"key":"RECALL"},{"floor":49,"key":"DIG"}],"circlet_count":0,"master_deck":["SpecialBullet","SpecialBullet","SpecialBullet","CentralCode","SecurityCode","TrainingCode","ShyLook","Soda","FrostShard","PunishingBird","Horn+1","Wingbeat+1","VoidDream","HereticApostle","Wellcheers","WristCuter+1","DisciplinaryCode","OSAHOGD","LifeForTheDareDevil","SingingMachine","GoldRush+1","FourthMatchFlame+1","UniverseFragment","RedEyes","MHz","Hornet+1","CrimsonScar+1","ControlCode","Bloodbath","Lamp+3","InformationCode","Tough+1","FieryBird","Tough+1","GalaxyChild","Christmas","Heaven+1","WhiteNight","Lantern+1","ExtractionCode","GoldRush+1","Horn+1","MagicBullet+1","TheSmile+1","Hornet+1","LongBird","Tough+1","Freischutz","Adoration+1","Variant","LittlePrince","SomewhereSpear+1"],"relics":["CogitoBucket","RabbitCall","Golden Idol","Molten Egg 2","LuminousBracelet","Runic Pyramid","Red Mask","HellTrain","Toxic Egg 2","Blood Vial","Kunai","BehaviorAdjustment","Lee\u0027s Waffle","Anchor","Mango","Meat on the Bone","Shovel","Turnip"],"acts_visited":["Exordium","TheCity","TheBeyond"],"potions_floor_usage":[47,50],"damage_taken":[{"damage":5.0,"enemies":"2 Louse","floor":1.0,"turns":2.0},{"damage":11.0,"enemies":"Jaw Worm","floor":2.0,"turns":2.0},{"damage":8.0,"enemies":"Small Slimes","floor":3.0,"turns":2.0},{"damage":16.0,"enemies":"Blue Slaver","floor":4.0,"turns":5.0},{"damage":0.0,"enemies":"Looter","floor":7.0,"turns":3.0},{"damage":39.0,"enemies":"Red Slaver","floor":11.0,"turns":9.0},{"damage":9.0,"enemies":"2 Fungi Beasts","floor":12.0,"turns":3.0},{"damage":0.0,"enemies":"Looter","floor":13.0,"turns":1.0},{"damage":62.0,"enemies":"Slime Boss","floor":16.0,"turns":10.0},{"damage":11.0,"enemies":"Chosen","floor":18.0,"turns":2.0},{"damage":22.0,"enemies":"Masked Bandits","floor":19.0,"turns":4.0},{"damage":46.0,"enemies":"Spheric Guardian","floor":20.0,"turns":5.0},{"damage":9.0,"enemies":"Book of Stabbing","floor":24.0,"turns":4.0},{"damage":0.0,"enemies":"Snecko","floor":25.0,"turns":4.0},{"damage":8.0,"enemies":"Cultist and Chosen","floor":27.0,"turns":4.0},{"damage":14.0,"enemies":"3 Cultists","floor":28.0,"turns":3.0},{"damage":50.0,"enemies":"Snake Plant","floor":29.0,"turns":9.0},{"damage":11.0,"enemies":"Centurion and Healer","floor":30.0,"turns":4.0},{"damage":17.0,"enemies":"Chosen and Byrds","floor":31.0,"turns":3.0},{"damage":108,"enemies":"Automaton","floor":33,"turns":7},{"damage":0,"enemies":"3 Shapes","floor":35,"turns":3},{"damage":0,"enemies":"Orb Walker","floor":39,"turns":2},{"damage":10,"enemies":"Mind Bloom Boss Battle","floor":41,"turns":5},{"damage":42,"enemies":"Transient","floor":44,"turns":5},{"damage":41,"enemies":"Reptomancer","floor":46,"turns":5},{"damage":41,"enemies":"Maw","floor":47,"turns":6},{"damage":188,"enemies":"FixerMidnight","floor":50,"turns":9}],"seed_played":"-6418521487655386099","potions_obtained":[{"floor":3.0,"key":"SneckoOil"},{"floor":11.0,"key":"Explosive Potion"},{"floor":12.0,"key":"SneckoOil"},{"floor":13.0,"key":"DuplicationPotion"},{"floor":18.0,"key":"FairyPotion"},{"floor":24.0,"key":"LiquidMemories"}],"is_trial":false,"path_per_floor":["M","M","M","M","?","R","M","R","T","R","M","M","M","?","R","B",null,"M","?","M","$","?","R","E","M","T","M","M","M","M","M","R","B",null,"M","$","?","?","M","R","?","T","T","M","R","E","M","?","R","B"],"character_chosen":"Angela","items_purchased":["Toxic Egg 2","CrimsonScar+1","SolemnVow+1","Lee\u0027s Waffle","Anchor"],"campfire_rested":0,"item_purchase_floors":[21,21,36,36,36],"current_hp_per_floor":[77,74,76,73,54,54,62,62,62,62,61,66,78,60,60,46,92,92,92,79,79,79,79,77,92,92,92,92,89,92,89,89,12,12,28,28,28,28,51,51,83,83,83,46,46,43,31,31,31,0,0],"gold":304,"neow_bonus":"TEN_PERCENT_HP_BONUS","is_daily":false,"chose_seed":false,"campfire_upgraded":0,"win_rate":0.0,"timestamp":1613022237,"path_taken":["M","M","M","M","?","R","M","R","T","R","M","M","M","?","R","BOSS","M","?","M","$","?","R","E","M","T","M","M","M","M","M","R","BOSS","M","$","?","?","M","R","?","?","T","?","R","E","M","?","R","BOSS"],"items_purchased_type":["Relic","Card","Card","Relic","Relic"],"build_version":"2020-12-22","purchased_purges":1,"victory":false,"max_hp_per_floor":[77,77,77,77,77,77,77,77,77,77,92,92,92,92,92,92,92,92,92,92,92,92,92,92,92,92,92,92,92,92,92,92,92,92,92,99,99,94,94,94,98,98,98,88,88,88,88,88,88,88,88],"card_choices":[{"not_picked":["Murderer","Scarecrow"],"picked":"ShyLook","floor":1.0},{"not_picked":["Penitence"],"picked":"Soda","floor":1.0},{"not_picked":["Penitence"],"picked":"FrostShard","floor":2.0},{"not_picked":["MeatLantern","MHz"],"picked":"PunishingBird","floor":3.0},{"not_picked":["Regret_ego"],"picked":"Horn","floor":3.0},{"not_picked":["Horn"],"picked":"Wingbeat","floor":4.0},{"not_picked":["OldLady","LittleHelper"],"picked":"VoidDream","floor":7.0},{"not_picked":["SomewhereSpear"],"picked":"Wingbeat","floor":7.0},{"not_picked":["Regret_ego"],"picked":"MagicBullet+1","floor":11.0},{"not_picked":["Murderer","OSAHOGD"],"picked":"Wellcheers","floor":12.0},{"not_picked":["Laetitia_ego"],"picked":"WristCuter+1","floor":12.0},{"not_picked":["OldLady","MeatLantern"],"picked":"OSAHOGD","floor":13.0},{"not_picked":["RapturousDream"],"picked":"LifeForTheDareDevil","floor":13.0},{"not_picked":["Scorched","SnowQueen"],"picked":"SingingMachine","floor":16.0},{"not_picked":["Adoration"],"picked":"GoldRush+1","floor":16.0},{"not_picked":["NothingThere","BeautyBeast"],"picked":"OldLady","floor":18.0},{"not_picked":["Noise+1"],"picked":"FourthMatchFlame+1","floor":18.0},{"not_picked":["FairyFestival","LittlePrince"],"picked":"UniverseFragment","floor":19.0},{"not_picked":["Wingbeat"],"picked":"RedEyes","floor":19.0},{"not_picked":["Scorched","NakedNest"],"picked":"MHz","floor":20.0},{"not_picked":["Tough+1"],"picked":"Hornet+1","floor":20.0},{"not_picked":["Noise+1"],"picked":"Beak+1","floor":24.0},{"not_picked":["GreedKing","Porccubus"],"picked":"Bloodbath","floor":25.0},{"not_picked":["Heaven+1"],"picked":"Lamp+1","floor":25.0},{"not_picked":["Soda"],"picked":"Tough+1","floor":27.0},{"not_picked":["Murderer","Laetitia"],"picked":"FieryBird","floor":28.0},{"not_picked":["Logging+1"],"picked":"Tough+1","floor":28.0},{"not_picked":["Woodsman","BlackArmy"],"picked":"GalaxyChild","floor":29.0},{"not_picked":["Lamp+1"],"picked":"Christmas","floor":29.0},{"not_picked":["Logging+1"],"picked":"Heaven+1","floor":30.0},{"not_picked":["Mercenary","BlackSwan"],"picked":"WhiteNight","floor":31.0},{"not_picked":["Horn+1"],"picked":"Lantern+1","floor":31.0},{"not_picked":["Justitia+1"],"picked":"GoldRush+1","floor":33},{"not_picked":["RapturousDream+1"],"picked":"Horn+1","floor":35},{"not_picked":["Noise+1"],"picked":"MagicBullet+1","floor":35},{"not_picked":["Noise+1"],"picked":"TheSmile+1","floor":39},{"not_picked":["Christmas+1","GreenStem+1"],"picked":"Hornet+1","floor":41},{"not_picked":["MeatLantern","BeautyBeast"],"picked":"LongBird","floor":41},{"not_picked":["Regret_ego+1","Harmony+1"],"picked":"Tough+1","floor":41},{"not_picked":["SilentOrchestra","WhitesApple"],"picked":"Freischutz","floor":44},{"not_picked":["Noise+1","Lamp+1"],"picked":"Adoration+1","floor":44},{"not_picked":["HappyTeddy","CENSORED","Scarecrow"],"picked":"Singing Bowl","floor":46},{"not_picked":["QueenBee","Yin"],"picked":"Variant","floor":46},{"not_picked":["Loneliness+1","Noise+1","Lamp+1"],"picked":"SKIP","floor":46},{"not_picked":["BlackArmy","LittleHelper"],"picked":"LittlePrince","floor":47},{"not_picked":["Beak+1","Tough+1"],"picked":"SomewhereSpear+1","floor":47}],"player_experience":221030,"relics_obtained":[{"floor":9.0,"key":"Molten Egg 2"},{"floor":19.0,"key":"Red Mask"},{"floor":24.0,"key":"Blood Vial"},{"floor":26.0,"key":"Kunai"},{"floor":41,"key":"Mango"},{"floor":43,"key":"Meat on the Bone"},{"floor":46,"key":"Shovel"},{"floor":49,"key":"Turnip"}],"event_choices":[{"damage_healed":0.0,"max_hp_gain":0.0,"max_hp_loss":0.0,"gold_gain":0.0,"event_name":"Golden Idol","player_choice":"Take Damage","floor":5.0,"gold_loss":0.0,"damage_taken":19.0,"relics_obtained":["Golden Idol"]},{"damage_healed":0.0,"max_hp_gain":0.0,"max_hp_loss":0.0,"gold_gain":0.0,"event_name":"Shining Light","player_choice":"Entered Light","floor":14.0,"gold_loss":0.0,"damage_taken":18.0,"cards_upgraded":["Horn","Wingbeat"]},{"damage_healed":0.0,"max_hp_gain":0.0,"max_hp_loss":0.0,"gold_gain":0.0,"event_name":"Masked Bandits","player_choice":"Fought Bandits","floor":19.0,"gold_loss":0.0,"damage_taken":0.0},{"damage_healed":0.0,"max_hp_gain":0.0,"max_hp_loss":0.0,"gold_gain":0.0,"event_name":"Back to Basics","player_choice":"Simplicity","floor":22.0,"gold_loss":0.0,"damage_taken":0.0,"cards_upgraded":[]},{"damage_healed":0,"gold_gain":0,"player_choice":"Ignored","damage_taken":0,"max_hp_gain":0,"max_hp_loss":0,"event_name":"Mysterious Sphere","floor":37,"gold_loss":0},{"damage_healed":0,"gold_gain":0,"player_choice":"Max HP","damage_taken":0,"max_hp_gain":0,"max_hp_loss":5,"event_name":"Winding Halls","floor":38,"gold_loss":0},{"damage_healed":0,"gold_gain":0,"player_choice":"Fight","damage_taken":0,"max_hp_gain":0,"max_hp_loss":0,"event_name":"MindBloom","floor":41,"gold_loss":0},{"damage_healed":0,"gold_gain":222,"player_choice":"Wore Mask","damage_taken":0,"max_hp_gain":0,"max_hp_loss":0,"event_name":"Tomb of Lord Red Mask","floor":48,"gold_loss":0}],"is_beta":false,"boss_relics":[{"not_picked":["Busted Crown","Snecko Eye"],"picked":"Runic Pyramid"},{"not_picked":["Coffee Dripper","Philosopher\u0027s Stone","Velvet Choker"]}],"items_purged_floors":[21],"is_endless":false,"potions_floor_spawned":[3,11,12,13,18,24,25,27,29,33,39,46],"killed_by":"FixerMidnight","ascension_level":0}}