{"host":"Qube","time":1613012320,"event":{"mods":["AchievementEnabler","BaseMod","Colored Map","Colored Powertips","Highlight Path","Minty Spire (QoL Compilation)","Permanent Neow","Quick Restart","Random Character Button","StSLib"],"gold_per_floor":[213,213,228,240,254,254,264,292,292,326,326,361,361,372,372,448,448,464,379,8,23,37,37,64,64,64,77,107,121,121,151,151,228,228,244,269,269,269,7,33,33,51,76,76,88,106,106,132,132,132,132,132,132,7,34,34],"floor_reached":57,"language":"ENG","playtime":3758,"items_purged":["Strike_R","Strike_R","Parasite"],"score":3080,"play_id":"55e79d90-7a34-4250-a5dc-23ef505569f4","local_time":"20210210185840","is_ascension_mode":true,"campfire_choices":[{"data":"Fiend Fire","floor":6.0,"key":"SMITH"},{"floor":11.0,"key":"REST"},{"data":"Bash","floor":13.0,"key":"SMITH"},{"data":"Intimidate","floor":15.0,"key":"SMITH"},{"data":"True Grit","floor":23.0,"key":"SMITH"},{"data":"Corruption","floor":25.0,"key":"SMITH"},{"data":"Dark Embrace","floor":32.0,"key":"SMITH"},{"data":"Barricade","floor":41.0,"key":"SMITH"},{"data":"1","floor":44.0,"key":"LIFT"},{"floor":49.0,"key":"RECALL"},{"data":"2","floor":53.0,"key":"LIFT"}],"circlet_count":0,"master_deck":["AscendersBane","Strike_R","Strike_R","Defend_R","Defend_R","Defend_R","Defend_R","Headbutt","Pommel Strike","Intimidate+1","Fiend Fire+1","Power Through","Impervious","Cleave","Feel No Pain","Burning Pact","Corruption+1","Feed+1","Good Instincts","True Grit+1","Seeing Red","Wild Strike+1","Body Slam+1","Dark Embrace+1","Fiend Fire+1","Battle Trance","Shockwave","Barricade+1","Shrug It Off+1","Power Through","Madness","Madness","Master of Strategy","Seeing Red","Body Slam+1","Disarm+1","Sentinel+1","Juggernaut"],"relics":["Black Blood","Lizard Tail","Bag of Marbles","Pen Nib","Bottled Lightning","Runic Pyramid","Molten Egg 2","InkBottle","Mummified Hand","Thread and Needle","Question Card","Girya","Oddly Smooth Stone","Boot","FossilizedHelix","Happy Flower"],"acts_visited":["Exordium","TheCity","TheBeyond","TheEnding"],"potions_floor_usage":[56],"damage_taken":[{"damage":7.0,"enemies":"Jaw Worm","floor":1.0,"turns":3.0},{"damage":9.0,"enemies":"Small Slimes","floor":3.0,"turns":4.0},{"damage":3.0,"enemies":"2 Louse","floor":4.0,"turns":4.0},{"damage":2.0,"enemies":"2 Fungi Beasts","floor":5.0,"turns":4.0},{"damage":17.0,"enemies":"3 Louse","floor":7.0,"turns":5.0},{"damage":12.0,"enemies":"Gremlin Nob","floor":8.0,"turns":3.0},{"damage":30.0,"enemies":"Lagavulin","floor":10.0,"turns":8.0},{"damage":22.0,"enemies":"3 Sentries","floor":12.0,"turns":6.0},{"damage":0.0,"enemies":"Looter","floor":14.0,"turns":1.0},{"damage":19.0,"enemies":"Hexaghost","floor":16.0,"turns":10.0},{"damage":0.0,"enemies":"Spheric Guardian","floor":18.0,"turns":4.0},{"damage":0.0,"enemies":"3 Byrds","floor":21.0,"turns":6.0},{"damage":0.0,"enemies":"Snecko","floor":22.0,"turns":3.0},{"damage":21.0,"enemies":"Book of Stabbing","floor":24.0,"turns":4.0},{"damage":8.0,"enemies":"Centurion and Healer","floor":27.0,"turns":4.0},{"damage":13.0,"enemies":"Slavers","floor":28.0,"turns":6.0},{"damage":3.0,"enemies":"3 Cultists","floor":29.0,"turns":6.0},{"damage":6.0,"enemies":"Gremlin Leader","floor":31.0,"turns":3.0},{"damage":72.0,"enemies":"Champ","floor":33.0,"turns":10.0},{"damage":0.0,"enemies":"Orb Walker","floor":35.0,"turns":4.0},{"damage":0.0,"enemies":"Mind Bloom Boss Battle","floor":36.0,"turns":3.0},{"damage":0.0,"enemies":"Giant Head","floor":40.0,"turns":4.0},{"damage":0.0,"enemies":"3 Darklings","floor":42.0,"turns":3.0},{"damage":0.0,"enemies":"4 Shapes","floor":45.0,"turns":6.0},{"damage":0.0,"enemies":"Writhing Mass","floor":46.0,"turns":5.0},{"damage":0.0,"enemies":"Nemesis","floor":48.0,"turns":5.0},{"damage":0.0,"enemies":"Donu and Deca","floor":50.0,"turns":4.0},{"damage":28.0,"enemies":"Awakened One","floor":51.0,"turns":8.0},{"damage":0.0,"enemies":"Shield and Spear","floor":55.0,"turns":3.0},{"damage":79,"enemies":"The Heart","floor":56,"turns":9}],"seed_played":"-1735687348559009896","potions_obtained":[{"floor":1.0,"key":"DuplicationPotion"},{"floor":7.0,"key":"AttackPotion"},{"floor":10.0,"key":"CultistPotion"},{"floor":12.0,"key":"EntropicBrew"},{"floor":16.0,"key":"PowerPotion"},{"floor":22.0,"key":"BloodPotion"},{"floor":28.0,"key":"Ancient Potion"},{"floor":31.0,"key":"BloodPotion"},{"floor":42.0,"key":"DuplicationPotion"},{"floor":48.0,"key":"GamblersBrew"}],"is_trial":false,"path_per_floor":["M","?","M","M","M","R","M","E","T","E","R","E","R","M","R","B",null,"M","?","$","M","M","R","E","R","T","M","E","M","?","E","R","B",null,"M","?","?","?","$","E","R","M","T","R","M","M","?","E","R","B","B",null,"R","$","E","B",null],"character_chosen":"IRONCLAD","items_purchased":["Feed+1","Good Instincts","True Grit","Oddly Smooth Stone"],"campfire_rested":1,"item_purchase_floors":[20,20,20,39],"current_hp_per_floor":[67,60,57,60,64,64,53,47,47,23,45,29,29,35,35,22,62,68,68,68,78,79,79,64,64,64,66,59,66,66,66,66,21,74,86,95,78,78,78,90,90,95,95,95,99,99,99,99,99,99,83,95,95,95,96,29],"gold":34,"neow_bonus":"HUNDRED_GOLD","is_daily":false,"chose_seed":false,"campfire_upgraded":7,"win_rate":0.0,"timestamp":1613012320,"path_taken":["M","?","M","M","M","R","M","E","T","E","R","E","R","M","R","BOSS","M","?","$","M","M","R","E","R","T","M","E","M","?","E","R","BOSS","M","?","?","?","?","E","R","M","T","R","M","M","?","E","R","BOSS","BOSS","R","$","E","BOSS"],"items_purchased_type":["Card","Card","Card","Relic"],"build_version":"2020-12-18","purchased_purges":3,"victory":true,"max_hp_per_floor":[75,75,75,75,75,75,75,75,75,75,75,75,75,75,75,75,75,75,75,75,79,79,79,79,79,79,83,83,87,87,87,87,91,91,91,95,95,95,95,95,95,95,95,95,99,99,99,99,99,99,99,99,99,96,96,96],"card_choices":[{"not_picked":["Spot Weakness","Metallicize"],"picked":"Headbutt","floor":1.0},{"not_picked":["Flex","True Grit"],"picked":"Pommel Strike","floor":3.0},{"not_picked":["Clash","Perfected Strike"],"picked":"Intimidate","floor":4.0},{"not_picked":["Dropkick","Metallicize"],"picked":"Fiend Fire","floor":5.0},{"not_picked":["Warcry","Perfected Strike"],"picked":"Power Through","floor":7.0},{"not_picked":["Heavy Blade","Barricade"],"picked":"Impervious","floor":8.0},{"not_picked":["Iron Wave","Sever Soul"],"picked":"Cleave","floor":10.0},{"not_picked":["Flex","Wild Strike"],"picked":"Feel No Pain","floor":12.0},{"not_picked":["Bloodletting","Sword Boomerang"],"picked":"Burning Pact","floor":14.0},{"not_picked":["Limit Break","Double Tap"],"picked":"Corruption","floor":16.0},{"not_picked":["Hemokinesis","Dropkick","Sword Boomerang+1"],"picked":"SKIP","floor":18.0},{"not_picked":["Thunderclap+1","Feel No Pain"],"picked":"Seeing Red","floor":21.0},{"not_picked":["Thunderclap+1","Reckless Charge+1"],"picked":"Wild Strike+1","floor":22.0},{"not_picked":["Havoc","Perfected Strike+1"],"picked":"Body Slam+1","floor":24.0},{"not_picked":["Clash+1","Rupture"],"picked":"Dark Embrace","floor":27.0},{"not_picked":["Spot Weakness","Battle Trance"],"picked":"Fiend Fire+1","floor":28.0},{"not_picked":["Anger+1","True Grit"],"picked":"Battle Trance","floor":29.0},{"not_picked":["Clothesline+1","Twin Strike+1","Heavy Blade+1"],"picked":"SKIP","floor":31.0},{"not_picked":["Brutality","Feed+1","Impervious"],"picked":"Barricade","floor":33.0},{"not_picked":["Disarm","Sever Soul+1","Thunderclap+1"],"picked":"Shrug It Off+1","floor":35.0},{"not_picked":["Heavy Blade+1","Rupture","Flex"],"picked":"Power Through","floor":36.0},{"not_picked":["Deep Breath","Transmutation","Mind Blast+1"],"picked":"Master of Strategy","floor":38.0},{"not_picked":["Heavy Blade+1","Headbutt+1","Twin Strike+1"],"picked":"Seeing Red","floor":40.0},{"not_picked":["Clothesline+1","Evolve+1","Shrug It Off+1"],"picked":"Body Slam+1","floor":42.0},{"not_picked":["Twin Strike+1","Clash+1","Intimidate"],"picked":"Disarm+1","floor":45.0},{"not_picked":["Intimidate","Body Slam+1","Shrug It Off"],"picked":"Sentinel+1","floor":46.0},{"not_picked":["Rage","Clash+1","Heavy Blade+1","Dark Embrace"],"picked":"SKIP","floor":48.0},{"not_picked":["Combust+1","Clash+1","Heavy Blade+1"],"picked":"Juggernaut","floor":55.0}],"player_experience":1141546,"relics_obtained":[{"floor":8.0,"key":"Lizard Tail"},{"floor":9.0,"key":"Bag of Marbles"},{"floor":10.0,"key":"Pen Nib"},{"floor":12.0,"key":"Bottled Lightning"},{"floor":24.0,"key":"InkBottle"},{"floor":26.0,"key":"Mummified Hand"},{"floor":28.0,"key":"Thread and Needle"},{"floor":31.0,"key":"Question Card"},{"floor":36.0,"key":"Girya"},{"floor":40.0,"key":"Boot"},{"floor":48.0,"key":"FossilizedHelix"},{"floor":55.0,"key":"Happy Flower"}],"event_choices":[{"cards_removed":["Strike_R"],"damage_healed":0.0,"max_hp_gain":0.0,"max_hp_loss":0.0,"gold_gain":0.0,"event_name":"Golden Wing","player_choice":"Card Removal","floor":2.0,"gold_loss":0.0,"damage_taken":7.0},{"damage_healed":0.0,"max_hp_gain":0.0,"max_hp_loss":0.0,"gold_gain":0.0,"event_name":"Addict","player_choice":"Obtained Relic","floor":19.0,"gold_loss":85.0,"damage_taken":0.0,"relics_obtained":["Molten Egg 2"]},{"damage_healed":0.0,"max_hp_gain":0.0,"max_hp_loss":0.0,"gold_gain":0.0,"event_name":"The Library","player_choice":"Read","floor":30.0,"gold_loss":0.0,"damage_taken":0.0,"cards_obtained":["Shockwave"]},{"damage_healed":0.0,"max_hp_gain":0.0,"max_hp_loss":0.0,"gold_gain":0.0,"event_name":"MindBloom","player_choice":"Fight","floor":36.0,"gold_loss":0.0,"damage_taken":0.0},{"damage_healed":0.0,"max_hp_gain":0.0,"max_hp_loss":0.0,"gold_gain":0.0,"event_name":"Winding Halls","player_choice":"Embrace Madness","floor":37.0,"gold_loss":0.0,"damage_taken":17.0,"cards_obtained":["Madness","Madness"]},{"damage_healed":0.0,"max_hp_gain":0.0,"max_hp_loss":0.0,"gold_gain":0.0,"event_name":"SensoryStone","player_choice":"Memory 1","floor":38.0,"gold_loss":0.0,"damage_taken":0.0},{"cards_removed":["Bash"],"damage_healed":0.0,"max_hp_gain":0.0,"max_hp_loss":0.0,"gold_gain":0.0,"event_name":"Falling","player_choice":"Removed Attack","floor":47.0,"gold_loss":0.0,"damage_taken":0.0}],"is_beta":true,"boss_relics":[{"not_picked":["Cursed Key","Tiny House"],"picked":"Runic Pyramid"},{"not_picked":["Runic Dome","Sozu"],"picked":"Black Blood"}],"items_purged_floors":[20,39,54],"is_endless":false,"potions_floor_spawned":[1,7,10,12,16,22,28,31,42,46,48,55],"ascension_level":20}}