{"host":"snhgf1tbc52ohml4","time":1613027609,"event":{"mods":["ATMod(°¢èªMod)","BaseMod","Dota2Spire","Minty Spire (QoL Compilation)","Replay The Spire","StSLib","The Bug Knight","The Servant 0.9.4"],"gold_per_floor":[112,91,111,156,156,184,194,194,194],"floor_reached":8,"language":"ZHS","playtime":343,"items_purged":["Clumsy"],"score":81,"play_id":"1809ab33-fedc-43b5-b9cc-01da52d63b09","local_time":"20210211151329","is_ascension_mode":false,"campfire_choices":[],"circlet_count":0,"master_deck":["HollowMod:NailStrikeStart","HollowMod:NailStrikeStart","HollowMod:NailStrikeStart","HollowMod:QuickDashStart","HollowMod:QuickDashStart","HollowMod:QuickDashStart","HollowMod:QuickDashStart","HollowMod:FocusHealStart","HollowMod:PogoStrike","AT_EmpoweredMortalDraw","HollowMod:SoulVessel","Flash of Steel","HollowMod:NewLittleFool","HollowMod:GoodIntentions","HollowMod:NewInfectedGuardian","HollowMod:SiblingsShadow"],"relics":["HollowMod:VesselMask","AT_ATBox","NeowsBlessing","ReplayTheSpireMod:CursedCoin","Dota2Spire:OrchidMalevolence","Replay:Rubber Ducky"],"acts_visited":["Exordium"],"potions_floor_usage":[],"damage_taken":[{"damage":0,"enemies":"Cultist","floor":1,"turns":1},{"damage":0,"enemies":"Jaw Worm","floor":3,"turns":1},{"damage":0,"enemies":"3 Sentries","floor":6,"turns":1},{"damage":0,"enemies":"Small Slimes","floor":7,"turns":1},{"damage":0,"enemies":"Lagavulin","floor":8,"turns":3}],"seed_played":"9003632141246130760","potions_obtained":[{"floor":1,"key":"Explosive Potion"},{"floor":3,"key":"EntropicBrew"},{"floor":4,"key":"Regen Potion"}],"is_trial":false,"path_per_floor":["M","$","M","?","?","E","M","E"],"character_chosen":"THE_BUGKNIGHT","items_purchased":["ReplayTheSpireMod:CursedCoin","Flash of Steel"],"campfire_rested":0,"item_purchase_floors":[2,2],"current_hp_per_floor":[75,75,75,75,75,75,75,75,75],"gold":194,"neow_bonus":"THREE_ENEMY_KILL","is_daily":false,"chose_seed":false,"campfire_upgraded":0,"win_rate":0.0,"timestamp":1613027609,"path_taken":["M","$","M","?","?","E","?","E"],"items_purchased_type":["Relic","Card"],"build_version":"2020-12-22","purchased_purges":1,"victory":false,"max_hp_per_floor":[75,75,75,75,75,75,75,75,75],"card_choices":[{"not_picked":["HollowMod:SharpenedShadows","HollowMod:SoulStrike"],"picked":"HollowMod:SoulVessel","floor":1},{"not_picked":["HollowMod:SiblingsSouls","HollowMod:DoubleDash"],"picked":"HollowMod:NewLittleFool","floor":3},{"not_picked":["HollowMod:CycloneSlash","HollowMod:NewLittleFool"],"picked":"HollowMod:GoodIntentions","floor":4},{"not_picked":["HollowMod:DreamGate","HollowMod:InfectedAttack"],"picked":"HollowMod:NewInfectedGuardian","floor":6},{"not_picked":["HollowMod:HeavyBlow","HollowMod:GreatSlash"],"picked":"HollowMod:SiblingsShadow","floor":7}],"player_experience":13842,"relics_obtained":[{"floor":4,"key":"Dota2Spire:OrchidMalevolence"},{"floor":6,"key":"Replay:Rubber Ducky"}],"event_choices":[{"cards_removed":["HollowMod:NailStrikeStart"],"damage_healed":0,"gold_gain":0,"player_choice":"Offered Basic","damage_taken":0,"max_hp_gain":0,"max_hp_loss":0,"event_name":"Bonfire Elementals","floor":5,"gold_loss":0}],"is_beta":false,"boss_relics":[],"items_purged_floors":[2],"is_endless":false,"potions_floor_spawned":[1,3],"killed_by":"Lagavulin","ascension_level":0}}