{"host":"6p0attdrtjqaih7v","time":1613059869,"event":{"mods":["2.2 Compatiblity","AchievementEnabler","Bard","BaseMod","Better Skull","Better Third Choice","Colored Powertips","Hermit","Highlight Path","Key Reminder","Minty Spire (QoL Compilation)","Permanent Neow","Quick Restart","Random Character Button","Relic Stats","Reliquary","Replay The Spire","Robot Space Explorer","StSLib","The Hayseed","The Witch"],"gold_per_floor":[113,126,201,30,40,40,70,100,100,118,118,118],"floor_reached":11,"language":"ENG","playtime":553,"items_purged":[],"score":146,"play_id":"dbd9e3cd-361d-480f-a3c1-3b4f98b8b011","local_time":"20210211111109","is_ascension_mode":true,"campfire_choices":[{"data":"Feel No Pain","floor":6,"key":"SMITH"}],"circlet_count":0,"master_deck":["AscendersBane","Strike_R","Strike_R","Strike_R","Strike_R","Strike_R","Defend_R","Defend_R","Defend_R","Defend_R","Bash","Feed","Feel No Pain+1","Shockwave","Twin Strike","Corruption","Clothesline","Iron Wave"],"relics":["Burning Blood","Bag of Preparation","Onion Ring","Odd Mushroom","reliquary:PartyBalloon"],"acts_visited":["Exordium"],"potions_floor_usage":[7,7,11],"damage_taken":[{"damage":12,"enemies":"Cultist","floor":1,"turns":4},{"damage":6,"enemies":"2 Louse","floor":2,"turns":3},{"damage":0,"enemies":"Small Slimes","floor":5,"turns":3},{"damage":40,"enemies":"Lagavulin","floor":7,"turns":7},{"damage":15,"enemies":"The Mushroom Lair","floor":8,"turns":5},{"damage":10,"enemies":"2 Fungi Beasts","floor":10,"turns":3},{"damage":28,"enemies":"Replay:BlueRogue","floor":11,"turns":10}],"seed_played":"-6022360813679940167","potions_obtained":[{"floor":1,"key":"EntropicBrew"}],"is_trial":false,"path_per_floor":["M","M","?","$","M","R","E","?","T","M","E"],"character_chosen":"IRONCLAD","items_purchased":["Bag of Preparation"],"campfire_rested":0,"item_purchase_floors":[4],"current_hp_per_floor":[62,65,54,54,63,63,32,26,26,25,0,0],"gold":118,"neow_bonus":"ONE_RANDOM_RARE_CARD","is_daily":false,"chose_seed":false,"campfire_upgraded":1,"win_rate":0.0,"timestamp":1613059869,"path_taken":["M","?","?","$","M","R","E","?","T","M","E"],"items_purchased_type":["Relic"],"build_version":"2020-12-22","purchased_purges":0,"victory":false,"max_hp_per_floor":[75,78,78,78,81,81,84,87,87,90,90,90],"relic_stats":{"counters":[7,35],"Bag of Preparation":[10],"obtain_stats":[{"reliquary:PartyBalloon":9,"Onion Ring":7,"Bag of Preparation":4,"Odd Mushroom":8,"Burning Blood":0},{"reliquary:PartyBalloon":5,"Onion Ring":4,"Bag of Preparation":2,"Odd Mushroom":5,"Burning Blood":0},{"reliquary:PartyBalloon":22,"Onion Ring":17,"Bag of Preparation":7,"Odd Mushroom":22,"Burning Blood":0}],"Burning Blood":36},"card_choices":[{"not_picked":["Intimidate","Heavy Blade"],"picked":"Feel No Pain","floor":1},{"not_picked":["Thunderclap","Rampage"],"picked":"Shockwave","floor":2},{"not_picked":["Warcry","True Grit"],"picked":"Twin Strike","floor":5},{"not_picked":["Rage","Replay:Undeath\u0027s Touch"],"picked":"Corruption","floor":7},{"not_picked":["Perfected Strike","Fire Breathing"],"picked":"Clothesline","floor":8},{"not_picked":["Dropkick","Rupture"],"picked":"Iron Wave","floor":10}],"player_experience":1102471,"relics_obtained":[{"floor":7,"key":"Onion Ring"},{"floor":8,"key":"Odd Mushroom"},{"floor":9,"key":"reliquary:PartyBalloon"}],"event_choices":[{"damage_healed":0,"gold_gain":75,"player_choice":"Gather Gold","damage_taken":11,"max_hp_gain":0,"max_hp_loss":0,"event_name":"World of Goop","floor":3,"gold_loss":0},{"damage_healed":0,"gold_gain":0,"player_choice":"Fought Mushrooms","damage_taken":0,"max_hp_gain":0,"max_hp_loss":0,"event_name":"Mushrooms","floor":8,"gold_loss":0}],"is_beta":false,"boss_relics":[],"items_purged_floors":[],"is_endless":false,"potions_floor_spawned":[1],"killed_by":"Replay:BlueRogue","ascension_level":20}}