{"host":"3gyvhg7mg6y9ble1","time":1613052818,"event":{"mods":["BaseMod","Block Reminder","Colored Powertips","Highlight Path","Minty Spire (QoL Compilation)","Rare Cards Sparkle","Relic Sorter","Relic Stats","StSLib"],"gold_per_floor":[112,112,112,127,142,142,154,179,225,21,54,54,69,85,85,185,185,200,217,217,12,12,37,37,52,52,52,52,28,28,39,39,138,138,150,170,183,195,44,77,77,110,110,126,138,138,164,184,184,184,184],"floor_reached":50,"language":"ENG","playtime":5047,"items_purged":[],"score":705,"play_id":"d5cb2a42-8ed5-4746-b3e2-fed8c5685247","local_time":"20210211091337","is_ascension_mode":true,"campfire_choices":[{"data":"Ball Lightning","floor":6.0,"key":"SMITH"},{"data":"Skim","floor":12.0,"key":"SMITH"},{"data":"Coolheaded","floor":15.0,"key":"SMITH"},{"floor":28,"key":"REST"},{"data":"White Noise","floor":30,"key":"SMITH"},{"data":"Hologram","floor":32,"key":"SMITH"},{"floor":41,"key":"REST"},{"data":"Loop","floor":46,"key":"SMITH"},{"floor":49,"key":"RECALL"}],"circlet_count":0,"master_deck":["Defend_B+1","Defend_B","Zap+1","Dualcast","Ball Lightning+1","Steam","Cold Snap","Skim+1","Go for the Eyes+1","Streamline+1","Go for the Eyes+1","Hologram+1","Coolheaded+1","Echo Form","Coolheaded+1","Skim+1","Tempest+1","White Noise+1","Barrage+1","Redo","Blizzard+1","Self Repair","Necronomicurse","Beam Cell+1","Conserve Battery","Echo Form","Doom and Gloom+1","Chaos+1","Leap+1","Regret","Loop+1","Biased Cognition","Loop+1"],"relics":["SlaversCollar","Molten Egg 2","Art of War","Frozen Eye","Toy Ornithopter","Astrolabe","DataDisk","Bottled Lightning","Necronomicon","InkBottle","Cursed Key","Chemical X","Orichalcum","White Beast Statue","Gremlin Horn","Mercury Hourglass"],"acts_visited":["Exordium","TheCity","TheBeyond"],"potions_floor_usage":[23,25,33,40,47,47,50,50,50],"damage_taken":[{"damage":10.0,"enemies":"Small Slimes","floor":1.0,"turns":4.0},{"damage":0.0,"enemies":"2 Louse","floor":4.0,"turns":3.0},{"damage":1.0,"enemies":"Jaw Worm","floor":5.0,"turns":3.0},{"damage":0.0,"enemies":"2 Fungi Beasts","floor":7.0,"turns":4.0},{"damage":3.0,"enemies":"3 Sentries","floor":8.0,"turns":6.0},{"damage":3.0,"enemies":"Gremlin Nob","floor":11.0,"turns":3.0},{"damage":2.0,"enemies":"Blue Slaver","floor":13.0,"turns":2.0},{"damage":3.0,"enemies":"Looter","floor":14.0,"turns":2.0},{"damage":4.0,"enemies":"Hexaghost","floor":16.0,"turns":9.0},{"damage":15.0,"enemies":"3 Byrds","floor":18.0,"turns":3.0},{"damage":12.0,"enemies":"2 Thieves","floor":19.0,"turns":4.0},{"damage":32,"enemies":"Slavers","floor":23,"turns":5},{"damage":5,"enemies":"Chosen and Byrds","floor":25,"turns":4},{"damage":0,"enemies":"Snecko","floor":31,"turns":3},{"damage":6,"enemies":"Champ","floor":33,"turns":8},{"damage":4,"enemies":"3 Shapes","floor":35,"turns":4},{"damage":2,"enemies":"Orb Walker","floor":36,"turns":3},{"damage":24,"enemies":"Sphere and 2 Shapes","floor":37,"turns":5},{"damage":20,"enemies":"Jaw Worm Horde","floor":38,"turns":5},{"damage":14,"enemies":"Nemesis","floor":40,"turns":5},{"damage":15,"enemies":"Reptomancer","floor":42,"turns":4},{"damage":9,"enemies":"Maw","floor":44,"turns":6},{"damage":4,"enemies":"3 Darklings","floor":45,"turns":3},{"damage":32,"enemies":"Nemesis","floor":47,"turns":5},{"damage":23,"enemies":"Jaw Worm Horde","floor":48,"turns":6},{"damage":35,"enemies":"Awakened One","floor":50,"turns":9}],"seed_played":"6167494457815382258","potions_obtained":[{"floor":5.0,"key":"AttackPotion"},{"floor":7.0,"key":"Regen Potion"},{"floor":13.0,"key":"SkillPotion"},{"floor":14.0,"key":"Block Potion"},{"floor":18.0,"key":"PowerPotion"},{"floor":19.0,"key":"SteroidPotion"},{"floor":23,"key":"Dexterity Potion"},{"floor":25,"key":"PotionOfCapacity"},{"floor":38,"key":"Dexterity Potion"},{"floor":42,"key":"Strength Potion"},{"floor":44,"key":"AttackPotion"},{"floor":45,"key":"Explosive Potion"},{"floor":47,"key":"BlessingOfTheForge"},{"floor":48,"key":"ColorlessPotion"}],"is_trial":false,"path_per_floor":["M","?","?","M","M","R","M","E","T","$","E","R","M","M","R","B",null,"M","M","?","$","?","E","?","M","T","T","R","$","R","M","R","B",null,"M","M","M","M","$","E","R","E","T","M","M","R","E","M","R","B"],"character_chosen":"DEFECT","items_purchased":["Frozen Eye","Streamline+1","DataDisk","Barrage+1","Beam Cell+1","Chemical X"],"campfire_rested":2,"item_purchase_floors":[10,10,21,21,29,39],"current_hp_per_floor":[65,58,43,43,42,42,42,39,39,39,36,36,34,31,31,27,63,53,46,46,46,46,33,17,17,17,17,39,39,39,53,53,59,71,74,75,58,38,38,36,58,50,50,55,58,58,43,20,20,0,0],"gold":184,"neow_bonus":"BOSS_RELIC","is_daily":false,"chose_seed":false,"campfire_upgraded":6,"win_rate":0.0,"timestamp":1613052817,"path_taken":["M","?","?","M","M","R","M","E","T","?","E","R","M","M","R","BOSS","M","M","?","$","?","E","?","M","T","?","R","$","R","M","R","BOSS","M","M","M","?","$","E","R","E","T","?","M","R","E","M","R","BOSS"],"items_purchased_type":["Relic","Card","Relic","Card","Card","Relic"],"build_version":"2020-12-22","purchased_purges":0,"victory":false,"max_hp_per_floor":[75,75,75,75,75,75,75,75,75,75,75,75,75,75,75,75,75,75,75,75,75,75,75,75,75,75,75,75,75,75,75,75,75,75,75,75,75,75,75,75,75,75,75,75,75,75,75,75,75,75,75],"relic_stats":{"Gremlin Horn":[7,7],"counters":[26,118],"Astrolabe":["Coolheaded","Skim","Tempest"],"Art of War":[12],"Necronomicon":[20],"Chemical X":[5],"Orichalcum":[24],"Cursed Key":1,"obtain_stats":[{"Gremlin Horn":43,"Astrolabe":17,"Orichalcum":40,"Cursed Key":34,"White Beast Statue":42,"Mercury Hourglass":47,"SlaversCollar":0,"Frozen Eye":10,"DataDisk":21,"Molten Egg 2":8,"Art of War":9,"Necronomicon":24,"Bottled Lightning":23,"Chemical X":39,"Cracked Core":0,"Toy Ornithopter":11,"InkBottle":26},{"Gremlin Horn":21,"Astrolabe":9,"Orichalcum":20,"Cursed Key":15,"White Beast Statue":21,"Mercury Hourglass":24,"SlaversCollar":0,"Frozen Eye":5,"DataDisk":11,"Molten Egg 2":5,"Art of War":5,"Necronomicon":12,"Bottled Lightning":12,"Chemical X":19,"Cracked Core":0,"Toy Ornithopter":6,"InkBottle":13},{"Gremlin Horn":89,"Astrolabe":36,"Orichalcum":85,"Cursed Key":63,"White Beast Statue":89,"Mercury Hourglass":103,"SlaversCollar":0,"Frozen Eye":20,"DataDisk":43,"Molten Egg 2":20,"Art of War":20,"Necronomicon":48,"Bottled Lightning":48,"Chemical X":80,"Cracked Core":0,"Toy Ornithopter":23,"InkBottle":52}],"Toy Ornithopter":55,"InkBottle":[41],"Mercury Hourglass":[45]},"card_choices":[{"not_picked":["Go for the Eyes","Redo"],"picked":"Ball Lightning","floor":1.0},{"not_picked":["Ball Lightning","Rebound"],"picked":"Steam","floor":4.0},{"not_picked":["BootSequence","Storm"],"picked":"Cold Snap","floor":5.0},{"not_picked":["Fusion","Cold Snap"],"picked":"Skim","floor":7.0},{"not_picked":["Rainbow","White Noise"],"picked":"Go for the Eyes+1","floor":8.0},{"not_picked":["Lockon+1","Skim"],"picked":"Go for the Eyes+1","floor":11.0},{"not_picked":["Stack","Sweeping Beam+1"],"picked":"Hologram","floor":13.0},{"not_picked":["FTL+1","Chill"],"picked":"Coolheaded","floor":14.0},{"not_picked":["Fission","Electrodynamics"],"picked":"Echo Form","floor":16.0},{"not_picked":["Ball Lightning+1","Stack+1"],"picked":"White Noise","floor":18.0},{"not_picked":["Sweeping Beam+1","Reprogram","Rebound+1"],"picked":"SKIP","floor":19.0},{"not_picked":["Hologram+1","Steam+1"],"picked":"Self Repair","floor":23},{"not_picked":["Hologram","Redo+1","Recycle"],"picked":"SKIP","floor":25},{"not_picked":["Cold Snap+1","Meteor Strike+1"],"picked":"Conserve Battery","floor":31},{"not_picked":["Electrodynamics","Multi-Cast"],"picked":"Echo Form","floor":33},{"not_picked":["Steam","Sweeping Beam+1","Darkness+1"],"picked":"SKIP","floor":35},{"not_picked":["Reinforced Body+1","FTL+1","Compile Driver+1"],"picked":"SKIP","floor":36},{"not_picked":["Sweeping Beam+1","Hologram+1","Hello World+1"],"picked":"SKIP","floor":37},{"not_picked":["Coolheaded","Fusion+1"],"picked":"Doom and Gloom+1","floor":38},{"not_picked":["Ball Lightning+1","FTL+1"],"picked":"Chaos+1","floor":40},{"not_picked":["Barrage+1","Compile Driver+1"],"picked":"Leap+1","floor":42},{"not_picked":["Streamline+1","Stack+1"],"picked":"Loop","floor":44},{"not_picked":["Echo Form","Rebound+1","Gash+1"],"picked":"SKIP","floor":45},{"not_picked":["Redo+1","Cold Snap+1"],"picked":"Biased Cognition","floor":47},{"not_picked":["Hologram","Beam Cell+1"],"picked":"Loop+1","floor":48}],"player_experience":347203,"relics_obtained":[{"floor":8.0,"key":"Molten Egg 2"},{"floor":9.0,"key":"Art of War"},{"floor":11.0,"key":"Toy Ornithopter"},{"floor":23,"key":"Bottled Lightning"},{"floor":24,"key":"Necronomicon"},{"floor":26,"key":"InkBottle"},{"floor":40,"key":"Orichalcum"},{"floor":42,"key":"White Beast Statue"},{"floor":43,"key":"Gremlin Horn"},{"floor":47,"key":"Mercury Hourglass"}],"event_choices":[{"cards_removed":["Strike_B"],"damage_healed":0.0,"max_hp_gain":0.0,"max_hp_loss":0.0,"gold_gain":0.0,"event_name":"Golden Wing","player_choice":"Card Removal","floor":2.0,"gold_loss":0.0,"damage_taken":7.0},{"damage_healed":0.0,"max_hp_gain":0.0,"max_hp_loss":0.0,"gold_gain":0.0,"event_name":"Shining Light","player_choice":"Entered Light","floor":3.0,"gold_loss":0.0,"damage_taken":15.0,"cards_upgraded":["Zap","Defend_B"]},{"damage_healed":0.0,"max_hp_gain":0.0,"max_hp_loss":0.0,"gold_gain":0.0,"event_name":"Ghosts","player_choice":"Ignored","floor":20.0,"gold_loss":0.0,"damage_taken":0.0},{"damage_healed":0.0,"max_hp_gain":0.0,"max_hp_loss":0.0,"gold_gain":0.0,"cards_transformed":["Strike_B","Strike_B"],"event_name":"Drug Dealer","player_choice":"Became Test Subject","floor":22.0,"gold_loss":0.0,"damage_taken":0.0,"cards_obtained":["Redo","Blizzard"]},{"damage_healed":0,"gold_gain":0,"player_choice":"Obtained Book","damage_taken":16,"max_hp_gain":0,"max_hp_loss":0,"event_name":"Cursed Tome","floor":24,"gold_loss":0}],"is_beta":false,"boss_relics":[{"not_picked":["Fusion Hammer","Sozu"],"picked":"Astrolabe"},{"not_picked":["Empty Cage","Coffee Dripper"],"picked":"Cursed Key"}],"items_purged_floors":[],"is_endless":false,"potions_floor_spawned":[5,7,13,14,18,19,23,25,38,42,44,45,47,48],"killed_by":"Awakened One","ascension_level":5}}