{"host":"z3qs3l37sjzyczji","time":1613012635,"event":{"mods":["AchievementEnabler","BaseMod","Colored Map","Colored Powertips","Keyboard Shortcuts","Minty Spire (QoL Compilation)","Relic Stats","SuperFastMode"],"gold_per_floor":[111,111,111,134,149,149,182,261,261,261,261],"floor_reached":10,"language":"ENG","playtime":241,"items_purged":[],"score":99,"play_id":"2cc468ca-a3e0-4eac-9bac-1c9bc14cff9d","local_time":"20210211030355","is_ascension_mode":true,"campfire_choices":[{"data":"Immolate","floor":6,"key":"SMITH"}],"circlet_count":0,"master_deck":["AscendersBane","Strike_R","Strike_R","Strike_R","Strike_R","Strike_R+1","Defend_R+1","Defend_R","Defend_R","Defend_R+1","Bash+1","Immolate+1","Headbutt","Shrug It Off"],"relics":["Burning Blood","Golden Idol","InkBottle","Letter Opener","War Paint"],"acts_visited":["Exordium"],"potions_floor_usage":[7,7],"damage_taken":[{"damage":7,"enemies":"Jaw Worm","floor":1,"turns":4},{"damage":0,"enemies":"2 Louse","floor":4,"turns":2},{"damage":4,"enemies":"Small Slimes","floor":5,"turns":3},{"damage":15,"enemies":"Lagavulin","floor":7,"turns":3},{"damage":10,"enemies":"3 Sentries","floor":8,"turns":3},{"damage":10,"enemies":"Gremlin Nob","floor":10,"turns":2}],"seed_played":"3902247133579949848","potions_obtained":[{"floor":1,"key":"AttackPotion"},{"floor":4,"key":"LiquidMemories"}],"is_trial":false,"path_per_floor":["M","?","?","M","M","R","E","?","T","E"],"character_chosen":"IRONCLAD","items_purchased":[],"campfire_rested":0,"item_purchase_floors":[],"current_hp_per_floor":[50,34,14,20,22,22,13,9,9,0,0],"gold":261,"neow_bonus":"THREE_RARE_CARDS","is_daily":false,"chose_seed":false,"campfire_upgraded":1,"win_rate":0.0,"timestamp":1613012635,"path_taken":["M","?","?","M","M","R","E","?","T","E"],"items_purchased_type":[],"build_version":"2020-12-22","purchased_purges":0,"victory":false,"max_hp_per_floor":[80,80,80,80,80,80,80,80,80,80,80],"relic_stats":{"counters":[6,17],"Golden Idol":39,"Letter Opener":[0],"War Paint":["Defend_R","Defend_R"],"obtain_stats":[{"Golden Idol":3,"Letter Opener":8,"War Paint":9,"Burning Blood":0,"InkBottle":7},{"Golden Idol":1,"Letter Opener":5,"War Paint":5,"Burning Blood":0,"InkBottle":4},{"Golden Idol":4,"Letter Opener":15,"War Paint":15,"Burning Blood":0,"InkBottle":12}],"Burning Blood":30,"InkBottle":[1]},"card_choices":[{"not_picked":["Feed","Barricade"],"picked":"Immolate","floor":0},{"not_picked":["Searing Blow","Havoc","Spot Weakness"],"picked":"SKIP","floor":1},{"not_picked":["Iron Wave","Fire Breathing"],"picked":"Headbutt","floor":4},{"not_picked":["Flex","Cleave","Perfected Strike"],"picked":"SKIP","floor":5},{"not_picked":["Immolate","Clash","Cleave"],"picked":"SKIP","floor":7},{"not_picked":["Second Wind","Disarm"],"picked":"Shrug It Off","floor":8}],"player_experience":59677,"relics_obtained":[{"floor":7,"key":"InkBottle"},{"floor":8,"key":"Letter Opener"},{"floor":9,"key":"War Paint"}],"event_choices":[{"damage_healed":0,"gold_gain":0,"player_choice":"Entered Light","damage_taken":16,"max_hp_gain":0,"max_hp_loss":0,"event_name":"Shining Light","floor":2,"gold_loss":0,"cards_upgraded":["Bash","Strike_R"]},{"damage_healed":0,"gold_gain":0,"player_choice":"Take Damage","damage_taken":20,"relics_obtained":["Golden Idol"],"max_hp_gain":0,"max_hp_loss":0,"event_name":"Golden Idol","floor":3,"gold_loss":0},{"damage_healed":0,"gold_gain":0,"player_choice":"Searched \u00271\u0027 times","damage_taken":0,"max_hp_gain":0,"max_hp_loss":0,"event_name":"Dead Adventurer","floor":8,"gold_loss":0}],"is_beta":false,"boss_relics":[],"items_purged_floors":[],"is_endless":false,"potions_floor_spawned":[1,4],"killed_by":"Gremlin Nob","ascension_level":10}}