{"host":"kw4o7b3ro2ktmmbe","time":1613042322,"event":{"mods":["BaseMod","Bossed Relics","Energized Spire","Evolution","Minty Spire (QoL Compilation)","StSLib","The Construct"],"gold_per_floor":[99,99,99,99,99,99,99,99,99,99,99,69,69,69,69,69,69,69,19,19,19,19,19,0,0,0,0,0,0,0,0,0,0,0,0,0,0,0,0,0,0,0,0,0,0,0,0],"floor_reached":46,"language":"ENG","playtime":10703,"items_purged":[],"score":760,"play_id":"6a8c3a06-84fe-486c-aadc-b773f5fe5846","local_time":"20210212001842","is_ascension_mode":true,"campfire_choices":[{"data":"construct:FlameCore","floor":6.0,"key":"SMITH"},{"data":"construct:Autoturret","floor":8.0,"key":"SMITH"},{"floor":15.0,"key":"REST"},{"data":"construct:Autoturret","floor":23.0,"key":"SMITH"},{"data":"construct:ClockworkEgg","floor":27,"key":"SMITH"},{"floor":32,"key":"REST"},{"data":"construct:Autoturret","floor":40,"key":"SMITH"},{"data":"construct:ClockworkEgg+1","floor":44,"key":"SMITH"}],"circlet_count":0,"master_deck":["construct:Strike_Gold","construct:Strike_Gold","construct:Strike_Gold","construct:Strike_Gold","construct:Strike_Gold","construct:Defend_Gold","construct:Defend_Gold","construct:Defend_Gold+1","construct:Defend_Gold","construct:Defend_Gold","construct:AttackMode","construct:DefenseMode","construct:ReactiveShield+1","construct:FlameCore+1","construct:FlameCore+1","construct:Autoturret+1","construct:FlameCore+2","construct:ScopeCore","construct:HammerDown","construct:Autoturret+1","construct:ClockworkEgg+2","construct:Failsafe","construct:LongRangeLance","Purity","Panacea","Madness","construct:Autoturret+1","Madness","Madness"],"relics":["EVO:Axolotl","Ectoplasm","Golden Idol","Happy Flower","Question Card","Philosopher\u0027s Stone","Nilry\u0027s Codex","construct:MegaBattery","MutagenicStrength","Anchor","Mummified Hand","energizedSpire:OgreHead","Ginger","Toy Ornithopter"],"acts_visited":["Exordium","TheCity","TheBeyond"],"potions_floor_usage":[29,35,38],"damage_taken":[{"damage":0.0,"enemies":"2 Louse","floor":1.0,"turns":3.0},{"damage":11.0,"enemies":"Jaw Worm","floor":3.0,"turns":4.0},{"damage":0.0,"enemies":"Cultist","floor":5.0,"turns":4.0},{"damage":0.0,"enemies":"Blue Slaver","floor":7.0,"turns":3.0},{"damage":20.0,"enemies":"Gremlin Nob","floor":10.0,"turns":4.0},{"damage":0.0,"enemies":"Looter","floor":12.0,"turns":3.0},{"damage":0.0,"enemies":"Lagavulin","floor":13.0,"turns":6.0},{"damage":0.0,"enemies":"Slime Boss","floor":16.0,"turns":3.0},{"damage":0.0,"enemies":"Spheric Guardian","floor":18.0,"turns":4.0},{"damage":23.0,"enemies":"3 Byrds","floor":20.0,"turns":4.0},{"damage":0.0,"enemies":"Centurion and Healer","floor":21.0,"turns":7.0},{"damage":16.0,"enemies":"Snecko","floor":22.0,"turns":5.0},{"damage":23,"enemies":"Book of Stabbing","floor":29,"turns":5},{"damage":3,"enemies":"Automaton","floor":33,"turns":11},{"damage":0,"enemies":"3 Darklings","floor":35,"turns":4},{"damage":15,"enemies":"Orb Walker","floor":37,"turns":3},{"damage":14,"enemies":"Spire Growth","floor":38,"turns":5},{"damage":63,"enemies":"Nemesis","floor":42,"turns":9},{"damage":25,"enemies":"Writhing Mass","floor":46,"turns":2}],"seed_played":"-2859925234086936868","potions_obtained":[{"floor":5.0,"key":"construct:MegaPotion"},{"floor":10.0,"key":"BlessingOfTheForge"},{"floor":13.0,"key":"FairyPotion"},{"floor":18.0,"key":"EntropicBrew"},{"floor":33,"key":"Swift Potion"},{"floor":35,"key":"Weak Potion"},{"floor":38,"key":"Dexterity Potion"},{"floor":42,"key":"Explosive Potion"}],"is_trial":false,"path_per_floor":["M","?","M","?","M","R","M","R","T","E","$","M","E","?","R","B",null,"M","?","M","M","M","R","?","?","T","R","?","E","$","?","R","B",null,"M","?","M","M","?","R","?","E","T","R","$","M"],"character_chosen":"THE_CONSTRUCT_MOD","items_purchased":[],"campfire_rested":2,"item_purchase_floors":[],"current_hp_per_floor":[85,85,74,53,53,53,53,53,53,33,33,33,33,16,41,41,85,85,85,62,62,46,46,46,30,30,30,30,7,7,7,32,29,85,85,75,60,46,35,35,35,25,25,25,25,0,0],"gold":0,"neow_bonus":"BOSS_RELIC","is_daily":false,"chose_seed":false,"campfire_upgraded":6,"win_rate":0.0,"timestamp":1613042322,"path_taken":["M","?","M","?","M","R","M","R","T","E","?","?","E","?","R","BOSS","M","?","M","?","M","R","?","?","T","R","?","E","$","?","R","BOSS","M","?","M","M","?","R","?","E","T","R","$","M"],"items_purchased_type":[],"build_version":"2020-12-22","purchased_purges":0,"victory":false,"max_hp_per_floor":[85,85,85,85,85,85,85,85,85,85,85,85,85,85,85,85,85,85,85,85,85,85,85,85,85,85,85,85,85,85,85,85,85,85,85,85,85,85,85,85,85,85,85,85,85,85,85],"card_choices":[{"not_picked":["construct:HeavyBolt","construct:ClusterMines"],"picked":"construct:ReactiveShield","floor":1.0},{"not_picked":["construct:Backfire","construct:FocusedBeam"],"picked":"construct:FlameCore","floor":3.0},{"not_picked":["construct:SuppressiveFire","construct:SweepLaser"],"picked":"construct:FlameCore","floor":5.0},{"not_picked":["construct:MetalShell","construct:CriticalHit"],"picked":"construct:Autoturret","floor":7.0},{"not_picked":["construct:Reinforce","construct:FocusedBeam"],"picked":"construct:FlameCore","floor":10.0},{"not_picked":["construct:ScrapCannon","construct:SweepLaser"],"picked":"construct:PowerUp","floor":12.0},{"not_picked":["construct:Forcefield","construct:SaveState"],"picked":"construct:ScopeCore","floor":13.0},{"not_picked":["construct:HastyRepair","construct:Multistage","construct:ShiftingStance"],"picked":"construct:HammerDown","floor":16.0},{"not_picked":["construct:Tumble","construct:OmegaCannon","construct:Backfire","construct:Accumulate"],"picked":"SKIP","floor":18.0},{"not_picked":["construct:SweepLaser","construct:Isolate","construct:Disrupt","construct:VentSteam"],"picked":"SKIP","floor":20.0},{"not_picked":["construct:HeavyBolt+1","construct:Anticipate","construct:FierceBash"],"picked":"construct:Autoturret","floor":21.0},{"not_picked":["construct:ClusterMines","construct:Construct_Overclock","construct:ModeShift"],"picked":"construct:ClockworkEgg","floor":22.0},{"not_picked":["construct:SyphonStrike+1","construct:QuickAttack","construct:Construct_Overclock"],"picked":"construct:Failsafe","floor":29},{"not_picked":["construct:HyperBeam","construct:Reserves","construct:ShieldBurst"],"picked":"construct:LongRangeLance","floor":33},{"not_picked":["construct:Anticipate+1","construct:CripplingShot+1","construct:SyphonStrike+1","construct:Versatility"],"picked":"SKIP","floor":35},{"not_picked":["Forethought","Good Instincts","Deep Breath"],"picked":"Purity","floor":36},{"not_picked":["Trip","Dark Shackles","Mind Blast"],"picked":"Panacea","floor":36},{"not_picked":["Impatience","Dramatic Entrance","Chrysalis"],"picked":"Madness","floor":36},{"not_picked":["construct:Backfire","construct:Accumulate+1","construct:VentSteam+1","construct:SweepLaser"],"picked":"SKIP","floor":37},{"not_picked":["construct:Missile+1","construct:HeavyBolt+1","construct:OneWayMirror"],"picked":"construct:Autoturret","floor":38},{"not_picked":["construct:ShiftStrike","construct:ModeShift+1","construct:ScrapCannon","construct:QuickAttack"],"picked":"SKIP","floor":42}],"player_experience":1856991,"relics_obtained":[{"floor":10.0,"key":"Happy Flower"},{"floor":13.0,"key":"Question Card"},{"floor":25,"key":"Nilry\u0027s Codex"},{"floor":26,"key":"construct:MegaBattery"},{"floor":29,"key":"Anchor"},{"floor":42,"key":"Ginger"},{"floor":43,"key":"Toy Ornithopter"}],"event_choices":[{"damage_healed":0.0,"max_hp_gain":0.0,"max_hp_loss":0.0,"gold_gain":0.0,"event_name":"Living Wall","player_choice":"Grow","floor":2.0,"gold_loss":0.0,"damage_taken":0.0,"cards_upgraded":["construct:ReactiveShield"]},{"damage_healed":0.0,"max_hp_gain":0.0,"max_hp_loss":0.0,"gold_gain":0.0,"event_name":"Golden Idol","player_choice":"Take Damage","floor":4.0,"gold_loss":0.0,"damage_taken":21.0,"relics_obtained":["Golden Idol"]},{"damage_healed":0.0,"max_hp_gain":0.0,"max_hp_loss":0.0,"gold_gain":0.0,"event_name":"Shining Light","player_choice":"Entered Light","floor":14.0,"gold_loss":0.0,"damage_taken":17.0,"cards_upgraded":["construct:Defend_Gold","construct:FlameCore"]},{"damage_healed":0.0,"max_hp_gain":0.0,"max_hp_loss":0.0,"gold_gain":100.0,"event_name":"The Joust","player_choice":"Bet on Murderer","floor":19.0,"gold_loss":50.0,"damage_taken":0.0},{"damage_healed":0,"gold_gain":0,"player_choice":"Paid Fearfully","damage_taken":0,"max_hp_gain":0,"max_hp_loss":0,"event_name":"Masked Bandits","floor":24,"gold_loss":19},{"damage_healed":0,"gold_gain":0,"player_choice":"Obtained Book","damage_taken":16,"max_hp_gain":0,"max_hp_loss":0,"event_name":"Cursed Tome","floor":25,"gold_loss":0},{"damage_healed":0,"gold_gain":0,"player_choice":"Inject Mutagens","damage_taken":0,"relics_obtained":["MutagenicStrength"],"max_hp_gain":0,"max_hp_loss":0,"event_name":"Drug Dealer","floor":28,"gold_loss":0},{"damage_healed":0,"gold_gain":0,"player_choice":"Opened","damage_taken":0,"relics_obtained":["Mummified Hand"],"max_hp_gain":0,"max_hp_loss":0,"event_name":"The Mausoleum","floor":31,"gold_loss":0},{"damage_healed":0,"gold_gain":0,"player_choice":"Memory 3","damage_taken":10,"max_hp_gain":0,"max_hp_loss":0,"event_name":"SensoryStone","floor":36,"gold_loss":0},{"damage_healed":0,"gold_gain":0,"player_choice":"Embrace Madness","damage_taken":11,"max_hp_gain":0,"max_hp_loss":0,"event_name":"Winding Halls","floor":39,"gold_loss":0,"cards_obtained":["Madness","Madness"]},{"cards_removed":["construct:PowerUp"],"damage_healed":0,"gold_gain":0,"player_choice":"Removed Attack","damage_taken":0,"max_hp_gain":0,"max_hp_loss":0,"event_name":"Falling","floor":41,"gold_loss":0}],"is_beta":false,"boss_relics":[{"not_picked":["Runic Pyramid","construct:ClawGrip"],"picked":"Philosopher\u0027s Stone"},{"not_picked":["Tiny House","Sozu"],"picked":"energizedSpire:OgreHead"}],"items_purged_floors":[],"is_endless":false,"potions_floor_spawned":[5,10,13,18,33,35,38,42],"killed_by":"Writhing Mass","ascension_level":1}}