{"host":"swn8ychr123rw3gf","time":1613046004,"event":{"mods":["BaseMod","Minty Spire (QoL Compilation)","StSLib"],"gold_per_floor":[115,40,40,60,60,92,92,125,174,174,184,184,218,143,143,143,143],"floor_reached":16,"language":"ZHS","playtime":580,"items_purged":["Strike_G"],"score":324,"play_id":"2429038d-ed3f-4778-b026-ede04ebfbbc9","local_time":"20210211202004","is_ascension_mode":true,"campfire_choices":[{"data":"Neutralize","floor":7.0,"key":"SMITH"},{"data":"Reflex","floor":10.0,"key":"SMITH"},{"data":"Tactician","floor":15.0,"key":"SMITH"}],"circlet_count":0,"master_deck":["AscendersBane","Strike_G","Strike_G","Strike_G+1","Defend_G","Defend_G","Defend_G","Defend_G","Survivor","Neutralize+1","Infinite Blades","Reflex+1","Dagger Throw+1","Escape Plan","Tactician+1","Concentrate"],"relics":["Ring of the Snake","NeowsBlessing","Juzu Bracelet","HornCleat","Snake Skull","Omamori"],"acts_visited":["Exordium"],"potions_floor_usage":[],"damage_taken":[{"damage":0.0,"enemies":"Small Slimes","floor":1.0,"turns":1.0},{"damage":0.0,"enemies":"Jaw Worm","floor":4.0,"turns":1.0},{"damage":0.0,"enemies":"Gremlin Nob","floor":6.0,"turns":1.0},{"damage":24.0,"enemies":"3 Sentries","floor":8.0,"turns":12.0},{"damage":3.0,"enemies":"Cultist","floor":11.0,"turns":4.0},{"damage":0.0,"enemies":"Gremlin Nob","floor":13.0,"turns":3.0},{"damage":20,"enemies":"The Guardian","floor":16,"turns":11}],"seed_played":"-5431653281135700556","potions_obtained":[{"floor":1.0,"key":"Regen Potion"},{"floor":4.0,"key":"Swift Potion"},{"floor":11.0,"key":"AttackPotion"}],"is_trial":false,"path_per_floor":["M","?","$","M","?","E","R","E","T","R","M","?","E","$","R","B"],"character_chosen":"THE_SILENT","items_purchased":[],"campfire_rested":0,"item_purchase_floors":[],"current_hp_per_floor":[59,59,59,59,52,52,52,43,43,43,40,20,20,20,20,0,0],"gold":143,"neow_bonus":"THREE_ENEMY_KILL","is_daily":false,"chose_seed":false,"campfire_upgraded":3,"win_rate":0.0,"timestamp":1613046004,"path_taken":["M","?","?","?","?","E","R","E","T","R","M","?","E","$","R","BOSS"],"items_purchased_type":[],"build_version":"2020-12-22","purchased_purges":1,"victory":false,"max_hp_per_floor":[66,66,66,66,66,66,66,66,66,66,66,66,66,66,66,66,66],"card_choices":[{"not_picked":["Riddle With Holes","Slice"],"picked":"Infinite Blades","floor":1.0},{"not_picked":["Flying Knee","Blur"],"picked":"Reflex","floor":4.0},{"not_picked":["Underhanded Strike","Dagger Spray"],"picked":"Dagger Throw","floor":6.0},{"not_picked":["Flying Knee","Skewer"],"picked":"Escape Plan","floor":8.0},{"not_picked":["Sucker Punch","Dodge and Roll"],"picked":"Tactician","floor":11.0},{"not_picked":["Caltrops","Acrobatics"],"picked":"Concentrate","floor":13.0}],"player_experience":459948,"relics_obtained":[{"floor":6.0,"key":"Juzu Bracelet"},{"floor":8.0,"key":"HornCleat"},{"floor":9.0,"key":"Snake Skull"},{"floor":13.0,"key":"Omamori"}],"event_choices":[{"cards_removed":["Strike_G"],"damage_healed":0.0,"max_hp_gain":0.0,"max_hp_loss":0.0,"gold_gain":0.0,"event_name":"The Cleric","player_choice":"Card Removal","floor":2.0,"gold_loss":75.0,"damage_taken":0.0},{"cards_removed":["Defend_G"],"damage_healed":0.0,"max_hp_gain":0.0,"max_hp_loss":0.0,"gold_gain":0.0,"event_name":"Golden Wing","player_choice":"Card Removal","floor":5.0,"gold_loss":0.0,"damage_taken":7.0},{"damage_healed":0.0,"max_hp_gain":0.0,"max_hp_loss":0.0,"gold_gain":0.0,"event_name":"Shining Light","player_choice":"Entered Light","floor":12.0,"gold_loss":0.0,"damage_taken":20.0,"cards_upgraded":["Strike_G","Dagger Throw"]}],"is_beta":false,"boss_relics":[],"items_purged_floors":[14],"is_endless":false,"potions_floor_spawned":[1,4,11],"killed_by":"The Guardian","ascension_level":19}}