{"host":"vyiqbz5w606ur92t","time":1613022385,"event":{"mods":["BaseMod","Downfall","Minty Spire (QoL Compilation)","StSLib"],"gold_per_floor":[199,209,16,36,21,84,84,84,118,133,83,83,68,102,114,213,213,113,113,129,242,242,270,270,286,286,315,346,212,224,224,224,224],"floor_reached":31,"language":"ENG","playtime":2955,"items_purged":["hexamod:Strike","Pain"],"score":428,"play_id":"5721a073-8724-4561-bbf9-ce9d0ce7e95b","local_time":"20210211054625","is_ascension_mode":true,"campfire_choices":[{"data":"hexamod:Float","floor":1,"key":"SMITH"},{"data":"hexamod:SearingWound","floor":8,"key":"SMITH"},{"floor":12,"key":"REST"},{"floor":18,"key":"RECALL"}],"circlet_count":0,"master_deck":["hexamod:Strike","hexamod:Strike","hexamod:Strike","hexamod:Defend","hexamod:Defend","hexamod:Defend","hexamod:Defend","hexamod:Sear","hexamod:Float+1","hexamod:NightmareStrike","hexamod:SearingWound+1","hexamod:ExtraCrispy","hexamod:FastForward","hexamod:HauntingEcho","hexamod:FastForward","hexamod:GhostOfSpirePast","hexamod:SpectersWail","hexamod:Incineration","hexamod:FourthSeal","hexamod:BacktrackSmack","hexamod:BurningTouch","hexamod:GhostOfSpirePast","hexamod:GhostOfSpirePresent","hexamod:ThirdSeal","hexamod:StepThrough","hexamod:EtherealExpedition","hexamod:Again","Necronomicurse","hexamod:AdvancingGuard+1","hexamod:RainOfEmbers","hexamod:PhantomCloak","hexamod:NightmareGuise+1"],"relics":["hexamod:SpiritBrand","Pantograph","Mummified Hand","Lantern","Slimebound:PreparedRelic","expansioncontent:StudyCardRelic","downfall:HeartBlessingGreen","WarpedTongs","hexamod:RecyclingMachine","Centennial Puzzle","TungstenRod","Necronomicon","MawBank","Strawberry"],"acts_visited":["Exordium","TheCity"],"potions_floor_usage":[11,16,16,16,23,27,27,28],"damage_taken":[{"damage":0,"enemies":"Cultist","floor":2,"turns":3},{"damage":0,"enemies":"downfall:FleeingMerchant","floor":3,"turns":4},{"damage":0,"enemies":"Small Slimes","floor":4,"turns":3},{"damage":5,"enemies":"downfall:FleeingMerchant","floor":5,"turns":4},{"damage":15,"enemies":"3 Sentries","floor":6,"turns":7},{"damage":29,"enemies":"Gremlin Nob","floor":9,"turns":5},{"damage":7,"enemies":"Jaw Worm","floor":10,"turns":2},{"damage":0,"enemies":"downfall:FleeingMerchant","floor":11,"turns":4},{"damage":10,"enemies":"downfall:FleeingMerchant","floor":13,"turns":4},{"damage":0,"enemies":"3 Sentries","floor":14,"turns":5},{"damage":1,"enemies":"Gremlin Gang","floor":15,"turns":2},{"damage":14,"enemies":"IC_STATUS_ARCHETYPE","floor":16,"turns":3},{"damage":5,"enemies":"3 Byrds","floor":20,"turns":4},{"damage":0,"enemies":"downfall:FleeingMerchant","floor":21,"turns":2},{"damage":2,"enemies":"Book of Stabbing","floor":23,"turns":3},{"damage":13,"enemies":"Snake Plant","floor":25,"turns":3},{"damage":20,"enemies":"Slavers","floor":27,"turns":3},{"damage":0,"enemies":"Centurion and Healer","floor":28,"turns":4},{"damage":0,"enemies":"3 Cultists","floor":30,"turns":3},{"damage":14,"enemies":"Gremlin Leader","floor":31,"turns":5}],"seed_played":"1412825979022661364","potions_obtained":[{"floor":4,"key":"SpeedPotion"},{"floor":9,"key":"sneckomod:MuddlingPotion"},{"floor":13,"key":"Slimebound:ThreeZeroPotion"},{"floor":14,"key":"SpeedPotion"},{"floor":16,"key":"AttackPotion"},{"floor":20,"key":"Weak Potion"},{"floor":23,"key":"Ancient Potion"},{"floor":23,"key":"SkillPotion"},{"floor":27,"key":"Block Potion"},{"floor":28,"key":"SpeedPotion"},{"floor":30,"key":"CultistPotion"}],"is_trial":false,"path_per_floor":["R","M","$","M","$","?","T","R","E","M","$","R","$","E","M","B",null,"R","?","M","$","T","E","T","M","?","E","M","$","M","E"],"character_chosen":"THE_SPIRIT","items_purchased":["hexamod:ExtraCrispy","hexamod:FastForward","hexamod:FourthSeal","hexamod:RecyclingMachine","Strawberry"],"campfire_rested":1,"item_purchase_floors":[3,3,11,21,29],"current_hp_per_floor":[63,63,63,63,58,43,43,43,14,7,7,28,18,18,17,28,60,60,60,55,55,55,53,53,40,25,5,5,12,12,0,0,0],"gold":224,"neow_bonus":"HUNDRED_GOLD","is_daily":false,"chose_seed":false,"campfire_upgraded":2,"win_rate":0.0,"timestamp":1613022385,"path_taken":["R","M","$","?","?","?","T","R","E","M","$","R","$","E","M","BOSS","R","?","M","$","?","E","T","M","?","E","M","?","?","E"],"items_purchased_type":["Card","Card","Card","Relic","Relic"],"build_version":"2020-12-22","purchased_purges":2,"victory":false,"max_hp_per_floor":[70,70,70,70,70,70,70,70,70,70,70,70,70,70,70,70,70,70,70,70,70,70,70,70,70,70,70,70,77,77,77,77,77],"card_choices":[{"not_picked":["hexamod:HeatMetal","hexamod:SwordOfDarkness"],"picked":"hexamod:NightmareStrike","floor":2},{"not_picked":["hexamod:FourthSeal","hexamod:NightmareGuise"],"picked":"hexamod:SearingWound","floor":3},{"not_picked":["hexamod:SoulSteal","hexamod:ChargedBarrage"],"picked":"hexamod:HauntingEcho","floor":4},{"not_picked":["hexamod:GhostLash","hexamod:SwordOfDarkness"],"picked":"hexamod:FastForward","floor":5},{"not_picked":["hexamod:FlamesFromBeyond","hexamod:NightmareGuise"],"picked":"hexamod:GhostOfSpirePast","floor":6},{"not_picked":["hexamod:GhostLash","hexamod:ThermalTransfer"],"picked":"hexamod:SpectersWail","floor":9},{"not_picked":["hexamod:DynamicBlow","hexamod:Firestarter","hexamod:SpectersWail"],"picked":"SKIP","floor":10},{"not_picked":["hexamod:GhostOfSpirePresent","hexamod:Hexaguard"],"picked":"hexamod:Incineration","floor":11},{"not_picked":["hexamod:AdvancingGuard","hexamod:SpectersWail"],"picked":"hexamod:BacktrackSmack","floor":13},{"not_picked":["hexamod:SpectersWail","hexamod:PhantomFireball"],"picked":"hexamod:BurningTouch","floor":14},{"not_picked":["hexamod:HauntingEcho","hexamod:SpectralAdrenaline"],"picked":"hexamod:GhostOfSpirePast","floor":15},{"not_picked":["hexamod:SearingWound","hexamod:ApocalypticArmor"],"picked":"hexamod:GhostOfSpirePresent","floor":16},{"not_picked":["hexamod:HeatMetal+1","hexamod:SpectersWail","hexamod:BacktrackSmack"],"picked":"SKIP","floor":20},{"not_picked":["hexamod:NightmareStrike","hexamod:BacktrackSmack"],"picked":"hexamod:ThirdSeal","floor":21},{"not_picked":["hexamod:Firestarter","hexamod:SuperheatedStrike"],"picked":"hexamod:StepThrough","floor":23},{"not_picked":["hexamod:HeatMetal","hexamod:SuperheatedStrike"],"picked":"hexamod:EtherealExpedition","floor":25},{"not_picked":["hexamod:PhantomFireball","hexamod:BurningTouch+1"],"picked":"hexamod:Again","floor":25},{"not_picked":["hexamod:SoulSteal","hexamod:SecondSeal"],"picked":"hexamod:AdvancingGuard+1","floor":27},{"not_picked":["hexamod:SwordOfDarkness","hexamod:FastForward","hexamod:SuperheatedStrike"],"picked":"SKIP","floor":27},{"not_picked":["hexamod:ExtraCrispy+1","hexamod:SwordOfDarkness+1"],"picked":"hexamod:RainOfEmbers","floor":28},{"not_picked":["hexamod:Incineration","hexamod:VolcanoVisage"],"picked":"hexamod:PhantomCloak","floor":28},{"not_picked":["hexamod:NightmareStrike","hexamod:SpectersWail+1"],"picked":"hexamod:NightmareGuise+1","floor":30}],"player_experience":1741522,"relics_obtained":[{"floor":6,"key":"Pantograph"},{"floor":7,"key":"Mummified Hand"},{"floor":9,"key":"Lantern"},{"floor":14,"key":"Slimebound:PreparedRelic"},{"floor":22,"key":"Centennial Puzzle"},{"floor":23,"key":"TungstenRod"},{"floor":26,"key":"Necronomicon"},{"floor":27,"key":"MawBank"}],"event_choices":[{"damage_healed":0,"gold_gain":0,"player_choice":"Rummage","damage_taken":0,"relics_obtained":["WarpedTongs"],"max_hp_gain":0,"max_hp_loss":0,"event_name":"Accursed Blacksmith","floor":19,"gold_loss":0,"cards_obtained":["Pain"]}],"is_beta":false,"boss_relics":[{"not_picked":["Calling Bell","Philosopher\u0027s Stone"],"picked":"expansioncontent:StudyCardRelic"}],"items_purged_floors":[3,21],"is_endless":false,"potions_floor_spawned":[4,9,14,15,16,23,25],"killed_by":"Gremlin Leader","ascension_level":8}}