{"host":"dh4nu8nelr2izibb","time":1613010428,"event":{"mods":["BaseMod","Better Skull","Better Third Choice","Card Forge","Curses Come First","Displayed Cursed Tome","HololiveMod","Marisa????????","Minty Spire (QoL Compilation)","Poor People Problems","Quick Restart","Relic Filter","Reliquary","StSLib","WarShipGirlsR/????R mod","Yakumo Yukari mod"],"gold_per_floor":[134,284,356,281,331,359,24,54,54,87,104,104,121,135,135,213,213,230,155,155,205,216,216,229,229,229,247,51,51,51,78,78,156,156,166,88,88,102,117,117,143,143,167,183,183,199,232,64,64,64,64],"floor_reached":52,"language":"ENG","playtime":2454,"items_purged":["Defend_purpleEX","AT_purpleEX"],"score":2042,"play_id":"ed225766-f182-4052-82f6-1d91fd05db22","local_time":"20210210212708","is_ascension_mode":true,"campfire_choices":[{"floor":12.0,"key":"REST"},{"floor":15.0,"key":"REST"},{"floor":23.0,"key":"REST"},{"floor":30.0,"key":"DIG"},{"floor":32.0,"key":"REST"},{"data":"WeekHit_purple","floor":40.0,"key":"SMITH"},{"floor":42.0,"key":"DIG"},{"floor":49,"key":"DIG"}],"circlet_count":0,"master_deck":["AscendersBane","AT_purpleEX","AT_purpleEX","Defend_purpleEX","Defend_purpleEX","Defend_purpleEX","Observe_purple_1","Observe_purple_2+1","ExistenceContinue_purple+1","WatchEChange_purple+1","CommonSense_AntiCommonSense_purple+1","WorldDissolvedintheRealm_purple+1","MeetDecomposer_purple","MonsterNeedle_purple+1","Worldmountain_purple","OpenedBox_purple+1","ProofOfUnderstanding_purple","WingOfChimera_purple","Charmbait_purple+1","Mirror_FourBoundary_purple","Mirror_FourBoundary_purple+1","Worldmountain_purple","LoveAcrossDimensions_purple+1","WeekHit_purple+1","Boundary_of_Extermination_purpleEX+1"],"relics":["Boundary_crack","Memoryfragments_purpleEX","Hammer of Thor","Seething Fire","Anvil of the Gods","NeowsBlessing","Bronze Scales","Vajra","Shovel","Letter Opener","reliquary:KinkedSpring","Nilry\u0027s Codex","Frozen Egg 2","MutagenicStrength","Singing Bowl","Bag of Marbles","Busted Crown","Ginger","Lantern","Boot","reliquary:RoseTintedGlasses","reliquary:Stiletto","Centennial Puzzle"],"acts_visited":["Exordium","TheCity","TheBeyond"],"potions_floor_usage":[],"damage_taken":[{"damage":0.0,"enemies":"Jaw Worm","floor":1.0,"turns":1.0},{"damage":18.0,"enemies":"Gremlin Nob","floor":6.0,"turns":1.0},{"damage":12.0,"enemies":"Lagavulin","floor":8.0,"turns":1.0},{"damage":24.0,"enemies":"Gremlin Nob","floor":10.0,"turns":4.0},{"damage":0.0,"enemies":"Small Slimes","floor":11.0,"turns":2.0},{"damage":0.0,"enemies":"Cultist","floor":13.0,"turns":1.0},{"damage":13.0,"enemies":"Exordium Thugs","floor":14.0,"turns":3.0},{"damage":1.0,"enemies":"The Guardian","floor":16.0,"turns":7.0},{"damage":7.0,"enemies":"2 Thieves","floor":18.0,"turns":3.0},{"damage":25.0,"enemies":"Shell Parasite","floor":22.0,"turns":3.0},{"damage":1.0,"enemies":"Snake Plant","floor":24.0,"turns":3.0},{"damage":5.0,"enemies":"Cultist and Chosen","floor":27.0,"turns":3.0},{"damage":15.0,"enemies":"Book of Stabbing","floor":31.0,"turns":3.0},{"damage":4.0,"enemies":"Automaton","floor":33.0,"turns":6.0},{"damage":0.0,"enemies":"3 Shapes","floor":35.0,"turns":1.0},{"damage":0.0,"enemies":"Orb Walker","floor":38.0,"turns":3.0},{"damage":0.0,"enemies":"Maw","floor":39.0,"turns":4.0},{"damage":0.0,"enemies":"Nemesis","floor":41.0,"turns":5.0},{"damage":0.0,"enemies":"Jaw Worm Horde","floor":44.0,"turns":3.0},{"damage":2,"enemies":"Writhing Mass","floor":46,"turns":3},{"damage":0,"enemies":"Giant Head","floor":47,"turns":4},{"damage":38,"enemies":"Donu and Deca","floor":50,"turns":6},{"damage":21,"enemies":"Awakened One","floor":51,"turns":9}],"seed_played":"-4513778032977154101","potions_obtained":[{"floor":6.0,"key":"Ancient Potion"},{"floor":10.0,"key":"Dexterity Potion"},{"floor":13.0,"key":"Fire Potion"},{"floor":18.0,"key":"FairyPotion"},{"floor":24.0,"key":"AttackPotion"},{"floor":31.0,"key":"Strength Potion"},{"floor":35.0,"key":"ColorlessPotion"},{"floor":39.0,"key":"Ancient Potion"}],"is_trial":false,"path_per_floor":["M","?","?","?","?","E","$","E","T","E","M","R","M","M","R","B",null,"M","$","?","?","M","R","M","?","T","M","$","?","R","E","R","B",null,"M","$","?","M","M","R","E","R","T","M","?","M","E","$","R","B","B",null],"character_chosen":"Youkari","items_purchased":["CommonSense_AntiCommonSense_purple","WorldDissolvedintheRealm_purple","MeetDecomposer_purple","Vajra","Mirror_FourBoundary_purple+1","Worldmountain_purple","WeekHit_purple","reliquary:Stiletto"],"campfire_rested":4,"item_purchase_floors":[7,7,7,7,28,28,36,48],"current_hp_per_floor":[59,59,59,59,59,41,41,29,29,5,6,25,25,14,33,33,57,53,53,32,32,10,29,31,44,44,42,42,42,42,30,50,51,63,68,68,68,71,73,73,75,75,75,77,77,77,79,79,79,41,23],"gold":64,"neow_bonus":"THREE_ENEMY_KILL","is_daily":false,"chose_seed":false,"campfire_upgraded":1,"win_rate":0.0,"timestamp":1613010428,"path_taken":["M","?","?","?","?","E","$","E","T","E","?","R","M","M","R","BOSS","M","$","?","?","M","R","M","?","T","M","$","?","R","E","R","BOSS","M","$","?","M","?","R","E","R","T","M","?","?","E","?","R","BOSS","BOSS"],"items_purchased_type":["Card","Card","Card","Relic","Card","Card","Card","Relic"],"build_version":"2020-12-22","purchased_purges":2,"victory":true,"max_hp_per_floor":[65,65,65,65,65,65,65,65,65,65,65,65,65,65,65,65,65,65,65,65,65,65,65,65,65,65,65,65,65,65,67,67,67,67,69,69,69,71,73,73,75,75,75,77,77,79,81,81,81,81,81],"card_choices":[{"not_picked":["Realm_recovery_purpleEX","Line_surface_state_purple"],"picked":"ExistenceContinue_purple","floor":1.0},{"not_picked":["Price_of_realm_purpleEX","ExistenceContinue_purple"],"picked":"WatchEChange_purple","floor":6.0},{"not_picked":["Line_surface_state_purple","WorldDissolvedintheRealm_purple"],"picked":"MonsterNeedle_purple","floor":8.0},{"not_picked":["ButterflyHabitatTemple_purple","Photoelasticity_Doppler_Effect_purple"],"picked":"Worldmountain_purple","floor":10.0},{"not_picked":["PurpleNeedle_purple","Boundary_ObjectiveBoundary_purple","AdvanceAttack_purple"],"picked":"SKIP","floor":11.0},{"not_picked":["RealityDreamConfluencek_purple","SfantasyHide_purple"],"picked":"OpenedBox_purple","floor":13.0},{"not_picked":["Photoelasticity_Doppler_Effect_purple","Worldmountain_purple","Mirror_FormAndEmptin_purple"],"picked":"SKIP","floor":14.0},{"not_picked":["Fancifulhole_purple","ContainerChange_purple"],"picked":"ProofOfUnderstanding_purple","floor":16.0},{"not_picked":["ExistenceContinue_purple","DimensionStaggered_purple"],"picked":"WingOfChimera_purple","floor":18.0},{"not_picked":["Yakumo_Ran_purple","StretchesForeverDream_purple"],"picked":"Charmbait_purple","floor":22.0},{"not_picked":["ExistenceContinue_purple","Bait_HighSpeedFlying_purple"],"picked":"Mirror_FourBoundary_purple","floor":24.0},{"not_picked":["MNeedle_purple","Yakumo_Ran_purple","StateDuplicate_purple"],"picked":"SKIP","floor":27.0},{"not_picked":["Mirror_FourBoundary_purple+1","Mirror_FormAndEmptin_purple","Realm_recovery_purpleEX"],"picked":"Singing Bowl","floor":31.0},{"not_picked":["Computing_the_future_purpleEX+1","Fancifulhole_purple"],"picked":"LoveAcrossDimensions_purple+1","floor":33.0},{"not_picked":["Line_surface_state_purple+1"],"picked":"Singing Bowl","floor":35.0},{"not_picked":["Mirror_FourBoundary_purple+1"],"picked":"Singing Bowl","floor":38.0},{"not_picked":["Realm_recovery_purpleEX"],"picked":"Singing Bowl","floor":39.0},{"not_picked":["ButterflyHabitatTemple_purple+1"],"picked":"Singing Bowl","floor":41.0},{"not_picked":["MonsterNeedle_purple"],"picked":"Singing Bowl","floor":44.0},{"not_picked":["Shallow_ocean_purpleEX"],"picked":"Singing Bowl","floor":46},{"not_picked":["Mirror_TwoAndThreeElementRealm_purple"],"picked":"Singing Bowl","floor":47}],"player_experience":1102378,"relics_obtained":[{"floor":6.0,"key":"Bronze Scales"},{"floor":8.0,"key":"Shovel"},{"floor":10.0,"key":"Letter Opener"},{"floor":26.0,"key":"Frozen Egg 2"},{"floor":30.0,"key":"Singing Bowl"},{"floor":31.0,"key":"Bag of Marbles"},{"floor":41.0,"key":"Ginger"},{"floor":42.0,"key":"Lantern"},{"floor":43.0,"key":"Boot"},{"floor":47,"key":"reliquary:RoseTintedGlasses"},{"floor":49,"key":"Centennial Puzzle"}],"event_choices":[{"damage_healed":0.0,"max_hp_gain":0.0,"max_hp_loss":0.0,"gold_gain":150.0,"event_name":"betterThird:BetterSerpent","player_choice":"AGREE","floor":2.0,"gold_loss":0.0,"damage_taken":134.0},{"damage_healed":0.0,"max_hp_gain":0.0,"max_hp_loss":0.0,"gold_gain":72.0,"event_name":"Golden Wing","player_choice":"Gained Gold","floor":3.0,"gold_loss":0.0,"damage_taken":0.0},{"cards_removed":["Doubt"],"damage_healed":0.0,"max_hp_gain":0.0,"max_hp_loss":0.0,"gold_gain":0.0,"event_name":"The Cleric","player_choice":"Card Removal","floor":4.0,"gold_loss":75.0,"damage_taken":0.0},{"damage_healed":0.0,"max_hp_gain":0.0,"max_hp_loss":0.0,"gold_gain":50.0,"event_name":"Golden Shrine","player_choice":"Pray","floor":5.0,"gold_loss":0.0,"damage_taken":0.0},{"damage_healed":0.0,"max_hp_gain":0.0,"max_hp_loss":0.0,"gold_gain":0.0,"event_name":"Cursed Tome","player_choice":"Obtained Book","floor":20.0,"gold_loss":0.0,"damage_taken":21.0},{"damage_healed":0.0,"max_hp_gain":0.0,"max_hp_loss":0.0,"gold_gain":50.0,"event_name":"betterThird:BetterNest","player_choice":"Steal","floor":21.0,"gold_loss":0.0,"damage_taken":0.0},{"damage_healed":13.0,"max_hp_gain":0.0,"max_hp_loss":0.0,"gold_gain":0.0,"event_name":"TheLibraryeventEX","player_choice":"Heal","floor":25.0,"gold_loss":0.0,"damage_taken":0.0},{"damage_healed":0.0,"max_hp_gain":0.0,"max_hp_loss":0.0,"gold_gain":0.0,"event_name":"Drug Dealer","player_choice":"Inject Mutagens","floor":29.0,"gold_loss":0.0,"damage_taken":0.0,"relics_obtained":["MutagenicStrength"]},{"damage_healed":0.0,"max_hp_gain":0.0,"max_hp_loss":0.0,"gold_gain":0.0,"cards_transformed":["AT_purpleEX"],"event_name":"Transmorgrifier","player_choice":"Transformed","floor":37.0,"gold_loss":0.0,"damage_taken":0.0,"cards_obtained":["Boundary_of_Extermination_purpleEX"]},{"damage_healed":0.0,"max_hp_gain":0.0,"max_hp_loss":0.0,"gold_gain":0.0,"event_name":"Match and Keep!","player_choice":"0 cards matched","floor":45.0,"gold_loss":0.0,"damage_taken":0.0,"cards_obtained":[]}],"is_beta":false,"boss_relics":[{"not_picked":["reliquary:WritOfMandamus","Astrolabe"],"picked":"reliquary:KinkedSpring"},{"not_picked":["Calling Bell","Hololive_Finger"],"picked":"Busted Crown"}],"items_purged_floors":[19,28],"is_endless":false,"potions_floor_spawned":[6,10,13,18,24,31,35,39,47],"ascension_level":20}}