{"host":"u3jctbsl7uavviuy","time":1613037284,"event":{"mods":["ATMod(阿瑾Mod)","Act Like it!","Arknights","BaseMod","BetterRewards","GungeonMod","HololiveMod","Luminous","Marisa（F雨　魔理沙）","Minty Spire (QoL Compilation)","Relic Stats","Replay The Spire","Shop Mod","Spicy Shops","StSLib","TestMod","The Animator","The Cursed","The Gatherer","The Servant 0.9.4","WarShipGirlsR/战舰少女R mod","篝火指南"],"gold_per_floor":[114,114,2,20,36,36,56,89,89,119,42,55,73,87,87,182,182,193,204,74,88,102,132,55,85,85,85,85],"floor_reached":27,"language":"ZHS","playtime":768,"items_purged":["ats:Strike V"],"score":584,"play_id":"5393c335-8345-45bd-a00c-cd1978ae6414","local_time":"20210211185444","is_ascension_mode":true,"campfire_choices":[{"data":"ats:Rapid Magazine","floor":6.0,"key":"SMITH"},{"floor":15.0,"key":"RECALL"}],"circlet_count":0,"master_deck":["ats:Strike C","ats:Strike G","ats:Strike S","ats:Armor Crushing Shot","ats:Defend","ats:Defend","ats:Defend","ats:Defend","ats:Emotion Absorption+1","AT_FamilyPortrait+1","ats:Song Of Battle+1","ats:Poison Spread+1","ats:Explosion Area Strengthen+1","ats:Rapid Magazine+1","ats:Soul Absorption+1","ats:Powerful Strike+1","ats:Powerful Strike+1","ats:Healing Drone+1","ats:Durian+1","ats:Sashimi Platter","ats:Explosion Area Strengthen","ats:Poison Spread","ats:Disruption Kick+1","ats:Flexible Camouflage+1","ats:Guard Mode+1","ats:Shadow Assault+1","AT_EmpoweredMortalDraw+1","ats:Neurotoxin","ats:Assault Order+1","ats:Red Shift"],"relics":["ats:Sanity","testmod-TestBox","AT_ATBox","testmod-StringDisintegrator","Membership Card","AT_SpeedBoots","Ornamental Fan","Golden Egg","Guide Book","DemoMod:MeatBun","ats:Special","Orrery","ats:Originium","Pen Nib","Toxic Egg 2","Smiling Mask","AT_MortalBlade","AT_BellowingDragoncrestRing","Replay:Baseball","ClockworkSouvenir","Hololive_LightStick","Iron Hammer"],"acts_visited":["Exordium","TheCity"],"potions_floor_usage":[],"damage_taken":[{"damage":0.0,"enemies":"Jaw Worm","floor":1.0,"turns":1.0},{"damage":0.0,"enemies":"Cultist","floor":4.0,"turns":1.0},{"damage":0.0,"enemies":"Small Slimes","floor":5.0,"turns":2.0},{"damage":0.0,"enemies":"Exordium Wildlife","floor":7.0,"turns":2.0},{"damage":0.0,"enemies":"Lagavulin","floor":8.0,"turns":3.0},{"damage":0.0,"enemies":"3 Sentries","floor":10.0,"turns":2.0},{"damage":0.0,"enemies":"Looter","floor":12.0,"turns":2.0},{"damage":0.0,"enemies":"Red Slaver","floor":13.0,"turns":2.0},{"damage":0.0,"enemies":"Exordium Wildlife","floor":14.0,"turns":2.0},{"damage":0.0,"enemies":"Slime Boss","floor":16.0,"turns":4.0},{"damage":0.0,"enemies":"Chosen","floor":18.0,"turns":2.0},{"damage":0.0,"enemies":"Spheric Guardian","floor":19.0,"turns":2.0},{"damage":0.0,"enemies":"Snecko","floor":21.0,"turns":3.0},{"damage":0.0,"enemies":"Centurion and Healer","floor":22.0,"turns":2.0},{"damage":0.0,"enemies":"Book of Stabbing","floor":23.0,"turns":3.0},{"damage":13.0,"enemies":"Gremlin Leader","floor":25.0,"turns":2.0},{"damage":19,"enemies":"Replay:Snechameleon","floor":27,"turns":2}],"seed_played":"6594018648686309771","potions_obtained":[{"floor":1.0,"key":"Adrenaline Potion"},{"floor":10.0,"key":"Explosive Potion"},{"floor":12.0,"key":"Swift Potion"},{"floor":13.0,"key":"Adrenaline Potion"},{"floor":14.0,"key":"PowerPotion"},{"floor":19.0,"key":"EntropicBrew"},{"floor":22.0,"key":"LiquidBronze"},{"floor":25.0,"key":"FearPotion"}],"is_trial":false,"path_per_floor":["M","?","$","M","M","R","M","E","T","E","$","M","M","M","R","B",null,"M","M","$","M","M","E","R","E","T","E"],"character_chosen":"DOCTOR_CLASS","items_purchased":["Membership Card","AT_SpeedBoots","ats:Song Of Battle","Ornamental Fan","Golden Egg","Guide Book","DemoMod:MeatBun","ats:Poison Spread","ats:Explosion Area Strengthen","Block Potion","ats:Special","Orrery","ats:Disruption Kick","AT_BellowingDragoncrestRing","ClockworkSouvenir"],"campfire_rested":0,"item_purchase_floors":[0,0,0,0,0,0,0,0,0,0,3,3,11,20,24],"current_hp_per_floor":[47,47,47,47,47,47,59,59,59,59,59,71,72,72,72,72,72,72,72,72,72,72,72,72,59,59,63,63],"gold":85,"neow_bonus":"","is_daily":false,"chose_seed":false,"campfire_upgraded":1,"win_rate":0.0,"timestamp":1613037284,"path_taken":["M","?","$","?","M","R","M","E","T","E","?","M","?","M","R","BOSS","M","M","$","M","M","E","R","E","T","E"],"items_purchased_type":["Relic","Relic","Card","Relic","Relic","Relic","Relic","Card","Card","Potion","Relic","Relic","Card","Relic","Relic"],"build_version":"2020-12-22","purchased_purges":1,"victory":false,"max_hp_per_floor":[72,72,72,72,72,72,72,72,72,72,72,72,72,72,72,72,72,72,72,72,72,72,72,72,72,72,72,72],"relic_stats":{"counters":[17,37],"Ornamental Fan":[24],"Pen Nib":[4],"Smiling Mask":0,"obtain_stats":[{"Golden Egg":0,"testmod-TestBox":0,"AT_ATBox":0,"Guide Book":0,"AT_MortalBlade":17,"DemoMod:GlassGuonStoneRelic":4,"Pen Nib":8,"ats:Special":3,"Smiling Mask":10,"ClockworkSouvenir":24,"AT_SpeedBoots":0,"Replay:Baseball":23,"testmod-StringDisintegrator":0,"Hololive_LightStick":25,"AT_BellowingDragoncrestRing":20,"ats:Originium":8,"Ornamental Fan":0,"DemoMod:MeatBun":0,"Orrery":3,"Iron Hammer":26,"ats:Sanity":0,"Membership Card":0,"Toxic Egg 2":9,"testmod-EnergyCheck":0},{"Golden Egg":0,"testmod-TestBox":0,"AT_ATBox":0,"Guide Book":0,"AT_MortalBlade":10,"DemoMod:GlassGuonStoneRelic":2,"Pen Nib":5,"ats:Special":1,"Smiling Mask":6,"ClockworkSouvenir":15,"AT_SpeedBoots":0,"Replay:Baseball":15,"testmod-StringDisintegrator":0,"Hololive_LightStick":16,"AT_BellowingDragoncrestRing":12,"ats:Originium":5,"Ornamental Fan":0,"DemoMod:MeatBun":0,"Orrery":1,"Iron Hammer":16,"ats:Sanity":0,"Membership Card":0,"Toxic Egg 2":5,"testmod-EnergyCheck":0},{"Golden Egg":0,"testmod-TestBox":0,"AT_ATBox":0,"Guide Book":0,"AT_MortalBlade":21,"DemoMod:GlassGuonStoneRelic":2,"Pen Nib":9,"ats:Special":1,"Smiling Mask":11,"ClockworkSouvenir":33,"AT_SpeedBoots":0,"Replay:Baseball":33,"testmod-StringDisintegrator":0,"Hololive_LightStick":35,"AT_BellowingDragoncrestRing":25,"ats:Originium":9,"Ornamental Fan":0,"DemoMod:MeatBun":0,"Orrery":1,"Iron Hammer":35,"ats:Sanity":0,"Membership Card":0,"Toxic Egg 2":9,"testmod-EnergyCheck":0}]},"card_choices":[{"not_picked":["ats:Magnetic Hammer","ats:Leaping Hammer"],"picked":"ats:Rapid Magazine","floor":1.0},{"not_picked":["ats:Steam Pump","ats:Hammer On"],"picked":"ats:Soul Absorption","floor":3.0},{"not_picked":["ats:Very Hot Blade","ats:Absolute Focus"],"picked":"ats:Powerful Strike","floor":3.0},{"not_picked":["ats:Guard Mode","ats:Leaping Hammer"],"picked":"ats:Powerful Strike","floor":3.0},{"not_picked":["ats:Counter Healing Mode","ats:Assault Order"],"picked":"ats:Healing Drone","floor":3.0},{"not_picked":["ats:Poison Spread","ats:Blood Oath"],"picked":"ats:Durian","floor":3.0},{"not_picked":["ats:Sunburst","ats:Defend Order"],"picked":"ats:Sashimi Platter","floor":4.0},{"not_picked":["ats:Cat Scratch","ats:Counter Healing Mode","ats:Revitalization"],"picked":"SKIP","floor":5.0},{"not_picked":["ats:Mental Burst","ats:Flexible Camouflage"],"picked":"ats:Explosion Area Strengthen","floor":7.0},{"not_picked":["ats:Encircling Forest","ats:Ignite","ats:Hammer On"],"picked":"SKIP","floor":8.0},{"not_picked":["ats:Hammer On","ats:Leaping Hammer"],"picked":"ats:Poison Spread","floor":10.0},{"not_picked":["ats:Ambush","ats:Poison Spread","ats:Powerful Strike"],"picked":"SKIP","floor":12.0},{"not_picked":["ats:Powerful Strike","ats:Flame Of Heaven+1"],"picked":"ats:Flexible Camouflage+1","floor":13.0},{"not_picked":["ats:Flexible Camouflage+1","ats:Explosion Area Strengthen"],"picked":"ats:Guard Mode+1","floor":14.0},{"not_picked":["ats:Roar Of Ursus","ats:Nebulous Foxfire+1"],"picked":"ats:Shadow Assault","floor":16.0},{"not_picked":["ats:Powerful Strike+1","ats:Cat Scratch+1"],"picked":"ats:Neurotoxin","floor":18.0},{"not_picked":["ats:Revitalization+1","ats:Absolute Focus+1","ats:Counter Healing Mode"],"picked":"SKIP","floor":19.0},{"not_picked":["ats:Literary Storm+1","ats:Flexible Camouflage+1","ats:Burning Ground"],"picked":"SKIP","floor":21.0},{"not_picked":["ats:Ignite","ats:Hammer On"],"picked":"ats:Assault Order+1","floor":22.0},{"not_picked":["ats:Guard Mode+1","ats:Rapid Magazine"],"picked":"ats:Red Shift","floor":23.0},{"not_picked":["ats:Red Shift","ats:Apocalypse+1","ats:Leaping Hammer"],"picked":"SKIP","floor":25.0}],"player_experience":461060,"relics_obtained":[{"floor":8.0,"key":"ats:Originium"},{"floor":8.0,"key":"Pen Nib"},{"floor":9.0,"key":"Toxic Egg 2"},{"floor":10.0,"key":"ats:Originium"},{"floor":10.0,"key":"Smiling Mask"},{"floor":23.0,"key":"ats:Originium"},{"floor":23.0,"key":"Replay:Baseball"},{"floor":25.0,"key":"ats:Originium"},{"floor":25.0,"key":"Hololive_LightStick"},{"floor":26.0,"key":"Iron Hammer"}],"event_choices":[{"damage_healed":0.0,"max_hp_gain":0.0,"max_hp_loss":0.0,"gold_gain":0.0,"event_name":"Upgrade Shrine","player_choice":"Upgraded","floor":2.0,"gold_loss":0.0,"damage_taken":0.0,"cards_upgraded":["ats:Emotion Absorption"]}],"is_beta":false,"boss_relics":[{"not_picked":["testmod-NegativeEmotionEnhancer","Replay:Ancient Bell"],"picked":"AT_MortalBlade"}],"items_purged_floors":[0],"is_endless":false,"potions_floor_spawned":[1,10,12,13,14,19,22,25],"killed_by":"Replay:Snechameleon","ascension_level":8}}