{"host":"u8f6oqzdc7r6igag","time":1613083893,"event":{"mods":["BaseMod","Minty Spire (QoL Compilation)","Relic Stats"],"gold_per_floor":[113,124,134,134,134,134,61,104,154,172,211,227,261,72,72,192,192,216,216,251,266,289,289,327,327,327,341,19,19,19,50,50,173,173,196,265,135,198,531,531,531],"floor_reached":40,"language":"ENG","playtime":1839,"items_purged":["Strike_R","Strike_R"],"score":720,"play_id":"e94be825-5fb5-4f17-b770-42c2b13c3928","local_time":"20210211165133","is_ascension_mode":true,"campfire_choices":[{"data":"Inflame","floor":6.0,"key":"SMITH"},{"floor":15.0,"key":"REST"},{"floor":23.0,"key":"REST"},{"data":"Fiend Fire","floor":25.0,"key":"SMITH"},{"data":"Power Through","floor":30.0,"key":"SMITH"},{"data":"Flame Barrier","floor":32.0,"key":"SMITH"}],"circlet_count":0,"master_deck":["Strike_R","Strike_R","Defend_R","Defend_R","Defend_R","Bash","Inflame+1","Power Through","Injury","Evolve","Bludgeon","Power Through","Thunderclap","Flame Barrier+1","Offering","Pommel Strike","Battle Trance","Fiend Fire+1","Power Through+1","Feel No Pain+1","Feel No Pain+1","Exhume","Shrug It Off","Battle Trance","Fire Breathing+1","True Grit","Exhume","Seeing Red+1","True Grit","Power Through"],"relics":["Mark of Pain","Smiling Mask","Dream Catcher","Pen Nib","The Courier","Sozu","Paper Frog","Red Mask","Happy Flower","Bottled Flame","Lee\u0027s Waffle","Vajra","Art of War","Empty Cage","Turnip","Prayer Wheel"],"acts_visited":["Exordium","TheCity","TheBeyond"],"potions_floor_usage":[],"damage_taken":[{"damage":0.0,"enemies":"Small Slimes","floor":1.0,"turns":2.0},{"damage":2.0,"enemies":"Jaw Worm","floor":2.0,"turns":3.0},{"damage":5.0,"enemies":"2 Louse","floor":3.0,"turns":3.0},{"damage":25.0,"enemies":"Lagavulin","floor":8.0,"turns":6.0},{"damage":8.0,"enemies":"Blue Slaver","floor":10.0,"turns":4.0},{"damage":15.0,"enemies":"3 Sentries","floor":11.0,"turns":7.0},{"damage":0.0,"enemies":"Exordium Thugs","floor":12.0,"turns":3.0},{"damage":3.0,"enemies":"Gremlin Nob","floor":13.0,"turns":3.0},{"damage":6.0,"enemies":"Slime Boss","floor":16.0,"turns":5.0},{"damage":8.0,"enemies":"Shell Parasite","floor":18.0,"turns":4.0},{"damage":0.0,"enemies":"Masked Bandits","floor":20.0,"turns":2.0},{"damage":12.0,"enemies":"3 Byrds","floor":21.0,"turns":5.0},{"damage":20.0,"enemies":"Snake Plant","floor":22.0,"turns":4.0},{"damage":14.0,"enemies":"Book of Stabbing","floor":24.0,"turns":4.0},{"damage":0.0,"enemies":"Cultist and Chosen","floor":27.0,"turns":5.0},{"damage":8.0,"enemies":"Slavers","floor":31.0,"turns":5.0},{"damage":34.0,"enemies":"Automaton","floor":33.0,"turns":9.0},{"damage":0.0,"enemies":"3 Shapes","floor":35.0,"turns":5.0},{"damage":46.0,"enemies":"2 Orb Walkers","floor":36.0,"turns":7.0},{"damage":2.0,"enemies":"Mind Bloom Boss Battle","floor":38.0,"turns":8.0},{"damage":57,"enemies":"Giant Head","floor":40,"turns":7}],"seed_played":"8577760011274196576","potions_obtained":[{"floor":3.0,"key":"LiquidMemories"},{"floor":8.0,"key":"SkillPotion"},{"floor":11.0,"key":"SteroidPotion"},{"floor":13.0,"key":"Explosive Potion"}],"is_trial":false,"path_per_floor":["M","M","M","?","?","R","$","E","T","M","E","M","E","$","R","B",null,"M","?","?","M","M","R","E","R","T","M","$","?","R","E","R","B",null,"M","?","$","?","?","E"],"character_chosen":"IRONCLAD","items_purchased":["Evolve","Offering","Pommel Strike","Fire Breathing","Lee\u0027s Waffle","Vajra","True Grit","True Grit","Power Through"],"campfire_rested":2,"item_purchase_floors":[7,14,14,28,28,28,28,37,37],"current_hp_per_floor":[72,70,65,70,70,70,70,45,45,37,22,22,19,19,44,38,73,65,65,65,53,33,58,44,44,44,44,92,92,92,84,84,50,82,82,36,36,34,34,0,0],"gold":531,"neow_bonus":"BOSS_RELIC","is_daily":false,"chose_seed":false,"campfire_upgraded":4,"win_rate":0.0,"timestamp":1613083893,"path_taken":["M","M","M","?","?","R","?","E","T","M","E","M","E","$","R","BOSS","M","?","?","M","M","R","E","R","T","?","$","?","R","E","R","BOSS","M","?","$","?","?","E"],"items_purchased_type":["Card","Card","Card","Card","Relic","Relic","Card","Card","Card"],"build_version":"2020-12-22","purchased_purges":2,"victory":false,"max_hp_per_floor":[80,80,80,85,85,85,85,85,85,85,85,85,85,85,85,85,85,85,85,85,85,85,85,85,85,85,85,92,92,92,92,92,92,92,92,92,92,92,92,92,92],"relic_stats":{"Sozu":3,"Dream Catcher":2,"Lee\u0027s Waffle":48,"Happy Flower":[15],"counters":[21,101],"Prayer Wheel":0,"Pen Nib":[10],"Turnip":[0],"Art of War":[6],"Smiling Mask":40,"obtain_stats":[{"Lee\u0027s Waffle":28,"Happy Flower":24,"Golden Idol":5,"Vajra":28,"Pen Nib":11,"The Courier":13,"Smiling Mask":8,"Empty Cage":34,"Burning Blood":0,"Sozu":17,"Dream Catcher":9,"Bottled Flame":26,"Prayer Wheel":38,"Mark of Pain":0,"Turnip":36,"Red Mask":20,"Art of War":31,"Paper Frog":19},{"Lee\u0027s Waffle":15,"Happy Flower":14,"Golden Idol":3,"Vajra":15,"Pen Nib":6,"The Courier":8,"Smiling Mask":4,"Empty Cage":17,"Burning Blood":0,"Sozu":9,"Dream Catcher":4,"Bottled Flame":14,"Prayer Wheel":20,"Mark of Pain":0,"Turnip":19,"Red Mask":11,"Art of War":16,"Paper Frog":10},{"Lee\u0027s Waffle":60,"Happy Flower":55,"Golden Idol":8,"Vajra":60,"Pen Nib":25,"The Courier":31,"Smiling Mask":14,"Empty Cage":74,"Burning Blood":0,"Sozu":36,"Dream Catcher":14,"Bottled Flame":55,"Prayer Wheel":94,"Mark of Pain":0,"Turnip":86,"Red Mask":42,"Art of War":65,"Paper Frog":40}]},"card_choices":[{"not_picked":["Iron Wave","Havoc"],"picked":"Inflame","floor":1.0},{"not_picked":["Inflame","Flex"],"picked":"Power Through","floor":2.0},{"not_picked":["Rupture","Anger","Combust"],"picked":"SKIP","floor":3.0},{"not_picked":["Anger","Warcry"],"picked":"Bludgeon","floor":8.0},{"not_picked":["Flex","Feel No Pain"],"picked":"Power Through","floor":10.0},{"not_picked":["Rupture","Intimidate"],"picked":"Thunderclap","floor":11.0},{"not_picked":["Dark Embrace","Warcry","Sentinel"],"picked":"SKIP","floor":12.0},{"not_picked":["Headbutt","Inflame"],"picked":"Flame Barrier","floor":13.0},{"not_picked":["Uppercut","Shrug It Off"],"picked":"Battle Trance","floor":15.0},{"not_picked":["Double Tap","Limit Break"],"picked":"Fiend Fire","floor":16.0},{"not_picked":["Cleave+1","Blood for Blood","Disarm+1"],"picked":"SKIP","floor":18.0},{"not_picked":["Searing Blow+1","Dark Embrace"],"picked":"Power Through","floor":20.0},{"not_picked":["Iron Wave","Thunderclap"],"picked":"Feel No Pain+1","floor":21.0},{"not_picked":["Warcry","Twin Strike"],"picked":"Feel No Pain+1","floor":22.0},{"not_picked":["Flex","True Grit"],"picked":"Exhume","floor":23.0},{"not_picked":["Sword Boomerang+1","Pommel Strike+1"],"picked":"Shrug It Off","floor":24.0},{"not_picked":["Body Slam","Carnage+1"],"picked":"Battle Trance","floor":27.0},{"not_picked":["Anger","Heavy Blade+1","Body Slam"],"picked":"SKIP","floor":31.0},{"not_picked":["Corruption","Bludgeon"],"picked":"Exhume","floor":33.0},{"not_picked":["Sword Boomerang","Clash","Perfected Strike"],"picked":"SKIP","floor":35.0},{"not_picked":["Ghostly Armor","Searing Blow+1"],"picked":"Seeing Red+1","floor":36.0}],"player_experience":146510,"relics_obtained":[{"floor":8.0,"key":"Smiling Mask"},{"floor":9.0,"key":"Dream Catcher"},{"floor":11.0,"key":"Pen Nib"},{"floor":13.0,"key":"The Courier"},{"floor":20.0,"key":"Red Mask"},{"floor":24.0,"key":"Happy Flower"},{"floor":26.0,"key":"Bottled Flame"},{"floor":31.0,"key":"Art of War"},{"floor":36.0,"key":"Turnip"},{"floor":38.0,"key":"Prayer Wheel"}],"event_choices":[{"damage_healed":0.0,"max_hp_gain":5.0,"max_hp_loss":0.0,"gold_gain":0.0,"event_name":"Big Fish","player_choice":"Donut","floor":4.0,"gold_loss":0.0,"damage_taken":0.0},{"damage_healed":0.0,"max_hp_gain":0.0,"max_hp_loss":0.0,"gold_gain":0.0,"event_name":"Golden Idol","player_choice":"Take Wound","floor":5.0,"gold_loss":0.0,"damage_taken":0.0,"relics_obtained":["Golden Idol"],"cards_obtained":["Injury"]},{"damage_healed":0.0,"max_hp_gain":0.0,"max_hp_loss":0.0,"gold_gain":0.0,"event_name":"The Mausoleum","player_choice":"Opened","floor":19.0,"gold_loss":0.0,"damage_taken":0.0,"relics_obtained":["Paper Frog"]},{"damage_healed":0.0,"max_hp_gain":0.0,"max_hp_loss":0.0,"gold_gain":0.0,"event_name":"Masked Bandits","player_choice":"Fought Bandits","floor":20.0,"gold_loss":0.0,"damage_taken":0.0},{"damage_healed":0.0,"max_hp_gain":0.0,"max_hp_loss":0.0,"gold_gain":0.0,"event_name":"Accursed Blacksmith","player_choice":"Forge","floor":29.0,"gold_loss":0.0,"damage_taken":0.0,"cards_upgraded":["Fire Breathing"]},{"damage_healed":0.0,"max_hp_gain":0.0,"max_hp_loss":0.0,"gold_gain":0.0,"event_name":"Mysterious Sphere","player_choice":"Fight","floor":36.0,"gold_loss":0.0,"damage_taken":0.0},{"damage_healed":0.0,"max_hp_gain":0.0,"max_hp_loss":0.0,"gold_gain":0.0,"event_name":"MindBloom","player_choice":"Fight","floor":38.0,"gold_loss":0.0,"damage_taken":0.0},{"damage_healed":0.0,"max_hp_gain":0.0,"max_hp_loss":0.0,"gold_gain":333.0,"event_name":"The Moai Head","player_choice":"Gave Idol","floor":39.0,"relics_lost":["Golden Idol"],"gold_loss":0.0,"damage_taken":0.0}],"is_beta":false,"boss_relics":[{"not_picked":["Velvet Choker","Tiny House"],"picked":"Sozu"},{"not_picked":["Calling Bell","Busted Crown"],"picked":"Empty Cage"}],"items_purged_floors":[14,37],"is_endless":false,"potions_floor_spawned":[3,8,11,13,20,21,27],"killed_by":"Giant Head","ascension_level":6}}