{"host":"k188wynix619km1z","time":1613006650,"event":{"mods":["2.2 Compatiblity","BaseMod","Colored Map","Conspire","Downfall","Hubris","Infinite Spire","Minty Spire (QoL Compilation)","StSLib","The Marked"],"gold_per_floor":[110,123,198,215,165,165,165,115,115,130,90,90,12,12,12,145,145,184,184,34,34,50,50,71,100,100,100,100,114,114,114,114],"floor_reached":31,"language":"ENG","playtime":1584,"items_purged":["Shame"],"score":223,"play_id":"267315de-7dcc-4d9d-84de-76fc9d739d54","local_time":"20210210192410","is_ascension_mode":false,"campfire_choices":[{"floor":6,"key":"REST"},{"data":"theMarked:ComboAttacks","floor":12,"key":"SMITH"},{"data":"theMarked:OneWithTheBlade","floor":15,"key":"SMITH"},{"floor":23,"key":"REST"},{"floor":28,"key":"REST"},{"floor":30,"key":"REST"}],"circlet_count":0,"master_deck":["theMarked:Strike","theMarked:Strike","theMarked:Strike","theMarked:Strike","theMarked:Strike","theMarked:Defend","theMarked:Defend","theMarked:Defend","theMarked:Defend","theMarked:SoldierOfQuellstein","theMarked:EmpowerWeapon","theMarked:OneWithTheBlade+1","theMarked:ContemptForTheProud","conspire:SpireCoStock","theMarked:EmpowerWeapon","theMarked:ComboAttacks+1","theMarked:Pokerface","theMarked:EternalStudent","theMarked:ChainLightning+1","theMarked:RogueSparks","theMarked:OneWithTheBlade+1","theMarked:ChainLightning","theMarked:SwordAndMagic","theMarked:Aftermath"],"relics":["theMarked:BronzeBlade","NeowsBlessing","Golden Idol","Pear","infinitespire:CheckeredPen","hubris:TenFootPole","MutagenicStrength","Bottled Lightning"],"acts_visited":["Exordium","TheCity"],"potions_floor_usage":[16,31,31],"damage_taken":[{"damage":0,"enemies":"infinitespire:Voidling","floor":1,"turns":1},{"damage":0,"enemies":"Small Slimes","floor":2,"turns":1},{"damage":0,"enemies":"Cultist","floor":4,"turns":1},{"damage":10,"enemies":"Looter","floor":10,"turns":3},{"damage":40,"enemies":"Hexaghost","floor":16,"turns":9},{"damage":21,"enemies":"2 Thieves","floor":18,"turns":3},{"damage":26,"enemies":"conspire:FuzzyDice","floor":22,"turns":4},{"damage":16,"enemies":"Snake Plant","floor":24,"turns":2},{"damage":38,"enemies":"conspire:HollyBat","floor":25,"turns":7},{"damage":19,"enemies":"Shelled Parasite and Fungi","floor":29,"turns":4},{"damage":32,"enemies":"conspire:SneckoGhost","floor":31,"turns":4}],"seed_played":"5871726907892587314","potions_obtained":[{"floor":4,"key":"LiquidBronze"},{"floor":18,"key":"bronze:BurnAndBuffPotion"},{"floor":29,"key":"Swift Potion"}],"is_trial":false,"path_per_floor":["M","M","?","M","?","R","?","?","T","M","$","R","$","T","R","B",null,"M","?","$","?","M","R","M","M","T","?","R","M","R","E"],"character_chosen":"THE_DEFAULT","items_purchased":["theMarked:ComboAttacks","theMarked:Pokerface","theMarked:RogueSparks"],"campfire_rested":4,"item_purchase_floors":[11,13,20],"current_hp_per_floor":[70,70,63,63,63,70,70,70,80,70,70,70,70,70,70,30,80,59,59,59,59,33,57,41,3,3,3,27,8,32,0,0],"gold":114,"neow_bonus":"THREE_ENEMY_KILL","is_daily":false,"chose_seed":false,"campfire_upgraded":2,"win_rate":0.0,"timestamp":1613006650,"path_taken":["M","?","?","?","?","R","?","?","T","M","$","R","?","?","R","BOSS","M","?","$","?","M","R","M","M","T","?","R","M","R","E"],"items_purchased_type":["Card","Card","Card"],"build_version":"2020-12-22","purchased_purges":1,"victory":false,"max_hp_per_floor":[70,70,70,70,70,70,70,70,80,80,80,80,80,80,80,80,80,80,80,80,80,80,80,80,80,80,80,80,80,80,80,80],"card_choices":[{"not_picked":["theMarked:TunnelVision","theMarked:ResourceFulStrike"],"picked":"theMarked:EmpowerWeapon","floor":1},{"not_picked":["theMarked:ElectricStrings","theMarked:Parry"],"picked":"theMarked:OneWithTheBlade","floor":2},{"not_picked":["theMarked:Improvise","theMarked:HeightenedSenses"],"picked":"theMarked:ContemptForTheProud","floor":4},{"not_picked":["theMarked:TwofoldDefense","theMarked:BanishingStrike"],"picked":"theMarked:EmpowerWeapon","floor":10},{"not_picked":["theMarked:BindingBlade","theMarked:TakeOffHeels"],"picked":"theMarked:EternalStudent","floor":16},{"not_picked":["theMarked:ElectricStrings+1","theMarked:Convert"],"picked":"theMarked:ChainLightning+1","floor":18},{"not_picked":["theMarked:ComboAttacks","theMarked:TwofoldDefense"],"picked":"theMarked:OneWithTheBlade+1","floor":22},{"not_picked":["theMarked:Convert+1","theMarked:Parkour"],"picked":"theMarked:ChainLightning","floor":24},{"not_picked":["theMarked:Frustration+1","theMarked:Overcharge"],"picked":"theMarked:SwordAndMagic","floor":25},{"not_picked":["theMarked:TunnelVision+1","theMarked:BanishingStrike"],"picked":"theMarked:Aftermath","floor":29}],"player_experience":492579,"relics_obtained":[{"floor":9,"key":"Pear"},{"floor":14,"key":"infinitespire:CheckeredPen"},{"floor":26,"key":"Bottled Lightning"}],"event_choices":[{"damage_healed":0,"gold_gain":75,"player_choice":"Touch","damage_taken":7,"max_hp_gain":0,"max_hp_loss":0,"event_name":"FaceTrader","floor":3,"gold_loss":0},{"damage_healed":0,"gold_gain":0,"player_choice":"Invest 1","damage_taken":0,"max_hp_gain":0,"max_hp_loss":0,"event_name":"conspire:Investor","floor":5,"gold_loss":0},{"damage_healed":0,"gold_gain":0,"player_choice":"Take Wound","damage_taken":0,"relics_obtained":["Golden Idol"],"max_hp_gain":0,"max_hp_loss":0,"event_name":"Golden Idol","floor":7,"gold_loss":0,"cards_obtained":["Injury"]},{"cards_removed":["Injury"],"damage_healed":0,"gold_gain":0,"player_choice":"Card Removal","damage_taken":0,"max_hp_gain":0,"max_hp_loss":0,"event_name":"The Cleric","floor":8,"gold_loss":50},{"damage_healed":0,"gold_gain":0,"player_choice":"Stole Relic","damage_taken":0,"relics_obtained":["hubris:TenFootPole"],"max_hp_gain":0,"max_hp_loss":0,"event_name":"Addict","floor":19,"gold_loss":0,"cards_obtained":["Shame"]},{"damage_healed":0,"gold_gain":0,"player_choice":"Inject Mutagens","damage_taken":0,"relics_obtained":["MutagenicStrength"],"max_hp_gain":0,"max_hp_loss":0,"event_name":"Drug Dealer","floor":21,"gold_loss":0},{"damage_healed":0,"gold_gain":0,"player_choice":"Ignored","damage_taken":0,"max_hp_gain":0,"max_hp_loss":0,"event_name":"NoteForYourself","floor":27,"gold_loss":0}],"is_beta":false,"boss_relics":[{"not_picked":["hubris:CrackedHourglass","Black Star"],"picked":"theMarked:BronzeBlade"}],"items_purged_floors":[20],"is_endless":false,"potions_floor_spawned":[4,18,29],"killed_by":"conspire:SneckoGhost","ascension_level":0}}