{"host":"jgqxb38yl0c1w101","time":1613003684,"event":{"mods":["2.2 Compatiblity","AchievementEnabler","BaseMod","Colored Map","Downfall","Highlight Path","Hubris","Minty Spire (QoL Compilation)","Monster B Gone","Random Character Button","Relic Stats","Replay The Spire","StSLib"],"gold_per_floor":[0,12,27,40,40,69,69,85,185,202,220,120,120,120,138,233,233,233,233],"floor_reached":17,"language":"ENG","playtime":883,"items_purged":[],"score":167,"play_id":"cac6549b-0eac-47dc-a622-c0edbd4fb269","local_time":"20210210193444","is_ascension_mode":true,"campfire_choices":[{"floor":1,"key":"DIG"},{"floor":12,"key":"REST"}],"circlet_count":0,"master_deck":["Gremlin:Strike","Gremlin:Strike","Gremlin:Strike","Gremlin:Strike","Gremlin:Defend","Gremlin:Defend","Gremlin:Defend","Gremlin:Defend","Gremlin:TagTeam","Gremlin:GremlinDance","Gremlin:GremlinArms","Gremlin:Patsy","Gremlin:PinNeedle","Pain","Gremlin:GremlinMeal+1","Gremlin:ProperTools","Gremlin:TwistTheKnife","Gremlin:Rhythm","Gremlin:ShadowShiv","Gremlin:FlipOut"],"relics":["Gremlin:GremlinKnob","Unceasing Top","Replay:Kaleidoscope","WarpedTongs","ReplayFunnel","downfall:HeartBlessingBlue","ChewingGum"],"acts_visited":["Exordium","TheCity"],"potions_floor_usage":[],"damage_taken":[{"damage":0,"enemies":"2 Louse","floor":2,"turns":2},{"damage":0,"enemies":"Cultist","floor":3,"turns":3},{"damage":0,"enemies":"Jaw Worm","floor":4,"turns":2},{"damage":33,"enemies":"3 Sentries","floor":6,"turns":7},{"damage":5,"enemies":"Red Slaver","floor":8,"turns":3},{"damage":8,"enemies":"Blue Slaver","floor":10,"turns":2},{"damage":0,"enemies":"2 Fungi Beasts","floor":11,"turns":2},{"damage":8,"enemies":"Lots of Slimes","floor":15,"turns":2},{"damage":93,"enemies":"SI_SHIV_ARCHETYPE","floor":16,"turns":8}],"seed_played":"8500266298091810287","potions_obtained":[{"floor":2,"key":"Swift Potion"},{"floor":10,"key":"SkillPotion"},{"floor":11,"key":"BlessingOfTheForge"}],"is_trial":false,"path_per_floor":["R_BF","M","M","M","?","E","T","M","?","M","M","R","?","?","M","B",null],"character_chosen":"GREMLIN","items_purchased":[],"campfire_rested":1,"item_purchase_floors":[],"current_hp_per_floor":[20,20,20,20,20,10,10,9,9,15,12,20,21,21,3,9,23,23,23],"gold":233,"neow_bonus":"ONE_RARE_RELIC","is_daily":false,"chose_seed":false,"campfire_upgraded":0,"win_rate":0.0,"timestamp":1613003684,"path_taken":["R_BF","M","M","M","?","E","T","?","?","?","M","R","?","?","M","BOSS"],"items_purchased_type":[],"build_version":"2020-12-22","purchased_purges":0,"victory":false,"max_hp_per_floor":[20,20,20,20,20,20,20,20,20,20,20,22,23,23,23,23,23,23,23],"relic_stats":{"counters":[9,31],"obtain_stats":[{"ReplayFunnel":6,"downfall:HeartBlessingBlue":12,"Gremlin:GremlinKnob":0,"ChewingGum":17,"Replay:Kaleidoscope":1,"Unceasing Top":0,"WarpedTongs":5},{"ReplayFunnel":4,"downfall:HeartBlessingBlue":7,"Gremlin:GremlinKnob":0,"ChewingGum":9,"Replay:Kaleidoscope":0,"Unceasing Top":0,"WarpedTongs":3},{"ReplayFunnel":14,"downfall:HeartBlessingBlue":21,"Gremlin:GremlinKnob":0,"ChewingGum":31,"Replay:Kaleidoscope":0,"Unceasing Top":0,"WarpedTongs":7}],"Unceasing Top":[3],"WarpedTongs":[24]},"card_choices":[{"not_picked":["Gremlin:FollowThrough","Gremlin:Tricksy"],"picked":"Gremlin:GremlinArms","floor":2},{"not_picked":["Gremlin:SharpenBlades","Gremlin:Tadah"],"picked":"Gremlin:Patsy","floor":3},{"not_picked":["Gremlin:TargetWeakness","Gremlin:Stupend"],"picked":"Gremlin:PinNeedle","floor":4},{"not_picked":["Gremlin:Glimmer","Gremlin:BurlyBlow"],"picked":"Gremlin:GremlinMeal","floor":6},{"not_picked":["Gremlin:ToeStub","Gremlin:GremlinMeal"],"picked":"Gremlin:ProperTools","floor":8},{"not_picked":["Gremlin:Stupend","Gremlin:Glimmer"],"picked":"Gremlin:TwistTheKnife","floor":10},{"not_picked":["Gremlin:SharpenBlades","Gremlin:Pretaliation"],"picked":"Gremlin:Rhythm","floor":11},{"not_picked":["Gremlin:GremlinToss","Gremlin:AggressiveDefense"],"picked":"Gremlin:ShadowShiv","floor":15},{"not_picked":["Gremlin:BrokenShin","Gremlin:Encore"],"picked":"Gremlin:FlipOut","floor":16}],"player_experience":193733,"relics_obtained":[{"floor":1,"key":"Replay:Kaleidoscope"},{"floor":6,"key":"ReplayFunnel"}],"event_choices":[{"damage_healed":0,"gold_gain":0,"player_choice":"Rummage","damage_taken":0,"relics_obtained":["WarpedTongs"],"max_hp_gain":0,"max_hp_loss":0,"event_name":"Accursed Blacksmith","floor":5,"gold_loss":0,"cards_obtained":["Pain"]},{"damage_healed":0,"gold_gain":0,"player_choice":"Donut","damage_taken":0,"max_hp_gain":5,"max_hp_loss":0,"event_name":"Big Fish","floor":13,"gold_loss":0}],"is_beta":false,"boss_relics":[{"not_picked":["bronze:MakeshiftBattery","Cursed Key"],"picked":"ChewingGum"}],"items_purged_floors":[],"is_endless":false,"potions_floor_spawned":[2,10,11,16],"ascension_level":1}}