{"host":"3d7yvplr5ovcyppx","time":1613048314,"event":{"mods":["AchievementEnabler","BaseMod","Hermit","Jorbs\u0027s Wanderer Trilogy","Minty Spire (QoL Compilation)","Quick Restart","Somnambulant","StSLib","The Cursed","The Disciple","The Servant 0.9.4"],"gold_per_floor":[113,113,188,188,202,202,236,236,236,271,283,295,333,355,367,483,495,518,550,581,593,620,646,658,684,720,758,770,782,794,840,852,864,864],"floor_reached":33,"language":"ENG","playtime":1921,"items_purged":[],"score":317,"play_id":"582d49fd-c4b1-4a3c-a7c6-aebfdfa553ed","local_time":"20210211182834","is_ascension_mode":true,"campfire_choices":[{"data":"Zap","floor":6,"key":"SMITH"},{"floor":8,"key":"REST"},{"data":"Defragment","floor":11,"key":"SMITH"},{"floor":15,"key":"REST"},{"floor":24,"key":"REST"},{"floor":32,"key":"REST"}],"circlet_count":0,"master_deck":["Strike_B","Strike_B","Strike_B","Strike_B","Defend_B","Defend_B","Defend_B","Defend_B","Zap+1","Dualcast","Tempest","Fusion","Lockon","Streamline","Defragment+1","Compile Driver","Redo","Scrape","Fission","Stack","Static Discharge+1","Tempest","Writhe","Undo+1","Fission","Hologram","Tempest+1","Echo Form","Loop","White Noise"],"relics":["Cracked Core","WarpedTongs","Dream Catcher","Boot","MawBank","Spirit Poop","Bronze Scales","Runic Pyramid","Mercury Hourglass","Juzu Bracelet","Nloth\u0027s Gift","MutagenicStrength","Lantern"],"acts_visited":["Exordium","TheCity"],"potions_floor_usage":[10,18,18,22,23,25,27],"damage_taken":[{"damage":3,"enemies":"2 Louse","floor":1,"turns":3},{"damage":5,"enemies":"Small Slimes","floor":5,"turns":3},{"damage":36,"enemies":"Lagavulin","floor":7,"turns":7},{"damage":17,"enemies":"Gremlin Nob","floor":10,"turns":4},{"damage":21,"enemies":"Lagavulin","floor":13,"turns":4},{"damage":0,"enemies":"Cultist","floor":14,"turns":2},{"damage":17,"enemies":"The Guardian","floor":16,"turns":7},{"damage":25,"enemies":"2 Thieves","floor":18,"turns":5},{"damage":0,"enemies":"Shell Parasite","floor":19,"turns":3},{"damage":10,"enemies":"3 Cultists","floor":20,"turns":4},{"damage":38,"enemies":"Shelled Parasite and Fungi","floor":22,"turns":4},{"damage":7,"enemies":"Centurion and Healer","floor":23,"turns":4},{"damage":0,"enemies":"Snake Plant","floor":25,"turns":3},{"damage":25,"enemies":"Book of Stabbing","floor":27,"turns":5},{"damage":14,"enemies":"Gremlin Leader","floor":31,"turns":5},{"damage":86,"enemies":"Automaton","floor":33,"turns":6}],"seed_played":"6957307238422433089","potions_obtained":[{"floor":5,"key":"Swift Potion"},{"floor":10,"key":"Swift Potion"},{"floor":16,"key":"FearPotion"},{"floor":19,"key":"Energy Potion"},{"floor":22,"key":"DuplicationPotion"},{"floor":23,"key":"EssenceOfSteel"},{"floor":25,"key":"SkillPotion"}],"is_trial":false,"path_per_floor":["M","?","?","?","M","R","E","R","T","E","R","?","E","M","R","B",null,"M","M","M","?","M","M","R","M","T","E","?","?","?","E","R","B"],"character_chosen":"DEFECT","items_purchased":[],"campfire_rested":4,"item_purchase_floors":[],"current_hp_per_floor":[79,79,68,68,63,63,27,51,51,34,34,34,13,13,37,20,82,57,57,47,47,9,2,26,26,26,1,1,1,28,14,38,0,0],"gold":864,"neow_bonus":"TEN_PERCENT_HP_BONUS","is_daily":false,"chose_seed":false,"campfire_upgraded":2,"win_rate":0.0,"timestamp":1613048314,"path_taken":["M","?","?","?","?","R","E","R","T","E","R","?","E","M","R","BOSS","M","M","M","?","M","M","R","M","T","E","?","?","?","E","R","BOSS"],"items_purchased_type":[],"build_version":"2020-12-22","purchased_purges":0,"victory":false,"max_hp_per_floor":[82,82,82,82,82,82,82,82,82,82,82,82,82,82,82,82,82,82,82,82,82,82,82,82,82,82,82,82,82,82,82,82,82,82],"card_choices":[{"not_picked":["Conserve Battery","Rebound"],"picked":"Tempest","floor":1},{"not_picked":["Steam","Go for the Eyes"],"picked":"Fusion","floor":5},{"not_picked":["Biased Cognition","Double Energy"],"picked":"Lockon","floor":7},{"not_picked":["Hologram","Beam Cell"],"picked":"Streamline","floor":8},{"not_picked":["White Noise","Blizzard"],"picked":"Defragment","floor":10},{"not_picked":["Rip and Tear","Stack"],"picked":"Compile Driver","floor":13},{"not_picked":["Steam Power","Rebound"],"picked":"Redo","floor":14},{"not_picked":["Steam","Leap"],"picked":"Scrape","floor":15},{"not_picked":["Machine Learning","Seek"],"picked":"Fission","floor":16},{"not_picked":["Turbo+1","Cold Snap"],"picked":"Stack","floor":18},{"not_picked":["Doom and Gloom","Streamline"],"picked":"Static Discharge+1","floor":19},{"not_picked":["Recycle+1","Melter+1"],"picked":"Tempest","floor":20},{"not_picked":["Cold Snap","FTL"],"picked":"Undo+1","floor":22},{"not_picked":["Force Field","Go for the Eyes"],"picked":"Fission","floor":23},{"not_picked":["Blizzard","Compile Driver"],"picked":"Hologram","floor":24},{"not_picked":["Redo","Sweeping Beam"],"picked":"Tempest+1","floor":25},{"not_picked":["White Noise","Hello World"],"picked":"Echo Form","floor":27},{"not_picked":["Hologram+1","Chaos"],"picked":"Loop","floor":31},{"not_picked":["Beam Cell","Steam Power"],"picked":"White Noise","floor":32}],"player_experience":12422,"relics_obtained":[{"floor":7,"key":"Dream Catcher"},{"floor":9,"key":"Boot"},{"floor":10,"key":"MawBank"},{"floor":13,"key":"Bronze Scales"},{"floor":26,"key":"Oddly Smooth Stone"},{"floor":27,"key":"Juzu Bracelet"},{"floor":31,"key":"Lantern"}],"event_choices":[{"damage_healed":0,"gold_gain":0,"player_choice":"Leave","damage_taken":0,"max_hp_gain":0,"max_hp_loss":0,"event_name":"The Cleric","floor":2,"gold_loss":0},{"damage_healed":0,"gold_gain":75,"player_choice":"Gather Gold","damage_taken":11,"max_hp_gain":0,"max_hp_loss":0,"event_name":"World of Goop","floor":3,"gold_loss":0},{"damage_healed":0,"gold_gain":0,"player_choice":"Rummage","damage_taken":0,"relics_obtained":["WarpedTongs"],"max_hp_gain":0,"max_hp_loss":0,"event_name":"Accursed Blacksmith","floor":4,"gold_loss":0,"cards_obtained":["Pain"]},{"cards_removed":["Pain"],"damage_healed":0,"gold_gain":0,"player_choice":"Offered Curse","damage_taken":0,"relics_obtained":["Spirit Poop"],"max_hp_gain":0,"max_hp_loss":0,"event_name":"Bonfire Elementals","floor":12,"gold_loss":0},{"damage_healed":0,"gold_gain":0,"player_choice":"Opened","damage_taken":0,"relics_obtained":["Mercury Hourglass"],"max_hp_gain":0,"max_hp_loss":0,"event_name":"The Mausoleum","floor":21,"gold_loss":0,"cards_obtained":["Writhe"]},{"damage_healed":0,"gold_gain":0,"player_choice":"Traded Relic","damage_taken":0,"relics_obtained":["Nloth\u0027s Gift"],"max_hp_gain":0,"max_hp_loss":0,"event_name":"N\u0027loth","floor":28,"relics_lost":["Oddly Smooth Stone"],"gold_loss":0},{"damage_healed":0,"gold_gain":0,"player_choice":"Inject Mutagens","damage_taken":0,"relics_obtained":["MutagenicStrength"],"max_hp_gain":0,"max_hp_loss":0,"event_name":"Drug Dealer","floor":29,"gold_loss":0},{"damage_healed":27,"gold_gain":0,"player_choice":"Heal","damage_taken":0,"max_hp_gain":0,"max_hp_loss":0,"event_name":"The Library","floor":30,"gold_loss":0}],"is_beta":false,"boss_relics":[{"not_picked":["Fusion Hammer","Astrolabe"],"picked":"Runic Pyramid"}],"items_purged_floors":[],"is_endless":false,"potions_floor_spawned":[5,10,16,19,22,23,25],"killed_by":"Automaton","ascension_level":1}}