{"host":"fj5i6t4nkss7815d","time":1613030388,"event":{"mods":["AchievementEnabler","BaseMod","Minty Spire (QoL Compilation)","Quick Restart","Relic Stats"],"gold_per_floor":[109,119,119,129,141,141,175,175,198,45,45,45,45,77,77,150,150,168,181,181,96,18,18,18,18],"floor_reached":24,"language":"ENG","playtime":1148,"items_purged":[],"score":429,"play_id":"93a6f141-4e3d-42bd-ae2e-5297f03c51c6","local_time":"20210210235948","is_ascension_mode":true,"campfire_choices":[{"data":"Zap","floor":6,"key":"SMITH"},{"floor":8,"key":"REST"},{"data":"Beam Cell","floor":11,"key":"SMITH"},{"data":"Echo Form","floor":15,"key":"SMITH"},{"floor":23,"key":"REST"}],"circlet_count":0,"master_deck":["AscendersBane","Zap+1","Dualcast","Scrape","Barrage","Streamline","Hyperbeam","Beam Cell+1","Gash","Flash of Steel","Echo Form+1","All For One","Defragment","Heatsinks","Capacitor","Doom and Gloom","Echo Form","Seek","FTL","Leap","Go for the Eyes+1","Go for the Eyes","Conserve Battery"],"relics":["Cracked Core","Dream Catcher","Whetstone","Happy Flower","Mango","Pandora\u0027s Box","Nilry\u0027s Codex","Dead Branch"],"acts_visited":["Exordium","TheCity"],"potions_floor_usage":[5,16,24],"damage_taken":[{"damage":4.0,"enemies":"Small Slimes","floor":1.0,"turns":3.0},{"damage":1.0,"enemies":"Cultist","floor":2.0,"turns":3.0},{"damage":7.0,"enemies":"2 Louse","floor":4.0,"turns":3.0},{"damage":10,"enemies":"Large Slime","floor":5,"turns":5},{"damage":30,"enemies":"Lagavulin","floor":7,"turns":7},{"damage":15,"enemies":"3 Sentries","floor":14,"turns":3},{"damage":45,"enemies":"Hexaghost","floor":16,"turns":6},{"damage":24,"enemies":"3 Byrds","floor":18,"turns":3},{"damage":24,"enemies":"2 Thieves","floor":19,"turns":3},{"damage":23,"enemies":"Slavers","floor":24,"turns":2}],"seed_played":"-1913920271888320917","potions_obtained":[{"floor":4.0,"key":"SneckoOil"},{"floor":14,"key":"Energy Potion"}],"is_trial":false,"path_per_floor":["M","M","?","M","M","R","E","R","T","$","R","?","?","E","R","B",null,"M","M","?","?","$","R","E"],"character_chosen":"DEFECT","items_purchased":["Gash","Flash of Steel","Go for the Eyes","Energy Potion"],"campfire_rested":2,"item_purchase_floors":[10,10,22,22],"current_hp_per_floor":[67,66,66,59,49,49,19,42,42,42,42,37,63,62,62,17,73,49,25,4,4,4,31,8,8],"gold":18,"neow_bonus":"TEN_PERCENT_HP_BONUS","is_daily":false,"chose_seed":false,"campfire_upgraded":3,"win_rate":0.0,"timestamp":1613030388,"path_taken":["M","M","?","M","M","R","E","R","T","?","R","?","?","E","R","BOSS","M","M","?","?","?","R","E"],"items_purchased_type":["Card","Card","Card","Potion"],"build_version":"2020-12-22","purchased_purges":0,"victory":false,"max_hp_per_floor":[78,78,78,78,78,78,78,78,78,78,78,78,78,92,92,92,92,92,92,92,92,92,92,92,92],"relic_stats":{"Dream Catcher":2,"Happy Flower":[5],"counters":[10,38],"Dead Branch":[2],"Pandora\u0027s Box":["Defragment","Heatsinks","Capacitor","Doom and Gloom","Echo Form","Seek","FTL"],"Whetstone":["Strike_B","Strike_B"],"obtain_stats":[{"Dream Catcher":7,"Happy Flower":12,"Nilry\u0027s Codex":20,"Dead Branch":21,"Mango":14,"Pandora\u0027s Box":17,"Whetstone":9,"Cracked Core":0},{"Dream Catcher":5,"Happy Flower":5,"Nilry\u0027s Codex":9,"Dead Branch":9,"Mango":6,"Pandora\u0027s Box":7,"Whetstone":5,"Cracked Core":0},{"Dream Catcher":21,"Happy Flower":21,"Nilry\u0027s Codex":36,"Dead Branch":36,"Mango":24,"Pandora\u0027s Box":30,"Whetstone":21,"Cracked Core":0}]},"card_choices":[{"not_picked":["Hologram","Darkness","Turbo"],"picked":"SKIP","floor":1.0},{"not_picked":["Barrage","Go for the Eyes"],"picked":"Scrape","floor":2.0},{"not_picked":["Glacier","Redo"],"picked":"Streamline","floor":4.0},{"not_picked":["Steam Power","Rebound","Reinforced Body"],"picked":"SKIP","floor":5},{"not_picked":["Leap","Barrage"],"picked":"Hyperbeam","floor":7},{"not_picked":["Go for the Eyes","White Noise"],"picked":"Beam Cell","floor":8},{"not_picked":["Sweeping Beam","Storm"],"picked":"Echo Form","floor":14},{"not_picked":["Seek","Amplify"],"picked":"All For One","floor":16},{"not_picked":["Ball Lightning+1","Compile Driver+1"],"picked":"Leap","floor":18},{"not_picked":["Rebound","Streamline"],"picked":"Go for the Eyes+1","floor":19},{"not_picked":["Coolheaded","Stack"],"picked":"Conserve Battery","floor":23}],"player_experience":1044650,"relics_obtained":[{"floor":7,"key":"Dream Catcher"},{"floor":9,"key":"Whetstone"},{"floor":14,"key":"Mango"},{"floor":20,"key":"Nilry\u0027s Codex"}],"event_choices":[{"damage_healed":0.0,"max_hp_gain":0.0,"max_hp_loss":0.0,"gold_gain":0.0,"cards_transformed":["Strike_B"],"event_name":"Transmorgrifier","player_choice":"Transformed","floor":3.0,"gold_loss":0.0,"damage_taken":0.0,"cards_obtained":["Barrage"]},{"damage_healed":0,"gold_gain":0,"player_choice":"Success","damage_taken":5,"relics_obtained":["Happy Flower"],"max_hp_gain":0,"max_hp_loss":0,"event_name":"Scrap Ooze","floor":12,"gold_loss":0},{"damage_healed":26,"gold_gain":0,"player_choice":"Banana","damage_taken":0,"max_hp_gain":0,"max_hp_loss":0,"event_name":"Big Fish","floor":13,"gold_loss":0},{"damage_healed":0,"gold_gain":0,"player_choice":"Obtained Book","damage_taken":21,"max_hp_gain":0,"max_hp_loss":0,"event_name":"Cursed Tome","floor":20,"gold_loss":0},{"damage_healed":0,"gold_gain":0,"player_choice":"Obtained Relic","damage_taken":0,"relics_obtained":["Dead Branch"],"max_hp_gain":0,"max_hp_loss":0,"event_name":"Addict","floor":21,"gold_loss":85}],"is_beta":false,"boss_relics":[{"not_picked":["Calling Bell","Coffee Dripper"],"picked":"Pandora\u0027s Box"}],"items_purged_floors":[],"is_endless":false,"potions_floor_spawned":[4,14],"killed_by":"Slavers","ascension_level":20}}