{"host":"fmb9x04chdot191d","time":1613037912,"event":{"mods":["2.2 Compatiblity","AchievementEnabler","BaseMod","BetterRewards","Colored Map","Downfall","Hermit","Highlight Path","Marisa（霧雨　魔理沙）","Minty Spire (QoL Compilation)","Permanent Neow","Quick Restart","Replay The Spire","StSLib","The Servant 0.9.4","[IsaacMod]以撒尖塔"],"gold_per_floor":[99,110,110,122,182,182,182,182,202,202,202,202],"floor_reached":10,"language":"ENG","playtime":890,"items_purged":[],"score":56,"play_id":"75f58493-6d7c-4dda-8dc6-89686bf2a3b2","local_time":"20210211230512","is_ascension_mode":false,"campfire_choices":[{"data":"Deep Breath","floor":1.0,"key":"SMITH"}],"circlet_count":0,"master_deck":["Guardian:Strike_Guardian","Guardian:Strike_Guardian","Guardian:Strike_Guardian","Guardian:Defend_Guardian","Guardian:Defend_Guardian","Guardian:Defend_Guardian","Guardian:Defend_Guardian","Guardian:CurlUp","Guardian:TwinSlam","EpicFetus","Deep Breath+1","Guardian:Gem_Crimson","Guardian:SpikerProtocol","Guardian:Gem_Red","Replay:Sluggish","Guardian:Gem_Red"],"relics":["Guardian:ModeShifter","HushsDoor","YumHeart","Ice Cream","Ring of Fury","ReplayTheSpireMod:Ring of Addiction","White Beast Statue","Potion Belt","Darkstone Periapt"],"acts_visited":["Exordium"],"potions_floor_usage":[9],"damage_taken":[{"damage":5.0,"enemies":"2 Louse","floor":2.0,"turns":3.0},{"damage":0.0,"enemies":"Cultist","floor":4.0,"turns":3.0},{"damage":14,"enemies":"Lagavulin Event","floor":5,"turns":6},{"damage":3,"enemies":"Jaw Worm","floor":9,"turns":4},{"damage":0,"enemies":"3 Sentries","floor":10,"turns":1}],"seed_played":"-2008481849135610372","potions_obtained":[{"floor":4.0,"key":"Venom Potion"},{"floor":5,"key":"Toxic Potion"},{"floor":6,"key":"Guardian:AcceleratePotion"},{"floor":6,"key":"GamblersBrew"},{"floor":6,"key":"SteroidPotion"},{"floor":9,"key":"Milkshake"}],"is_trial":false,"path_per_floor":["R","M","?","M","?","?","T","T","M","E"],"character_chosen":"GUARDIAN","items_purchased":[],"campfire_rested":0,"item_purchase_floors":[],"current_hp_per_floor":[80,75,75,75,61,61,61,61,58,58,58,58],"gold":202,"neow_bonus":"RANDOM_COLORLESS","is_daily":false,"chose_seed":false,"campfire_upgraded":1,"win_rate":0.0,"timestamp":1613037912,"path_taken":["R","M","?","?","?","?","T","?","M","E"],"items_purchased_type":[],"build_version":"2020-12-22","purchased_purges":0,"victory":false,"max_hp_per_floor":[80,80,80,80,80,80,80,80,80,80,80,80],"card_choices":[{"not_picked":[],"picked":"EpicFetus","floor":0.0},{"not_picked":["Blind","Purity"],"picked":"Deep Breath","floor":0.0},{"not_picked":["Guardian:RollAttack","Guardian:PiercingHide"],"picked":"Guardian:Gem_Crimson","floor":2.0},{"not_picked":["Guardian:BronzeOrb","Guardian:Gem_Purple"],"picked":"Guardian:SpikerProtocol","floor":4.0},{"not_picked":["Guardian:Planning","Guardian:ShieldCharger"],"picked":"Guardian:Gem_Red","floor":5},{"not_picked":["Guardian:TimeBomb","Guardian:Reroute"],"picked":"Guardian:Gem_Red","floor":9}],"player_experience":96633,"relics_obtained":[{"floor":5,"key":"Ice Cream"},{"floor":6,"key":"Ring of Fury"},{"floor":6,"key":"ReplayTheSpireMod:Ring of Addiction"},{"floor":6,"key":"White Beast Statue"},{"floor":6,"key":"Potion Belt"},{"floor":8,"key":"Darkstone Periapt"}],"event_choices":[],"is_beta":false,"boss_relics":[],"items_purged_floors":[],"is_endless":false,"potions_floor_spawned":[4,5,9],"killed_by":"3 Sentries","ascension_level":0}}