{"host":"sc0o2qwpf9j16a4i","time":1613050170,"event":{"mods":["AchievementEnabler","BaseMod","BetterRewards","Block Reminder","Colored Map","Colored Powertips","Custom Start","Highlight Path","Minty Spire (QoL Compilation)","Relic Stats"],"gold_per_floor":[114,114,134,154,154,154,185,185,185,213,227,258,258,30,30,128,128,141,321,341,356,375,408,408,443,443,443,457,486,432,432,432,536,536,553,15,28,28,46,46,72,72,125,175,195,195,195,224,224,224],"floor_reached":51,"language":"ENG","playtime":2144,"items_purged":["Strike_G"],"score":1081,"play_id":"8ffb109b-d882-4f66-a8bd-c8092004c794","local_time":"20210211152930","daily_mods":["Chimera","ControlledChaos","Terminal"],"is_ascension_mode":false,"campfire_choices":[{"data":"After Image","floor":6,"key":"SMITH"},{"data":"Bash","floor":8,"key":"SMITH"},{"data":"Infinite Blades","floor":15,"key":"SMITH"},{"data":"Venomology","floor":24,"key":"SMITH"},{"data":"Madness","floor":27,"key":"SMITH"},{"data":"Blind","floor":32,"key":"SMITH"},{"data":"Adrenaline","floor":40,"key":"SMITH"},{"data":"Cloak And Dagger","floor":42,"key":"SMITH"},{"data":"Acrobatics","floor":46,"key":"SMITH"},{"data":"Night Terror","floor":49,"key":"SMITH"}],"circlet_count":0,"master_deck":["Bash+1","Survivor","Zap","Eruption","Strike_B","Defend_R","Defend_G","Defend_P","After Image+1","Blade Dance","Deflect","Blade Dance","Venomology+1","All Out Attack","Infinite Blades+1","Corpse Explosion","CurseOfTheBell","Blade Dance+1","Madness+1","Blind+1","Blind","Cloak And Dagger+1","Calculated Gamble","Bouncing Flask+1","Adrenaline+1","Blur+1","Dodge and Roll+1","Acrobatics+1","Escape Plan+1","Decay","Acrobatics+1","Clumsy","Night Terror+1"],"relics":["Ring of the Snake","Frozen Eye","CultistMask","The Specimen","Meat on the Bone","Letter Opener","Anchor","Tiny Chest","Snake Skull","Calling Bell","Blood Vial","Paper Crane","Turnip","Blue Candle","Potion Belt","Sundial","Centennial Puzzle","Strawberry","Ancient Tea Set","Cursed Key","Medical Kit","Incense Burner","Oddly Smooth Stone","Akabeko","StoneCalendar","HornCleat","Toy Ornithopter"],"acts_visited":["Exordium","TheCity","TheBeyond"],"potions_floor_usage":[12,12,16,16,18,18,20,21,23,25,28,28,28,29,33,33,37,37,41,41,48,50,50,50,50,50,50,50,50],"damage_taken":[{"damage":0,"enemies":"Jaw Worm","floor":1,"turns":3},{"damage":0,"enemies":"2 Louse","floor":3,"turns":2},{"damage":0,"enemies":"Cultist","floor":4,"turns":3},{"damage":10,"enemies":"Gremlin Nob","floor":7,"turns":4},{"damage":14,"enemies":"Lagavulin","floor":10,"turns":6},{"damage":0,"enemies":"Gremlin Gang","floor":11,"turns":5},{"damage":5,"enemies":"Gremlin Nob","floor":12,"turns":3},{"damage":0,"enemies":"Slime Boss","floor":16,"turns":4},{"damage":0,"enemies":"Shell Parasite","floor":18,"turns":4},{"damage":3,"enemies":"Spheric Guardian","floor":20,"turns":4},{"damage":12,"enemies":"Snake Plant","floor":21,"turns":3},{"damage":10,"enemies":"Sentry and Sphere","floor":22,"turns":6},{"damage":4,"enemies":"Slavers","floor":23,"turns":7},{"damage":0,"enemies":"Book of Stabbing","floor":25,"turns":6},{"damage":6,"enemies":"Snecko","floor":28,"turns":5},{"damage":0,"enemies":"Gremlin Leader","floor":29,"turns":6},{"damage":11,"enemies":"Collector","floor":33,"turns":6},{"damage":0,"enemies":"3 Shapes","floor":35,"turns":2},{"damage":0,"enemies":"3 Darklings","floor":37,"turns":3},{"damage":0,"enemies":"4 Shapes","floor":39,"turns":3},{"damage":0,"enemies":"Giant Head","floor":41,"turns":7},{"damage":1,"enemies":"Mind Bloom Boss Battle","floor":44,"turns":6},{"damage":0,"enemies":"Jaw Worm Horde","floor":45,"turns":2},{"damage":2,"enemies":"Nemesis","floor":48,"turns":6},{"damage":1,"enemies":"Donu and Deca","floor":50,"turns":4}],"seed_played":"-8302892783489064850","potions_obtained":[{"floor":3,"key":"BlessingOfTheForge"},{"floor":10,"key":"PowerPotion"},{"floor":11,"key":"Weak Potion"},{"floor":16,"key":"Fire Potion"},{"floor":18,"key":"SmokeBomb"},{"floor":22,"key":"SkillPotion"},{"floor":28,"key":"LiquidMemories"},{"floor":35,"key":"Dexterity Potion"},{"floor":44,"key":"Regen Potion"},{"floor":48,"key":"FearPotion"}],"is_trial":true,"path_per_floor":["M","?","M","M","?","R","E","R","T","E","M","E","?","$","R","B",null,"M","?","M","M","M","E","R","E","T","R","M","E","?","T","R","B",null,"M","$","M","$","M","R","E","R","T","?","M","R","T","E","R","B",null],"character_chosen":"THE_SILENT","items_purchased":["Snake Skull","Infinite Blades","PowerPotion","Medical Kit","Incense Burner"],"campfire_rested":0,"item_purchase_floors":[14,14,14,36,36],"current_hp_per_floor":[68,61,61,61,61,61,51,51,51,37,37,32,25,25,25,37,52,51,11,22,24,28,26,26,28,28,28,29,31,38,38,38,29,42,41,40,39,38,37,36,35,34,33,32,31,30,29,28,27,26],"gold":224,"neow_bonus":"","is_daily":false,"chose_seed":false,"campfire_upgraded":10,"win_rate":0.0,"timestamp":1613050170,"path_taken":["M","?","M","M","?","R","E","R","T","E","?","E","?","$","R","BOSS","M","?","M","?","M","E","R","E","T","R","M","E","?","?","R","BOSS","M","$","?","?","M","R","E","R","T","?","M","R","?","E","R","BOSS"],"items_purchased_type":["Relic","Card","Potion","Relic","Relic"],"build_version":"2020-12-22","purchased_purges":1,"victory":true,"max_hp_per_floor":[68,67,66,65,64,63,62,61,60,59,58,57,56,55,54,53,52,51,50,49,48,47,46,45,44,43,42,41,40,46,45,44,43,42,41,40,39,38,37,36,35,34,33,32,31,30,29,28,27,26],"relic_stats":{"counters":[25,110],"Blue Candle":[4],"StoneCalendar":[0],"Snake Skull":[99],"Letter Opener":[362],"Cursed Key":2,"Medical Kit":[0],"Blood Vial":16,"Centennial Puzzle":[12],"Sundial":[0],"Tiny Chest":2,"Turnip":[15],"obtain_stats":[{"StoneCalendar":44,"Snake Skull":14,"Incense Burner":36,"Ancient Tea Set":31,"Cursed Key":34,"Blood Vial":17,"Frozen Eye":0,"Centennial Puzzle":29,"HornCleat":47,"Sundial":26,"Strawberry":30,"Tiny Chest":13,"Ring of the Snake":0,"Potion Belt":25,"The Specimen":7,"Blue Candle":23,"Oddly Smooth Stone":41,"Letter Opener":10,"Paper Crane":17,"Medical Kit":36,"Akabeko":43,"Calling Bell":17,"Anchor":12,"CultistMask":5,"Turnip":17,"Toy Ornithopter":48,"Meat on the Bone":9},{"StoneCalendar":22,"Snake Skull":7,"Incense Burner":18,"Ancient Tea Set":16,"Cursed Key":17,"Blood Vial":8,"Frozen Eye":0,"Centennial Puzzle":16,"HornCleat":23,"Sundial":14,"Strawberry":16,"Tiny Chest":7,"Ring of the Snake":0,"Potion Belt":14,"The Specimen":4,"Blue Candle":13,"Oddly Smooth Stone":21,"Letter Opener":5,"Paper Crane":8,"Medical Kit":18,"Akabeko":21,"Calling Bell":8,"Anchor":7,"CultistMask":3,"Turnip":8,"Toy Ornithopter":24,"Meat on the Bone":4},{"StoneCalendar":98,"Snake Skull":26,"Incense Burner":79,"Ancient Tea Set":71,"Cursed Key":77,"Blood Vial":30,"Frozen Eye":0,"Centennial Puzzle":71,"HornCleat":100,"Sundial":60,"Strawberry":71,"Tiny Chest":26,"Ring of the Snake":0,"Potion Belt":60,"The Specimen":12,"Blue Candle":54,"Oddly Smooth Stone":92,"Letter Opener":18,"Paper Crane":30,"Medical Kit":79,"Akabeko":92,"Calling Bell":30,"Anchor":26,"CultistMask":8,"Turnip":30,"Toy Ornithopter":106,"Meat on the Bone":12}],"Toy Ornithopter":1,"Ring of the Snake":[50],"Meat on the Bone":48},"card_choices":[{"not_picked":["Outmaneuver","Cloak And Dagger","Dodge and Roll"],"picked":"SKIP","floor":1},{"not_picked":["Infinite Blades","Endless Agony"],"picked":"After Image","floor":3},{"not_picked":["Cloak And Dagger","Underhanded Strike"],"picked":"Blade Dance","floor":4},{"not_picked":["Dodge and Roll","Flying Knee"],"picked":"Deflect","floor":7},{"not_picked":["Dagger Spray","Tactician"],"picked":"Blade Dance","floor":10},{"not_picked":["Accuracy","Distraction"],"picked":"Venomology","floor":11},{"not_picked":["Poisoned Stab","Masterful Stab"],"picked":"All Out Attack","floor":12},{"not_picked":["Phantasmal Killer","Tools of the Trade"],"picked":"Corpse Explosion","floor":16},{"not_picked":["Backflip+1","Eviscerate+1"],"picked":"Blade Dance+1","floor":18},{"not_picked":["Blade Dance+1","Setup"],"picked":"Cloak And Dagger","floor":20},{"not_picked":["Blade Dance","Dagger Throw","Setup"],"picked":"SKIP","floor":21},{"not_picked":["Prepared","Skewer","Finisher"],"picked":"SKIP","floor":22},{"not_picked":["Underhanded Strike+1","Well Laid Plans"],"picked":"Calculated Gamble","floor":23},{"not_picked":["Poisoned Stab","Prepared"],"picked":"Bouncing Flask+1","floor":25},{"not_picked":["Prepared","Dodge and Roll","Predator+1"],"picked":"SKIP","floor":28},{"not_picked":["Phantasmal Killer","Dagger Throw","Blade Dance"],"picked":"SKIP","floor":29},{"not_picked":["After Image","Grand Finale"],"picked":"Adrenaline","floor":33},{"not_picked":["Deadly Poison+1","Outmaneuver+1"],"picked":"Blur+1","floor":35},{"not_picked":["Dagger Spray","Blur"],"picked":"Dodge and Roll+1","floor":37},{"not_picked":["Poisoned Stab+1","PiercingWail+1"],"picked":"Acrobatics+1","floor":39},{"not_picked":["Quick Slash","Bane"],"picked":"Escape Plan+1","floor":41},{"not_picked":["Terror","Blade Dance"],"picked":"Acrobatics","floor":45},{"not_picked":["Backflip","Poisoned Stab"],"picked":"Night Terror","floor":48}],"player_experience":1330775,"relics_obtained":[{"floor":7,"key":"The Specimen"},{"floor":9,"key":"Meat on the Bone"},{"floor":10,"key":"Letter Opener"},{"floor":12,"key":"Anchor"},{"floor":17,"key":"Blood Vial"},{"floor":17,"key":"Paper Crane"},{"floor":17,"key":"Turnip"},{"floor":23,"key":"Blue Candle"},{"floor":25,"key":"Potion Belt"},{"floor":26,"key":"Sundial"},{"floor":29,"key":"Centennial Puzzle"},{"floor":31,"key":"Ancient Tea Set"},{"floor":41,"key":"Oddly Smooth Stone"},{"floor":43,"key":"Akabeko"},{"floor":44,"key":"StoneCalendar"},{"floor":47,"key":"HornCleat"},{"floor":48,"key":"Toy Ornithopter"}],"event_choices":[{"cards_removed":["Strike_R"],"damage_healed":0,"gold_gain":0,"player_choice":"Card Removal","damage_taken":7,"max_hp_gain":0,"max_hp_loss":0,"event_name":"Golden Wing","floor":2,"gold_loss":0},{"damage_healed":0,"gold_gain":0,"player_choice":"Trade","damage_taken":0,"relics_obtained":["CultistMask"],"max_hp_gain":0,"max_hp_loss":0,"event_name":"FaceTrader","floor":5,"gold_loss":0},{"damage_healed":0,"gold_gain":0,"player_choice":"Success","damage_taken":7,"relics_obtained":["Tiny Chest"],"max_hp_gain":0,"max_hp_loss":0,"event_name":"Scrap Ooze","floor":13,"gold_loss":0},{"damage_healed":0,"gold_gain":180,"player_choice":"CARD CARD GOLD GOLD CARD ","damage_taken":40,"max_hp_gain":0,"max_hp_loss":0,"event_name":"Knowing Skull","floor":19,"potions_obtained":[],"gold_loss":0,"cards_obtained":["Madness","Blind","Blind"]},{"damage_healed":0,"gold_gain":0,"player_choice":"Paid Gold","damage_taken":0,"relics_obtained":["Strawberry"],"max_hp_gain":0,"max_hp_loss":0,"event_name":"WeMeetAgain","floor":30,"gold_loss":54},{"damage_healed":0,"gold_gain":0,"player_choice":"Fight","damage_taken":0,"max_hp_gain":0,"max_hp_loss":0,"event_name":"MindBloom","floor":44,"gold_loss":0}],"is_beta":false,"boss_relics":[{"not_picked":["WristBlade","Black Star"],"picked":"Calling Bell"},{"not_picked":["Empty Cage","Pandora\u0027s Box"],"picked":"Cursed Key"}],"items_purged_floors":[36],"is_endless":false,"potions_floor_spawned":[3,10,11,16,18,22,28,35,44,45,48],"ascension_level":0}}