{"host":"qksa0nge77ubun9a","time":1613078087,"event":{"mods":["AchievementEnabler","BaseMod","Colored Map","Colored Powertips","Googly Eyes","Highlight Path","Minty Spire (QoL Compilation)","Quick Restart","StSLib"],"gold_per_floor":[119,294,314,328,328,328,4,38,64,87,135,135,169,217,217,322,322,316,325,325,347,347,388,433,461,540,577,597,597,623,649,649,649,649],"floor_reached":33,"language":"ENG","playtime":4867,"items_purged":["Doubt"],"score":561,"play_id":"7f3bbaa9-0081-4077-9f59-f12fb9582c70","local_time":"20210211131447","is_ascension_mode":true,"campfire_choices":[{"data":"Cleave","floor":6.0,"key":"SMITH"},{"data":"Armaments","floor":12.0,"key":"SMITH"},{"data":"Bash","floor":15.0,"key":"SMITH"},{"data":"True Grit","floor":29,"key":"SMITH"},{"data":"True Grit","floor":32,"key":"SMITH"}],"circlet_count":0,"master_deck":["AscendersBane","Defend_R+1","Defend_R+1","Defend_R+1","Defend_R+1","Bash+1","Wild Strike","Cleave+1","Shrug It Off","Finesse","Dropkick","Armaments+1","Bloodletting","Warcry","Dropkick","Berserk","Inflame+1","Fire Breathing","Fire Breathing+1","Feel No Pain+1","Bite","Bite","Bite","Bite","Bite","Entrench","True Grit+1","True Grit+1","Seeing Red"],"relics":["Burning Blood","Toy Ornithopter","Bloody Idol","Bronze Scales","Art of War","CeramicFish","PreservedInsect","Pantograph","SacredBark","Tiny Chest","White Beast Statue","Pocketwatch","Ornamental Fan"],"acts_visited":["Exordium","TheCity"],"potions_floor_usage":[23,27,28,31,33,33],"damage_taken":[{"damage":6.0,"enemies":"Cultist","floor":1.0,"turns":3.0},{"damage":5.0,"enemies":"Small Slimes","floor":3.0,"turns":4.0},{"damage":8.0,"enemies":"Jaw Worm","floor":4.0,"turns":4.0},{"damage":35.0,"enemies":"Lagavulin","floor":8.0,"turns":6.0},{"damage":0.0,"enemies":"Lots of Slimes","floor":10.0,"turns":2.0},{"damage":8.0,"enemies":"3 Sentries","floor":11.0,"turns":5.0},{"damage":10.0,"enemies":"2 Fungi Beasts","floor":13.0,"turns":4.0},{"damage":13.0,"enemies":"Lagavulin","floor":14.0,"turns":6.0},{"damage":53.0,"enemies":"Slime Boss","floor":16.0,"turns":9.0},{"damage":26,"enemies":"2 Thieves","floor":18,"turns":4},{"damage":25,"enemies":"Spheric Guardian","floor":21,"turns":4},{"damage":33,"enemies":"Gremlin Leader","floor":23,"turns":5},{"damage":48,"enemies":"Snake Plant","floor":25,"turns":4},{"damage":9,"enemies":"Slavers","floor":27,"turns":3},{"damage":21,"enemies":"Centurion and Healer","floor":28,"turns":6},{"damage":16,"enemies":"Chosen and Byrds","floor":30,"turns":5},{"damage":21,"enemies":"Book of Stabbing","floor":31,"turns":4},{"damage":87,"enemies":"Collector","floor":33,"turns":9}],"seed_played":"7762999023198324297","potions_obtained":[{"floor":1.0,"key":"EntropicBrew"},{"floor":10.0,"key":"BlessingOfTheForge"},{"floor":13.0,"key":"DuplicationPotion"},{"floor":16.0,"key":"BloodPotion"},{"floor":23,"key":"Block Potion"},{"floor":27,"key":"Block Potion"},{"floor":28,"key":"DistilledChaos"},{"floor":30,"key":"CultistPotion"},{"floor":31,"key":"BlessingOfTheForge"}],"is_trial":false,"path_per_floor":["M","?","M","M","?","R","$","E","T","M","E","R","M","E","R","B",null,"M","?","?","M","?","E","?","M","T","E","M","R","M","E","R","B"],"character_chosen":"IRONCLAD","items_purchased":["Finesse","Bronze Scales"],"campfire_rested":0,"item_purchase_floors":[7,7],"current_hp_per_floor":[72,72,73,71,71,71,71,42,42,48,61,61,57,55,55,32,64,44,44,44,25,25,42,51,25,30,44,51,51,51,51,51,0,0],"gold":649,"neow_bonus":"RANDOM_COMMON_RELIC","is_daily":false,"chose_seed":false,"campfire_upgraded":5,"win_rate":0.0,"timestamp":1613078087,"path_taken":["M","?","M","M","?","R","?","E","T","?","E","R","M","E","R","BOSS","M","?","?","M","?","E","?","M","T","E","M","R","M","E","R","BOSS"],"items_purchased_type":["Card","Relic"],"build_version":"2020-12-22","purchased_purges":1,"victory":false,"max_hp_per_floor":[80,80,80,80,74,74,74,74,74,74,74,74,74,74,74,74,74,74,74,74,74,74,74,51,51,51,51,51,51,51,51,51,51,51],"card_choices":[{"not_picked":["True Grit","Headbutt"],"picked":"Wild Strike","floor":1.0},{"not_picked":["Twin Strike","Clothesline"],"picked":"Cleave","floor":3.0},{"not_picked":["Entrench","Rampage"],"picked":"Shrug It Off","floor":4.0},{"not_picked":["Rampage","Armaments"],"picked":"Dropkick","floor":8.0},{"not_picked":["Headbutt","Uppercut"],"picked":"Armaments","floor":10.0},{"not_picked":["Armaments","Clothesline"],"picked":"Bloodletting","floor":11.0},{"not_picked":["Twin Strike","Searing Blow"],"picked":"Warcry","floor":13.0},{"not_picked":["Armaments","Double Tap"],"picked":"Dropkick","floor":14.0},{"not_picked":["Exhume","Bludgeon"],"picked":"Berserk","floor":16.0},{"not_picked":["Twin Strike","Rage"],"picked":"Inflame+1","floor":18},{"not_picked":["Shockwave","Spot Weakness"],"picked":"Fire Breathing+1","floor":21},{"not_picked":["Intimidate","Whirlwind"],"picked":"Feel No Pain+1","floor":23},{"not_picked":["Clash","Flex"],"picked":"Entrench","floor":25},{"not_picked":["Hemokinesis","Twin Strike"],"picked":"True Grit","floor":27},{"not_picked":["Wild Strike","Cleave"],"picked":"True Grit","floor":28},{"not_picked":["Twin Strike","Searing Blow"],"picked":"Seeing Red","floor":30},{"not_picked":["Shrug It Off","Double Tap","Iron Wave"],"picked":"SKIP","floor":31}],"player_experience":1400089,"relics_obtained":[{"floor":8.0,"key":"Art of War"},{"floor":9.0,"key":"CeramicFish"},{"floor":11.0,"key":"PreservedInsect"},{"floor":14.0,"key":"Pantograph"},{"floor":23,"key":"Tiny Chest"},{"floor":26,"key":"White Beast Statue"},{"floor":27,"key":"Pocketwatch"},{"floor":31,"key":"Ornamental Fan"}],"event_choices":[{"damage_healed":0.0,"max_hp_gain":0.0,"max_hp_loss":0.0,"gold_gain":175.0,"event_name":"Liars Game","player_choice":"AGREE","floor":2.0,"gold_loss":0.0,"damage_taken":0.0,"cards_obtained":["Doubt"]},{"damage_healed":0.0,"max_hp_gain":0.0,"max_hp_loss":6.0,"gold_gain":0.0,"event_name":"Golden Idol","player_choice":"Lose Max HP","floor":5.0,"gold_loss":0.0,"damage_taken":0.0,"relics_obtained":["Golden Idol"]},{"damage_healed":0,"gold_gain":0,"player_choice":"Read","damage_taken":0,"max_hp_gain":0,"max_hp_loss":0,"event_name":"The Library","floor":19,"gold_loss":0,"cards_obtained":["Fire Breathing"]},{"damage_healed":0,"gold_gain":0,"player_choice":"Simplicity","damage_taken":0,"max_hp_gain":0,"max_hp_loss":0,"event_name":"Back to Basics","floor":20,"gold_loss":0,"cards_upgraded":["Strike_R","Strike_R","Strike_R","Strike_R","Strike_R","Defend_R","Defend_R","Defend_R","Defend_R"]},{"damage_healed":0,"gold_gain":0,"player_choice":"Gave Idol","damage_taken":0,"relics_obtained":["Bloody Idol"],"max_hp_gain":0,"max_hp_loss":0,"event_name":"Forgotten Altar","floor":22,"relics_lost":["Golden Idol"],"gold_loss":0},{"damage_healed":0,"gold_gain":0,"player_choice":"Became a vampire","damage_taken":0,"max_hp_gain":0,"max_hp_loss":23,"event_name":"Vampires","floor":24,"gold_loss":0,"cards_obtained":["Bite","Bite","Bite","Bite","Bite"]}],"is_beta":false,"boss_relics":[{"not_picked":["Runic Pyramid","Sozu"],"picked":"SacredBark"}],"items_purged_floors":[7],"is_endless":false,"potions_floor_spawned":[1,10,13,16,23,27,28,30,31],"killed_by":"Collector","ascension_level":13}}