{"host":"y2kfqdipa4rrljwb","time":1613028074,"event":{"mods":["ATMod(°¢èªMod)","AchievementEnabler","Act Like it!","Aspiration","BaseMod","Bossed Relics","Colored Powertips","Energized Spire","Friendly Minions","Infinite Spire","Minty Spire (QoL Compilation)","Random Character Button","Random Character Mod","Relic Stats","Reliquary","Replay The Spire","RumiaBox-Â¶Ã×æ«µÄÉñÃØºÐ×Ó","StSLib","TestMod","¡¾¹¦ÄÜMod¡¿»ìãçÖ®»·ÐÞ¸´²¹¶¡","¡¾ÒÅÎï¿¨ÅÆ¡¿REMEMod","Ä§½ä"],"gold_per_floor":[115,165,183,183,195,195,237,254,254,299,327,371,175,202,202,340,340,401,401,459,459,510,577,577,577],"floor_reached":24,"language":"ZHS","playtime":3100,"items_purged":["infinitespire:Pacifist","ReplayTheSpireMod:Restless Dread"],"score":328,"play_id":"2e9aa03d-236e-4b18-9eb4-54e09e1fbf89","local_time":"20210211152114","is_ascension_mode":false,"campfire_choices":[{"data":"RingOfDestiny:MaliciousConversion","floor":6.0,"key":"SMITH"},{"data":"ReplayTheSpireMod:Faulty Equipment","floor":15.0,"key":"SMITH"}],"circlet_count":0,"master_deck":["RingOfDestiny:Defend_SU","RingOfDestiny:Defend_SU","RingOfDestiny:Defend_SU","RingOfDestiny:MaliciousBarrier","RingOfDestiny:DoomsdayStrike","RingOfDestiny:PowerOfGreed","RingOfDestiny:PowerOfEnvy","RingOfDestiny:MaliciousErode","Quick Slash","Heel Hook","Slice","RingOfDestiny:MaliciousConversion+1","Decay","Sickly","RingOfDestiny:LazyCloak","RingOfDestiny:DoomsdayBlade","Delirium","Parasite","RingOfDestiny:VoodooDoll","Hallucinations","Overencumbered","Writhe","RingOfDestiny:CostOfSoul","ReplayTheSpireMod:Echoes of Time","Decay","Decay","Regret","Spreading Infection","ReplayTheSpireMod:Splinters","RingOfDestiny:SoulAccumulation","Sickly","Voices","Overencumbered","Amnesia"],"relics":["RingOfDestiny:DemonicContract","REME_ComplimentaryCards","AT_ATBox","testmod-TestBox","Ring of Greed","Smiling Mask","Blue Doll","ReplayTheSpireMod:Ring of Challenge","infinitespire:Lucky Rock","AT_ForceNature","Omamori","Replay:Kaleidoscope","testmod-Charity","testmod-Nine","Shuriken","Replay:Wax Seal","Philosopher\u0027s Stone","RingOfDestiny:RingOfSoul"],"acts_visited":["Exordium","TheCity"],"potions_floor_usage":[],"damage_taken":[{"damage":0.0,"enemies":"Small Slimes","floor":1.0,"turns":2.0},{"damage":0.0,"enemies":"2 Louse","floor":3.0,"turns":3.0},{"damage":7.0,"enemies":"infinitespire:Voidling","floor":5.0,"turns":3.0},{"damage":9.0,"enemies":"Lagavulin","floor":7.0,"turns":5.0},{"damage":2.0,"enemies":"Exordium Thugs","floor":8.0,"turns":3.0},{"damage":14.0,"enemies":"Exordium Wildlife","floor":11.0,"turns":2.0},{"damage":13.0,"enemies":"Gremlin Nob","floor":12.0,"turns":4.0},{"damage":10.0,"enemies":"Lots of Slimes","floor":14.0,"turns":2.0},{"damage":41.0,"enemies":"Slime Boss","floor":16.0,"turns":10.0},{"damage":18.0,"enemies":"3 Byrds","floor":18.0,"turns":7.0},{"damage":29.0,"enemies":"2 Thieves","floor":20.0,"turns":4.0},{"damage":43.0,"enemies":"Snecko","floor":22.0,"turns":9.0},{"damage":37,"enemies":"Replay:Snechameleon","floor":23,"turns":9},{"damage":2,"enemies":"Centurion and Healer","floor":24,"turns":1}],"seed_played":"839521100547164335","potions_obtained":[{"floor":5.0,"key":"SmokeBomb"},{"floor":12.0,"key":"testmod-TestPotion"},{"floor":16.0,"key":"Fire Potion"},{"floor":23,"key":"Explosive Potion"}],"is_trial":false,"path_per_floor":["M","?","M","?","M","R","E","M","T","T","M","E","$","M","R","B",null,"M","AVR","M","?","M","E","M"],"character_chosen":"Summoner","items_purchased":["testmod-Charity"],"campfire_rested":0,"item_purchase_floors":[13],"current_hp_per_floor":[96,96,96,96,93,93,85,83,83,83,69,56,56,48,48,12,102,93,93,70,70,33,2,0,0],"gold":577,"neow_bonus":"TEN_PERCENT_HP_BONUS","is_daily":false,"chose_seed":false,"campfire_upgraded":2,"win_rate":0.0,"timestamp":1613028074,"path_taken":["M","?","M","?","?","R","E","M","T","?","M","E","$","M","R","BOSS","M","AVR","M","?","M","E","M"],"items_purchased_type":["Relic"],"build_version":"2020-12-22","purchased_purges":2,"victory":false,"max_hp_per_floor":[96,96,96,96,96,96,96,96,96,96,96,96,96,98,98,102,102,106,106,111,111,115,92,74,74],"relic_stats":{"counters":[14,64],"Shuriken":[4],"Smiling Mask":25,"obtain_stats":[{"AT_ForceNature":9,"AT_ATBox":0,"testmod-TestBox":0,"Blue Doll":2,"Omamori":10,"Ring of Greed":2,"infinitespire:Lucky Rock":7,"Replay:Kaleidoscope":12,"RingOfDestiny:DemonicContract":0,"Smiling Mask":2,"testmod-Charity":13,"Shuriken":18,"RingOfDestiny:RingOfSoul":23,"Philosopher\u0027s Stone":19,"ReplayTheSpireMod:Ring of Challenge":2,"Replay:Wax Seal":19,"testmod-Nine":17,"REME_ComplimentaryCards":0},{"AT_ForceNature":5,"AT_ATBox":0,"testmod-TestBox":0,"Blue Doll":1,"Omamori":5,"Ring of Greed":1,"infinitespire:Lucky Rock":4,"Replay:Kaleidoscope":7,"RingOfDestiny:DemonicContract":0,"Smiling Mask":1,"testmod-Charity":7,"Shuriken":10,"RingOfDestiny:RingOfSoul":13,"Philosopher\u0027s Stone":10,"ReplayTheSpireMod:Ring of Challenge":1,"Replay:Wax Seal":10,"testmod-Nine":9,"REME_ComplimentaryCards":0},{"AT_ForceNature":16,"AT_ATBox":0,"testmod-TestBox":0,"Blue Doll":2,"Omamori":16,"Ring of Greed":2,"infinitespire:Lucky Rock":13,"Replay:Kaleidoscope":22,"RingOfDestiny:DemonicContract":0,"Smiling Mask":2,"testmod-Charity":22,"Shuriken":41,"RingOfDestiny:RingOfSoul":63,"Philosopher\u0027s Stone":41,"ReplayTheSpireMod:Ring of Challenge":2,"Replay:Wax Seal":41,"testmod-Nine":34,"REME_ComplimentaryCards":0}]},"card_choices":[{"not_picked":["RingOfDestiny:MaliciousBlade","RingOfDestiny:PowerOfArrogance","RingOfDestiny:PowerOfGluttony"],"picked":"SKIP","floor":1.0},{"not_picked":["RingOfDestiny:TortureBlade","RingOfDestiny:DoomsdayMadness"],"picked":"RingOfDestiny:MaliciousErode","floor":3.0},{"not_picked":["RingOfDestiny:FeastOfDoomsday","RingOfDestiny:Demonic"],"picked":"RingOfDestiny:MaliciousConversion","floor":5.0},{"not_picked":["RingOfDestiny:GreedySummon","RingOfDestiny:MaliciousFang","RingOfDestiny:DemonSkin"],"picked":"SKIP","floor":7.0},{"not_picked":["RingOfDestiny:EnvyNecklace","RingOfDestiny:DoomsdayMadness"],"picked":"RingOfDestiny:LazyCloak","floor":8.0},{"not_picked":["RingOfDestiny:PowerOfGreed","RingOfDestiny:SoulAccumulation","RingOfDestiny:TortureBlade"],"picked":"SKIP","floor":11.0},{"not_picked":["RingOfDestiny:DemonSkin","RingOfDestiny:RingOfGreed"],"picked":"RingOfDestiny:DoomsdayBlade","floor":12.0},{"not_picked":["RingOfDestiny:MaliciousConversion","RingOfDestiny:MaliciousErode","RingOfDestiny:SarcasticSword"],"picked":"SKIP","floor":14.0},{"not_picked":["RingOfDestiny:PowerOfLaziness","RingOfDestiny:CrownOfPride"],"picked":"RingOfDestiny:VoodooDoll","floor":16.0},{"not_picked":["RingOfDestiny:DoomsdayStrike","RingOfDestiny:TortureBlade"],"picked":"RingOfDestiny:CostOfSoul","floor":18.0},{"not_picked":["RingOfDestiny:DoomsdayMadness","RingOfDestiny:LazyCloak","RingOfDestiny:GreedySummon"],"picked":"SKIP","floor":20.0},{"not_picked":["RingOfDestiny:MaliciousSuppress","RingOfDestiny:SoulAccumulation","RingOfDestiny:SoulDiversion"],"picked":"SKIP","floor":22.0},{"not_picked":["RingOfDestiny:MaliciousSuppress","RingOfDestiny:SoulDiversion"],"picked":"RingOfDestiny:SoulAccumulation","floor":22.0},{"not_picked":["RingOfDestiny:DemonSkin","RingOfDestiny:ManaEnhance","RingOfDestiny:PowerOfEnvy+1"],"picked":"SKIP","floor":23}],"player_experience":235544,"relics_obtained":[{"floor":2.0,"key":"Ring of Greed"},{"floor":2.0,"key":"Smiling Mask"},{"floor":2.0,"key":"Blue Doll"},{"floor":2.0,"key":"ReplayTheSpireMod:Ring of Challenge"},{"floor":7.0,"key":"infinitespire:Lucky Rock"},{"floor":9.0,"key":"AT_ForceNature"},{"floor":10.0,"key":"Omamori"},{"floor":12.0,"key":"Replay:Kaleidoscope"},{"floor":18.0,"key":"Shuriken"},{"floor":23,"key":"RingOfDestiny:RingOfSoul"}],"event_choices":[{"damage_healed":0.0,"max_hp_gain":0.0,"max_hp_loss":0.0,"gold_gain":0.0,"event_name":"Wheel of Change","player_choice":"Cursed","floor":21.0,"gold_loss":0.0,"damage_taken":0.0,"cards_obtained":["Decay"]}],"is_beta":false,"boss_relics":[{"not_picked":["aspiration:RitualDagger","REME_DuelDisc"],"picked":"testmod-Nine"}],"items_purged_floors":[13,19],"is_endless":false,"potions_floor_spawned":[5,12,16,23],"killed_by":"Centurion and Healer","ascension_level":0}}