{"host":"5wwct7e0z3l0f094","time":1613020110,"event":{"mods":["AchievementEnabler","Act Like it!","BaseMod","Hallownest","Highlight Path","Minty Spire (QoL Compilation)","StSLib","SuperFastMode","The Bug Knight"],"gold_per_floor":[109,109,109,109,119,152,163,194,194,194,194,194],"floor_reached":11,"language":"ENG","playtime":816,"items_purged":[],"score":81,"play_id":"3ebea79c-9af4-465d-a58a-1b81f6257b52","local_time":"20210211000830","is_ascension_mode":false,"campfire_choices":[{"floor":10,"key":"REST"}],"circlet_count":0,"master_deck":["HollowMod:NailStrikeStart","HollowMod:NailStrikeStart","HollowMod:NailStrikeStart","HollowMod:QuickDashStart","HollowMod:QuickDashStart","HollowMod:QuickDashStart","HollowMod:FocusHealStart","HollowMod:PogoStrike","HollowMod:ChannelNail","HollowMod:SoulSplash","HollowMod:VengefulVoid"],"relics":["Busted Crown","Hallownest:DreamNailRelic","HollowMod:MillibellesNoteRelic","White Beast Statue","Bag of Preparation"],"acts_visited":["Exordium"],"potions_floor_usage":[],"damage_taken":[{"damage":0,"enemies":"Hallownest:monsterHuskWarrior","floor":1,"turns":3},{"damage":0,"enemies":"Hallownest:monsterMarmu","floor":3,"turns":8},{"damage":0,"enemies":"Hallownest:2_Baldur","floor":5,"turns":4},{"damage":18,"enemies":"Hallownest:eliteCrystalGuardian","floor":6,"turns":6},{"damage":6,"enemies":"2_ Uuma","floor":7,"turns":4},{"damage":27,"enemies":"Hallownest:eliteMossKnight","floor":8,"turns":25},{"damage":0,"enemies":"Hallownest:eliteVengeflyKing","floor":11,"turns":4}],"seed_played":"535774832979574892","potions_obtained":[{"floor":6,"key":"EssenceOfSteel"},{"floor":7,"key":"LiquidMemories"},{"floor":8,"key":"Strength Potion"}],"is_trial":false,"path_per_floor":["M","?","?","?","M","E","M","E","T","R","E"],"character_chosen":"THE_BUGKNIGHT","items_purchased":[],"campfire_rested":1,"item_purchase_floors":[],"current_hp_per_floor":[75,75,75,75,75,57,51,24,24,46,46,46],"gold":194,"neow_bonus":"BOSS_RELIC","is_daily":false,"chose_seed":false,"campfire_upgraded":0,"win_rate":0.0,"timestamp":1613020110,"path_taken":["M","?","?","?","M","E","M","E","T","R","E"],"items_purchased_type":[],"build_version":"2020-12-22","purchased_purges":0,"victory":false,"max_hp_per_floor":[75,75,75,75,75,75,75,75,75,75,75,75],"card_choices":[{"not_picked":["HollowMod:InfectedAttack"],"picked":"SKIP","floor":1},{"not_picked":["HollowMod:VengefulVoid"],"picked":"SKIP","floor":5},{"not_picked":[],"picked":"HollowMod:ChannelNail","floor":6},{"not_picked":[],"picked":"HollowMod:SoulSplash","floor":7},{"not_picked":[],"picked":"HollowMod:VengefulVoid","floor":8}],"player_experience":313068,"relics_obtained":[{"floor":6,"key":"HollowMod:MillibellesNoteRelic"},{"floor":8,"key":"White Beast Statue"},{"floor":9,"key":"Bag of Preparation"}],"event_choices":[],"is_beta":false,"boss_relics":[],"items_purged_floors":[],"is_endless":false,"potions_floor_spawned":[3,6,7,8],"killed_by":"Hallownest:eliteVengeflyKing","ascension_level":0}}