{"host":"ynimr9ugvc6f046i","time":1613034878,"event":{"mods":["2.2 Compatiblity","BaseMod","Colored Map","DeckTracker","Highlight Path","Keyboard Shortcuts","Minty Spire (QoL Compilation)","Permanent Neow","Quick Restart","StSLib","SuperFastMode"],"gold_per_floor":[11,11,86,99,117,117,151,68,94,125,142,159,174,191,191,269,269,286,46,46,58,69,100,112,112,138,38,38,38,70,93,93,170,170,186,186,199,215,215,215,250,269,269,269,282,157,182,197,197,197,197,197,197,112,141,141],"floor_reached":57,"language":"KOR","playtime":2302,"items_purged":["Strike_P","Strike_P","Strike_P+1"],"score":2878,"play_id":"15971739-8eda-4cb7-b07b-b5462a90cdef","local_time":"20210211181438","is_ascension_mode":true,"campfire_choices":[{"data":"Eruption","floor":6.0,"key":"SMITH"},{"floor":15.0,"key":"REST"},{"floor":25.0,"key":"REST"},{"floor":28.0,"key":"REST"},{"floor":32.0,"key":"RECALL"},{"floor":40.0,"key":"REST"},{"floor":44.0,"key":"REST"},{"floor":49.0,"key":"REST"},{"floor":53,"key":"REST"}],"circlet_count":0,"master_deck":["AscendersBane","Strike_P+1","Defend_P+1","Defend_P","Eruption+1","Vigilance+1","Apotheosis+1","Ragnarok","FearNoEvil","MentalFortress","Adaptation","EmptyFist+1","Vault","Scrawl","Adaptation"],"relics":["PureWater","Bag of Marbles","MealTicket","Molten Egg 2","Bottled Lightning","Black Star","Medical Kit","Kunai","Whetstone","Pen Nib","War Paint","Pantograph","Toy Ornithopter","Empty Cage","Torii","Toxic Egg 2","Anchor","Meat on the Bone","FossilizedHelix","Yang"],"acts_visited":["Exordium","TheCity","TheBeyond","TheEnding"],"potions_floor_usage":[56],"damage_taken":[{"damage":7.0,"enemies":"2 Louse","floor":1.0,"turns":3.0},{"damage":0.0,"enemies":"Jaw Worm","floor":4.0,"turns":3.0},{"damage":3.0,"enemies":"Small Slimes","floor":5.0,"turns":5.0},{"damage":8.0,"enemies":"3 Sentries","floor":7.0,"turns":9.0},{"damage":0.0,"enemies":"Lagavulin","floor":10.0,"turns":3.0},{"damage":10.0,"enemies":"Blue Slaver","floor":11.0,"turns":4.0},{"damage":6.0,"enemies":"3 Louse","floor":12.0,"turns":5.0},{"damage":0.0,"enemies":"Red Slaver","floor":13.0,"turns":1.0},{"damage":0.0,"enemies":"Exordium Wildlife","floor":14.0,"turns":1.0},{"damage":10.0,"enemies":"Slime Boss","floor":16.0,"turns":8.0},{"damage":0.0,"enemies":"Chosen","floor":18.0,"turns":3.0},{"damage":13.0,"enemies":"2 Thieves","floor":21.0,"turns":3.0},{"damage":0.0,"enemies":"Centurion and Healer","floor":22.0,"turns":3.0},{"damage":38.0,"enemies":"Book of Stabbing","floor":23.0,"turns":5.0},{"damage":12.0,"enemies":"Snecko","floor":24.0,"turns":4.0},{"damage":10.0,"enemies":"Gremlin Leader","floor":30.0,"turns":7.0},{"damage":13.0,"enemies":"Champ","floor":33.0,"turns":6.0},{"damage":22.0,"enemies":"3 Shapes","floor":35.0,"turns":6.0},{"damage":0.0,"enemies":"3 Darklings","floor":37.0,"turns":5.0},{"damage":6.0,"enemies":"Sphere and 2 Shapes","floor":38.0,"turns":4.0},{"damage":19.0,"enemies":"Reptomancer","floor":41.0,"turns":6.0},{"damage":13.0,"enemies":"Jaw Worm Horde","floor":42.0,"turns":3.0},{"damage":0.0,"enemies":"Spire Growth","floor":45.0,"turns":2.0},{"damage":0.0,"enemies":"Giant Head","floor":47.0,"turns":2.0},{"damage":1.0,"enemies":"Sphere and 2 Shapes","floor":48.0,"turns":5.0},{"damage":63,"enemies":"Donu and Deca","floor":50,"turns":7},{"damage":36,"enemies":"Time Eater","floor":51,"turns":5},{"damage":2,"enemies":"Shield and Spear","floor":55,"turns":5},{"damage":30,"enemies":"The Heart","floor":56,"turns":13}],"seed_played":"6890534068580797248","potions_obtained":[{"floor":5.0,"key":"Explosive Potion"},{"floor":7.0,"key":"Energy Potion"},{"floor":10.0,"key":"Explosive Potion"},{"floor":22.0,"key":"BottledMiracle"},{"floor":23.0,"key":"FearPotion"},{"floor":24.0,"key":"Ambrosia"},{"floor":39.0,"key":"FairyPotion"},{"floor":41.0,"key":"Ancient Potion"}],"is_trial":false,"path_per_floor":["M","?","?","M","M","R","E","$","T","E","M","M","M","M","R","B",null,"M","$","?","M","M","E","M","R","T","$","R","?","E","T","R","B",null,"M","?","M","M","?","R","E","M","T","R","M","$","E","M","R","B","B",null,"R","$","E","B",null],"character_chosen":"WATCHER","items_purchased":["FearNoEvil","Medical Kit","Adaptation"],"campfire_rested":7,"item_purchase_floors":[8,19,54],"current_hp_per_floor":[54,54,43,43,40,40,32,32,32,32,22,16,16,16,36,26,58,58,68,68,55,55,17,5,25,25,40,60,60,50,50,50,60,66,44,44,44,38,38,57,43,30,30,49,49,64,64,63,65,25,26,55,65,65,63,40],"gold":141,"neow_bonus":"RANDOM_COLORLESS_2","is_daily":false,"chose_seed":false,"campfire_upgraded":1,"win_rate":0.0,"timestamp":1613034878,"path_taken":["M","?","?","M","M","R","E","?","T","E","M","M","M","M","R","BOSS","M","$","?","M","M","E","M","R","T","$","R","?","E","?","R","BOSS","M","?","M","M","?","R","E","M","T","R","?","$","E","M","R","BOSS","BOSS","R","$","E","BOSS"],"items_purchased_type":["Card","Relic","Card"],"build_version":"2020-12-22","purchased_purges":3,"victory":true,"max_hp_per_floor":[68,68,68,68,68,68,68,68,68,68,68,68,68,68,68,68,68,68,68,68,68,68,68,68,68,68,68,68,68,68,68,68,68,68,68,65,65,65,65,65,65,65,65,65,65,65,65,65,65,65,65,65,65,65,65,65],"card_choices":[{"not_picked":["HandOfGreed","Secret Technique"],"picked":"Apotheosis","floor":0.0},{"not_picked":["ForeignInfluence","Protect","Crescendo"],"picked":"SKIP","floor":1.0},{"not_picked":["Protect","Evaluate","Prostrate"],"picked":"SKIP","floor":4.0},{"not_picked":["Pray","JustLucky","BattleHymn"],"picked":"SKIP","floor":5.0},{"not_picked":["FlurryOfBlows","Wallop"],"picked":"Ragnarok","floor":7.0},{"not_picked":["CrushJoints+1","LikeWater"],"picked":"MentalFortress","floor":10.0},{"not_picked":["Pray","BattleHymn"],"picked":"Adaptation","floor":11.0},{"not_picked":["ForeignInfluence","Prostrate"],"picked":"EmptyFist+1","floor":12.0},{"not_picked":["WreathOfFlame","EmptyBody","FlyingSleeves+1"],"picked":"SKIP","floor":13.0},{"not_picked":["FlurryOfBlows+1","Collect","DeceiveReality"],"picked":"SKIP","floor":14.0},{"not_picked":["FlurryOfBlows+1","Collect","DeceiveReality"],"picked":"SKIP","floor":14.0},{"not_picked":["FlurryOfBlows+1","Collect","DeceiveReality"],"picked":"SKIP","floor":14.0},{"not_picked":["FlyingSleeves+1","EmptyMind","CutThroughFate+1"],"picked":"SKIP","floor":18.0},{"not_picked":["ThirdEye","Crescendo","PathToVictory"],"picked":"SKIP","floor":21.0},{"not_picked":["WindmillStrike+1","Indignation","Prostrate"],"picked":"SKIP","floor":22.0},{"not_picked":["Protect","InnerPeace","Crescendo"],"picked":"SKIP","floor":23.0},{"not_picked":["ReachHeaven+1","SashWhip+1"],"picked":"Vault","floor":24.0},{"not_picked":["JustLucky+1","DeusExMachina","EmptyFist+1"],"picked":"SKIP","floor":30.0},{"not_picked":["SpiritShield","Devotion"],"picked":"Scrawl","floor":33.0},{"not_picked":["DeceiveReality","FollowUp+1","ReachHeaven+1"],"picked":"SKIP","floor":35.0},{"not_picked":["PathToVictory+1","Fasting2","CrushJoints+1"],"picked":"SKIP","floor":37.0},{"not_picked":["PathToVictory+1","Fasting2","CrushJoints+1"],"picked":"SKIP","floor":37.0},{"not_picked":["Swivel","EmptyBody+1","CarveReality+1"],"picked":"SKIP","floor":38.0},{"not_picked":["WaveOfTheHand+1","BattleHymn","Omniscience+1"],"picked":"SKIP","floor":41.0},{"not_picked":["WaveOfTheHand+1","BattleHymn","Omniscience+1"],"picked":"SKIP","floor":41.0},{"not_picked":["JustLucky+1","FlurryOfBlows+1","WindmillStrike+1"],"picked":"SKIP","floor":42.0},{"not_picked":["PathToVictory+1","WreathOfFlame+1","Fasting2"],"picked":"SKIP","floor":45.0},{"not_picked":["Consecrate+1","Prostrate+1","DeceiveReality+1"],"picked":"SKIP","floor":47.0},{"not_picked":["CutThroughFate+1","BattleHymn","CrushJoints+1"],"picked":"SKIP","floor":48.0},{"not_picked":["Brilliance+1","Consecrate+1","Conclude+1"],"picked":"SKIP","floor":55}],"player_experience":576298,"relics_obtained":[{"floor":7.0,"key":"Bag of Marbles"},{"floor":9.0,"key":"MealTicket"},{"floor":10.0,"key":"Molten Egg 2"},{"floor":23.0,"key":"Kunai"},{"floor":23.0,"key":"Whetstone"},{"floor":26.0,"key":"Pen Nib"},{"floor":30.0,"key":"War Paint"},{"floor":30.0,"key":"Pantograph"},{"floor":31.0,"key":"Toy Ornithopter"},{"floor":41.0,"key":"Torii"},{"floor":41.0,"key":"Toxic Egg 2"},{"floor":47.0,"key":"Anchor"},{"floor":47.0,"key":"Meat on the Bone"},{"floor":55,"key":"FossilizedHelix"},{"floor":55,"key":"Yang"}],"event_choices":[{"damage_healed":0.0,"max_hp_gain":0.0,"max_hp_loss":0.0,"gold_gain":0.0,"event_name":"Living Wall","player_choice":"Grow","floor":2.0,"gold_loss":0.0,"damage_taken":0.0,"cards_upgraded":["Apotheosis"]},{"damage_healed":0.0,"max_hp_gain":0.0,"max_hp_loss":0.0,"gold_gain":75.0,"event_name":"World of Goop","player_choice":"Gather Gold","floor":3.0,"gold_loss":0.0,"damage_taken":11.0},{"damage_healed":0.0,"max_hp_gain":0.0,"max_hp_loss":0.0,"gold_gain":0.0,"event_name":"The Mausoleum","player_choice":"Ignored","floor":20.0,"gold_loss":0.0,"damage_taken":0.0},{"damage_healed":0.0,"max_hp_gain":0.0,"max_hp_loss":0.0,"gold_gain":0.0,"event_name":"Vampires","player_choice":"Ignored","floor":29.0,"gold_loss":0.0,"damage_taken":0.0},{"damage_healed":0.0,"max_hp_gain":0.0,"max_hp_loss":3.0,"gold_gain":0.0,"event_name":"Winding Halls","player_choice":"Max HP","floor":36.0,"gold_loss":0.0,"damage_taken":0.0},{"damage_healed":0.0,"max_hp_gain":0.0,"max_hp_loss":0.0,"gold_gain":0.0,"event_name":"Lab","player_choice":"Got Potions","floor":39.0,"gold_loss":0.0,"damage_taken":0.0}],"is_beta":false,"boss_relics":[{"not_picked":["Cursed Key","Calling Bell"],"picked":"Black Star"},{"not_picked":["Philosopher\u0027s Stone","VioletLotus"],"picked":"Empty Cage"}],"items_purged_floors":[19,27,46],"is_endless":false,"potions_floor_spawned":[5,7,10,13,22,23,24,41,42,45,48,55],"ascension_level":20}}