{"host":"3jpcvpprzj9sjffh","time":1613037831,"event":{"mods":["AchievementEnabler","BaseMod","Colored Map","Minty Spire (QoL Compilation)","Rare Cards Sparkle","SuperFastMode","everything is the same but u backflip on backflip"],"gold_per_floor":[112,2,2,102,117,117,140,192,241,241,263,263,298,298,298,298,298],"floor_reached":16,"language":"KOR","playtime":526,"items_purged":["Defend_R"],"score":108,"play_id":"87058b0a-e528-4dbd-b3b5-6d3219bbb781","local_time":"20210211190351","is_ascension_mode":false,"campfire_choices":[{"data":"Bash","floor":10,"key":"SMITH"},{"data":"Fire Breathing","floor":12,"key":"SMITH"},{"floor":15,"key":"REST"}],"circlet_count":0,"master_deck":["Strike_R","Strike_R","Strike_R","Strike_R","Strike_R+1","Defend_R","Defend_R","Defend_R","Bash+1","Shockwave","Fire Breathing+1","Second Wind+1","Sword Boomerang","Discovery","Pommel Strike","Anger","Pummel"],"relics":["Burning Blood","Golden Idol","CeramicFish","Tiny Chest","Bag of Marbles"],"acts_visited":["Exordium"],"potions_floor_usage":[8,16],"damage_taken":[{"damage":6,"enemies":"Jaw Worm","floor":1,"turns":4},{"damage":15,"enemies":"Small Slimes","floor":5,"turns":4},{"damage":0,"enemies":"Cultist","floor":7,"turns":4},{"damage":14,"enemies":"Gremlin Nob","floor":8,"turns":3},{"damage":10,"enemies":"Looter","floor":11,"turns":3},{"damage":31,"enemies":"3 Sentries","floor":13,"turns":4},{"damage":34,"enemies":"Hexaghost","floor":16,"turns":9}],"seed_played":"7768043426001520972","potions_obtained":[{"floor":1,"key":"AttackPotion"},{"floor":11,"key":"Swift Potion"}],"is_trial":false,"path_per_floor":["M","$","?","?","M","?","M","E","T","R","M","R","E","?","R","B"],"character_chosen":"IRONCLAD","items_purchased":["Fire Breathing"],"campfire_rested":1,"item_purchase_floors":[2],"current_hp_per_floor":[88,88,66,66,57,57,63,55,55,55,51,51,26,8,34,0,0],"gold":298,"neow_bonus":"TEN_PERCENT_HP_BONUS","is_daily":false,"chose_seed":false,"campfire_upgraded":2,"win_rate":0.0,"timestamp":1613037831,"path_taken":["M","$","?","?","?","?","?","E","T","R","M","R","E","?","R","BOSS"],"items_purchased_type":["Card"],"build_version":"2020-12-22","purchased_purges":1,"victory":false,"max_hp_per_floor":[88,88,88,88,88,88,88,88,88,88,88,88,88,88,88,88,88],"card_choices":[{"not_picked":["Infernal Blade","Clash"],"picked":"Shockwave","floor":1},{"not_picked":["Pommel Strike","Shrug It Off"],"picked":"Second Wind","floor":5},{"not_picked":["Ghostly Armor","Shrug It Off"],"picked":"Pommel Strike","floor":7},{"not_picked":["Iron Wave","True Grit"],"picked":"Anger","floor":8},{"not_picked":["Whirlwind","Sword Boomerang"],"picked":"Pummel","floor":11},{"not_picked":["Clash","Clothesline","Hemokinesis"],"picked":"SKIP","floor":13}],"player_experience":312171,"relics_obtained":[{"floor":8,"key":"CeramicFish"},{"floor":9,"key":"Tiny Chest"},{"floor":13,"key":"Bag of Marbles"}],"event_choices":[{"damage_healed":0,"gold_gain":0,"player_choice":"Take Damage","damage_taken":22,"relics_obtained":["Golden Idol"],"max_hp_gain":0,"max_hp_loss":0,"event_name":"Golden Idol","floor":3,"gold_loss":0},{"damage_healed":0,"gold_gain":100,"player_choice":"Pray","damage_taken":0,"max_hp_gain":0,"max_hp_loss":0,"event_name":"Golden Shrine","floor":4,"gold_loss":0},{"damage_healed":0,"gold_gain":0,"player_choice":"2 cards matched","damage_taken":0,"max_hp_gain":0,"max_hp_loss":0,"event_name":"Match and Keep!","floor":6,"gold_loss":0,"cards_obtained":["Sword Boomerang","Discovery"]},{"damage_healed":0,"gold_gain":0,"player_choice":"Entered Light","damage_taken":18,"max_hp_gain":0,"max_hp_loss":0,"event_name":"Shining Light","floor":14,"gold_loss":0,"cards_upgraded":["Strike_R","Second Wind"]}],"is_beta":false,"boss_relics":[],"items_purged_floors":[2],"is_endless":false,"potions_floor_spawned":[1,11],"killed_by":"Hexaghost","ascension_level":0}}