{"host":"vex7walpoxzv48nx","time":1613086895,"event":{"mods":["AchievementEnabler","BaseMod","Highlight Path","Minty Spire (QoL Compilation)","Permanent Neow","Quick Restart","StSLib","UnlockEverythingMod"],"gold_per_floor":[119,137,137,155,155,155,155,186,211,255,255,308,2,2,2,2,2],"floor_reached":16,"language":"ENG","playtime":848,"items_purged":["Defend_P"],"score":250,"play_id":"380f4c58-3e37-4c88-9a5f-2c5055130769","local_time":"20210212004135","is_ascension_mode":true,"campfire_choices":[{"floor":6.0,"key":"REST"},{"data":"Wish","floor":11.0,"key":"SMITH"},{"data":"Blasphemy","floor":15.0,"key":"SMITH"}],"circlet_count":0,"master_deck":["AscendersBane","Strike_P","Strike_P+1","Strike_P","Strike_P","Defend_P","Defend_P+1","Defend_P","Eruption+1","Vigilance","FlurryOfBlows+1","EmptyBody","Crescendo","Wish+1","Indignation","Blasphemy+1","Wallop","FlurryOfBlows"],"relics":["PureWater","Golden Idol","Oddly Smooth Stone","Bronze Scales"],"acts_visited":["Exordium"],"potions_floor_usage":[],"damage_taken":[{"damage":5.0,"enemies":"Small Slimes","floor":1.0,"turns":3.0},{"damage":5.0,"enemies":"2 Louse","floor":2.0,"turns":4.0},{"damage":0.0,"enemies":"Jaw Worm","floor":4.0,"turns":1.0},{"damage":0.0,"enemies":"3 Sentries","floor":8.0,"turns":4.0},{"damage":5.0,"enemies":"Looter","floor":10.0,"turns":3.0},{"damage":0.0,"enemies":"Blue Slaver","floor":12.0,"turns":2.0},{"damage":9,"enemies":"The Guardian","floor":16,"turns":8}],"seed_played":"-3679508098460010486","potions_obtained":[{"floor":2.0,"key":"DistilledChaos"},{"floor":4.0,"key":"Explosive Potion"},{"floor":10.0,"key":"Strength Potion"},{"floor":12.0,"key":"Strength Potion"}],"is_trial":false,"path_per_floor":["M","M","?","M","?","R","?","E","T","M","R","M","$","?","R","B"],"character_chosen":"WATCHER","items_purchased":["Blasphemy","Wallop","FlurryOfBlows"],"campfire_rested":1,"item_purchase_floors":[13,13,13],"current_hp_per_floor":[56,51,51,51,31,51,51,51,51,46,46,46,46,51,51,42,42],"gold":2,"neow_bonus":"UPGRADE_CARD","is_daily":false,"chose_seed":false,"campfire_upgraded":2,"win_rate":0.0,"timestamp":1613086895,"path_taken":["M","M","?","M","?","R","?","E","T","M","R","M","$","?","R","BOSS"],"items_purchased_type":["Card","Card","Card"],"build_version":"2020-12-22","purchased_purges":1,"victory":false,"max_hp_per_floor":[68,68,68,68,68,68,62,62,62,62,62,62,62,67,67,67,67],"card_choices":[{"not_picked":["Prostrate","ClearTheMind"],"picked":"FlurryOfBlows","floor":1.0},{"not_picked":["ClearTheMind","MentalFortress"],"picked":"EmptyBody","floor":2.0},{"not_picked":["FollowUp","PathToVictory"],"picked":"Crescendo","floor":4.0},{"not_picked":["Wallop","Crescendo"],"picked":"Wish","floor":8.0},{"not_picked":["Prostrate","Crescendo","Evaluate"],"picked":"SKIP","floor":10.0},{"not_picked":["SandsOfTime","ClearTheMind"],"picked":"Indignation","floor":12.0}],"player_experience":311293,"relics_obtained":[{"floor":8.0,"key":"Oddly Smooth Stone"},{"floor":9.0,"key":"Bronze Scales"}],"event_choices":[{"damage_healed":0.0,"max_hp_gain":0.0,"max_hp_loss":0.0,"gold_gain":0.0,"event_name":"Living Wall","player_choice":"Grow","floor":3.0,"gold_loss":0.0,"damage_taken":0.0,"cards_upgraded":["FlurryOfBlows"]},{"damage_healed":0.0,"max_hp_gain":0.0,"max_hp_loss":0.0,"gold_gain":0.0,"event_name":"Shining Light","player_choice":"Entered Light","floor":5.0,"gold_loss":0.0,"damage_taken":20.0,"cards_upgraded":["Strike_P","Defend_P"]},{"damage_healed":0.0,"max_hp_gain":0.0,"max_hp_loss":6.0,"gold_gain":0.0,"event_name":"Golden Idol","player_choice":"Lose Max HP","floor":7.0,"gold_loss":0.0,"damage_taken":0.0,"relics_obtained":["Golden Idol"]},{"damage_healed":0.0,"max_hp_gain":5.0,"max_hp_loss":0.0,"gold_gain":0.0,"event_name":"Big Fish","player_choice":"Donut","floor":14.0,"gold_loss":0.0,"damage_taken":0.0}],"is_beta":false,"boss_relics":[],"items_purged_floors":[13],"is_endless":false,"potions_floor_spawned":[2,4,10,12],"killed_by":"The Guardian","ascension_level":20}}