{"host":"jz4ul6vrcxqkcr33","time":1613064269,"event":{"mods":["BaseMod","Minty Spire (QoL Compilation)","StSLib"],"gold_per_floor":[109,109,128,78,90,90,108,140,166,197,216,226,249,264,264,359,359,342,342,342,360,145,174,174,204,204,204,52,66,66,76,76,172,172,189,189,201,201,215,250,250,126,190,32,46,63,63,89,89,89,89],"floor_reached":50,"language":"ENG","playtime":2302,"items_purged":[],"score":715,"play_id":"79e153da-008c-4886-aa91-a498d1908eab","local_time":"20210211122429","is_ascension_mode":true,"campfire_choices":[{"data":"Dash","floor":6.0,"key":"SMITH"},{"data":"Accuracy","floor":15.0,"key":"SMITH"},{"floor":24.0,"key":"REST"},{"data":"J.A.X.","floor":27.0,"key":"SMITH"},{"data":"Storm of Steel","floor":30.0,"key":"SMITH"},{"floor":32.0,"key":"REST"},{"floor":41,"key":"REST"},{"floor":47,"key":"REST"},{"floor":49,"key":"REST"}],"circlet_count":0,"master_deck":["Strike_G","Strike_G","Strike_G","Strike_G","Defend_G","Defend_G","Defend_G","Defend_G","Defend_G","Survivor","Neutralize","Dash","Acrobatics","Dash+1","Cloak And Dagger","Footwork","Infinite Blades","Finisher","Dodge and Roll","Accuracy+1","Die Die Die","Tactician","Storm of Steel+1","Dagger Throw+1","J.A.X.+1","A Thousand Cuts","Dodge and Roll+1","Infinite Blades","PiercingWail+1","Prepared+1","Shame","Sucker Punch","Malaise","Die Die Die","Backstab+1","Eviscerate+1","Blind","Caltrops+1","Expertise+1","Deflect+1","Regret","Blade Dance","Tactician","Blade Dance+1","Leg Sweep+1","Blade Dance+1","Eviscerate+1"],"relics":["Ring of the Snake","Centennial Puzzle","Regal Pillow","Blood Vial","Odd Mushroom","Cursed Key","Pen Nib","Anchor","Strawberry","Mercury Hourglass","Happy Flower","HoveringKite","Dream Catcher","MawBank","Akabeko","HandDrill","Sundial"],"acts_visited":["TheCity","TheBeyond"],"potions_floor_usage":[48,50],"damage_taken":[{"damage":0.0,"enemies":"Small Slimes","floor":1.0,"turns":5.0},{"damage":0.0,"enemies":"2 Louse","floor":3.0,"turns":3.0},{"damage":1.0,"enemies":"Jaw Worm","floor":5.0,"turns":6.0},{"damage":4.0,"enemies":"Gremlin Gang","floor":7.0,"turns":7.0},{"damage":13.0,"enemies":"Gremlin Nob","floor":8.0,"turns":5.0},{"damage":9.0,"enemies":"3 Sentries","floor":10.0,"turns":11.0},{"damage":5.0,"enemies":"Exordium Wildlife","floor":11.0,"turns":7.0},{"damage":4.0,"enemies":"3 Louse","floor":12.0,"turns":4.0},{"damage":16.0,"enemies":"The Mushroom Lair","floor":13.0,"turns":5.0},{"damage":1.0,"enemies":"Gremlin Gang","floor":14.0,"turns":4.0},{"damage":41.0,"enemies":"The Guardian","floor":16.0,"turns":13.0},{"damage":1.0,"enemies":"2 Thieves","floor":18.0,"turns":4.0},{"damage":4.0,"enemies":"3 Byrds","floor":21.0,"turns":3.0},{"damage":32.0,"enemies":"Slavers","floor":23.0,"turns":5.0},{"damage":12.0,"enemies":"Book of Stabbing","floor":25.0,"turns":5.0},{"damage":13.0,"enemies":"Shelled Parasite and Fungi","floor":29.0,"turns":4.0},{"damage":3.0,"enemies":"Centurion and Healer","floor":31.0,"turns":3.0},{"damage":59.0,"enemies":"Automaton","floor":33.0,"turns":8.0},{"damage":3.0,"enemies":"Orb Walker","floor":35.0,"turns":3.0},{"damage":0.0,"enemies":"3 Shapes","floor":37.0,"turns":3.0},{"damage":3.0,"enemies":"Writhing Mass","floor":39.0,"turns":7.0},{"damage":21,"enemies":"Reptomancer","floor":40,"turns":5},{"damage":37,"enemies":"Maw","floor":45,"turns":8},{"damage":20,"enemies":"Sphere and 2 Shapes","floor":46,"turns":4},{"damage":38,"enemies":"Giant Head","floor":48,"turns":6},{"damage":85,"enemies":"Awakened One","floor":50,"turns":7}],"seed_played":"-1512058262668841335","potions_obtained":[{"floor":7.0,"key":"DistilledChaos"},{"floor":8.0,"key":"Swift Potion"},{"floor":10.0,"key":"Regen Potion"},{"floor":12.0,"key":"FearPotion"},{"floor":13.0,"key":"Dexterity Potion"},{"floor":18.0,"key":"ColorlessPotion"},{"floor":25.0,"key":"Explosive Potion"},{"floor":29.0,"key":"Strength Potion"},{"floor":45,"key":"PowerPotion"},{"floor":48,"key":"Block Potion"}],"is_trial":false,"path_per_floor":["M","?","M","?","M","R","M","E","T","E","M","M","?","M","R","B",null,"M","?","?","M","$","E","R","E","T","R","$","M","R","M","R","B",null,"M","?","M","?","M","E","R","?","T","$","M","M","R","E","R","B"],"character_chosen":"THE_SILENT","items_purchased":["Pen Nib","Infinite Blades","Happy Flower","HandDrill","Blade Dance"],"campfire_rested":5,"item_purchase_floors":[22,22,28,44,44],"current_hp_per_floor":[70,75,75,75,74,74,70,57,57,48,60,58,44,45,45,6,58,59,59,59,57,57,27,64,61,61,61,61,50,50,49,82,23,67,66,66,68,68,67,48,82,82,82,82,45,27,66,30,69,0,0],"gold":89,"neow_bonus":"THREE_CARDS","is_daily":false,"chose_seed":false,"campfire_upgraded":4,"win_rate":0.0,"timestamp":1613064269,"path_taken":["M","?","M","?","M","R","M","E","T","E","M","M","?","M","R","BOSS","M","?","?","M","$","E","R","E","T","R","$","?","R","M","R","BOSS","M","?","M","?","M","E","R","?","T","$","M","M","R","E","R","BOSS"],"items_purchased_type":["Relic","Card","Relic","Relic","Card"],"build_version":"2020-12-13","purchased_purges":0,"victory":false,"max_hp_per_floor":[70,75,75,75,75,75,75,75,75,75,75,75,75,75,75,75,75,75,75,75,75,75,75,75,82,82,82,82,82,82,82,82,82,82,82,82,82,82,82,82,82,82,82,82,82,82,82,82,82,82,82],"card_choices":[{"not_picked":["Crippling Poison","Slice"],"picked":"Dash","floor":0.0},{"not_picked":["Backflip","Slice"],"picked":"Acrobatics","floor":1.0},{"not_picked":["Deadly Poison","Flechettes"],"picked":"Dash","floor":3.0},{"not_picked":["Catalyst","Backflip"],"picked":"Cloak And Dagger","floor":5.0},{"not_picked":["Slice","Bouncing Flask"],"picked":"Footwork","floor":7.0},{"not_picked":["Caltrops","Eviscerate"],"picked":"Infinite Blades","floor":8.0},{"not_picked":["Caltrops","Acrobatics"],"picked":"Finisher","floor":10.0},{"not_picked":["Slice","Underhanded Strike"],"picked":"Dodge and Roll","floor":11.0},{"not_picked":["Prepared","Backflip"],"picked":"Accuracy","floor":12.0},{"not_picked":["Outmaneuver","Finisher"],"picked":"Die Die Die","floor":13.0},{"not_picked":["Catalyst","Deadly Poison"],"picked":"Tactician","floor":14.0},{"not_picked":["Tools of the Trade","Doppelganger"],"picked":"Storm of Steel","floor":16.0},{"not_picked":["Flying Knee","Finisher"],"picked":"Dagger Throw+1","floor":18.0},{"not_picked":["Endless Agony","Quick Slash"],"picked":"Dodge and Roll+1","floor":21.0},{"not_picked":["Die Die Die","Acrobatics+1"],"picked":"PiercingWail+1","floor":23.0},{"not_picked":["Tactician","Corpse Explosion"],"picked":"Prepared+1","floor":25.0},{"not_picked":["Quick Slash","Poisoned Stab"],"picked":"Sucker Punch","floor":29.0},{"not_picked":["PiercingWail+1","Prepared"],"picked":"Malaise","floor":31.0},{"not_picked":["Malaise","Bullet Time"],"picked":"Die Die Die","floor":33.0},{"not_picked":["Bane+1","Catalyst+1"],"picked":"Backstab+1","floor":35.0},{"not_picked":["Footwork","Dagger Throw"],"picked":"Eviscerate+1","floor":37.0},{"not_picked":["Impatience","Purity"],"picked":"Blind","floor":38.0},{"not_picked":["Endless Agony+1","Reflex"],"picked":"Caltrops+1","floor":39},{"not_picked":["Flechettes+1","Outmaneuver"],"picked":"Expertise+1","floor":40},{"not_picked":["Concentrate+1","Catalyst+1"],"picked":"Deflect+1","floor":41},{"not_picked":["Sucker Punch","Endless Agony+1"],"picked":"Tactician","floor":45},{"not_picked":["Prepared+1","Poisoned Stab+1"],"picked":"Blade Dance+1","floor":46},{"not_picked":["Footwork+1","Deadly Poison+1"],"picked":"Leg Sweep+1","floor":47},{"not_picked":["Tactician","Dodge and Roll+1"],"picked":"Blade Dance+1","floor":48},{"not_picked":["Wraith Form v2","Dodge and Roll+1"],"picked":"Eviscerate+1","floor":49}],"player_experience":219066,"relics_obtained":[{"floor":8.0,"key":"Centennial Puzzle"},{"floor":9.0,"key":"Regal Pillow"},{"floor":10.0,"key":"Blood Vial"},{"floor":13.0,"key":"Odd Mushroom"},{"floor":23.0,"key":"Anchor"},{"floor":25.0,"key":"Strawberry"},{"floor":26.0,"key":"Mercury Hourglass"},{"floor":40,"key":"Dream Catcher"},{"floor":43,"key":"Akabeko"},{"floor":48,"key":"Sundial"}],"event_choices":[{"damage_healed":0.0,"max_hp_gain":5.0,"max_hp_loss":0.0,"gold_gain":0.0,"event_name":"Big Fish","player_choice":"Donut","floor":2.0,"gold_loss":0.0,"damage_taken":0.0},{"cards_removed":["Strike_G"],"damage_healed":0.0,"max_hp_gain":0.0,"max_hp_loss":0.0,"gold_gain":0.0,"event_name":"The Cleric","player_choice":"Card Removal","floor":4.0,"gold_loss":50.0,"damage_taken":0.0},{"damage_healed":0.0,"max_hp_gain":0.0,"max_hp_loss":0.0,"gold_gain":0.0,"event_name":"Mushrooms","player_choice":"Fought Mushrooms","floor":13.0,"gold_loss":0.0,"damage_taken":0.0},{"damage_healed":0.0,"max_hp_gain":0.0,"max_hp_loss":0.0,"gold_gain":0.0,"event_name":"Drug Dealer","player_choice":"Obtain J.A.X.","floor":19.0,"gold_loss":0.0,"damage_taken":0.0,"cards_obtained":["J.A.X."]},{"damage_healed":0.0,"max_hp_gain":0.0,"max_hp_loss":0.0,"gold_gain":0.0,"event_name":"Match and Keep!","player_choice":"1 cards matched","floor":20.0,"gold_loss":0.0,"damage_taken":0.0,"cards_obtained":["A Thousand Cuts"]},{"damage_healed":0.0,"max_hp_gain":0.0,"max_hp_loss":0.0,"gold_gain":0.0,"event_name":"Tomb of Lord Red Mask","player_choice":"Ignored","floor":36.0,"gold_loss":0.0,"damage_taken":0.0},{"damage_healed":0.0,"max_hp_gain":0.0,"max_hp_loss":0.0,"gold_gain":0.0,"event_name":"SensoryStone","player_choice":"Memory 1","floor":38.0,"gold_loss":0.0,"damage_taken":0.0},{"damage_healed":0,"gold_gain":0,"player_choice":"Paid Gold","damage_taken":0,"relics_obtained":["MawBank"],"max_hp_gain":0,"max_hp_loss":0,"event_name":"WeMeetAgain","floor":42,"gold_loss":124}],"is_beta":false,"boss_relics":[{"not_picked":["Tiny House","Velvet Choker"],"picked":"Cursed Key"},{"not_picked":["Ring of the Serpent","Pandora\u0027s Box"],"picked":"HoveringKite"}],"items_purged_floors":[],"is_endless":false,"potions_floor_spawned":[7,8,10,12,13,18,25,29,45,48],"killed_by":"Awakened One","ascension_level":5}}