{"host":"tner83jrcdd0m6a5","time":1613025818,"event":{"mods":["AchievementEnabler","BaseMod","Bestiary","Colored Map","Colored Powertips","DeckTracker","Highlight Path","Keyboard Shortcuts","Minty Spire (QoL Compilation)","Quick Restart","Rare Cards Sparkle","Relic Stats","Slay-I","SuperFastMode"],"gold_per_floor":[118,68,68,86,86,86,104,104,104,114,114,114,114],"floor_reached":12,"language":"ENG","playtime":360,"items_purged":[],"score":82,"play_id":"70553440-7276-449a-9044-4b846d71f83e","local_time":"20210211064338","is_ascension_mode":true,"campfire_choices":[{"data":"Neutralize","floor":6,"key":"SMITH"},{"data":"Adrenaline","floor":11,"key":"SMITH"}],"circlet_count":0,"master_deck":["Strike_G","Strike_G","Defend_G","Defend_G","Defend_G","Defend_G","Defend_G","Survivor","Neutralize+1","Adrenaline+1"],"relics":["Ring of the Snake","Thread and Needle"],"acts_visited":["Exordium"],"potions_floor_usage":[1,12],"damage_taken":[{"damage":4,"enemies":"2 Louse","floor":1,"turns":3},{"damage":5,"enemies":"Small Slimes","floor":4,"turns":6},{"damage":1,"enemies":"Jaw Worm","floor":7,"turns":9},{"damage":0,"enemies":"Blue Slaver","floor":10,"turns":6},{"damage":51,"enemies":"Gremlin Nob","floor":12,"turns":7}],"seed_played":"-5136513620056881939","potions_obtained":[{"floor":1,"key":"Fruit Juice"},{"floor":4,"key":"SneckoOil"}],"is_trial":false,"path_per_floor":["M","?","?","M","?","R","M","?","T","M","R","E"],"character_chosen":"THE_SILENT","items_purchased":[],"campfire_rested":0,"item_purchase_floors":[],"current_hp_per_floor":[50,50,55,50,50,50,49,49,49,49,49,0,0],"gold":114,"neow_bonus":"REMOVE_TWO","is_daily":false,"chose_seed":false,"campfire_upgraded":2,"win_rate":0.0,"timestamp":1613025818,"path_taken":["M","?","?","?","?","R","M","?","T","M","R","E"],"items_purchased_type":[],"build_version":"2020-12-22","purchased_purges":0,"victory":false,"max_hp_per_floor":[75,75,80,80,80,80,80,80,80,80,80,80,80],"relic_stats":{"counters":[5,31],"obtain_stats":[{"Thread and Needle":9,"Ring of the Snake":0},{"Thread and Needle":3,"Ring of the Snake":0},{"Thread and Needle":18,"Ring of the Snake":0}],"Ring of the Snake":[10]},"card_choices":[{"not_picked":["Setup","Reflex","Bane"],"picked":"SKIP","floor":1},{"not_picked":["Prepared","Well Laid Plans","Heel Hook"],"picked":"SKIP","floor":4},{"not_picked":["Dagger Spray","Deflect","Bane"],"picked":"SKIP","floor":7},{"not_picked":["Terror","Sucker Punch"],"picked":"Adrenaline","floor":10}],"player_experience":374823,"relics_obtained":[{"floor":9,"key":"Thread and Needle"}],"event_choices":[{"cards_removed":["Strike_G"],"damage_healed":0,"gold_gain":0,"player_choice":"Card Removal","damage_taken":0,"max_hp_gain":0,"max_hp_loss":0,"event_name":"The Cleric","floor":2,"gold_loss":50},{"damage_healed":0,"gold_gain":0,"player_choice":"Donut","damage_taken":0,"max_hp_gain":5,"max_hp_loss":0,"event_name":"Big Fish","floor":3,"gold_loss":0},{"damage_healed":0,"gold_gain":0,"player_choice":"Ignored","damage_taken":0,"max_hp_gain":0,"max_hp_loss":0,"event_name":"Golden Idol","floor":5,"gold_loss":0},{"damage_healed":0,"gold_gain":0,"player_choice":"Ignored","damage_taken":0,"max_hp_gain":0,"max_hp_loss":0,"event_name":"Liars Game","floor":8,"gold_loss":0}],"is_beta":false,"boss_relics":[],"items_purged_floors":[],"is_endless":false,"potions_floor_spawned":[1,4],"killed_by":"Gremlin Nob","ascension_level":4}}