{"host":"tq99ucv8ezzqzioe","time":1613013247,"event":{"mods":["BaseMod","Colored Map","Downfall","Highlight Path","Minty Spire (QoL Compilation)","StSLib"],"gold_per_floor":[115,115,127,92,10,38,38,38,38,38,56,71,91,106,106,203,203,223,27,27,42,54,54,54],"floor_reached":23,"language":"ENG","playtime":1008,"items_purged":["Strike_B"],"score":340,"play_id":"85484d96-a97b-4417-9521-bd2fab67b785","local_time":"20210210221407","is_ascension_mode":true,"campfire_choices":[{"floor":7,"key":"RECALL"},{"data":"Fusion","floor":10,"key":"SMITH"},{"floor":15,"key":"REST"}],"circlet_count":0,"master_deck":["Strike_B","Strike_B","Strike_B+1","Defend_B","Defend_B","Defend_B+1","Defend_B","Zap+1","Dualcast","Rip and Tear","Cold Snap","Discovery","Fusion+1","Ball Lightning","Capacitor","Defragment+1","Electrodynamics","Ball Lightning","Capacitor","Conserve Battery","Cold Snap","White Noise"],"relics":["Cracked Core","Turnip","Incense Burner","Black Star"],"acts_visited":["Exordium","TheCity"],"potions_floor_usage":[6,16,21,22,23,23],"damage_taken":[{"damage":4,"enemies":"2 Louse","floor":1,"turns":4},{"damage":13,"enemies":"Small Slimes","floor":3,"turns":3},{"damage":18,"enemies":"Lagavulin","floor":6,"turns":5},{"damage":7,"enemies":"Jaw Worm","floor":11,"turns":2},{"damage":0,"enemies":"Exordium Wildlife","floor":12,"turns":2},{"damage":16,"enemies":"Lots of Slimes","floor":13,"turns":2},{"damage":9,"enemies":"3 Louse","floor":14,"turns":3},{"damage":0,"enemies":"The Guardian","floor":16,"turns":10},{"damage":0,"enemies":"Spheric Guardian","floor":18,"turns":3},{"damage":7,"enemies":"Shell Parasite","floor":21,"turns":4},{"damage":42,"enemies":"Shelled Parasite and Fungi","floor":22,"turns":6},{"damage":16,"enemies":"Book of Stabbing","floor":23,"turns":2}],"seed_played":"-8216808776061836873","potions_obtained":[{"floor":1,"key":"PowerPotion"},{"floor":13,"key":"Dexterity Potion"},{"floor":14,"key":"Swift Potion"},{"floor":16,"key":"Weak Potion"},{"floor":18,"key":"Fire Potion"},{"floor":22,"key":"SpeedPotion"}],"is_trial":false,"path_per_floor":["M","?","M","?","$","E","R","?","T","R","M","M","M","M","R","B",null,"M","$","?","M","M","E"],"character_chosen":"DEFECT","items_purchased":["Discovery","Capacitor","Conserve Battery"],"campfire_rested":1,"item_purchase_floors":[5,19,19],"current_hp_per_floor":[64,49,36,54,54,36,36,36,36,36,29,29,13,4,26,26,63,63,63,63,56,14,0,0],"gold":54,"neow_bonus":"UPGRADE_CARD","is_daily":false,"chose_seed":false,"campfire_upgraded":1,"win_rate":0.0,"timestamp":1613013247,"path_taken":["M","?","M","?","$","E","R","?","T","R","M","?","M","M","R","BOSS","M","$","?","M","M","E"],"items_purchased_type":["Card","Card","Card"],"build_version":"2020-12-22","purchased_purges":1,"victory":false,"max_hp_per_floor":[75,75,75,75,75,75,75,75,75,75,75,75,75,75,75,75,75,75,75,75,75,75,75,75],"card_choices":[{"not_picked":["Streamline","Coolheaded"],"picked":"Rip and Tear","floor":1},{"not_picked":["Fusion","Go for the Eyes"],"picked":"Cold Snap","floor":3},{"not_picked":["Redo","Storm"],"picked":"Fusion","floor":6},{"not_picked":["Conserve Battery","Static Discharge"],"picked":"Ball Lightning","floor":11},{"not_picked":["Beam Cell","Loop"],"picked":"Capacitor","floor":12},{"not_picked":["Reprogram","Turbo","Scrape"],"picked":"SKIP","floor":13},{"not_picked":["Beam Cell","Undo"],"picked":"Defragment","floor":14},{"not_picked":["Rainbow","Reboot"],"picked":"Electrodynamics","floor":16},{"not_picked":["Compile Driver+1","Doom and Gloom"],"picked":"Ball Lightning","floor":18},{"not_picked":["Beam Cell","Rebound"],"picked":"Cold Snap","floor":21},{"not_picked":["Aggregate","Rebound+1"],"picked":"White Noise","floor":22}],"player_experience":958215,"relics_obtained":[{"floor":6,"key":"Turnip"},{"floor":9,"key":"Incense Burner"}],"event_choices":[{"damage_healed":0,"gold_gain":0,"player_choice":"Entered Light","damage_taken":15,"max_hp_gain":0,"max_hp_loss":0,"event_name":"Shining Light","floor":2,"gold_loss":0,"cards_upgraded":["Defend_B","Strike_B"]},{"damage_healed":18,"gold_gain":0,"player_choice":"Healed","damage_taken":0,"max_hp_gain":0,"max_hp_loss":0,"event_name":"The Cleric","floor":4,"gold_loss":35},{"damage_healed":0,"gold_gain":0,"player_choice":"Ignored","damage_taken":0,"max_hp_gain":0,"max_hp_loss":0,"event_name":"Liars Game","floor":8,"gold_loss":0},{"damage_healed":0,"gold_gain":0,"player_choice":"Forge","damage_taken":0,"max_hp_gain":0,"max_hp_loss":0,"event_name":"Accursed Blacksmith","floor":20,"gold_loss":0,"cards_upgraded":["Defragment"]}],"is_beta":false,"boss_relics":[{"not_picked":["Ectoplasm","Fusion Hammer"],"picked":"Black Star"}],"items_purged_floors":[19],"is_endless":false,"potions_floor_spawned":[1,13,14,16,18,22],"killed_by":"Book of Stabbing","ascension_level":8}}