{"host":"za1qviwhp34x909e","time":1613042048,"event":{"mods":["BaseMod","Colored Map","Colored Powertips","Highlight Path","Minty Spire (QoL Compilation)","Quick Restart"],"gold_per_floor":[113,113,133,208,28,56,56,88,111,111,130,80,94,10,10,114,114,130,142,165,177,123,156,7,7,32,32,62,78,78,106,106,203,203,213,213,19,42,59,74,74,0,0,27,27,27,27],"floor_reached":46,"language":"ENG","playtime":1959,"items_purged":[],"score":808,"play_id":"bd8fa510-49fe-4ca6-8360-5d4a440f76a2","local_time":"20210211051408","is_ascension_mode":true,"campfire_choices":[{"data":"Loop","floor":7,"key":"SMITH"},{"data":"Self Repair","floor":10,"key":"SMITH"},{"data":"Undo","floor":15,"key":"SMITH"},{"data":"Rainbow","floor":25,"key":"SMITH"},{"floor":32,"key":"REST"},{"floor":41,"key":"REST"},{"data":"Self Repair","floor":45,"key":"SMITH"}],"circlet_count":0,"master_deck":["Defend_B","Defend_B","Defend_B","Defend_B","Zap","Dualcast","Undo+1","Loop+1","Cold Snap","PanicButton","FTL","Self Repair+1","Doom and Gloom","Turbo","Flash of Steel","Multi-Cast","White Noise+1","Hologram","Compile Driver+1","Ball Lightning","Rainbow+1","Biased Cognition","Loop+1","Electrodynamics","FTL+1","Turbo+1","Redo","Coolheaded","Self Repair+1"],"relics":["Cracked Core","Orichalcum","Tiny Chest","Lantern","Turnip","Anchor","Nuclear Battery","Bronze Scales","Pantograph","DataDisk","Bag of Marbles","Ornamental Fan","Happy Flower","Art of War","Astrolabe","Chemical X","Red Mask","Calipers","Oddly Smooth Stone"],"acts_visited":["Exordium","TheCity","TheBeyond"],"potions_floor_usage":[6,6,23,31,40,46],"damage_taken":[{"damage":2,"enemies":"Jaw Worm","floor":1,"turns":4},{"damage":0,"enemies":"Small Slimes","floor":3,"turns":3},{"damage":12,"enemies":"Lagavulin","floor":6,"turns":7},{"damage":4,"enemies":"3 Sentries","floor":8,"turns":8},{"damage":0,"enemies":"2 Louse","floor":11,"turns":3},{"damage":4,"enemies":"Looter","floor":13,"turns":3},{"damage":0,"enemies":"Hexaghost","floor":16,"turns":8},{"damage":20,"enemies":"Shell Parasite","floor":18,"turns":6},{"damage":14,"enemies":"2 Thieves","floor":19,"turns":3},{"damage":0,"enemies":"Centurion and Healer","floor":21,"turns":8},{"damage":32,"enemies":"Slavers","floor":23,"turns":8},{"damage":33,"enemies":"Gremlin Leader","floor":28,"turns":6},{"damage":0,"enemies":"Chosen and Byrds","floor":29,"turns":3},{"damage":20,"enemies":"Book of Stabbing","floor":31,"turns":4},{"damage":43,"enemies":"Collector","floor":33,"turns":10},{"damage":0,"enemies":"3 Shapes","floor":35,"turns":4},{"damage":5,"enemies":"Orb Walker","floor":39,"turns":2},{"damage":73,"enemies":"Writhing Mass","floor":40,"turns":5},{"damage":36,"enemies":"Reptomancer","floor":46,"turns":5}],"seed_played":"-3350648641508747783","potions_obtained":[{"floor":1,"key":"BlessingOfTheForge"},{"floor":3,"key":"ColorlessPotion"},{"floor":6,"key":"GamblersBrew"},{"floor":11,"key":"BlessingOfTheForge"},{"floor":16,"key":"PotionOfCapacity"},{"floor":21,"key":"Dexterity Potion"},{"floor":33,"key":"Ancient Potion"},{"floor":39,"key":"FocusPotion"},{"floor":40,"key":"Weak Potion"}],"is_trial":false,"path_per_floor":["M","?","M","?","$","E","R","E","T","R","M","?","M","$","R","B",null,"M","M","T","M","$","E","$","R","T","$","E","M","T","E","R","B",null,"M","?","$","T","M","M","R","?","T","T","R","E"],"character_chosen":"DEFECT","items_purchased":["Cold Snap","Fire Potion","PanicButton","Flash of Steel","Ball Lightning","DataDisk","Chemical X","Redo"],"campfire_rested":2,"item_purchase_floors":[5,5,5,14,22,24,37,37],"current_hp_per_floor":[66,63,63,52,52,40,40,36,36,36,46,46,52,52,52,62,72,62,58,58,68,68,46,46,46,46,46,23,23,23,13,35,27,63,73,75,75,75,75,12,34,34,34,34,34,0,0],"gold":27,"neow_bonus":"RANDOM_COMMON_RELIC","is_daily":false,"chose_seed":false,"campfire_upgraded":5,"win_rate":0.0,"timestamp":1613042048,"path_taken":["M","?","M","?","?","E","R","E","T","R","M","?","M","$","R","BOSS","M","M","?","?","$","E","?","R","T","$","E","?","?","E","R","BOSS","M","?","$","?","M","M","R","?","T","?","R","E"],"items_purchased_type":["Card","Potion","Card","Card","Card","Relic","Relic","Card"],"build_version":"2020-12-22","purchased_purges":0,"victory":false,"max_hp_per_floor":[75,75,75,75,75,75,75,75,75,75,75,75,75,75,75,75,75,75,75,75,75,75,75,75,75,75,75,75,75,75,75,75,75,75,75,75,75,75,75,75,75,75,75,75,75,75,75],"card_choices":[{"not_picked":["Double Energy","Hello World"],"picked":"Undo","floor":1},{"not_picked":["Chaos","BootSequence"],"picked":"Loop","floor":3},{"not_picked":["Barrage","Steam"],"picked":"FTL","floor":6},{"not_picked":["Rebound","Sweeping Beam"],"picked":"Self Repair","floor":8},{"not_picked":["Steam","Go for the Eyes"],"picked":"Doom and Gloom","floor":11},{"not_picked":["Reprogram","Thunder Strike"],"picked":"Turbo","floor":13},{"not_picked":["All For One","Hyperbeam"],"picked":"Multi-Cast","floor":16},{"not_picked":["BootSequence","Ball Lightning"],"picked":"White Noise+1","floor":18},{"not_picked":["Aggregate","Sweeping Beam"],"picked":"Hologram","floor":19},{"not_picked":["Storm+1","Leap"],"picked":"Compile Driver+1","floor":21},{"not_picked":["Turbo","Cold Snap"],"picked":"Rainbow","floor":23},{"not_picked":["Sunder","Hologram"],"picked":"Biased Cognition","floor":28},{"not_picked":["Chaos","Compile Driver+1"],"picked":"Loop+1","floor":29},{"not_picked":["Recycle","Leap+1","BootSequence"],"picked":"SKIP","floor":31},{"not_picked":["Meteor Strike","Creative AI"],"picked":"Electrodynamics","floor":33},{"not_picked":["Rip and Tear","Go for the Eyes","Beam Cell+1"],"picked":"SKIP","floor":35},{"not_picked":["Chill+1","Aggregate+1"],"picked":"Coolheaded","floor":39},{"not_picked":["Beam Cell","Gash+1"],"picked":"Self Repair","floor":40}],"player_experience":669046,"relics_obtained":[{"floor":6,"key":"Lantern"},{"floor":8,"key":"Turnip"},{"floor":9,"key":"Anchor"},{"floor":20,"key":"Bronze Scales"},{"floor":23,"key":"Pantograph"},{"floor":26,"key":"Bag of Marbles"},{"floor":28,"key":"Ornamental Fan"},{"floor":30,"key":"Happy Flower"},{"floor":31,"key":"Art of War"},{"floor":43,"key":"Calipers"},{"floor":44,"key":"Oddly Smooth Stone"}],"event_choices":[{"damage_healed":0,"gold_gain":0,"player_choice":"Success","damage_taken":3,"relics_obtained":["Tiny Chest"],"max_hp_gain":0,"max_hp_loss":0,"event_name":"Scrap Ooze","floor":2,"gold_loss":0},{"damage_healed":0,"gold_gain":75,"player_choice":"Gather Gold","damage_taken":11,"max_hp_gain":0,"max_hp_loss":0,"event_name":"World of Goop","floor":4,"gold_loss":0},{"cards_removed":["Strike_B"],"damage_healed":0,"gold_gain":0,"player_choice":"Card Removal","damage_taken":0,"max_hp_gain":0,"max_hp_loss":0,"event_name":"The Cleric","floor":12,"gold_loss":50},{"cards_removed":["Beam Cell"],"damage_healed":5,"gold_gain":0,"player_choice":"Offered Common","damage_taken":0,"max_hp_gain":0,"max_hp_loss":0,"event_name":"Bonfire Elementals","floor":36,"gold_loss":0},{"cards_removed":["Beam Cell"],"damage_healed":5,"gold_gain":0,"player_choice":"Offered Special","damage_taken":0,"max_hp_gain":0,"max_hp_loss":0,"event_name":"Bonfire Elementals","floor":36,"gold_loss":0},{"damage_healed":0,"gold_gain":0,"player_choice":"Paid","damage_taken":0,"relics_obtained":["Red Mask"],"max_hp_gain":0,"max_hp_loss":0,"event_name":"Tomb of Lord Red Mask","floor":42,"gold_loss":74}],"is_beta":false,"boss_relics":[{"not_picked":["Empty Cage","Busted Crown"],"picked":"Nuclear Battery"},{"not_picked":["Inserter","SlaversCollar"],"picked":"Astrolabe"}],"items_purged_floors":[],"is_endless":false,"potions_floor_spawned":[1,3,6,11,16,18,21,33,39,40],"killed_by":"Reptomancer","ascension_level":9}}