{"host":"dmtlrev5pkc1867p","time":1613070141,"event":{"mods":["A Magickal Journey","AchievementEnabler","BaseMod","Colored Map","Colored Powertips","Downfall","Hermit","Highlight Path","Infinite Spire","Marisa¡]Ãú«B¡@Å]²z¨F¡^","Minty Spire (QoL Compilation)","Permanent Neow","Quick Restart","Rare Cards Sparkle","Relic Sorter","Relic Stats","Replay The Spire","StSLib","SuperFastMode","The Construct","The Cursed","The Disciple","The Hierophant","The Necromancer","The Runesmith","The Servant 0.9.4"],"gold_per_floor":[119,119,119,137,137,137,164,179,248,248,260,274,294,346,346,441,441,453,296,309,309,323,358,358,358,358,358,358,358,358],"floor_reached":29,"language":"ZHS","playtime":858,"items_purged":[],"score":348,"play_id":"bbddf93f-1c2c-4007-bac0-6019292a7bff","local_time":"20210212030221","is_ascension_mode":true,"campfire_choices":[{"floor":6.0,"key":"RECALL"},{"floor":15.0,"key":"REST"},{"data":"After Image","floor":24,"key":"SMITH"},{"data":"After Image","floor":28,"key":"SMITH"}],"circlet_count":0,"master_deck":["Strike_G","Strike_G","Strike_G","Strike_G","Defend_G","Defend_G","Defend_G","Defend_G","Defend_G","Survivor+1","Neutralize","Crippling Poison","Dagger Throw","All Out Attack","ReplayTheSpireMod:Scrap Shanks","Noxious Fumes","Dagger Spray","Noxious Fumes","After Image+1","Dagger Spray","After Image+1","Leg Sweep","Acrobatics+1","Terror"],"relics":["Ring of the Snake","NeowsBlessing","ReplayTheSpireMod:Lightbulb","infinitespire:PuzzleCube","Ornamental Fan","Coffee Dripper","DollysMirror","infinitespire:Broken Mirror","Onion Ring","Nunchaku"],"acts_visited":["Exordium","TheCity"],"potions_floor_usage":[20,23],"damage_taken":[{"damage":0.0,"enemies":"Small Slimes","floor":1.0,"turns":1.0},{"damage":0.0,"enemies":"Cultist","floor":4.0,"turns":1.0},{"damage":0.0,"enemies":"3 Sentries","floor":7.0,"turns":1.0},{"damage":10.0,"enemies":"2 Louse","floor":8.0,"turns":2.0},{"damage":2.0,"enemies":"Lots of Slimes","floor":11.0,"turns":2.0},{"damage":0.0,"enemies":"Exordium Wildlife","floor":12.0,"turns":3.0},{"damage":2.0,"enemies":"Blue Slaver","floor":13.0,"turns":3.0},{"damage":27.0,"enemies":"Slime Boss","floor":16.0,"turns":9.0},{"damage":15.0,"enemies":"2 Thieves","floor":18.0,"turns":5.0},{"damage":5,"enemies":"Spheric Guardian","floor":20,"turns":5},{"damage":6,"enemies":"3 Cultists","floor":22,"turns":4},{"damage":9,"enemies":"Replay:Snechameleon","floor":23,"turns":7},{"damage":12,"enemies":"Centurion and Healer","floor":29,"turns":4}],"seed_played":"-8711855838289984318","potions_obtained":[{"floor":7.0,"key":"Block Potion"},{"floor":11.0,"key":"SteroidPotion"},{"floor":12.0,"key":"Doom Potion"},{"floor":16.0,"key":"Languid Potion"},{"floor":23,"key":"Cursed Concoction"}],"is_trial":false,"path_per_floor":["M","$","?","M","?","R","E","M","T","?","M","M","M","T","R","B",null,"M","$","M","?","M","E","R","?","T","T","R","M"],"character_chosen":"THE_SILENT","items_purchased":["DollysMirror"],"campfire_rested":1,"item_purchase_floors":[19],"current_hp_per_floor":[63,63,63,63,63,63,63,53,53,53,51,51,49,49,70,43,63,48,48,43,37,31,22,22,22,22,22,22,10,10],"gold":358,"neow_bonus":"THREE_ENEMY_KILL","is_daily":false,"chose_seed":false,"campfire_upgraded":2,"win_rate":0.0,"timestamp":1613070141,"path_taken":["M","$","?","M","?","R","E","M","T","?","?","M","M","?","R","BOSS","BOSS","M","$","M","?","?","E","R","?","T","?","R","M"],"items_purchased_type":["Relic"],"build_version":"2020-12-22","purchased_purges":0,"victory":false,"max_hp_per_floor":[70,70,70,70,70,70,70,70,70,70,70,70,70,70,70,70,70,70,70,70,70,70,70,70,70,70,70,70,70,70],"relic_stats":{"Nunchaku":[0],"counters":[13,47],"Ornamental Fan":[60],"obtain_stats":[{"Nunchaku":27,"NeowsBlessing":0,"Ornamental Fan":9,"DollysMirror":19,"infinitespire:Broken Mirror":23,"Onion Ring":26,"Coffee Dripper":17,"ReplayTheSpireMod:Lightbulb":5,"infinitespire:PuzzleCube":7,"Ring of the Snake":0},{"Nunchaku":12,"NeowsBlessing":0,"Ornamental Fan":4,"DollysMirror":9,"infinitespire:Broken Mirror":12,"Onion Ring":12,"Coffee Dripper":8,"ReplayTheSpireMod:Lightbulb":2,"infinitespire:PuzzleCube":3,"Ring of the Snake":0},{"Nunchaku":43,"NeowsBlessing":0,"Ornamental Fan":5,"DollysMirror":27,"infinitespire:Broken Mirror":43,"Onion Ring":43,"Coffee Dripper":22,"ReplayTheSpireMod:Lightbulb":2,"infinitespire:PuzzleCube":3,"Ring of the Snake":0}],"Ring of the Snake":[26]},"card_choices":[{"not_picked":["Concentrate","Bane"],"picked":"Crippling Poison","floor":1.0},{"not_picked":["Sneak Up","Slice"],"picked":"Dagger Throw","floor":4.0},{"not_picked":["ReplayTheSpireMod:Scrap Shanks","Sucker Punch"],"picked":"All Out Attack","floor":7.0},{"not_picked":["Dodge and Roll","All Out Attack"],"picked":"ReplayTheSpireMod:Scrap Shanks","floor":8.0},{"not_picked":["All Out Attack","Slice"],"picked":"Noxious Fumes","floor":11.0},{"not_picked":["Sucker Punch","Flechettes"],"picked":"Dagger Spray","floor":12.0},{"not_picked":["PiercingWail","Acrobatics"],"picked":"Noxious Fumes","floor":13.0},{"not_picked":["Bullet Time","Adrenaline"],"picked":"After Image","floor":16.0},{"not_picked":["Outmaneuver","Hidden Blade"],"picked":"Dagger Spray","floor":18.0},{"not_picked":["Hidden Blade","Bane"],"picked":"Leg Sweep","floor":20},{"not_picked":["Fluid Movement","Sucker Punch"],"picked":"Acrobatics+1","floor":22},{"not_picked":["Dodge and Roll","Poison Darts"],"picked":"Terror","floor":23}],"player_experience":692128,"relics_obtained":[{"floor":5.0,"key":"ReplayTheSpireMod:Lightbulb"},{"floor":7.0,"key":"infinitespire:PuzzleCube"},{"floor":9.0,"key":"Ornamental Fan"},{"floor":23,"key":"infinitespire:Broken Mirror"},{"floor":26,"key":"Onion Ring"},{"floor":27,"key":"Nunchaku"}],"event_choices":[{"cards_removed":["Strike_G"],"damage_healed":0.0,"max_hp_gain":0.0,"max_hp_loss":0.0,"gold_gain":0.0,"event_name":"Bonfire Elementals","player_choice":"Offered Basic","floor":10.0,"gold_loss":0.0,"damage_taken":0.0},{"damage_healed":0,"gold_gain":0,"player_choice":"","damage_taken":6,"max_hp_gain":0,"max_hp_loss":0,"event_name":"Knowing Skull","floor":21,"potions_obtained":[],"gold_loss":0,"cards_obtained":[]},{"damage_healed":0,"gold_gain":0,"player_choice":"Ignored","damage_taken":0,"max_hp_gain":0,"max_hp_loss":0,"event_name":"Cursed Tome","floor":25,"gold_loss":0}],"is_beta":false,"boss_relics":[{"not_picked":["Runesmith:UraniumAnvil","Tiny House"],"picked":"Coffee Dripper"}],"items_purged_floors":[],"is_endless":false,"potions_floor_spawned":[7,11,12,16,18,23],"killed_by":"Centurion and Healer","ascension_level":6}}