{"host":"t1puqh5lxz8sp6fn","time":1613022632,"event":{"mods":["AchievementEnabler","BaseMod","Colored Powertips","Minty Spire (QoL Compilation)","Rare Cards Sparkle","Relic Stats","StSLib"],"gold_per_floor":[111,129,129,148,113,146,146,146,170,195,195,222,240,257,257,333,333,344,344,354,67,85,85,85,85],"floor_reached":24,"playtime":758,"items_purged":[],"score":403,"play_id":"6c8baf5c-1f8b-43db-ac89-611e085ecdc2","local_time":"20210211025032","is_ascension_mode":true,"campfire_choices":[{"data":"Poisoned Stab","floor":7.0,"key":"SMITH"},{"floor":11.0,"key":"REST"},{"floor":15.0,"key":"REST"},{"data":"Apotheosis","floor":23,"key":"SMITH"}],"circlet_count":0,"master_deck":["AscendersBane","Defend_G","Defend_G","Defend_G","Defend_G+1","Defend_G","Survivor","Neutralize+1","Dagger Throw","Blade Dance","Dagger Spray","Poisoned Stab+1","Corpse Explosion","Bane","Backflip","Die Die Die","Backstab","Bite","Bite","Bite","Bite","Bite","Apotheosis+1","Footwork+1","Cloak And Dagger"],"relics":["Ring of the Snake","NeowsBlessing","Boot","Potion Belt","Darkstone Periapt","Frozen Egg 2","WristBlade"],"acts_visited":["Exordium","TheCity"],"potions_floor_usage":[16,22],"damage_taken":[{"damage":0.0,"enemies":"Small Slimes","floor":1.0,"turns":1.0},{"damage":0.0,"enemies":"Cultist","floor":2.0,"turns":1.0},{"damage":0.0,"enemies":"Jaw Worm","floor":4.0,"turns":1.0},{"damage":26.0,"enemies":"3 Sentries","floor":6.0,"turns":9.0},{"damage":12.0,"enemies":"Gremlin Nob","floor":10.0,"turns":3.0},{"damage":4.0,"enemies":"3 Sentries","floor":12.0,"turns":7.0},{"damage":9.0,"enemies":"Exordium Thugs","floor":13.0,"turns":3.0},{"damage":2.0,"enemies":"Exordium Wildlife","floor":14.0,"turns":2.0},{"damage":26,"enemies":"The Guardian","floor":16,"turns":11},{"damage":33,"enemies":"Shell Parasite","floor":18,"turns":5},{"damage":0,"enemies":"3 Byrds","floor":20,"turns":2},{"damage":17,"enemies":"Snecko","floor":22,"turns":4},{"damage":45,"enemies":"Snake Plant","floor":24,"turns":4}],"seed_played":"5855118506090917268","potions_obtained":[{"floor":2.0,"key":"Ancient Potion"},{"floor":6.0,"key":"Fire Potion"},{"floor":8.0,"key":"AttackPotion"},{"floor":13.0,"key":"SkillPotion"},{"floor":14.0,"key":"GamblersBrew"},{"floor":16,"key":"Dexterity Potion"}],"is_trial":false,"path_per_floor":["M","M","?","M","?","E","R","?","T","E","R","E","M","M","R","B",null,"M","?","M","$","M","R","M"],"character_chosen":"THE_SILENT","items_purchased":["Apotheosis","Footwork+1","Regen Potion"],"campfire_rested":2,"item_purchase_floors":[21,21,21],"current_hp_per_floor":[59,59,39,39,55,29,29,29,29,17,36,32,23,21,40,14,53,20,20,22,22,34,34,0,0],"gold":85,"neow_bonus":"THREE_ENEMY_KILL","is_daily":false,"chose_seed":false,"campfire_upgraded":2,"win_rate":0.0,"timestamp":1613022632,"path_taken":["M","M","?","M","?","E","R","?","T","E","R","E","M","?","R","BOSS","M","?","M","$","M","R","M"],"items_purchased_type":["Card","Card","Potion"],"build_version":"2020-12-13","purchased_purges":0,"victory":false,"max_hp_per_floor":[66,66,66,66,66,66,66,66,66,66,66,66,66,66,66,66,66,66,46,46,46,46,46,46,46],"relic_stats":{"Darkstone Periapt":0,"counters":[13,53],"Boot":[68],"obtain_stats":[{"Potion Belt":9,"Darkstone Periapt":10,"NeowsBlessing":0,"WristBlade":17,"Frozen Egg 2":12,"Boot":6,"Ring of the Snake":0},{"Potion Belt":4,"Darkstone Periapt":5,"NeowsBlessing":0,"WristBlade":9,"Frozen Egg 2":6,"Boot":4,"Ring of the Snake":0},{"Potion Belt":12,"Darkstone Periapt":15,"NeowsBlessing":0,"WristBlade":38,"Frozen Egg 2":22,"Boot":12,"Ring of the Snake":0}],"Ring of the Snake":[26]},"card_choices":[{"not_picked":["Flying Knee","Heel Hook"],"picked":"Dagger Throw","floor":1.0},{"not_picked":["Blur","Slice"],"picked":"Blade Dance","floor":2.0},{"not_picked":["Accuracy","Flying Knee"],"picked":"Dagger Spray","floor":4.0},{"not_picked":["Predator","Sucker Punch"],"picked":"Poisoned Stab","floor":6.0},{"not_picked":["Infinite Blades","Poisoned Stab","Caltrops"],"picked":"SKIP","floor":10.0},{"not_picked":["Outmaneuver","All Out Attack"],"picked":"Corpse Explosion","floor":12.0},{"not_picked":["Masterful Stab","Dagger Throw"],"picked":"Bane","floor":13.0},{"not_picked":["Caltrops+1","Flying Knee"],"picked":"Backflip","floor":14.0},{"not_picked":["Night Terror","Storm of Steel"],"picked":"Die Die Die","floor":16},{"not_picked":["Noxious Fumes+1","Deadly Poison"],"picked":"Backstab","floor":18},{"not_picked":["Choke","Bane","Skewer"],"picked":"SKIP","floor":20},{"not_picked":["Sucker Punch","Setup"],"picked":"Cloak And Dagger","floor":22}],"player_experience":508743,"relics_obtained":[{"floor":6.0,"key":"Boot"},{"floor":9.0,"key":"Potion Belt"},{"floor":10.0,"key":"Darkstone Periapt"},{"floor":12.0,"key":"Frozen Egg 2"}],"event_choices":[{"damage_healed":0.0,"max_hp_gain":0.0,"max_hp_loss":0.0,"gold_gain":0.0,"event_name":"Shining Light","player_choice":"Entered Light","floor":3.0,"gold_loss":0.0,"damage_taken":20.0,"cards_upgraded":["Neutralize","Defend_G"]},{"damage_healed":16.0,"max_hp_gain":0.0,"max_hp_loss":0.0,"gold_gain":0.0,"event_name":"The Cleric","player_choice":"Healed","floor":5.0,"gold_loss":35.0,"damage_taken":0.0},{"damage_healed":0.0,"max_hp_gain":0.0,"max_hp_loss":0.0,"gold_gain":0.0,"event_name":"Lab","player_choice":"Got Potions","floor":8.0,"gold_loss":0.0,"damage_taken":0.0},{"damage_healed":0,"gold_gain":0,"player_choice":"Became a vampire","damage_taken":0,"max_hp_gain":0,"max_hp_loss":20,"event_name":"Vampires","floor":19,"gold_loss":0,"cards_obtained":["Bite","Bite","Bite","Bite","Bite"]}],"is_beta":false,"boss_relics":[{"not_picked":["Black Star","SacredBark"],"picked":"WristBlade"}],"items_purged_floors":[],"is_endless":false,"potions_floor_spawned":[2,6,13,14,16],"killed_by":"Snake Plant","ascension_level":15}}