{"host":"seujf6kmfn3ctpoe","time":1613045153,"event":{"mods":["BaseMod","Colored Map","Minty Spire (QoL Compilation)","Permanent Neow","Relic Sorter","Relic Stats","StSLib"],"gold_per_floor":[110,110,60,60,80,114,114,143,196,207,207,240,240,255,255,357,357,373,472,472,328,328,358,358,393,393,393,411,437,437,468,468,572,572,590,640,640,660,225,225,259,259,259,292,149,169,169,183,183,183],"floor_reached":51,"language":"ENG","playtime":1499,"items_purged":[],"score":937,"play_id":"01e2ef81-ed87-485b-9697-dd2c227d6ec9","local_time":"20210211130553","daily_mods":["SealedDeck"],"is_ascension_mode":true,"campfire_choices":[{"data":"Accuracy","floor":7,"key":"SMITH"},{"data":"Backflip","floor":11,"key":"SMITH"},{"data":"Cloak And Dagger","floor":13,"key":"SMITH"},{"data":"Blade Dance","floor":15,"key":"SMITH"},{"data":"Footwork","floor":24,"key":"SMITH"},{"data":"Blade Dance","floor":27,"key":"SMITH"},{"floor":32,"key":"REST"},{"data":"Panache","floor":40,"key":"SMITH"},{"floor":47,"key":"REST"},{"floor":49,"key":"REST"}],"circlet_count":0,"master_deck":["Backflip+1","Backflip+1","Blade Dance+1","Blade Dance+1","Blade Dance+1","Cloak And Dagger+1","Cloak And Dagger+1","Accuracy+1","Footwork+1","Storm of Steel+1","Terror+1","Panache+1"],"relics":["Ring of the Snake","War Paint","Letter Opener","Centennial Puzzle","Toy Ornithopter","Empty Cage","Vajra","Bag of Marbles","Torii","Pantograph","White Beast Statue","Juzu Bracelet","Busted Crown","Turnip","Shuriken","Anchor","Blue Candle","Happy Flower","Lee\u0027s Waffle"],"acts_visited":["Exordium","TheCity","TheBeyond"],"potions_floor_usage":[16,16,50,50,50],"damage_taken":[{"damage":0,"enemies":"Cultist","floor":1,"turns":3},{"damage":0,"enemies":"2 Louse","floor":5,"turns":2},{"damage":3,"enemies":"3 Sentries","floor":6,"turns":3},{"damage":10,"enemies":"Lagavulin","floor":8,"turns":3},{"damage":0,"enemies":"Small Slimes","floor":10,"turns":1},{"damage":0,"enemies":"Gremlin Nob","floor":12,"turns":2},{"damage":0,"enemies":"Blue Slaver","floor":14,"turns":1},{"damage":0,"enemies":"Hexaghost","floor":16,"turns":2},{"damage":0,"enemies":"Chosen","floor":18,"turns":2},{"damage":13,"enemies":"Gremlin Leader","floor":23,"turns":3},{"damage":7,"enemies":"Slavers","floor":25,"turns":2},{"damage":0,"enemies":"Shell Parasite","floor":28,"turns":1},{"damage":6,"enemies":"Book of Stabbing","floor":29,"turns":3},{"damage":20,"enemies":"Slavers","floor":31,"turns":3},{"damage":1,"enemies":"Automaton","floor":33,"turns":4},{"damage":0,"enemies":"3 Darklings","floor":35,"turns":2},{"damage":0,"enemies":"Mind Bloom Boss Battle","floor":36,"turns":2},{"damage":0,"enemies":"Orb Walker","floor":38,"turns":1},{"damage":7,"enemies":"Giant Head","floor":41,"turns":2},{"damage":0,"enemies":"Nemesis","floor":44,"turns":2},{"damage":0,"enemies":"Spire Growth","floor":46,"turns":2},{"damage":0,"enemies":"Maw","floor":48,"turns":2},{"damage":28,"enemies":"Awakened One","floor":50,"turns":5}],"seed_played":"913597147594958000","potions_obtained":[{"floor":1,"key":"CunningPotion"},{"floor":5,"key":"SteroidPotion"},{"floor":10,"key":"BlessingOfTheForge"},{"floor":14,"key":"Regen Potion"},{"floor":25,"key":"Regen Potion"},{"floor":29,"key":"Fire Potion"},{"floor":35,"key":"Block Potion"}],"is_trial":true,"path_per_floor":["M","?","?","?","M","E","R","E","T","M","R","E","R","M","R","B",null,"M","?","?","$","?","E","R","E","T","R","M","E","?","E","R","B",null,"M","?","?","M","$","R","E","?","T","E","$","M","R","M","R","B",null],"character_chosen":"THE_SILENT","items_purchased":["Vajra","Shuriken","Panache","Lee\u0027s Waffle"],"campfire_rested":3,"item_purchase_floors":[21,39,39,45],"current_hp_per_floor":[70,75,75,60,60,57,57,47,47,47,47,47,47,47,47,57,75,75,75,75,75,75,62,62,55,55,55,55,49,49,29,51,74,75,75,75,75,75,75,75,68,65,65,65,82,82,82,82,82,69],"gold":183,"neow_bonus":"","is_daily":false,"chose_seed":false,"campfire_upgraded":7,"win_rate":0.0,"timestamp":1613045153,"path_taken":["M","?","?","?","M","E","R","E","T","M","R","E","R","M","R","BOSS","M","?","?","$","?","E","R","E","T","R","M","E","?","E","R","BOSS","M","?","?","M","$","R","E","?","T","E","?","M","R","M","R","BOSS"],"items_purchased_type":["Relic","Relic","Card","Relic"],"build_version":"2020-12-22","purchased_purges":0,"victory":true,"max_hp_per_floor":[70,75,75,75,75,75,75,75,75,75,75,75,75,75,75,75,75,75,75,75,75,75,75,75,75,75,75,75,75,75,75,75,75,75,75,75,75,75,75,75,75,75,75,75,82,82,82,82,82,82],"relic_stats":{"Lee\u0027s Waffle":17,"Torii":3,"Happy Flower":[3],"counters":[23,53],"Blue Candle":[0],"Juzu Bracelet":1,"Letter Opener":[144],"War Paint":["Blade Dance","Cloak And Dagger"],"Centennial Puzzle":[21],"Busted Crown":14,"Shuriken":[24],"Pantograph":24,"Turnip":[3],"obtain_stats":[{"Lee\u0027s Waffle":45,"Torii":25,"Happy Flower":44,"Blue Candle":43,"Vajra":21,"Juzu Bracelet":31,"Letter Opener":8,"War Paint":6,"Empty Cage":17,"White Beast Statue":29,"Centennial Puzzle":9,"Anchor":41,"Busted Crown":34,"Shuriken":39,"Pantograph":26,"Turnip":36,"Bag of Marbles":23,"Toy Ornithopter":12,"Ring of the Snake":0},{"Lee\u0027s Waffle":20,"Torii":11,"Happy Flower":20,"Blue Candle":19,"Vajra":9,"Juzu Bracelet":14,"Letter Opener":4,"War Paint":3,"Empty Cage":8,"White Beast Statue":13,"Centennial Puzzle":4,"Anchor":19,"Busted Crown":15,"Shuriken":18,"Pantograph":11,"Turnip":17,"Bag of Marbles":10,"Toy Ornithopter":6,"Ring of the Snake":0},{"Lee\u0027s Waffle":44,"Torii":24,"Happy Flower":44,"Blue Candle":42,"Vajra":19,"Juzu Bracelet":31,"Letter Opener":11,"War Paint":8,"Empty Cage":17,"White Beast Statue":28,"Centennial Puzzle":11,"Anchor":42,"Busted Crown":35,"Shuriken":40,"Pantograph":24,"Turnip":39,"Bag of Marbles":22,"Toy Ornithopter":14,"Ring of the Snake":0}],"Toy Ornithopter":16,"Ring of the Snake":[46]},"card_choices":[{"not_picked":["Poisoned Stab","Tactician"],"picked":"Accuracy","floor":1},{"not_picked":["Dash","Caltrops","Prepared"],"picked":"SKIP","floor":5},{"not_picked":["Prepared","Sucker Punch","Riddle With Holes"],"picked":"SKIP","floor":6},{"not_picked":["Prepared","All Out Attack","Blade Dance"],"picked":"SKIP","floor":8},{"not_picked":["Choke","Finisher","Masterful Stab"],"picked":"SKIP","floor":10},{"not_picked":["Heel Hook","Predator","Outmaneuver"],"picked":"SKIP","floor":12},{"not_picked":["Acrobatics","Blade Dance","Slice"],"picked":"SKIP","floor":14},{"not_picked":["Riddle With Holes+1","Choke+1","Outmaneuver"],"picked":"SKIP","floor":18},{"not_picked":["Dagger Throw","Flying Knee","Slice+1"],"picked":"SKIP","floor":23},{"not_picked":["Backflip","Grand Finale","Acrobatics+1"],"picked":"SKIP","floor":25},{"not_picked":["Backflip","Slice","Quick Slash"],"picked":"SKIP","floor":28},{"not_picked":["Sucker Punch","Blur","Cloak And Dagger"],"picked":"SKIP","floor":29},{"not_picked":["Endless Agony","Deflect","Concentrate+1"],"picked":"SKIP","floor":31},{"not_picked":["Glass Knife","Tools of the Trade"],"picked":"Storm of Steel","floor":33},{"not_picked":[],"picked":"Terror+1","floor":35},{"not_picked":["Slice"],"picked":"SKIP","floor":38},{"not_picked":["Well Laid Plans"],"picked":"SKIP","floor":41},{"not_picked":["Dagger Spray"],"picked":"SKIP","floor":44},{"not_picked":["Deadly Poison+1"],"picked":"SKIP","floor":46},{"not_picked":["PiercingWail+1"],"picked":"SKIP","floor":48}],"player_experience":435324,"relics_obtained":[{"floor":6,"key":"War Paint"},{"floor":8,"key":"Letter Opener"},{"floor":9,"key":"Centennial Puzzle"},{"floor":12,"key":"Toy Ornithopter"},{"floor":23,"key":"Bag of Marbles"},{"floor":25,"key":"Torii"},{"floor":26,"key":"Pantograph"},{"floor":29,"key":"White Beast Statue"},{"floor":31,"key":"Juzu Bracelet"},{"floor":36,"key":"Turnip"},{"floor":41,"key":"Anchor"},{"floor":43,"key":"Blue Candle"},{"floor":44,"key":"Happy Flower"}],"event_choices":[{"damage_healed":0,"gold_gain":0,"player_choice":"Donut","damage_taken":0,"max_hp_gain":5,"max_hp_loss":0,"event_name":"Big Fish","floor":2,"gold_loss":0},{"cards_removed":["Deflect"],"damage_healed":0,"gold_gain":0,"player_choice":"Card Removal","damage_taken":0,"max_hp_gain":0,"max_hp_loss":0,"event_name":"The Cleric","floor":3,"gold_loss":50},{"damage_healed":0,"gold_gain":0,"player_choice":"Entered Light","damage_taken":15,"max_hp_gain":0,"max_hp_loss":0,"event_name":"Shining Light","floor":4,"gold_loss":0,"cards_upgraded":["Backflip","Slice"]},{"damage_healed":0,"gold_gain":99,"player_choice":"Stole From Cult","damage_taken":0,"max_hp_gain":0,"max_hp_loss":0,"event_name":"Nest","floor":19,"gold_loss":0},{"damage_healed":0,"gold_gain":0,"player_choice":"Ignored","damage_taken":0,"max_hp_gain":0,"max_hp_loss":0,"event_name":"Cursed Tome","floor":20,"gold_loss":0},{"damage_healed":0,"gold_gain":0,"player_choice":"Read","damage_taken":0,"max_hp_gain":0,"max_hp_loss":0,"event_name":"The Library","floor":22,"gold_loss":0,"cards_obtained":["Footwork"]},{"damage_healed":0,"gold_gain":0,"player_choice":"Ignored","damage_taken":0,"max_hp_gain":0,"max_hp_loss":0,"event_name":"Ghosts","floor":30,"gold_loss":0},{"damage_healed":0,"gold_gain":0,"player_choice":"Fight","damage_taken":0,"max_hp_gain":0,"max_hp_loss":0,"event_name":"MindBloom","floor":36,"gold_loss":0},{"damage_healed":0,"gold_gain":0,"player_choice":"Forge","damage_taken":0,"max_hp_gain":0,"max_hp_loss":0,"event_name":"Accursed Blacksmith","floor":37,"gold_loss":0,"cards_upgraded":["Storm of Steel"]},{"damage_healed":0,"gold_gain":0,"player_choice":"Punched","damage_taken":3,"max_hp_gain":0,"max_hp_loss":0,"event_name":"Designer","floor":42,"gold_loss":0}],"is_beta":false,"boss_relics":[{"not_picked":["Black Star","Sozu"],"picked":"Empty Cage"},{"not_picked":["Fusion Hammer","Calling Bell"],"picked":"Busted Crown"}],"items_purged_floors":[],"is_endless":false,"potions_floor_spawned":[1,5,10,14,25,29,31,33,35,36,38,41,44,46,48],"ascension_level":1}}