{"host":"j2aqywwzai0xbcib","time":1613029909,"event":{"mods":["AchievementEnabler","Astrologer","Bartender","BaseMod","Bestiary","Better Altar","Better Sensory Stone","Better Third Choice","ChefMod","Colored Map","Colored Powertips","Conspire","Downfall","Halation","Hermit","Hubris","Infinite Spire","Mad Scientist","Mathematician","Minty Spire (QoL Compilation)","Quick Restart","Rare Cards Sparkle","Relic Stats","Reliquary","Replay The Spire","Robot Space Explorer","Somnambulant","Spicy Shops","Spikes Relics","StSLib","The Blackbeard","The Elementalist","The Gatherer","The Hayseed","The Necromancer","The Witch"],"gold_per_floor":[115,130,0,40,40,40,60,60,60,71,71,105,105,105,105,201,201,215,14,24,24,24,24,35,35,35,35,103,103,103],"floor_reached":29,"language":"DUT","playtime":2612,"items_purged":[],"score":219,"play_id":"df986012-629d-48dc-b0f8-6a5fc46c9a98","local_time":"20210211085149","is_ascension_mode":false,"campfire_choices":[{"data":"Neutralize","floor":6,"key":"SMITH"},{"data":"Tools of the Trade","floor":8,"key":"SMITH"},{"data":"Deflect","floor":13,"key":"SMITH"},{"data":"Infinite Blades","floor":15,"key":"SMITH"},{"data":"Noxious Fumes","floor":23,"key":"SMITH"},{"data":"Noxious Fumes","floor":25,"key":"SMITH"}],"circlet_count":0,"master_deck":["Strike_G","Strike_G","Strike_G","Strike_G","Strike_G","Defend_G","Defend_G","Defend_G","Defend_G","Defend_G","Survivor","Neutralize+1","Infinite Blades+1","Dagger Throw","hubris:SlightOfHand","Footwork+1","Tools of the Trade+1","Reflex+1","Deflect+1","Atom Bomb","hubris:SlightOfHand","Noxious Fumes+1","Deflect","Poisoned Stab","Underhanded Strike","Tactician","Bouncing Flask","Noxious Fumes+1","Distraction+1","Delirium"],"relics":["Ring of the Snake","halation:LostSnail","CrustySpines","Iron Hammer","Bag of Marbles","hubris:Towel","hubris:HollowSoul","StoneCalendar","Ring of Panic","Ring of Peace","infinitespire:WardingShard"],"acts_visited":["Exordium","TheCity"],"potions_floor_usage":[4,12,16,24],"damage_taken":[{"damage":0,"enemies":"Jaw Worm","floor":1,"turns":6},{"damage":0,"enemies":"Small Slimes","floor":2,"turns":4},{"damage":7,"enemies":"conspire:MimicChest","floor":4,"turns":8},{"damage":0,"enemies":"Cultist","floor":7,"turns":5},{"damage":4,"enemies":"3 Louse","floor":10,"turns":4},{"damage":9,"enemies":"3 Sentries","floor":12,"turns":6},{"damage":57,"enemies":"Fading Forest","floor":16,"turns":11},{"damage":6,"enemies":"Chosen","floor":18,"turns":7},{"damage":27,"enemies":"3 Byrds","floor":20,"turns":6},{"damage":6,"enemies":"Snecko","floor":24,"turns":3},{"damage":18,"enemies":"3 Cultists","floor":29,"turns":3}],"seed_played":"-7840872994906739438","potions_obtained":[{"floor":0,"key":"Explosive Potion"},{"floor":0,"key":"Poison Potion"},{"floor":0,"key":"FearPotion"},{"floor":7,"key":"BlessingOfTheForge"},{"floor":12,"key":"Languid Potion"},{"floor":20,"key":"AttackPotion"}],"is_trial":false,"path_per_floor":["M","M","$","?","?","R","M","R","T","M","?","E","R","?","R","B",null,"M","$","M","?","?","R","M","R","T","?","T","M"],"character_chosen":"THE_SILENT","items_purchased":["halation:LostSnail","hubris:SlightOfHand","Noxious Fumes","Deflect","Poisoned Stab","Underhanded Strike"],"campfire_rested":0,"item_purchase_floors":[3,3,19,19,19,19],"current_hp_per_floor":[70,70,70,63,63,63,63,63,63,59,59,50,50,50,50,1,70,64,64,37,37,37,37,31,31,31,31,31,0,0],"gold":103,"neow_bonus":"THREE_SMALL_POTIONS","is_daily":false,"chose_seed":false,"campfire_upgraded":6,"win_rate":0.0,"timestamp":1613029909,"path_taken":["M","M","$","?","?","R","M","R","T","?","?","E","R","?","R","BOSS","M","$","M","?","?","R","?","R","T","?","?","M"],"items_purchased_type":["Relic","Card","Card","Card","Card","Card"],"build_version":"2020-12-22","purchased_purges":0,"victory":false,"max_hp_per_floor":[70,70,70,70,70,70,70,70,70,70,70,70,70,70,70,70,70,70,70,70,70,70,70,70,70,70,70,70,70,70],"relic_stats":{"counters":[11,67],"StoneCalendar":[0],"obtain_stats":[{"infinitespire:WardingShard":28,"Ring of Peace":27,"StoneCalendar":26,"Iron Hammer":9,"hubris:HollowSoul":17,"Bag of Marbles":12,"halation:LostSnail":3,"hubris:Towel":14,"Ring of Panic":27,"CrustySpines":4,"Ring of the Snake":0},{"infinitespire:WardingShard":10,"Ring of Peace":10,"StoneCalendar":10,"Iron Hammer":4,"hubris:HollowSoul":7,"Bag of Marbles":6,"halation:LostSnail":2,"hubris:Towel":6,"Ring of Panic":10,"CrustySpines":3,"Ring of the Snake":0},{"infinitespire:WardingShard":60,"Ring of Peace":60,"StoneCalendar":60,"Iron Hammer":23,"hubris:HollowSoul":44,"Bag of Marbles":33,"halation:LostSnail":10,"hubris:Towel":33,"Ring of Panic":60,"CrustySpines":18,"Ring of the Snake":0}],"Ring of the Snake":[24]},"card_choices":[{"not_picked":["hubris:SlightOfHand","hubris:TrickCloak"],"picked":"Infinite Blades","floor":1},{"not_picked":["Masterful Stab","Quick Slash"],"picked":"Dagger Throw","floor":2},{"not_picked":["Sucker Punch","Dagger Throw"],"picked":"Footwork","floor":4},{"not_picked":["Sucker Punch","Deadly Poison"],"picked":"Tools of the Trade","floor":7},{"not_picked":["Quick Slash","Poisoned Stab"],"picked":"All Out Attack","floor":10},{"not_picked":["Dagger Spray","Malaise"],"picked":"Deflect","floor":12},{"not_picked":["Poison Darts","Grand Finale"],"picked":"Atom Bomb","floor":16},{"not_picked":["Underhanded Strike","hubris:TrickCloak"],"picked":"hubris:SlightOfHand","floor":18},{"not_picked":["Dagger Spray","Masterful Stab"],"picked":"Tactician","floor":20},{"not_picked":["Quick Slash+1","Hidden Blade"],"picked":"Distraction+1","floor":24}],"player_experience":418567,"relics_obtained":[{"floor":4,"key":"CrustySpines"},{"floor":9,"key":"Iron Hammer"},{"floor":12,"key":"Bag of Marbles"},{"floor":26,"key":"StoneCalendar"},{"floor":27,"key":"Ring of Panic"},{"floor":27,"key":"Ring of Peace"},{"floor":28,"key":"infinitespire:WardingShard"}],"event_choices":[{"damage_healed":0,"gold_gain":0,"player_choice":"Upgraded","damage_taken":0,"max_hp_gain":0,"max_hp_loss":0,"event_name":"Upgrade Shrine","floor":5,"gold_loss":0,"cards_upgraded":["Footwork"]},{"damage_healed":0,"gold_gain":0,"player_choice":"Read","damage_taken":0,"max_hp_gain":0,"max_hp_loss":0,"event_name":"The Library","floor":21,"gold_loss":0,"cards_obtained":["Bouncing Flask"]},{"damage_healed":0,"gold_gain":0,"player_choice":"Copied","damage_taken":0,"max_hp_gain":0,"max_hp_loss":0,"event_name":"Duplicator","floor":22,"gold_loss":0,"cards_obtained":["Noxious Fumes"]}],"is_beta":false,"boss_relics":[{"not_picked":["reliquary:RedCape","halation:Prosthetics"],"picked":"hubris:HollowSoul"}],"items_purged_floors":[],"is_endless":false,"potions_floor_spawned":[7,12,20],"killed_by":"3 Cultists","ascension_level":0}}