{"host":"a1eatafr7pisesky","time":1613040366,"event":{"mods":["AchievementEnabler","BaseMod","Colored Map","Keyboard Shortcuts","Minty Spire (QoL Compilation)","Say the Spire","StSLib","SuperFastMode","everything is the same but u backflip on backflip"],"gold_per_floor":[113,38,51,51,66,66,93,93,119,145,165,165,197,210,210,287,287,304,204,223,240,57,57,84,84,84,84,9,9,9],"floor_reached":29,"language":"KOR","playtime":497,"items_purged":["Defend_R","Defend_R","Defend_R"],"score":509,"play_id":"193ef270-7355-498d-b001-c5610194638e","local_time":"20210211194606","is_ascension_mode":true,"campfire_choices":[{"data":"Anger","floor":6.0,"key":"SMITH"},{"floor":12.0,"key":"REST"},{"data":"Blood for Blood","floor":15.0,"key":"SMITH"},{"data":"Seeing Red","floor":23,"key":"SMITH"}],"circlet_count":0,"master_deck":["AscendersBane","Strike_R","Strike_R","Strike_R","Strike_R","Bash","Seeing Red+1","Perfected Strike+1","Anger+1","Thunderclap","Blood for Blood+1","Impervious","Wild Strike","Armaments","Battle Trance","Feed","Uppercut","Pommel Strike","Double Tap"],"relics":["Burning Blood","Regal Pillow","Vajra","Bottled Lightning","Strawberry","Coffee Dripper","Blood Vial","Eternal Feather"],"acts_visited":["Exordium","TheCity"],"potions_floor_usage":[24],"damage_taken":[{"damage":12.0,"enemies":"Cultist","floor":1.0,"turns":5.0},{"damage":4.0,"enemies":"Small Slimes","floor":3.0,"turns":4.0},{"damage":2.0,"enemies":"2 Louse","floor":5.0,"turns":3.0},{"damage":32.0,"enemies":"Gremlin Nob","floor":7.0,"turns":4.0},{"damage":28.0,"enemies":"Lagavulin","floor":10.0,"turns":4.0},{"damage":11.0,"enemies":"Exordium Wildlife","floor":11.0,"turns":3.0},{"damage":15.0,"enemies":"3 Sentries","floor":13.0,"turns":6.0},{"damage":11.0,"enemies":"3 Louse","floor":14.0,"turns":3.0},{"damage":44.0,"enemies":"Hexaghost","floor":16.0,"turns":9.0},{"damage":0.0,"enemies":"Chosen","floor":18.0,"turns":3.0},{"damage":36.0,"enemies":"Shell Parasite","floor":20.0,"turns":5.0},{"damage":7,"enemies":"Centurion and Healer","floor":21,"turns":8},{"damage":83,"enemies":"Slavers","floor":24,"turns":5},{"damage":13,"enemies":"Colosseum Slavers","floor":29,"turns":2}],"seed_played":"-2818572669022085260","potions_obtained":[{"floor":3.0,"key":"Block Potion"},{"floor":7.0,"key":"Dexterity Potion"},{"floor":10.0,"key":"GamblersBrew"},{"floor":14.0,"key":"FairyPotion"},{"floor":18.0,"key":"EssenceOfSteel"}],"is_trial":false,"path_per_floor":["M","$","M","?","M","R","E","$","T","E","M","R","E","M","R","B",null,"M","$","M","M","$","R","E","?","T","$","?","?"],"character_chosen":"IRONCLAD","items_purchased":["Pommel Strike"],"campfire_rested":1,"item_purchase_floors":[22],"current_hp_per_floor":[62,62,64,64,68,68,42,42,42,20,15,52,50,45,45,7,63,69,69,42,44,44,44,8,8,8,8,8,0,0],"gold":9,"neow_bonus":"TRANSFORM_CARD","is_daily":false,"chose_seed":false,"campfire_upgraded":3,"win_rate":0.0,"timestamp":1613040366,"path_taken":["M","$","M","?","M","R","E","$","T","E","?","R","E","M","R","BOSS","M","?","M","M","$","R","E","?","T","$","?","?"],"items_purchased_type":["Card"],"build_version":"2020-12-22","purchased_purges":3,"victory":false,"max_hp_per_floor":[75,75,75,75,75,75,75,75,75,75,75,75,82,82,82,82,82,82,82,85,88,88,88,88,88,88,88,88,91,91],"card_choices":[{"not_picked":["Headbutt","Spot Weakness"],"picked":"Perfected Strike","floor":1.0},{"not_picked":["Cleave","Headbutt"],"picked":"Anger","floor":3.0},{"not_picked":["Heavy Blade","Hemokinesis"],"picked":"Thunderclap","floor":5.0},{"not_picked":["Sword Boomerang","Dual Wield"],"picked":"Blood for Blood","floor":7.0},{"not_picked":["Twin Strike","Dropkick"],"picked":"Impervious","floor":10.0},{"not_picked":["Twin Strike","Dropkick"],"picked":"Wild Strike","floor":11.0},{"not_picked":["Clothesline","Rampage"],"picked":"Armaments","floor":13.0},{"not_picked":["Flex","Body Slam"],"picked":"Battle Trance","floor":14.0},{"not_picked":["Juggernaut","Impervious"],"picked":"Feed","floor":16.0},{"not_picked":["Warcry+1","Anger"],"picked":"Uppercut","floor":18.0},{"not_picked":["Anger","Iron Wave","Reckless Charge"],"picked":"SKIP","floor":20.0},{"not_picked":["Iron Wave","Twin Strike","Havoc+1"],"picked":"SKIP","floor":21},{"not_picked":["Warcry","Cleave"],"picked":"Double Tap","floor":24}],"player_experience":447138,"relics_obtained":[{"floor":7.0,"key":"Regal Pillow"},{"floor":9.0,"key":"Vajra"},{"floor":10.0,"key":"Bottled Lightning"},{"floor":13.0,"key":"Strawberry"},{"floor":24,"key":"Blood Vial"},{"floor":26,"key":"Eternal Feather"}],"event_choices":[{"damage_healed":0.0,"max_hp_gain":0.0,"max_hp_loss":0.0,"gold_gain":0.0,"event_name":"Accursed Blacksmith","player_choice":"Forge","floor":4.0,"gold_loss":0.0,"damage_taken":0.0,"cards_upgraded":["Perfected Strike"]},{"cards_removed":["Defend_R"],"damage_healed":0,"gold_gain":0,"player_choice":"Gave Gold","damage_taken":0,"max_hp_gain":0,"max_hp_loss":0,"event_name":"Beggar","floor":28,"gold_loss":75},{"damage_healed":0,"gold_gain":0,"player_choice":"Fight","damage_taken":0,"max_hp_gain":0,"max_hp_loss":0,"event_name":"Colosseum","floor":29,"gold_loss":0}],"is_beta":false,"boss_relics":[{"not_picked":["Mark of Pain","Runic Dome"],"picked":"Coffee Dripper"}],"items_purged_floors":[2,19,22],"is_endless":false,"potions_floor_spawned":[3,7,10,11,14,18,20],"killed_by":"Colosseum Slavers","ascension_level":19}}