{"host":"1bmpebsu0h6jmm2g","time":1613050171,"event":{"mods":["BaseMod","BetterRewards","Colored Map","DeckTracker","Highlight Path","Keyboard Shortcuts","Minty Spire (QoL Compilation)","Permanent Neow","Quick Restart","Relic Stats","Slay the Relics Exporter","Spicy Shops","StSLib","SuperFastMode"],"gold_per_floor":[113,133,146,146,164,164,85,103,154,175,200,244,244,267,267,356,356,369,369,387,42,42,42,70,97,109,131,173,198,135,177,189,273,285,313,337,349,379,416,457,94,94,119,119,138,173,190,26,26,26,26,26,0,34,34],"floor_reached":56,"language":"KOR","playtime":1503,"items_purged":["Strike_B","Defend_B","Defend_B","Defend_B"],"score":2630,"play_id":"2521a67d-5831-4037-b6a0-09c27baece3a","local_time":"20210211222931","is_ascension_mode":true,"campfire_choices":[{"floor":6.0,"key":"REST"},{"floor":15.0,"key":"REST"},{"data":"Amplify","floor":23.0,"key":"SMITH"},{"data":"Coolheaded","floor":32.0,"key":"SMITH"},{"data":"Force Field","floor":44,"key":"SMITH"},{"floor":49,"key":"RECALL"},{"data":"Defend_B","floor":52,"key":"PURGE"}],"circlet_count":0,"master_deck":["AscendersBane","Zap","Dualcast","Glacier","Compile Driver","Streamline","Heatsinks+1","Machine Learning+1","Amplify+1","Barrage","Storm+1","Force Field+1","Creative AI+1","Machine Learning+1","Creative AI+1","Glacier","Genetic Algorithm+1","Coolheaded+1","Chill","Hologram+1","Buffer+1","Storm+1","Conserve Battery+1","Glacier+1","Heatsinks+1","Coolheaded+1","Fission+1","Conserve Battery+1"],"relics":["Cracked Core","Cables","Frozen Egg 2","Runic Capacitor","Mummified Hand","Bloody Idol","Bag of Preparation","Odd Mushroom","Darkstone Periapt","Astrolabe","Calipers","MawBank","CaptainsWheel","Matryoshka","Toxic Egg 2","Coffee Dripper","Peace Pipe","StrikeDummy","Membership Card","DataDisk","Boot","Nunchaku","ClockworkSouvenir","Orrery","Orichalcum"],"acts_visited":["Exordium","TheCity","TheBeyond","TheEnding"],"potions_floor_usage":[33,40,50,55],"damage_taken":[{"damage":0.0,"enemies":"Cultist","floor":1.0,"turns":4.0},{"damage":2.0,"enemies":"Jaw Worm","floor":2.0,"turns":3.0},{"damage":0.0,"enemies":"2 Louse","floor":3.0,"turns":3.0},{"damage":12.0,"enemies":"Exordium Wildlife","floor":5.0,"turns":4.0},{"damage":6.0,"enemies":"Exordium Thugs","floor":8.0,"turns":5.0},{"damage":0.0,"enemies":"2 Fungi Beasts","floor":10.0,"turns":3.0},{"damage":3.0,"enemies":"The Mushroom Lair","floor":11.0,"turns":4.0},{"damage":11.0,"enemies":"Lagavulin","floor":12.0,"turns":5.0},{"damage":6.0,"enemies":"Looter","floor":14.0,"turns":2.0},{"damage":8.0,"enemies":"Slime Boss","floor":16.0,"turns":7.0},{"damage":12.0,"enemies":"3 Byrds","floor":18.0,"turns":3.0},{"damage":0.0,"enemies":"Spheric Guardian","floor":20.0,"turns":3.0},{"damage":1.0,"enemies":"Book of Stabbing","floor":24.0,"turns":3.0},{"damage":0.0,"enemies":"Snecko","floor":25.0,"turns":2.0},{"damage":15.0,"enemies":"Snake Plant","floor":27.0,"turns":3.0},{"damage":40.0,"enemies":"Gremlin Leader","floor":28.0,"turns":5.0},{"damage":24.0,"enemies":"Centurion and Healer","floor":29.0,"turns":5.0},{"damage":11.0,"enemies":"Slavers","floor":31.0,"turns":4.0},{"damage":24,"enemies":"Automaton","floor":33,"turns":6},{"damage":0,"enemies":"Orb Walker","floor":35,"turns":3},{"damage":1,"enemies":"3 Darklings","floor":36,"turns":4},{"damage":0,"enemies":"Spire Growth","floor":38,"turns":4},{"damage":22,"enemies":"Mind Bloom Boss Battle","floor":39,"turns":4},{"damage":0,"enemies":"Giant Head","floor":40,"turns":5},{"damage":0,"enemies":"Maw","floor":45,"turns":3},{"damage":13,"enemies":"Nemesis","floor":46,"turns":4},{"damage":0,"enemies":"Sphere and 2 Shapes","floor":47,"turns":2},{"damage":27,"enemies":"Awakened One","floor":50,"turns":6},{"damage":7,"enemies":"Shield and Spear","floor":54,"turns":2},{"damage":5,"enemies":"The Heart","floor":55,"turns":6}],"seed_played":"5190653212041245727","potions_obtained":[{"floor":3.0,"key":"ColorlessPotion"},{"floor":5.0,"key":"EssenceOfSteel"},{"floor":14.0,"key":"FairyPotion"},{"floor":16.0,"key":"ColorlessPotion"},{"floor":19.0,"key":"EssenceOfDarkness"},{"floor":28.0,"key":"Fruit Juice"},{"floor":31.0,"key":"EssenceOfDarkness"},{"floor":35,"key":"SpeedPotion"},{"floor":38,"key":"Fruit Juice"},{"floor":40,"key":"PotionOfCapacity"},{"floor":54,"key":"SpeedPotion"}],"is_trial":false,"path_per_floor":["M","M","M","?","M","R","$","M","T","M","?","E","?","M","R","B",null,"M","?","M","$","?","R","E","M","T","M","E","M","?","E","R","B",null,"M","M","?","M","?","E","$","?","T","R","M","E","M","$","R","B",null,"R","$","E","B",null],"character_chosen":"DEFECT","items_purchased":["Cables","Glacier","Frozen Egg 2","Runic Capacitor","Mummified Hand","Amplify","Calipers","Membership Card","DataDisk","Storm+1","ClockworkSouvenir","Orrery","Conserve Battery+1"],"campfire_rested":2,"item_purchase_floors":[0,0,0,0,0,7,21,41,41,41,48,48,53],"current_hp_per_floor":[22,20,20,20,8,27,27,21,21,21,18,7,7,1,20,12,51,39,39,39,39,39,39,43,53,58,53,23,14,19,18,23,9,55,65,69,69,69,52,67,72,72,74,74,74,66,71,71,71,44,67,67,67,65,60],"gold":34,"neow_bonus":"","is_daily":false,"chose_seed":false,"campfire_upgraded":3,"win_rate":0.0,"timestamp":1613050171,"path_taken":["M","M","M","?","M","R","$","M","T","M","?","E","?","M","R","BOSS","M","?","M","?","?","R","E","M","T","M","E","M","?","E","R","BOSS","M","M","?","M","?","E","$","?","T","R","?","E","M","?","R","BOSS","R","$","E","BOSS"],"items_purchased_type":["Relic","Card","Relic","Relic","Relic","Card","Relic","Relic","Relic","Card","Relic","Relic","Card"],"build_version":"2020-12-22","purchased_purges":4,"victory":true,"max_hp_per_floor":[71,71,71,64,64,64,64,64,64,64,64,64,64,64,64,64,64,64,64,64,64,64,64,64,64,64,64,64,69,69,69,69,69,69,69,69,69,69,69,74,74,74,74,74,74,74,74,74,74,74,74,74,74,74,74],"relic_stats":{"Darkstone Periapt":0,"counters":[58,251],"Astrolabe":["Scrape","Machine Learning","Creative AI"],"Bag of Preparation":[130],"Orichalcum":[0],"MawBank":360,"Boot":[92],"Cables":[97,72,20,5,0],"Peace Pipe":2,"Nunchaku":[1],"Mummified Hand":[343],"Bloody Idol":137,"obtain_stats":[{"Darkstone Periapt":12,"Calipers":21,"Bag of Preparation":0,"Incense Burner":47,"Runic Capacitor":0,"Boot":43,"ClockworkSouvenir":48,"Blood Vial":54,"Dream Catcher":26,"Nunchaku":46,"Matryoshka":28,"DollysMirror":53,"Mummified Hand":0,"MealTicket":40,"WingedGreaves":23,"Red Mask":19,"Toxic Egg 2":21,"Cracked Core":0,"Pear":30,"Golden Idol":4,"Astrolabe":17,"Oddly Smooth Stone":0,"Omamori":46,"Frozen Egg 2":0,"Odd Mushroom":11,"Orichalcum":54,"Medical Kit":0,"MawBank":8,"White Beast Statue":0,"Mercury Hourglass":9,"Nuclear Battery":34,"Cables":0,"Peace Pipe":39,"Runic Dome":17,"CaptainsWheel":26,"DataDisk":41,"Bloody Idol":22,"Orrery":48,"Coffee Dripper":34,"Membership Card":28,"Bottled Lightning":42,"StrikeDummy":40},{"Darkstone Periapt":36,"Calipers":40,"Bag of Preparation":0,"Incense Burner":25,"Runic Capacitor":28,"Boot":52,"ClockworkSouvenir":55,"Blood Vial":27,"Dream Catcher":15,"Nunchaku":54,"Matryoshka":44,"DollysMirror":26,"Mummified Hand":28,"MealTicket":23,"WingedGreaves":14,"Red Mask":12,"Toxic Egg 2":12,"Cracked Core":0,"Pear":17,"Golden Idol":31,"Astrolabe":38,"Oddly Smooth Stone":0,"Omamori":25,"Frozen Egg 2":28,"Odd Mushroom":35,"Orichalcum":57,"Medical Kit":0,"MawBank":5,"White Beast Statue":0,"Mercury Hourglass":5,"Nuclear Battery":18,"Cables":28,"Peace Pipe":51,"Runic Dome":10,"CaptainsWheel":42,"DataDisk":52,"Bloody Idol":40,"Orrery":55,"Coffee Dripper":47,"Membership Card":15,"Bottled Lightning":24,"StrikeDummy":52},{"Darkstone Periapt":165,"Calipers":180,"Bag of Preparation":0,"Incense Burner":119,"Runic Capacitor":134,"Boot":228,"ClockworkSouvenir":237,"Blood Vial":131,"Dream Catcher":63,"Nunchaku":235,"Matryoshka":193,"DollysMirror":125,"Mummified Hand":134,"MealTicket":106,"WingedGreaves":56,"Red Mask":49,"Toxic Egg 2":49,"Cracked Core":0,"Pear":74,"Golden Idol":144,"Astrolabe":174,"Oddly Smooth Stone":0,"Omamori":119,"Frozen Egg 2":134,"Odd Mushroom":160,"Orichalcum":245,"Medical Kit":0,"MawBank":21,"White Beast Statue":0,"Mercury Hourglass":21,"Nuclear Battery":82,"Cables":134,"Peace Pipe":223,"Runic Dome":41,"CaptainsWheel":185,"DataDisk":228,"Bloody Idol":180,"Orrery":237,"Coffee Dripper":208,"Membership Card":63,"Bottled Lightning":115,"StrikeDummy":228}]},"card_choices":[{"not_picked":["Cold Snap","Redo"],"picked":"Compile Driver","floor":1.0},{"not_picked":["Rebound","Ball Lightning","Streamline"],"picked":"SKIP","floor":2.0},{"not_picked":["Rebound","Ball Lightning"],"picked":"Streamline","floor":2.0},{"not_picked":["Blizzard","Cold Snap"],"picked":"Heatsinks+1","floor":3.0},{"not_picked":["Go for the Eyes","Gash"],"picked":"Machine Learning+1","floor":5.0},{"not_picked":["Leap","Reprogram"],"picked":"Barrage","floor":8.0},{"not_picked":["Melter","Leap","Conserve Battery"],"picked":"SKIP","floor":10.0},{"not_picked":["Melter","Leap","Conserve Battery"],"picked":"SKIP","floor":10.0},{"not_picked":["FTL","Stack"],"picked":"Ball Lightning","floor":11.0},{"not_picked":["BootSequence","Scrape"],"picked":"Storm+1","floor":12.0},{"not_picked":["Coolheaded","All For One"],"picked":"Force Field","floor":14.0},{"not_picked":["Meteor Strike","Rainbow"],"picked":"Creative AI+1","floor":16.0},{"not_picked":["Barrage","Ball Lightning","Turbo"],"picked":"SKIP","floor":18.0},{"not_picked":["Hologram","Stack"],"picked":"Glacier","floor":20.0},{"not_picked":["Gash","Redo+1","Conserve Battery"],"picked":"SKIP","floor":24.0},{"not_picked":["Aggregate","Fission","Sweeping Beam"],"picked":"SKIP","floor":25.0},{"not_picked":["Barrage","Genetic Algorithm+1","Compile Driver"],"picked":"SKIP","floor":27.0},{"not_picked":["Barrage","Compile Driver"],"picked":"Genetic Algorithm+1","floor":27.0},{"not_picked":["Stack","Barrage"],"picked":"Coolheaded","floor":28.0},{"not_picked":["Hello World+1","Steam"],"picked":"Chill","floor":29.0},{"not_picked":["Turbo+1","Machine Learning+1"],"picked":"Hologram+1","floor":31.0},{"not_picked":["Hyperbeam","Biased Cognition+1"],"picked":"Buffer+1","floor":33},{"not_picked":["Aggregate+1","Hello World+1","Hologram+1"],"picked":"SKIP","floor":35},{"not_picked":["Doom and Gloom","Leap+1","Rebound"],"picked":"SKIP","floor":36},{"not_picked":["Cold Snap","Lockon+1","Turbo+1"],"picked":"SKIP","floor":38},{"not_picked":["Ball Lightning+1","Chill+1","Go for the Eyes"],"picked":"SKIP","floor":40},{"not_picked":["Go for the Eyes","Conserve Battery+1","Barrage"],"picked":"SKIP","floor":45},{"not_picked":["Go for the Eyes","Barrage"],"picked":"Conserve Battery+1","floor":45},{"not_picked":["Blizzard+1","Ball Lightning"],"picked":"Glacier+1","floor":46},{"not_picked":["Auto Shields+1","Tempest+1","Sweeping Beam"],"picked":"SKIP","floor":47},{"not_picked":["Compile Driver+1","Barrage"],"picked":"Heatsinks+1","floor":48},{"not_picked":["Hologram+1","Sunder+1"],"picked":"Coolheaded+1","floor":48},{"not_picked":["Tempest+1","Rainbow+1"],"picked":"Fission+1","floor":48},{"not_picked":["Fusion+1","Compile Driver","Sweeping Beam"],"picked":"SKIP","floor":54}],"player_experience":504010,"relics_obtained":[{"floor":9.0,"key":"Bag of Preparation"},{"floor":11.0,"key":"Odd Mushroom"},{"floor":12.0,"key":"Darkstone Periapt"},{"floor":24.0,"key":"MawBank"},{"floor":26.0,"key":"CaptainsWheel"},{"floor":28.0,"key":"Matryoshka"},{"floor":31.0,"key":"Toxic Egg 2"},{"floor":39,"key":"Peace Pipe"},{"floor":40,"key":"StrikeDummy"},{"floor":43,"key":"Boot"},{"floor":46,"key":"Nunchaku"},{"floor":54,"key":"Orichalcum"}],"event_choices":[{"damage_healed":0.0,"max_hp_gain":0.0,"max_hp_loss":7.0,"gold_gain":0.0,"event_name":"Golden Idol","player_choice":"Lose Max HP","floor":4.0,"gold_loss":0.0,"damage_taken":0.0,"relics_obtained":["Golden Idol"]},{"damage_healed":0.0,"max_hp_gain":0.0,"max_hp_loss":0.0,"gold_gain":0.0,"event_name":"Mushrooms","player_choice":"Fought Mushrooms","floor":11.0,"gold_loss":0.0,"damage_taken":0.0},{"damage_healed":0.0,"max_hp_gain":0.0,"max_hp_loss":0.0,"gold_gain":0.0,"event_name":"Scrap Ooze","player_choice":"Fled","floor":13.0,"gold_loss":0.0,"damage_taken":0.0},{"damage_healed":0.0,"max_hp_gain":0.0,"max_hp_loss":0.0,"gold_gain":0.0,"event_name":"Lab","player_choice":"Got Potions","floor":19.0,"gold_loss":0.0,"damage_taken":0.0},{"damage_healed":0.0,"max_hp_gain":0.0,"max_hp_loss":0.0,"gold_gain":0.0,"event_name":"Forgotten Altar","player_choice":"Gave Idol","floor":22.0,"relics_lost":["Golden Idol"],"gold_loss":0.0,"damage_taken":0.0,"relics_obtained":["Bloody Idol"]},{"cards_removed":["Ball Lightning"],"damage_healed":0.0,"max_hp_gain":0.0,"max_hp_loss":0.0,"gold_gain":0.0,"event_name":"Beggar","player_choice":"Gave Gold","floor":30.0,"gold_loss":75.0,"damage_taken":0.0},{"cards_removed":["Scrape"],"damage_healed":0,"gold_gain":0,"player_choice":"Removed Attack","damage_taken":0,"max_hp_gain":0,"max_hp_loss":0,"event_name":"Falling","floor":37,"gold_loss":0},{"damage_healed":0,"gold_gain":0,"player_choice":"Fight","damage_taken":0,"max_hp_gain":0,"max_hp_loss":0,"event_name":"MindBloom","floor":39,"gold_loss":0},{"damage_healed":0,"gold_gain":0,"player_choice":"0 cards matched","damage_taken":0,"max_hp_gain":0,"max_hp_loss":0,"event_name":"Match and Keep!","floor":42,"gold_loss":0,"cards_obtained":[]}],"is_beta":false,"boss_relics":[{"not_picked":["SlaversCollar","FrozenCore"],"picked":"Astrolabe"},{"not_picked":["Snecko Eye","Nuclear Battery"],"picked":"Coffee Dripper"}],"items_purged_floors":[0,0,0,41],"is_endless":false,"potions_floor_spawned":[3,5,14,16,24,25,28,31,35,38,40,46,54],"ascension_level":17}}