{"host":"3a1ypf1irl30q4k8","time":1613078054,"event":{"mods":["AchievementEnabler","BaseMod","Bestiary","Colored Map","Minty Spire (QoL Compilation)","Relic Stats","ojb\u0027s Info Mod"],"gold_per_floor":[113,113,128,138,151,151,185,185,210,210,210,210,223,243,243,338,338,358,358,373,34,53,53,68,68,91,110,110,110,60,80,80,182,182,202,202,214,226,239,239,270,270,270,270,302,29,47,59,59,59,59],"floor_reached":50,"language":"ENG","playtime":4170,"items_purged":["Choke","Poisoned Stab"],"score":607,"play_id":"4721d434-b06e-4545-878c-243f61a3c31c","local_time":"20210211211414","is_ascension_mode":true,"campfire_choices":[{"data":"Eviscerate","floor":6.0,"key":"SMITH"},{"data":"Calculated Gamble","floor":8.0,"key":"SMITH"},{"data":"Survivor","floor":10.0,"key":"SMITH"},{"data":"Backflip","floor":15.0,"key":"SMITH"},{"data":"Adrenaline","floor":23.0,"key":"SMITH"},{"data":"Footwork","floor":28.0,"key":"SMITH"},{"floor":32.0,"key":"REST"},{"data":"After Image","floor":40,"key":"SMITH"},{"floor":44,"key":"REST"},{"floor":49,"key":"RECALL"}],"circlet_count":0,"master_deck":["Survivor+1","Neutralize","Eviscerate+1","Prepared","Endless Agony","Acrobatics+1","Backflip+1","Calculated Gamble+1","Underhanded Strike","After Image+1","Underhanded Strike","Adrenaline+1","Outmaneuver","All Out Attack","Footwork+1","Dodge and Roll+1","Well Laid Plans","Master of Strategy","Dodge and Roll+1","Footwork","After Image","Deflect+1","Flechettes+1","Outmaneuver+1","After Image","Tactician","PiercingWail+1","Blur+1"],"relics":["Ring of the Snake","Boot","Smiling Mask","War Paint","Pandora\u0027s Box","Akabeko","Enchiridion","HoveringKite","Oddly Smooth Stone","Art of War","Mango","Blood Vial"],"acts_visited":["Exordium","TheCity","TheBeyond"],"potions_floor_usage":[39,41,47],"damage_taken":[{"damage":1.0,"enemies":"2 Louse","floor":1.0,"turns":3.0},{"damage":0.0,"enemies":"Cultist","floor":3.0,"turns":4.0},{"damage":2.0,"enemies":"Small Slimes","floor":4.0,"turns":3.0},{"damage":0.0,"enemies":"Looter","floor":5.0,"turns":3.0},{"damage":9.0,"enemies":"3 Sentries","floor":7.0,"turns":9.0},{"damage":0.0,"enemies":"Blue Slaver","floor":13.0,"turns":2.0},{"damage":0.0,"enemies":"3 Louse","floor":14.0,"turns":3.0},{"damage":32.0,"enemies":"Hexaghost","floor":16.0,"turns":12.0},{"damage":0.0,"enemies":"Spheric Guardian","floor":18.0,"turns":1.0},{"damage":3.0,"enemies":"2 Thieves","floor":20.0,"turns":4.0},{"damage":3.0,"enemies":"Centurion and Healer","floor":22.0,"turns":6.0},{"damage":5.0,"enemies":"Snecko","floor":24.0,"turns":4.0},{"damage":7.0,"enemies":"Snake Plant","floor":27.0,"turns":2.0},{"damage":0.0,"enemies":"3 Cultists","floor":31.0,"turns":3.0},{"damage":6.0,"enemies":"Collector","floor":33.0,"turns":11.0},{"damage":0.0,"enemies":"3 Shapes","floor":35.0,"turns":5.0},{"damage":0,"enemies":"Orb Walker","floor":37,"turns":3},{"damage":9,"enemies":"Spire Growth","floor":38,"turns":6},{"damage":0,"enemies":"3 Darklings","floor":39,"turns":7},{"damage":36,"enemies":"Giant Head","floor":41,"turns":10},{"damage":8,"enemies":"Reptomancer","floor":45,"turns":9},{"damage":0,"enemies":"Jaw Worm Horde","floor":47,"turns":5},{"damage":0,"enemies":"Writhing Mass","floor":48,"turns":11},{"damage":58,"enemies":"Time Eater","floor":50,"turns":14}],"seed_played":"1217399201994405631","potions_obtained":[{"floor":1.0,"key":"EntropicBrew"},{"floor":7.0,"key":"DistilledChaos"},{"floor":13.0,"key":"SteroidPotion"},{"floor":20.0,"key":"SkillPotion"},{"floor":33.0,"key":"Fire Potion"},{"floor":35.0,"key":"AttackPotion"},{"floor":41,"key":"BlessingOfTheForge"},{"floor":45,"key":"DuplicationPotion"},{"floor":47,"key":"LiquidMemories"}],"is_trial":false,"path_per_floor":["M","?","M","M","M","R","E","R","T","R","?","?","M","M","R","B",null,"M","?","M","$","M","R","M","?","T","M","R","?","$","M","R","B",null,"M","?","M","M","M","R","E","?","T","R","E","$","M","M","R","B"],"character_chosen":"THE_SILENT","items_purchased":["Akabeko","Master of Strategy","Tactician","Blood Vial"],"campfire_rested":2,"item_purchase_floors":[21,21,46,46],"current_hp_per_floor":[69,69,69,67,67,67,58,58,58,58,40,40,40,40,40,8,70,70,70,67,67,64,64,59,59,59,52,52,36,36,36,57,51,70,70,70,70,61,61,61,25,25,25,46,52,52,54,56,56,0,0],"gold":59,"neow_bonus":"TRANSFORM_CARD","is_daily":false,"chose_seed":false,"campfire_upgraded":7,"win_rate":0.0,"timestamp":1613078054,"path_taken":["M","?","M","?","M","R","E","R","T","R","?","?","M","M","R","BOSS","M","?","M","$","M","R","M","?","T","M","R","?","?","M","R","BOSS","M","?","M","M","M","R","E","?","T","R","E","$","?","M","R","BOSS"],"items_purchased_type":["Relic","Card","Card","Relic"],"build_version":"2020-12-22","purchased_purges":2,"victory":false,"max_hp_per_floor":[70,70,70,70,70,70,70,70,70,70,70,70,70,70,70,70,70,70,70,70,70,70,70,70,70,70,70,70,70,70,70,70,70,70,70,70,70,70,70,70,70,70,70,70,84,84,84,84,84,84,84],"relic_stats":{"Blood Vial":6,"counters":[24,140],"HoveringKite":[54],"Pandora\u0027s Box":["Choke","Underhanded Strike","Adrenaline","Outmaneuver","All Out Attack","Poisoned Stab","Catalyst","Footwork"],"Art of War":[7],"War Paint":["Defend_G","Acrobatics"],"Boot":[119],"Smiling Mask":75,"obtain_stats":[{"Blood Vial":46,"Enchiridion":29,"HoveringKite":34,"Oddly Smooth Stone":41,"Pandora\u0027s Box":17,"Mango":45,"Art of War":43,"War Paint":11,"Boot":7,"Smiling Mask":9,"Akabeko":21,"Ring of the Snake":0},{"Blood Vial":21,"Enchiridion":13,"HoveringKite":15,"Oddly Smooth Stone":20,"Pandora\u0027s Box":8,"Mango":21,"Art of War":20,"War Paint":5,"Boot":5,"Smiling Mask":5,"Akabeko":10,"Ring of the Snake":0},{"Blood Vial":110,"Enchiridion":56,"HoveringKite":70,"Oddly Smooth Stone":101,"Pandora\u0027s Box":39,"Mango":110,"Art of War":101,"War Paint":22,"Boot":22,"Smiling Mask":22,"Akabeko":44,"Ring of the Snake":0}],"Ring of the Snake":[50]},"card_choices":[{"not_picked":["Terror","Quick Slash"],"picked":"Prepared","floor":1.0},{"not_picked":["Poisoned Stab","Backflip"],"picked":"Endless Agony","floor":3.0},{"not_picked":["Backflip","Underhanded Strike"],"picked":"Acrobatics","floor":4.0},{"not_picked":["Sucker Punch","Doppelganger"],"picked":"Backflip","floor":5.0},{"not_picked":["Dodge and Roll","Envenom"],"picked":"Calculated Gamble","floor":7.0},{"not_picked":["Quick Slash","Dodge and Roll"],"picked":"Underhanded Strike","floor":13.0},{"not_picked":["Cloak And Dagger","Blade Dance","Slice"],"picked":"SKIP","floor":14.0},{"not_picked":["Phantasmal Killer","Storm of Steel"],"picked":"After Image","floor":16.0},{"not_picked":["Bane","Cloak And Dagger"],"picked":"Dodge and Roll+1","floor":18.0},{"not_picked":["PiercingWail","Outmaneuver"],"picked":"Well Laid Plans","floor":20.0},{"not_picked":["Heel Hook","Blade Dance","Bane"],"picked":"SKIP","floor":22.0},{"not_picked":["Heel Hook","Blade Dance","Bane"],"picked":"SKIP","floor":22.0},{"not_picked":["Dagger Spray","Dodge and Roll","Slice"],"picked":"SKIP","floor":24.0},{"not_picked":["Concentrate","Caltrops"],"picked":"Dodge and Roll+1","floor":27.0},{"not_picked":["Eviscerate","Cloak And Dagger"],"picked":"Footwork","floor":31.0},{"not_picked":["Adrenaline","Glass Knife"],"picked":"After Image","floor":33.0},{"not_picked":["Bane","Distraction","Well Laid Plans"],"picked":"SKIP","floor":35.0},{"not_picked":["Noxious Fumes+1","Flying Knee+1","Accuracy+1"],"picked":"SKIP","floor":37},{"not_picked":["Prepared","Footwork+1"],"picked":"Deflect+1","floor":38},{"not_picked":["Dagger Throw+1","Backstab+1"],"picked":"Flechettes+1","floor":39},{"not_picked":["Prepared","Calculated Gamble+1"],"picked":"Outmaneuver+1","floor":41},{"not_picked":["Bouncing Flask","Grand Finale"],"picked":"After Image","floor":45},{"not_picked":["Acrobatics+1","Dagger Throw"],"picked":"PiercingWail+1","floor":47},{"not_picked":["Backflip","Cloak And Dagger+1"],"picked":"Blur+1","floor":48}],"player_experience":1389062,"relics_obtained":[{"floor":7.0,"key":"Boot"},{"floor":9.0,"key":"Smiling Mask"},{"floor":29.0,"key":"Enchiridion"},{"floor":41,"key":"Oddly Smooth Stone"},{"floor":43,"key":"Art of War"},{"floor":45,"key":"Mango"}],"event_choices":[{"cards_removed":["Strike_G"],"damage_healed":0.0,"max_hp_gain":0.0,"max_hp_loss":0.0,"gold_gain":0.0,"event_name":"Bonfire Elementals","player_choice":"Offered Basic","floor":2.0,"gold_loss":0.0,"damage_taken":0.0},{"damage_healed":0.0,"max_hp_gain":0.0,"max_hp_loss":0.0,"gold_gain":0.0,"event_name":"Scrap Ooze","player_choice":"Success","floor":11.0,"gold_loss":0.0,"damage_taken":18.0,"relics_obtained":["War Paint"]},{"damage_healed":0.0,"max_hp_gain":0.0,"max_hp_loss":0.0,"gold_gain":0.0,"event_name":"Golden Idol","player_choice":"Ignored","floor":12.0,"gold_loss":0.0,"damage_taken":0.0},{"cards_removed":["Catalyst"],"damage_healed":0.0,"max_hp_gain":0.0,"max_hp_loss":0.0,"gold_gain":0.0,"event_name":"Back to Basics","player_choice":"Elegance","floor":19.0,"gold_loss":0.0,"damage_taken":0.0},{"damage_healed":0.0,"max_hp_gain":0.0,"max_hp_loss":0.0,"gold_gain":0.0,"event_name":"Vampires","player_choice":"Ignored","floor":25.0,"gold_loss":0.0,"damage_taken":0.0},{"damage_healed":0.0,"max_hp_gain":0.0,"max_hp_loss":0.0,"gold_gain":0.0,"event_name":"Cursed Tome","player_choice":"Obtained Book","floor":29.0,"gold_loss":0.0,"damage_taken":16.0},{"damage_healed":0.0,"max_hp_gain":0.0,"max_hp_loss":0.0,"gold_gain":0.0,"event_name":"Tomb of Lord Red Mask","player_choice":"Ignored","floor":36.0,"gold_loss":0.0,"damage_taken":0.0},{"damage_healed":0,"gold_gain":0,"player_choice":"Ignored","damage_taken":0,"max_hp_gain":0,"max_hp_loss":0,"event_name":"NoteForYourself","floor":42,"gold_loss":0}],"is_beta":false,"boss_relics":[{"not_picked":["Black Star","SlaversCollar"],"picked":"Pandora\u0027s Box"},{"not_picked":["Coffee Dripper","Ring of the Serpent"],"picked":"HoveringKite"}],"items_purged_floors":[30,46],"is_endless":false,"potions_floor_spawned":[1,7,13,14,20,24,33,35,41,45,47],"killed_by":"Time Eater","ascension_level":4}}