{"host":"6r9t33axn0fzb9aq","time":1613058436,"event":{"mods":["Aspiration","BaseMod","Better Altar","Better Match","Better Note","Better Third Choice","Bossed Relics","CatGirl Mod","Clockwork Mod","Colored Map","Colored Powertips","Conspire","Curses Come First","Custom Start","Energized Spire","Halation","Hubris","Infinite Spire","Koishi","Marisa????????","Minty Spire (QoL Compilation)","Onozuka Komachi Mod","Poor People Problems","Reliquary","Remilia??????","Replay The Spire","Reworked Bosses","Shade Mod","Spicy Shops","Spire Arcade","StSLib","The Blue Laboratory","The Cursed","The Death Knight","The Hierophant","The Marked","The Necromancer","The Servant 0.9.4","TheHero","Trackpad","Waifu the Spire","Wandering Minibosses"],"gold_per_floor":[89,92,90,90,90,76,85,85,112,112,140,71,109,152,152,225,225,225,225],"floor_reached":18,"language":"ENG","playtime":882,"items_purged":[],"score":246,"play_id":"57177ef5-506a-43a8-9338-92648cc65945","local_time":"20210211154716","daily_mods":["Hoarder","Vintage","Heirloom","Time Dilation","Flight","Elite Swarm","Binary"],"is_ascension_mode":false,"campfire_choices":[{"data":"hierophant:Punish","floor":10,"key":"SMITH"},{"floor":15,"key":"DIG"}],"circlet_count":0,"master_deck":["hierophant:Strike_Hierophant","hierophant:Strike_Hierophant","hierophant:Strike_Hierophant","hierophant:Strike_Hierophant","hierophant:Punish+1","hierophant:Defend_Hierophant","hierophant:Defend_Hierophant","hierophant:Defend_Hierophant","hierophant:Defend_Hierophant","hierophant:ChurchCoffers","hierophant:Smite","hierophant:Smite","hierophant:Smite","hierophant:CursedGold","hierophant:CursedGold","hierophant:CursedGold","hierophant:Doubloon","hierophant:Doubloon","hierophant:Doubloon"],"relics":["hierophant:PropheticMaskRelic","Busted Crown","replay:Trail_Library","trackpad:WindUpAutoDealer","Letter Opener","Shovel","halation:PrussianBluePaint","conspire:DeflatedDodgeball","Juzu Bracelet","aspiration:Lifesprig","reliquary:Boomerang","conspire:TopHat","reliquary:RosewoodLute"],"acts_visited":["Exordium","TheCity"],"potions_floor_usage":[13],"damage_taken":[{"damage":0,"enemies":"Small Slimes","floor":1,"turns":2},{"damage":0,"enemies":"2 Louse","floor":2,"turns":1},{"damage":1,"enemies":"Jaw Worm","floor":3,"turns":2},{"damage":11,"enemies":"Lagavulin","floor":6,"turns":6},{"damage":6,"enemies":"Gremlin Nob","floor":7,"turns":3},{"damage":8,"enemies":"Lagavulin","floor":11,"turns":3},{"damage":0,"enemies":"3 Sentries","floor":13,"turns":3},{"damage":0,"enemies":"Lagavulin","floor":14,"turns":3},{"damage":20,"enemies":"Hexaghost","floor":16,"turns":4},{"damage":0,"enemies":"Spheric Guardian","floor":18,"turns":1}],"seed_played":"-7239131627024147321","potions_obtained":[{"floor":6,"key":"Dexterity Potion"},{"floor":7,"key":"Explosive Potion"},{"floor":14,"key":"SteroidPotion"}],"is_trial":true,"path_per_floor":["M","M","M","?","?","E","E","?","T","R","E","$","E","E","R_BF","B",null,"M"],"character_chosen":"HIEROPHANT","items_purchased":["hierophant:CursedGold"],"campfire_rested":0,"item_purchase_floors":[12],"current_hp_per_floor":[75,75,74,74,74,63,57,57,57,57,49,49,49,49,49,29,75,75,75],"gold":225,"neow_bonus":"","is_daily":false,"chose_seed":false,"campfire_upgraded":1,"win_rate":0.0,"timestamp":1613058436,"path_taken":["M","M","M","?","?","E","E","?","T","R","E","?","E","E","R_BF","BOSS","M"],"items_purchased_type":["Card"],"build_version":"2020-12-22","purchased_purges":0,"victory":false,"max_hp_per_floor":[75,75,75,75,75,75,75,75,75,75,75,75,75,75,75,75,75,75,75],"card_choices":[],"player_experience":444196,"relics_obtained":[{"floor":1,"key":"Letter Opener"},{"floor":2,"key":"Shovel"},{"floor":3,"key":"halation:PrussianBluePaint"},{"floor":5,"key":"conspire:DeflatedDodgeball"},{"floor":6,"key":"Juzu Bracelet"},{"floor":9,"key":"aspiration:Lifesprig"},{"floor":11,"key":"reliquary:Boomerang"},{"floor":13,"key":"conspire:TopHat"},{"floor":14,"key":"reliquary:RosewoodLute"}],"event_choices":[{"damage_healed":0,"gold_gain":0,"player_choice":"Disagree","damage_taken":0,"max_hp_gain":0,"max_hp_loss":0,"event_name":"conspire:LoneGhost","floor":8,"gold_loss":0}],"is_beta":false,"boss_relics":[{"not_picked":["Abe\u0027s Treasure","ReplayTheSpireMod:SealedPack","hubris:BlackHole"]}],"items_purged_floors":[],"is_endless":false,"potions_floor_spawned":[6,7,14],"killed_by":"Spheric Guardian","ascension_level":0}}