{"host":"ttt10ghevkhyjkzb","time":1613058659,"event":{"mods":["2.2 Compatiblity","AchievementEnabler","BaseMod","Downfall","Googly Eyes","Minty Spire (QoL Compilation)","StSLib","The IronCluck","The Marked","The Servant 0.9.4"],"gold_per_floor":[99,117,136,150,162,262,262,276,44,44,54,66,78,113,133,235,285,285,299,313,313,325,342,342,192,192,192,192,209,220,220,234,339,339,339,339,354,454,100,114,114,131,143,143,143,143],"floor_reached":44,"language":"ENG","playtime":3696,"items_purged":["Slimebound:Strike_Slimebound","Slimebound:Strike_Slimebound"],"score":470,"play_id":"866cf88d-6a82-47a1-8700-db2e791d43ab","local_time":"20210211165059","is_ascension_mode":false,"campfire_choices":[{"data":"Slimebound:Split","floor":1,"key":"SMITH"},{"data":"Slimebound:LeadByExample","floor":10,"key":"SMITH"},{"data":"Slimebound:Repurpose","floor":18,"key":"SMITH"},{"data":"Slimebound:LevelUp","floor":28,"key":"SMITH"},{"data":"Slimebound:GoopSpray","floor":35,"key":"SMITH"}],"circlet_count":0,"master_deck":["Slimebound:Strike_Slimebound","Slimebound:Tackle","Slimebound:Defend_Slimebound+1","Slimebound:Defend_Slimebound","Slimebound:Defend_Slimebound","Slimebound:Defend_Slimebound","Slimebound:Split+1","Slimebound:CorrosiveSpit","Slimebound:ProtectTheBoss","Slimebound:RollThrough","Slimebound:Repurpose+1","Slimebound:LeadByExample+1","Slimebound:ViciousTackle","Slimebound:RainOfGoop","Slimebound:SpikyOuterGoop","Slimebound:SplitMire","Slimebound:LeechingTouch","Slimebound:GoopSpray+1","Slimebound:SplitLeeching","Slimebound:FirmFortitude","Slimebound:SplitMire","Slimebound:Schlurp","Slimebound:SamplingLick","Slimebound:SpikyOuterGoop","Slimebound:SplitLeeching+1","Slimebound:LevelUp+1","Slimebound:SamplingLick","Slimebound:Nibble","Slimebound:Overexert","Slimebound:SlimeSpikes+1","Slimebound:SelfFormingGoo","Slimebound:SlimeBarrage+1","Parasite","Slimebound:MegaLick+1"],"relics":["Slimebound:AbsorbEndCombat","HornCleat","Bottled Tornado","Tiny House","Strawberry","SlaversCollar","Mummified Hand","Art of War","TheAbacus","MealTicket"],"acts_visited":["Exordium","TheCity","TheBeyond"],"potions_floor_usage":[16,25,33],"damage_taken":[{"damage":2,"enemies":"Small Slimes","floor":2,"turns":5},{"damage":1,"enemies":"Cultist","floor":3,"turns":5},{"damage":8,"enemies":"Jaw Worm","floor":4,"turns":4},{"damage":8,"enemies":"3 Louse","floor":5,"turns":4},{"damage":7,"enemies":"Gremlin Gang","floor":8,"turns":6},{"damage":0,"enemies":"downfall:FleeingMerchant","floor":9,"turns":4},{"damage":10,"enemies":"3 Louse","floor":11,"turns":5},{"damage":14,"enemies":"Exordium Thugs","floor":12,"turns":3},{"damage":1,"enemies":"Blue Slaver","floor":13,"turns":5},{"damage":22,"enemies":"3 Sentries","floor":14,"turns":7},{"damage":15,"enemies":"Exordium Thugs","floor":15,"turns":5},{"damage":27,"enemies":"DF_ARCHETYPE_STREAMLINE","floor":16,"turns":8},{"damage":2,"enemies":"Chosen","floor":19,"turns":4},{"damage":11,"enemies":"3 Byrds","floor":20,"turns":5},{"damage":2,"enemies":"Centurion and Healer","floor":22,"turns":5},{"damage":1,"enemies":"3 Cultists","floor":23,"turns":3},{"damage":0,"enemies":"downfall:FleeingMerchant","floor":25,"turns":4},{"damage":21,"enemies":"Snake Plant","floor":29,"turns":3},{"damage":16,"enemies":"Shelled Parasite and Fungi","floor":30,"turns":5},{"damage":11,"enemies":"Centurion and Healer","floor":32,"turns":7},{"damage":30,"enemies":"IC_MUSHROOM_ARCHETYPE","floor":33,"turns":10},{"damage":12,"enemies":"3 Shapes","floor":37,"turns":6},{"damage":0,"enemies":"downfall:FleeingMerchant","floor":39,"turns":4},{"damage":24,"enemies":"3 Darklings","floor":40,"turns":6},{"damage":0,"enemies":"Writhing Mass","floor":42,"turns":5},{"damage":63,"enemies":"Sphere and 2 Shapes","floor":43,"turns":6},{"damage":17,"enemies":"Jaw Worm Horde","floor":44,"turns":3}],"seed_played":"-2007491415549366225","potions_obtained":[{"floor":2,"key":"SteroidPotion"},{"floor":12,"key":"SteroidPotion"},{"floor":13,"key":"Dexterity Potion"},{"floor":14,"key":"EssenceOfSteel"},{"floor":17,"key":"hexamod:SoulburnPotion"},{"floor":26,"key":"CultistPotion"},{"floor":43,"key":"FearPotion"}],"is_trial":false,"path_per_floor":["R","M","M","M","M","?","T","M","$","R","M","M","M","E","M","B",null,"R","M","M","?","M","M","T","$","?","?","R","M","M","?","M","B",null,"R","?","M","?","$","M","T","M","M","M"],"character_chosen":"SLIMEBOUND","items_purchased":["Slimebound:RainOfGoop","Slimebound:SpikyOuterGoop","Slimebound:LevelUp","Mummified Hand","Art of War","TheAbacus","Slimebound:SelfFormingGoo"],"campfire_rested":0,"item_purchase_floors":[9,9,25,39,39,39,39],"current_hp_per_floor":[71,71,71,69,63,63,63,60,66,66,62,52,57,43,32,9,76,76,76,69,69,73,76,83,83,83,59,59,40,28,28,25,3,83,83,83,77,77,81,61,61,65,6,0,0,0],"gold":143,"neow_bonus":"TEN_PERCENT_HP_BONUS","is_daily":false,"chose_seed":false,"campfire_upgraded":5,"win_rate":0.0,"timestamp":1613058659,"path_taken":["R","M","M","M","M","?","T","?","$","R","M","M","M","E","M","BOSS","R","M","M","?","M","M","T","$","?","?","R","M","?","?","M","BOSS","R","?","M","?","$","M","T","M","M","M"],"items_purchased_type":["Card","Card","Card","Relic","Relic","Relic","Card"],"build_version":"2020-12-22","purchased_purges":2,"victory":false,"max_hp_per_floor":[71,71,71,71,71,71,71,71,71,71,71,71,71,71,71,71,76,76,76,76,76,76,76,83,83,83,83,83,83,83,83,83,83,83,83,83,83,83,83,83,83,83,83,83,83,83],"card_choices":[{"not_picked":["Slimebound:BestDefense","Slimebound:Prepare"],"picked":"Slimebound:ProtectTheBoss","floor":2},{"not_picked":["Slimebound:ComboTackle","Slimebound:SlimeSpikes"],"picked":"Slimebound:RollThrough","floor":3},{"not_picked":["Slimebound:LeadByExample","Slimebound:SplitLeeching"],"picked":"Slimebound:Repurpose","floor":4},{"not_picked":["Slimebound:LivingWall","Slimebound:SlimeSpikes"],"picked":"Slimebound:LeadByExample","floor":5},{"not_picked":["Slimebound:PrepareCrush","Slimebound:GoopTackle"],"picked":"Slimebound:PressTheAttack","floor":8},{"not_picked":["Slimebound:LivingWall","Slimebound:FlameTackle"],"picked":"Slimebound:ViciousTackle","floor":9},{"not_picked":["Slimebound:DisruptingSlam","Slimebound:GoopSpray"],"picked":"Slimebound:SplitMire","floor":11},{"not_picked":["Slimebound:RainOfGoop","Slimebound:RollThrough"],"picked":"Slimebound:LeechingTouch","floor":12},{"not_picked":["Slimebound:LivingWall","Slimebound:ViciousTackle"],"picked":"Slimebound:GoopSpray","floor":13},{"not_picked":["Slimebound:Replication","Slimebound:HauntingLick","Slimebound:ViciousTackle"],"picked":"SKIP","floor":14},{"not_picked":["Slimebound:Prepare","Slimebound:PrepareCrush"],"picked":"Slimebound:SplitLeeching","floor":15},{"not_picked":["Slimebound:DouseInSlime","Slimebound:SelfFormingGoo"],"picked":"Slimebound:FirmFortitude","floor":16},{"not_picked":["Slimebound:DisruptingSlam","Slimebound:FlameTackle"],"picked":"Slimebound:SplitMire","floor":17},{"not_picked":["Slimebound:LivingWall","Slimebound:LeadByExample+1"],"picked":"Slimebound:Schlurp","floor":19},{"not_picked":["Slimebound:FormOfPuddle","Slimebound:ForwardTackle+1"],"picked":"Slimebound:SamplingLick","floor":20},{"not_picked":["Slimebound:SplitLeeching","Slimebound:Prepare","Slimebound:DisruptingSlam"],"picked":"SKIP","floor":22},{"not_picked":["Slimebound:Schlurp","Slimebound:Grow"],"picked":"Slimebound:SpikyOuterGoop","floor":23},{"not_picked":["Slimebound:LeadByExample","Slimebound:FormOfPuddle"],"picked":"Slimebound:SplitLeeching+1","floor":25},{"not_picked":["Slimebound:BestDefense","Slimebound:RollThrough","Slimebound:SlimeBrawl"],"picked":"SKIP","floor":29},{"not_picked":["Slimebound:PressTheAttack","Slimebound:SplitBruiser"],"picked":"Slimebound:SamplingLick","floor":30},{"not_picked":["Slimebound:PrepareCrush","Slimebound:SplitLeeching+1"],"picked":"Slimebound:Nibble","floor":32},{"not_picked":["Slimebound:DouseInSlime","Slimebound:PrepareCrush"],"picked":"Slimebound:Overexert","floor":33},{"not_picked":["Slimebound:GrowthPunch","Slimebound:SpikyOuterGoop","Slimebound:SplitMire+1"],"picked":"SKIP","floor":37},{"not_picked":["Slimebound:FinishingTackle","Slimebound:ItLooksTasty+1"],"picked":"Slimebound:SlimeSpikes+1","floor":39},{"not_picked":["Slimebound:Prepare+1","Slimebound:SplitMire+1"],"picked":"Slimebound:SlimeBarrage+1","floor":40},{"not_picked":["Slimebound:SlimeBarrage","Slimebound:LeechingTouch+1"],"picked":"Slimebound:MegaLick+1","floor":42},{"not_picked":["Slimebound:Prepare+1","Slimebound:LeechingTouch+1","Slimebound:LeadByExample"],"picked":"SKIP","floor":43}],"player_experience":137293,"relics_obtained":[{"floor":7,"key":"HornCleat"},{"floor":14,"key":"Bottled Tornado"},{"floor":24,"key":"Strawberry"},{"floor":41,"key":"MealTicket"}],"event_choices":[{"damage_healed":0,"gold_gain":100,"player_choice":"Gold","damage_taken":0,"max_hp_gain":0,"max_hp_loss":0,"event_name":"Wheel of Change","floor":6,"gold_loss":0},{"damage_healed":0,"gold_gain":0,"player_choice":"Ignored","damage_taken":0,"max_hp_gain":0,"max_hp_loss":0,"event_name":"Vampires","floor":31,"gold_loss":0},{"cards_removed":["Slimebound:PressTheAttack"],"damage_healed":0,"gold_gain":0,"player_choice":"Removed Attack","damage_taken":0,"max_hp_gain":0,"max_hp_loss":0,"event_name":"Falling","floor":36,"gold_loss":0}],"is_beta":false,"boss_relics":[{"not_picked":["bronze:MakeshiftBattery","Black Star"],"picked":"Tiny House"},{"not_picked":["Velvet Choker","Cursed Key"],"picked":"SlaversCollar"}],"items_purged_floors":[9,25],"is_endless":false,"potions_floor_spawned":[2,12,13,14,15,22,23,30,43],"killed_by":"Jaw Worm Horde","ascension_level":0}}