{"host":"sav7uxregyirlf69","time":1613008991,"event":{"mods":["AchievementEnabler","BaseMod","Colored Map","DeckTracker","Keyboard Shortcuts","Minty Spire (QoL Compilation)","READ ME - Guardian Mod","StSLib","SuperFastMode"],"gold_per_floor":[10,26,26,45,64,64,64,88,88,88,127,140,154,154,154,154,154],"floor_reached":16,"language":"KOR","playtime":247,"items_purged":[],"score":208,"play_id":"68f817f5-5c5b-46b1-96db-3f30deb77c8a","local_time":"20210211110311","is_ascension_mode":true,"campfire_choices":[{"data":"Noxious Fumes","floor":6,"key":"SMITH"},{"floor":10,"key":"REST"},{"data":"Crippling Poison","floor":15,"key":"SMITH"}],"circlet_count":0,"master_deck":["AscendersBane","Strike_G","Strike_G","Strike_G","Defend_G","Defend_G","Defend_G","Defend_G","Survivor","Neutralize+1","Poisoned Stab","Noxious Fumes+1","Poisoned Stab","Crippling Poison+1","Quick Slash"],"relics":["Ring of the Snake","Golden Idol","Mummified Hand","The Courier"],"acts_visited":["Exordium"],"potions_floor_usage":[11,16,16],"damage_taken":[{"damage":1,"enemies":"2 Louse","floor":1,"turns":2},{"damage":5,"enemies":"Small Slimes","floor":2,"turns":4},{"damage":0,"enemies":"Cultist","floor":4,"turns":4},{"damage":6,"enemies":"Exordium Wildlife","floor":5,"turns":4},{"damage":4,"enemies":"Exordium Thugs","floor":8,"turns":4},{"damage":10,"enemies":"Lagavulin","floor":11,"turns":5},{"damage":4,"enemies":"Large Slime","floor":12,"turns":6},{"damage":3,"enemies":"2 Fungi Beasts","floor":13,"turns":4},{"damage":38,"enemies":"Slime Boss","floor":16,"turns":7}],"seed_played":"3622469072024936039","potions_obtained":[{"floor":5,"key":"GamblersBrew"},{"floor":8,"key":"BlessingOfTheForge"},{"floor":12,"key":"Regen Potion"},{"floor":13,"key":"SkillPotion"}],"is_trial":false,"path_per_floor":["M","M","?","M","M","R","?","M","T","R","E","M","M","?","R","B"],"character_chosen":"THE_SILENT","items_purchased":[],"campfire_rested":1,"item_purchase_floors":[],"current_hp_per_floor":[58,53,30,30,24,24,24,20,20,39,29,25,22,22,22,0,0],"gold":154,"neow_bonus":"REMOVE_TWO","is_daily":false,"chose_seed":false,"campfire_upgraded":2,"win_rate":0.0,"timestamp":1613008991,"path_taken":["M","M","?","M","M","R","?","M","T","R","E","M","?","?","R","BOSS"],"items_purchased_type":[],"build_version":"2020-12-22","purchased_purges":0,"victory":false,"max_hp_per_floor":[66,66,66,66,66,66,66,66,66,66,66,66,66,66,66,66,66],"card_choices":[{"not_picked":["Dodge and Roll","Prepared"],"picked":"Poisoned Stab","floor":1},{"not_picked":["Quick Slash","Deadly Poison"],"picked":"Noxious Fumes","floor":2},{"not_picked":["Eviscerate","PiercingWail"],"picked":"Poisoned Stab","floor":4},{"not_picked":["Setup","Skewer"],"picked":"Crippling Poison","floor":5},{"not_picked":["Prepared","Leg Sweep","Terror"],"picked":"SKIP","floor":8},{"not_picked":["Distraction","Outmaneuver","Underhanded Strike"],"picked":"SKIP","floor":11},{"not_picked":["Underhanded Strike","PiercingWail","Deflect"],"picked":"SKIP","floor":12},{"not_picked":["Phantasmal Killer","Backflip"],"picked":"Quick Slash","floor":13}],"player_experience":1554038,"relics_obtained":[{"floor":9,"key":"Mummified Hand"},{"floor":11,"key":"The Courier"}],"event_choices":[{"damage_healed":0,"gold_gain":0,"player_choice":"Take Damage","damage_taken":23,"relics_obtained":["Golden Idol"],"max_hp_gain":0,"max_hp_loss":0,"event_name":"Golden Idol","floor":3,"gold_loss":0},{"cards_removed":["Strike_G"],"damage_healed":0,"gold_gain":0,"player_choice":"Offered Basic","damage_taken":0,"max_hp_gain":0,"max_hp_loss":0,"event_name":"Bonfire Elementals","floor":7,"gold_loss":0},{"damage_healed":0,"gold_gain":0,"player_choice":"Upgraded","damage_taken":0,"max_hp_gain":0,"max_hp_loss":0,"event_name":"Upgrade Shrine","floor":14,"gold_loss":0,"cards_upgraded":["Neutralize"]}],"is_beta":false,"boss_relics":[],"items_purged_floors":[],"is_endless":false,"potions_floor_spawned":[5,8,12,13],"killed_by":"Slime Boss","ascension_level":20}}