{"host":"17u3w43rikeuspxs","time":1613009016,"event":{"mods":["BaseMod","BetterRewards","Curses Come First","Infinite Spire","Minty Spire (QoL Compilation)","StSLib"],"gold_per_floor":[116,131,131,131,196,256,306,306,306,376,426,492,506,126,126,223,223,233,283,13,63,74,74,92,102,102,167,183,183,233,253,253,355,355,369,419,419],"floor_reached":36,"language":"ENG","playtime":3077,"items_purged":["Strike_B","Pain","Decay"],"score":383,"play_id":"65655ea9-3c88-4612-96fa-dfaad0bc2973","local_time":"20210210210336","is_ascension_mode":false,"campfire_choices":[{"floor":8.0,"key":"REST"},{"data":"Zap","floor":8.0,"key":"SMITH"},{"floor":15.0,"key":"REST"},{"data":"Chaos","floor":15.0,"key":"SMITH"},{"data":"Defragment","floor":23,"key":"SMITH"},{"data":"Creative AI","floor":29,"key":"SMITH"},{"data":"Fusion","floor":32,"key":"SMITH"}],"circlet_count":0,"master_deck":["Zap+1","Dualcast+1","Storm+1","Lockon","Redo","Thunder Strike","Chaos+1","Ball Lightning","Coolheaded","Creative AI+1","Hello World","Skim","Lockon","Go for the Eyes","Steam+1","Fusion+1","Defragment+1","Capacitor+1","Chaos+1","Undo+1","Melter","Leap+1","Electrodynamics","infinitespire:Pacifist","Clumsy","Glacier+1"],"relics":["Cracked Core","Vajra","Eternal Feather","Gambling Chip","infinitespire:Magic Flask","Cursed Key","SsserpentHead","Blue Candle","infinitespire:Beetle Shell","Sling","Pandora\u0027s Box","Lantern","Membership Card","Orichalcum","Bronze Scales","Astrolabe"],"acts_visited":["Exordium","TheCity","TheBeyond"],"potions_floor_usage":[27,27,33],"damage_taken":[{"damage":3.0,"enemies":"infinitespire:Voidling","floor":1.0,"turns":2.0},{"damage":0.0,"enemies":"Small Slimes","floor":2.0,"turns":2.0},{"damage":0.0,"enemies":"Cultist","floor":5.0,"turns":2.0},{"damage":17.0,"enemies":"Gremlin Gang","floor":6.0,"turns":3.0},{"damage":0.0,"enemies":"Blue Slaver","floor":10.0,"turns":1.0},{"damage":7.0,"enemies":"Exordium Thugs","floor":12.0,"turns":4.0},{"damage":11.0,"enemies":"Lots of Slimes","floor":13.0,"turns":2.0},{"damage":16.0,"enemies":"The Guardian","floor":16.0,"turns":7.0},{"damage":15,"enemies":"3 Byrds","floor":18,"turns":4},{"damage":4,"enemies":"Spheric Guardian","floor":22,"turns":3},{"damage":9,"enemies":"Snake Plant","floor":24,"turns":2},{"damage":0,"enemies":"Centurion and Healer","floor":27,"turns":4},{"damage":11,"enemies":"Snecko","floor":28,"turns":3},{"damage":1,"enemies":"Cultist and Chosen","floor":31,"turns":4},{"damage":13,"enemies":"Champ","floor":33,"turns":6},{"damage":18,"enemies":"3 Shapes","floor":35,"turns":5},{"damage":62,"enemies":"2 Orb Walkers","floor":36,"turns":3}],"seed_played":"-2931251381150822247","potions_obtained":[{"floor":1.0,"key":"Swift Potion"},{"floor":6.0,"key":"FocusPotion"},{"floor":10.0,"key":"Block Potion"},{"floor":12.0,"key":"LiquidBronze"},{"floor":22,"key":"SkillPotion"},{"floor":31,"key":"FocusPotion"}],"is_trial":false,"path_per_floor":["M","M","$","?","M","M","?","R","T","M","T","M","M","$","R","B",null,"M","?","$","?","M","R","M","?","T","M","M","R","?","M","R","B",null,"M","?"],"character_chosen":"DEFECT","items_purchased":["Vajra","Eternal Feather","Sling","Ball Lightning","SkillPotion","Coolheaded","Membership Card","Defragment","Block Potion"],"campfire_rested":2,"item_purchase_floors":[0,0,14,14,14,14,20,20,20],"current_hp_per_floor":[37,37,37,37,37,20,20,48,48,48,48,41,30,30,61,45,75,60,60,60,60,56,68,59,59,59,59,48,60,60,59,74,61,75,57,0,0],"gold":419,"neow_bonus":"","is_daily":false,"chose_seed":false,"campfire_upgraded":5,"win_rate":0.0,"timestamp":1613009016,"path_taken":["M","?","$","?","?","?","?","R","T","?","?","?","M","$","R","BOSS","M","?","$","?","M","R","M","?","T","?","M","R","?","M","R","BOSS","M","?"],"items_purchased_type":["Relic","Relic","Relic","Card","Potion","Card","Relic","Card","Potion"],"build_version":"2020-12-22","purchased_purges":3,"victory":false,"max_hp_per_floor":[75,75,75,75,75,75,75,75,75,75,75,75,75,75,75,75,75,75,75,75,75,75,75,75,75,75,75,75,75,75,75,75,75,75,75,75,75],"card_choices":[{"not_picked":["Rip and Tear","Steam"],"picked":"Storm","floor":1.0},{"not_picked":["Compile Driver","Consume"],"picked":"Lockon","floor":2.0},{"not_picked":["White Noise","Beam Cell","Rebound"],"picked":"SKIP","floor":5.0},{"not_picked":["Gash","Compile Driver","FTL"],"picked":"SKIP","floor":6.0},{"not_picked":["Sweeping Beam","Rebound"],"picked":"Redo","floor":10.0},{"not_picked":["Consume","Gash"],"picked":"Thunder Strike","floor":12.0},{"not_picked":["Force Field","Steam"],"picked":"Chaos","floor":13.0},{"not_picked":["Machine Learning","All For One"],"picked":"Creative AI","floor":16.0},{"not_picked":["Coolheaded+1","Compile Driver+1"],"picked":"Fusion","floor":18},{"not_picked":["Storm","Steam"],"picked":"Capacitor+1","floor":22},{"not_picked":["Coolheaded","Cold Snap"],"picked":"Chaos+1","floor":24},{"not_picked":["Go for the Eyes","Fission"],"picked":"Undo+1","floor":27},{"not_picked":["Compile Driver","Barrage+1"],"picked":"Melter","floor":28},{"not_picked":["Steam","Go for the Eyes"],"picked":"Leap+1","floor":31},{"not_picked":["Machine Learning","Creative AI"],"picked":"Electrodynamics","floor":33},{"not_picked":["Consume+1","Sweeping Beam","Barrage"],"picked":"SKIP","floor":35}],"player_experience":96816,"relics_obtained":[{"floor":9.0,"key":"Blue Candle"},{"floor":11.0,"key":"infinitespire:Beetle Shell"},{"floor":26,"key":"Bronze Scales"}],"event_choices":[{"damage_healed":0.0,"max_hp_gain":0.0,"max_hp_loss":0.0,"gold_gain":0.0,"event_name":"FaceTrader","player_choice":"Trade","floor":4.0,"gold_loss":0.0,"damage_taken":0.0,"relics_obtained":["SsserpentHead"]},{"damage_healed":0.0,"max_hp_gain":0.0,"max_hp_loss":0.0,"gold_gain":0.0,"event_name":"Accursed Blacksmith","player_choice":"Forge","floor":7.0,"gold_loss":0.0,"damage_taken":0.0,"cards_upgraded":["Dualcast"]},{"damage_healed":0,"gold_gain":0,"player_choice":"Opened","damage_taken":0,"relics_obtained":["Lantern"],"max_hp_gain":0,"max_hp_loss":0,"event_name":"The Mausoleum","floor":19,"gold_loss":0},{"damage_healed":0,"gold_gain":0,"player_choice":"Stole Relic","damage_taken":0,"relics_obtained":["Orichalcum"],"max_hp_gain":0,"max_hp_loss":0,"event_name":"Addict","floor":21,"gold_loss":0,"cards_obtained":["Shame"]},{"damage_healed":0,"gold_gain":0,"player_choice":"Upgraded Two","damage_taken":0,"max_hp_gain":0,"max_hp_loss":0,"event_name":"Designer","floor":25,"gold_loss":40,"cards_upgraded":["Steam","Storm"]},{"damage_healed":0,"gold_gain":0,"player_choice":"Ignored","damage_taken":0,"max_hp_gain":0,"max_hp_loss":0,"event_name":"Vampires","floor":30,"gold_loss":0},{"damage_healed":0,"gold_gain":0,"player_choice":"Fight","damage_taken":0,"max_hp_gain":0,"max_hp_loss":0,"event_name":"Mysterious Sphere","floor":36,"gold_loss":0}],"is_beta":false,"boss_relics":[{"not_picked":["infinitespire:Cupcake","Runic Pyramid"],"picked":"Pandora\u0027s Box"},{"not_picked":["Tiny House","Busted Crown"],"picked":"Astrolabe"}],"items_purged_floors":[0,14,20],"is_endless":false,"potions_floor_spawned":[1,6,10,12,22,31],"killed_by":"2 Orb Walkers","ascension_level":0}}