{"host":"3n5xmnb54n2y5mb4","time":1613002079,"event":{"mods":["BaseMod","Colored Map","Colored Powertips","Downfall","Minty Spire (QoL Compilation)","Permanent Neow","StSLib","Unceasing Turn Reminder","everything is the same but u backflip on backflip"],"gold_per_floor":[99,118,138,148,206,240,240,140,172,172,187,74,86,86,97,194,194,194,208,228,245,260,260,260,280,280,310,327,339,68,86,104,204,204,104,26,42,52,52,52,52,68,68,81,107,207,107,137,153,153,153,153,153,153],"floor_reached":52,"language":"ENG","playtime":4153,"items_purged":["downfall:Malfunctioning"],"score":850,"play_id":"a7a2dd29-99f9-4643-ad6f-8ae99b7c910e","local_time":"20210210190759","is_ascension_mode":false,"campfire_choices":[{"floor":1.0,"key":"RECALL"},{"floor":8.0,"key":"REST"},{"floor":10.0,"key":"REST"},{"data":"bronze:Goto","floor":18.0,"key":"SMITH"},{"floor":23.0,"key":"REST"},{"data":"bronze:FindAndReplace","floor":35,"key":"SMITH"},{"data":"bronze:Virus","floor":47,"key":"SMITH"}],"circlet_count":0,"master_deck":["bronze:Strike","bronze:Strike","bronze:Strike","bronze:Defend","bronze:Defend","bronze:Defend","bronze:Defend","bronze:Replicate","bronze:Goto+1","bronze:CutThrough","bronze:BronzeArmor","bronze:Safeguard","bronze:FollowUp","bronze:Separator","bronze:ClassDefault","bronze:DelayedSlice","bronze:SpaghettiCode","Dramatic Entrance","bronze:BronzeOrb","bronze:CleanCode","bronze:Boost","bronze:Format","bronze:Overheat","bronze:DarkDash","bronze:Philosophize","bronze:Virus+1","bronze:Safeguard+1","bronze:Shell","bronze:NullPointer","bronze:Optimize","bronze:ChildClass","bronze:FindAndReplace+1","bronze:Assembly","bronze:DigitalCarnage+1","expansioncontent:Chronoboost","expansioncontent:QuickStudy","bronze:Goto+1","bronze:Fortify+1","expansioncontent:LastStand","Parasite"],"relics":["bronze:BronzeCore","Boot","Bottled Lightning","Question Card","Shuriken","downfall:HeartBlessingRed","Singing Bowl","Cursed Key","Ornamental Fan","Anchor","Sozu","downfall:HeartBlessingGreen","DollysMirror","Kunai","downfall:GremlinWheel","downfall:HeartBlessingBlue","Frozen Egg 2"],"acts_visited":["Exordium","TheCity","TheBeyond","TheEnding"],"potions_floor_usage":[33],"damage_taken":[{"damage":7.0,"enemies":"2 Louse","floor":2.0,"turns":3.0},{"damage":10.0,"enemies":"Small Slimes","floor":3.0,"turns":2.0},{"damage":1.0,"enemies":"Cultist","floor":4.0,"turns":3.0},{"damage":37.0,"enemies":"3 Sentries","floor":5.0,"turns":12.0},{"damage":8.0,"enemies":"Gremlin Nob","floor":6.0,"turns":3.0},{"damage":16.0,"enemies":"3 Sentries","floor":9.0,"turns":7.0},{"damage":11.0,"enemies":"Lots of Slimes","floor":11.0,"turns":4.0},{"damage":0.0,"enemies":"downfall:FleeingMerchant","floor":12.0,"turns":4.0},{"damage":0.0,"enemies":"Gremlin Gang","floor":13.0,"turns":1.0},{"damage":0.0,"enemies":"3 Louse","floor":15.0,"turns":1.0},{"damage":24.0,"enemies":"IC_STATUS_ARCHETYPE","floor":16.0,"turns":5.0},{"damage":0.0,"enemies":"3 Byrds","floor":19.0,"turns":2.0},{"damage":6.0,"enemies":"Shell Parasite","floor":20.0,"turns":4.0},{"damage":18.0,"enemies":"Snake Plant","floor":21.0,"turns":3.0},{"damage":0.0,"enemies":"Snecko","floor":22.0,"turns":3.0},{"damage":0.0,"enemies":"Chosen and Byrds","floor":25.0,"turns":4.0},{"damage":0.0,"enemies":"Gremlin Leader","floor":27.0,"turns":4.0},{"damage":0.0,"enemies":"Cultist and Chosen","floor":28.0,"turns":4.0},{"damage":0.0,"enemies":"3 Cultists","floor":29.0,"turns":3.0},{"damage":0.0,"enemies":"downfall:FleeingMerchant","floor":30.0,"turns":4.0},{"damage":0.0,"enemies":"Centurion and Healer","floor":31.0,"turns":4.0},{"damage":0.0,"enemies":"Cultist and Chosen","floor":32.0,"turns":2.0},{"damage":34,"enemies":"WA_ARCHETYPE_CALM","floor":33,"turns":9},{"damage":0,"enemies":"downfall:FleeingMerchant","floor":36,"turns":3},{"damage":0,"enemies":"3 Shapes","floor":37,"turns":1},{"damage":16,"enemies":"3 Darklings","floor":38,"turns":3},{"damage":6,"enemies":"Maw","floor":42,"turns":6},{"damage":3,"enemies":"Sphere and 2 Shapes","floor":44,"turns":3},{"damage":0,"enemies":"Reptomancer","floor":45,"turns":5},{"damage":0,"enemies":"Reptomancer","floor":46,"turns":2},{"damage":34,"enemies":"Giant Head","floor":48,"turns":8},{"damage":6,"enemies":"Writhing Mass","floor":49,"turns":5},{"damage":7,"enemies":"SI_POISON_ARCHETYPE","floor":50,"turns":7},{"damage":110,"enemies":"downfall:CharBossMerchant","floor":52,"turns":8}],"seed_played":"-2982707048873004737","potions_obtained":[{"floor":3.0,"key":"Regen Potion"},{"floor":11.0,"key":"Ancient Potion"},{"floor":13.0,"key":"AttackPotion"},{"floor":20.0,"key":"GamblersBrew"},{"floor":28.0,"key":"SkillPotion"},{"floor":29.0,"key":"Guardian:BlockOnCardUsePotion"}],"is_trial":false,"path_per_floor":["R","M","M","M","?","E","T","R","E","R","M","$","M","?","M","B",null,"R","M","M","M","M","R","T","M","?","E","M","M","$","M","M","B",null,"R","$","M","M","?","$","T","M","?","M","E","?","R","E","M","B",null,"E"],"character_chosen":"THE_AUTOMATON","items_purchased":["Dramatic Entrance","bronze:NullPointer","bronze:Optimize","bronze:ChildClass","expansioncontent:Chronoboost","expansioncontent:QuickStudy","DollysMirror"],"campfire_rested":3,"item_purchase_floors":[12,30,30,30,36,36,36],"current_hp_per_floor":[70,63,53,52,15,16,16,37,21,42,31,31,31,31,31,7,70,70,70,64,46,48,69,69,69,69,69,71,71,73,75,75,41,78,78,78,80,64,64,64,64,60,60,59,61,61,96,64,60,53,100,0,0,0],"gold":153,"neow_bonus":"RANDOM_COMMON_RELIC","is_daily":false,"chose_seed":false,"campfire_upgraded":3,"win_rate":0.0,"timestamp":1613002079,"path_taken":["R","M","M","M","?","E","T","R","E","R","M","$","M","?","M","BOSS","R","M","M","M","M","R","T","M","?","E","M","?","$","?","M","BOSS","R","$","M","M","?","$","T","M","?","?","E","?","R","E","M","BOSS","E"],"items_purchased_type":["Card","Card","Card","Card","Card","Card","Relic"],"build_version":"2020-12-22","purchased_purges":1,"victory":false,"max_hp_per_floor":[70,70,70,70,70,70,70,70,70,70,70,70,70,70,70,70,70,70,70,70,70,72,72,72,72,72,72,74,74,76,78,78,78,78,78,78,80,80,80,80,80,82,82,84,86,86,96,98,100,100,100,100,100,100],"card_choices":[{"not_picked":["bronze:BugBarrage","bronze:OilSpill"],"picked":"bronze:CutThrough","floor":2.0},{"not_picked":["bronze:BugBarrage","bronze:WhirlingStrike"],"picked":"bronze:BronzeArmor","floor":3.0},{"not_picked":["bronze:ForLoop","bronze:BronzeArmor"],"picked":"bronze:Safeguard","floor":4.0},{"not_picked":["bronze:MaxOutput","bronze:BitShift"],"picked":"bronze:FollowUp","floor":5.0},{"not_picked":["bronze:BronzeArmor","bronze:Mutator"],"picked":"bronze:Separator","floor":6.0},{"not_picked":["bronze:Constructor","bronze:BitShift","bronze:Repulsor"],"picked":"bronze:ClassDefault","floor":9.0},{"not_picked":["bronze:WildBeam","bronze:BuggyMess","bronze:Deprecate"],"picked":"bronze:DelayedSlice","floor":11.0},{"not_picked":["bronze:FineTuning","bronze:Deprecate","bronze:OilSpill"],"picked":"bronze:SpaghettiCode","floor":12.0},{"not_picked":["bronze:DarkDash","bronze:BuggyMess","bronze:DigitalCarnage"],"picked":"bronze:BronzeOrb","floor":13.0},{"not_picked":["bronze:OilSpill","bronze:Terminator","bronze:Deprecate"],"picked":"bronze:Boost","floor":15.0},{"not_picked":["bronze:ShipIt","bronze:BurnOut","bronze:HyperBeam"],"picked":"bronze:Format","floor":16.0},{"not_picked":["bronze:Separator","bronze:OilSpill","bronze:BuggyMess"],"picked":"bronze:Overheat","floor":19.0},{"not_picked":["bronze:Separator","bronze:Deprecate","bronze:ThunderWave"],"picked":"bronze:DarkDash","floor":20.0},{"not_picked":["bronze:BitShift","bronze:Frontload","bronze:DigitalCarnage"],"picked":"bronze:Philosophize","floor":21.0},{"not_picked":["bronze:Deprecate","bronze:WhirlingStrike+1","bronze:Invalidate","bronze:Constructor"],"picked":"Singing Bowl","floor":22.0},{"not_picked":["bronze:OilSpill","bronze:Shield","bronze:Repulsor"],"picked":"bronze:Virus","floor":25.0},{"not_picked":["bronze:Frontload+1","bronze:DarkDash","bronze:Invalidate"],"picked":"bronze:Safeguard+1","floor":27.0},{"not_picked":["bronze:WildBeam","bronze:DarkDash","bronze:WhirlingStrike","bronze:Invalidate+1"],"picked":"Singing Bowl","floor":28.0},{"not_picked":["bronze:WildBeam","bronze:Repair","bronze:Constructor"],"picked":"bronze:Shell","floor":29.0},{"not_picked":["bronze:Invalidate","bronze:FollowUp","bronze:WildBeam+1","bronze:Flail+1"],"picked":"Singing Bowl","floor":30.0},{"not_picked":["bronze:Flail","bronze:DarkDash","bronze:Deprecate+1","bronze:Turbo"],"picked":"Singing Bowl","floor":31.0},{"not_picked":["bronze:BronzeArmor+1","bronze:Safeguard","bronze:WhirlingStrike"],"picked":"bronze:FindAndReplace","floor":32.0},{"not_picked":["bronze:Verify","bronze:FindAndReplace","bronze:ShipIt"],"picked":"bronze:Assembly","floor":33},{"not_picked":["bronze:Repair","bronze:Separator","bronze:Boost"],"picked":"bronze:DigitalCarnage+1","floor":36},{"not_picked":["bronze:DarkDash","bronze:FollowUp","bronze:Allocate+1","bronze:Iterate"],"picked":"Singing Bowl","floor":37},{"not_picked":["bronze:Branch+1","bronze:BuggyMess+1","bronze:RecursiveStrike"],"picked":"bronze:Fortify+1","floor":38},{"not_picked":["expansioncontent:InvincibleStrength","expansioncontent:Chronoboost"],"picked":"expansioncontent:LastStand","floor":39},{"not_picked":["bronze:Frontload+1","bronze:Turbo","bronze:Overheat","bronze:Boost"],"picked":"Singing Bowl","floor":42},{"not_picked":["bronze:CutThrough+1","bronze:Separator","bronze:CloningBeam","bronze:DarkDash+1"],"picked":"Singing Bowl","floor":44},{"not_picked":["bronze:ChosenStrike+1","bronze:GetLatest+1","bronze:Repair","bronze:BugBarrage"],"picked":"Singing Bowl","floor":45},{"not_picked":["bronze:Fortify","bronze:Overheat","bronze:ThunderWave","bronze:Shield"],"picked":"Singing Bowl","floor":48},{"not_picked":["bronze:DelayedSlice","bronze:BronzeArmor+1","bronze:Overheat+1","bronze:CutThrough"],"picked":"Singing Bowl","floor":49}],"player_experience":1032233,"relics_obtained":[{"floor":5.0,"key":"Bottled Lightning"},{"floor":6.0,"key":"Question Card"},{"floor":7.0,"key":"Shuriken"},{"floor":9.0,"key":"Singing Bowl"},{"floor":24.0,"key":"Ornamental Fan"},{"floor":27.0,"key":"Anchor"},{"floor":45,"key":"Kunai"},{"floor":46,"key":"downfall:GremlinWheel"},{"floor":48,"key":"Frozen Egg 2"}],"event_choices":[{"damage_healed":0.0,"max_hp_gain":0.0,"max_hp_loss":0.0,"gold_gain":0.0,"event_name":"NoteForYourself","player_choice":"Ignored","floor":26.0,"gold_loss":0.0,"damage_taken":0.0},{"damage_healed":25,"gold_gain":0,"player_choice":"Full Heal","damage_taken":0,"max_hp_gain":0,"max_hp_loss":0,"event_name":"Wheel of Change","floor":47,"gold_loss":0}],"is_beta":false,"boss_relics":[{"not_picked":["Calling Bell","Snecko Eye"],"picked":"Cursed Key"},{"not_picked":["Philosopher\u0027s Stone","Runic Dome"],"picked":"Sozu"}],"items_purged_floors":[30],"is_endless":false,"potions_floor_spawned":[3,11,13,20,21,28,29,31,32,37,42,44,46,48],"killed_by":"downfall:CharBossMerchant","ascension_level":0}}