{"host":"ukjwj1o6mndqsml6","time":1613082150,"event":{"mods":["100% Spire Juice","Aspiration","BaseMod","Better Third Choice","Colored Powertips","GifTheSpireLib","Hubris","Infinite Spire","Minty Spire (QoL Compilation)","Reliquary","Shade Mod","StSLib"],"gold_per_floor":[114,129,129,229,246,6,25,16,68,79,113,130,141,158,158,258,18,28,28,28,28,28,55,65,65,65,65,83,83,102,0,0,104,104,119,136,136,136],"floor_reached":37,"language":"ENG","playtime":2684,"items_purged":[],"score":447,"play_id":"38893e4a-c35d-4567-9e63-e0028af32ab2","local_time":"20210211232230","is_ascension_mode":false,"campfire_choices":[{"data":"Moonworks:Ambush","floor":6,"key":"SMITH"},{"data":"Moonworks:LuckyCharm","floor":15,"key":"SMITH"},{"floor":25,"key":"REST"},{"floor":32,"key":"REST"}],"circlet_count":0,"master_deck":["Moonworks:Strike","Moonworks:Strike","Moonworks:Strike","Moonworks:Strike","Moonworks:Defend","Moonworks:Defend","Moonworks:Defend","Moonworks:Defend","Moonworks:Ambush+1","Moonworks:LongDistanceShot","Moonworks:NicePresent","Moonworks:NicePresent","Moonworks:SweetBattle","Moonworks:SakisCookie","Moonworks:LuckyCharm+1","Moonworks:EvilSpyWorkPreparation","Moonworks:Poppoformation","Moonworks:NicePresent","Moonworks:AngelHand","Moonworks:AnotherUltimateWeapon","Moonworks:ImOnFire","Moonworks:DeployBits","Moonworks:WindyEnchantment","Moonworks:BeyondHell","Moonworks:SinkOrSwim","CurseOfTheBell","Moonworks:ExtendedPhotonRifle+1","Moonworks:WindyEnchantment"],"relics":["Moonworks:BrokenBomb","Moonworks:Homemark","hubris:Icosahedron","reliquary:ExpiredCoupon","Orichalcum","Sozu","Smiling Mask","hubris:Towel","Question Card","aspiration:Lifesprig","hubris:SlimyHat","aspiration:RitualStick","Calling Bell","Pen Nib","Pear","Du-Vu Doll"],"acts_visited":["Exordium","TheCity","TheBeyond"],"potions_floor_usage":[37,37,37],"damage_taken":[{"damage":1,"enemies":"Cultist","floor":1,"turns":3},{"damage":0,"enemies":"Small Slimes","floor":2,"turns":3},{"damage":0,"enemies":"2 Louse","floor":5,"turns":2},{"damage":4,"enemies":"Looter","floor":7,"turns":2},{"damage":0,"enemies":"Large Slime","floor":8,"turns":4},{"damage":6,"enemies":"2 Fungi Beasts","floor":10,"turns":3},{"damage":15,"enemies":"Gremlin Nob","floor":11,"turns":4},{"damage":9,"enemies":"Blue Slaver","floor":12,"turns":3},{"damage":0,"enemies":"Looter","floor":13,"turns":3},{"damage":0,"enemies":"Large Slime","floor":14,"turns":4},{"damage":31,"enemies":"The Guardian","floor":16,"turns":10},{"damage":6,"enemies":"2 Thieves","floor":18,"turns":3},{"damage":0,"enemies":"Nightmare","floor":23,"turns":1},{"damage":0,"enemies":"3 Byrds","floor":24,"turns":4},{"damage":0,"enemies":"Snecko","floor":28,"turns":4},{"damage":11,"enemies":"Snake Plant","floor":30,"turns":4},{"damage":4,"enemies":"Shelled Parasite and Fungi","floor":31,"turns":4},{"damage":26,"enemies":"Champ","floor":33,"turns":6},{"damage":0,"enemies":"3 Shapes","floor":35,"turns":4},{"damage":6,"enemies":"Orb Walker","floor":36,"turns":3},{"damage":32,"enemies":"infinitespire:Three Voidlings","floor":37,"turns":5},{"damage":51,"enemies":"Nightmare_Alpha","floor":37,"turns":6}],"seed_played":"-3532451569571340367","potions_obtained":[{"floor":2,"key":"Explosive Potion"},{"floor":5,"key":"SmokeBomb"},{"floor":8,"key":"Strength Potion"},{"floor":12,"key":"FearPotion"}],"is_trial":false,"path_per_floor":["M","M","?","?","M","R","M","M","T","M","E","M","M","M","R","B",null,"M","T","?","?","?","NM","M","R","T","T","M","?","M","M","R","B",null,"M","M","?"],"character_chosen":"THE_STARBREAKER","items_purchased":[],"campfire_rested":2,"item_purchase_floors":[],"current_hp_per_floor":[65,65,65,65,65,65,62,66,66,60,47,46,50,54,54,27,66,60,60,45,33,33,33,33,54,54,54,54,40,33,31,52,30,81,81,75,0,0],"gold":136,"neow_bonus":"TEN_PERCENT_HP_BONUS","is_daily":false,"chose_seed":false,"campfire_upgraded":2,"win_rate":0.0,"timestamp":1613082150,"path_taken":["M","?","?","?","M","R","M","M","T","?","E","M","M","M","R","BOSS","M","?","?","?","?","NM","M","R","T","?","M","?","M","M","R","BOSS","M","M","?"],"items_purchased_type":[],"build_version":"2020-12-22","purchased_purges":0,"victory":false,"max_hp_per_floor":[66,66,66,66,66,66,66,66,66,66,66,66,66,66,66,66,66,66,66,66,71,71,71,71,71,71,71,71,71,71,71,71,71,81,81,81,81,81],"card_choices":[{"not_picked":["Moonworks:IndiscriminateFireSupport","Moonworks:LulusLuckyEgg"],"picked":"Moonworks:NicePresent","floor":1},{"not_picked":["Moonworks:CloudOfSeagulls","Moonworks:Assault"],"picked":"Moonworks:NicePresent","floor":2},{"not_picked":["Moonworks:NicePresent","Moonworks:BigMagnum"],"picked":"Moonworks:SweetBattle","floor":5},{"not_picked":["Moonworks:Poppoformation","Moonworks:ReproductionOfRecords"],"picked":"Moonworks:SakisCookie","floor":7},{"not_picked":["Moonworks:LulusLuckyEgg","Moonworks:RedAndBlue"],"picked":"Moonworks:LuckyCharm","floor":8},{"not_picked":["Moonworks:IndiscriminateFireSupport","Moonworks:SakisCookie"],"picked":"Moonworks:EvilSpyWorkPreparation","floor":10},{"not_picked":["Moonworks:Dinner","Moonworks:DeployBits"],"picked":"Moonworks:Poppoformation","floor":11},{"not_picked":["Moonworks:ImOnFire","Moonworks:CloudOfSeagulls","Moonworks:DeployBits"],"picked":"SKIP","floor":12},{"not_picked":["Moonworks:SakisCookie","Moonworks:DeployBits"],"picked":"Moonworks:NicePresent","floor":13},{"not_picked":["Moonworks:FinalBattle","Moonworks:JonathanRush"],"picked":"Moonworks:AngelHand","floor":14},{"not_picked":["Moonworks:WeAreWaruda","Moonworks:MetallicMonocoque"],"picked":"Moonworks:AnotherUltimateWeapon","floor":16},{"not_picked":["Moonworks:NicePresent","Moonworks:CloudOfSeagulls"],"picked":"Moonworks:ImOnFire","floor":18},{"not_picked":["infinitespire:FutureSight","infinitespire:FinalStrike"],"picked":"infinitespire:SealOfDarkness+","floor":20},{"not_picked":["Moonworks:SakisCookie","Moonworks:EvilSpyWorkPreparation","Moonworks:NicePresent"],"picked":"SKIP","floor":23},{"not_picked":["Moonworks:CloudOfSeagulls","Moonworks:Assault","Moonworks:ImOnFire+1","Moonworks:JonathanRush"],"picked":"SKIP","floor":24},{"not_picked":["Moonworks:SweetBattle","Moonworks:SakisCookie","Moonworks:Assault"],"picked":"Moonworks:DeployBits","floor":28},{"not_picked":["Moonworks:ReflectiveShell","Moonworks:NicePresent+1","Moonworks:SakisCookie+1"],"picked":"Moonworks:WindyEnchantment","floor":30},{"not_picked":["Moonworks:NicePresent","Moonworks:CloudOfSeagulls","Moonworks:EvilSpyWorkPreparation"],"picked":"Moonworks:BeyondHell","floor":31},{"not_picked":["Moonworks:AnotherUltimateWeapon","Moonworks:EvilMastermind","Moonworks:HolyNight"],"picked":"Moonworks:SinkOrSwim","floor":33},{"not_picked":["Moonworks:CloudOfSeagulls","Moonworks:BeyondHell","Moonworks:SakisCookie+1"],"picked":"Moonworks:ExtendedPhotonRifle+1","floor":35},{"not_picked":["Moonworks:ImOnFire+1","Moonworks:LulusLuckyEgg","Moonworks:NicePresent"],"picked":"Moonworks:WindyEnchantment","floor":36}],"player_experience":100288,"relics_obtained":[{"floor":9,"key":"reliquary:ExpiredCoupon"},{"floor":11,"key":"Orichalcum"},{"floor":19,"key":"Smiling Mask"},{"floor":23,"key":"Question Card"},{"floor":26,"key":"aspiration:Lifesprig"},{"floor":27,"key":"hubris:SlimyHat"},{"floor":34,"key":"Pen Nib"},{"floor":34,"key":"Pear"},{"floor":34,"key":"Du-Vu Doll"}],"event_choices":[{"damage_healed":0,"gold_gain":100,"player_choice":"Pray","damage_taken":0,"max_hp_gain":0,"max_hp_loss":0,"event_name":"Golden Shrine","floor":4,"gold_loss":0},{"damage_healed":0,"gold_gain":0,"player_choice":"Shed Blood","damage_taken":17,"max_hp_gain":5,"max_hp_loss":0,"event_name":"Forgotten Altar","floor":21,"gold_loss":0}],"is_beta":false,"boss_relics":[{"not_picked":["Snecko Eye","SlaversCollar"],"picked":"Sozu"},{"not_picked":["Astrolabe","aspiration:FutureDiary"],"picked":"Calling Bell"}],"items_purged_floors":[],"is_endless":true,"potions_floor_spawned":[2,5,8,12,16,24,31,33],"killed_by":"Nightmare_Alpha","ascension_level":0}}