{"host":"2kfsro7skzomnm41","time":1613022390,"event":{"mods":["AchievementEnabler","BaseMod","Googly Eyes","Highlight Path","Minty Spire (QoL Compilation)","StSLib"],"gold_per_floor":[14,32,44,62,62,62,94,94,94,105,117,117,131,131,131,209,209,222,238,288,306,22,22,22],"floor_reached":23,"language":"ENG","playtime":1029,"items_purged":["Strike_R"],"score":361,"play_id":"8665c7bc-090d-4348-9cf0-4bc30736016e","local_time":"20210211004630","is_ascension_mode":true,"campfire_choices":[{"data":"Barricade","floor":6.0,"key":"SMITH"},{"data":"Flame Barrier","floor":12.0,"key":"SMITH"},{"floor":15,"key":"REST"}],"circlet_count":0,"master_deck":["AscendersBane","Strike_R","Strike_R","Strike_R","Strike_R","Defend_R","Defend_R","Defend_R","Defend_R","Bash","Barricade+1","Flame Barrier+1","Shrug It Off","Bloodletting","Anger+1","Flex","Immolate","Iron Wave","Flame Barrier","Bludgeon","Armaments+1","Feel No Pain+1","Offering","Warcry"],"relics":["Burning Blood","Blue Candle","Kunai","Runic Pyramid"],"acts_visited":["Exordium","TheCity"],"potions_floor_usage":[13,19,21],"damage_taken":[{"damage":10.0,"enemies":"Small Slimes","floor":1.0,"turns":4.0},{"damage":12.0,"enemies":"Jaw Worm","floor":2.0,"turns":4.0},{"damage":6.0,"enemies":"Cultist","floor":3.0,"turns":4.0},{"damage":35.0,"enemies":"Exordium Wildlife","floor":4.0,"turns":5.0},{"damage":41.0,"enemies":"Lagavulin","floor":7.0,"turns":11.0},{"damage":3.0,"enemies":"Red Slaver","floor":10.0,"turns":3.0},{"damage":3.0,"enemies":"Blue Slaver","floor":11.0,"turns":3.0},{"damage":14,"enemies":"Exordium Wildlife","floor":13,"turns":4},{"damage":41,"enemies":"Hexaghost","floor":16,"turns":16},{"damage":21,"enemies":"Chosen","floor":18,"turns":5},{"damage":17,"enemies":"2 Thieves","floor":19,"turns":4},{"damage":17,"enemies":"Snake Plant","floor":21,"turns":3},{"damage":29,"enemies":"Book of Stabbing","floor":23,"turns":5}],"seed_played":"-6079385684255951595","potions_obtained":[{"floor":3.0,"key":"BlessingOfTheForge"},{"floor":7.0,"key":"Explosive Potion"},{"floor":8.0,"key":"FairyPotion"},{"floor":8.0,"key":"LiquidBronze"},{"floor":10.0,"key":"FearPotion"},{"floor":11.0,"key":"PowerPotion"},{"floor":18,"key":"FearPotion"},{"floor":19,"key":"LiquidBronze"}],"is_trial":false,"path_per_floor":["M","M","M","M","?","R","E","?","T","M","M","R","M","?","R","B",null,"M","M","?","M","$","E"],"character_chosen":"IRONCLAD","items_purchased":["Offering","Warcry"],"campfire_rested":1,"item_purchase_floors":[22,22],"current_hp_per_floor":[64,58,58,29,54,54,19,19,19,22,25,25,17,17,39,28,63,48,37,37,26,26,0,0],"gold":22,"neow_bonus":"THREE_RARE_CARDS","is_daily":false,"chose_seed":false,"campfire_upgraded":2,"win_rate":0.0,"timestamp":1613022390,"path_taken":["M","M","M","M","?","R","E","?","T","M","M","R","?","?","R","BOSS","M","M","?","M","$","E"],"items_purchased_type":["Card","Card"],"build_version":"2020-12-22","purchased_purges":1,"victory":false,"max_hp_per_floor":[75,75,75,75,75,75,75,75,75,75,75,75,75,75,75,75,75,75,75,75,75,75,75,75],"card_choices":[{"not_picked":["Immolate","Berserk"],"picked":"Barricade","floor":0.0},{"not_picked":["Heavy Blade","Havoc"],"picked":"Flame Barrier","floor":1.0},{"not_picked":["Intimidate","Spot Weakness"],"picked":"Shrug It Off","floor":2.0},{"not_picked":["Warcry","Rage"],"picked":"Bloodletting","floor":3.0},{"not_picked":["Headbutt","Blood for Blood"],"picked":"Anger","floor":4.0},{"not_picked":["Twin Strike","Dropkick"],"picked":"Flex","floor":7.0},{"not_picked":["Anger","Bloodletting"],"picked":"Immolate","floor":10.0},{"not_picked":["Heavy Blade","Thunderclap"],"picked":"Iron Wave","floor":11.0},{"not_picked":["Dropkick","Clothesline"],"picked":"Flame Barrier","floor":13},{"not_picked":["Feed","Brutality"],"picked":"Bludgeon","floor":16},{"not_picked":["Clothesline","Anger"],"picked":"Armaments+1","floor":18},{"not_picked":["Twin Strike","Iron Wave","Flex+1"],"picked":"SKIP","floor":19},{"not_picked":["Inflame+1","Iron Wave+1"],"picked":"Feel No Pain+1","floor":21}],"player_experience":314927,"relics_obtained":[{"floor":7.0,"key":"Blue Candle"},{"floor":9.0,"key":"Kunai"}],"event_choices":[{"damage_healed":25.0,"max_hp_gain":0.0,"max_hp_loss":0.0,"gold_gain":0.0,"event_name":"Big Fish","player_choice":"Banana","floor":5.0,"gold_loss":0.0,"damage_taken":0.0},{"damage_healed":0.0,"max_hp_gain":0.0,"max_hp_loss":0.0,"gold_gain":0.0,"event_name":"Lab","player_choice":"Got Potions","floor":8.0,"gold_loss":0.0,"damage_taken":0.0},{"damage_healed":0,"gold_gain":0,"player_choice":"Upgraded","damage_taken":0,"max_hp_gain":0,"max_hp_loss":0,"event_name":"Upgrade Shrine","floor":14,"gold_loss":0,"cards_upgraded":["Anger"]},{"damage_healed":0,"gold_gain":50,"player_choice":"Stole From Cult","damage_taken":0,"max_hp_gain":0,"max_hp_loss":0,"event_name":"Nest","floor":20,"gold_loss":0}],"is_beta":false,"boss_relics":[{"not_picked":["SlaversCollar","Pandora\u0027s Box"],"picked":"Runic Pyramid"}],"items_purged_floors":[22],"is_endless":false,"potions_floor_spawned":[3,7,10,11,18,19],"killed_by":"Book of Stabbing","ascension_level":17}}