{"host":"bp6b47iftb3mluh0","time":1613072497,"event":{"mods":["100% Spire Juice","Act Like it!","Alarm Clock","Aspiration","Astrologer","BaseMod","Bestiary","Better Third Choice","Better Vampires","Challenge The Spire","Colored Powertips","Conspire","Curses Come First","Dota2Spire","Downfall","Friendly Minions","Gensokyo","Hallownest","Hermit","Kiyohime£®«Âºß£©","Lobotomy","LobotomyExtend","Marisa£®ÏF”Í°°ƒß¿Ì…≥£©","Marked Mod","Minty Spire (QoL Compilation)","Quick Restart","Rare Cards Sparkle","Red Circlet Mod","Relic Filter Mod","Relic Stats","Remilia£®¿Ÿ√◊¿Ú—«£©","Replay The Spire","Reworked Bosses","Ryuuou¡˙Õı","Shop Mod","Spicy Shops","StSLib","The Bug Knight","The Invoker Mod","Uncapped","Waifu the Spire","Youmu£®ªÍ∆«—˝√Œ£©","°æ“≈ŒÔø®≈∆°øREMEMod","≤–¡Ù÷ÆŒÔ"],"gold_per_floor":[110,0,0,0,16,16,47,47,47,47,59,59,59,59,59,59,59],"floor_reached":16,"language":"ZHS","playtime":361,"items_purged":[],"score":146,"play_id":"dc857b96-8042-4ee6-b5e6-9d6f622be28e","local_time":"20210212034137","daily_mods":["Heirloom","Time Dilation","Flight"],"is_ascension_mode":false,"campfire_choices":[{"data":"PlaceholderMod:AbsorbTouch","floor":6.0,"key":"SMITH"},{"data":"Dagger Spray","floor":8.0,"key":"SMITH"},{"data":"Neutralize","floor":12.0,"key":"SMITH"},{"data":"Survivor","floor":15.0,"key":"SMITH"}],"circlet_count":0,"master_deck":["Strike_G","Strike_G","Strike_G","Strike_G","Defend_G","Defend_G","Defend_G","Defend_G","Defend_G","Survivor+1","Neutralize+1","PlaceholderMod:AbsorbTouch+1","Injury","Dagger Spray+1"],"relics":["Ring of the Snake","REME_ComplimentaryCards","Unceasing Top","LetterFromLob","Replay:Wax Seal","Ring of Hypnosis","ReplayTheSpireMod:Ring of Exchange","Blue Candle","conspire:Dentures","Iron Hammer","Hallownest:DreamNailRelic"],"acts_visited":["Hallownest:Greenpath"],"potions_floor_usage":[],"damage_taken":[{"damage":0.0,"enemies":"Hallownest:monsterHuskWarrior","floor":1.0,"turns":7.0},{"damage":3.0,"enemies":"Hallownest:2_Baldur","floor":5.0,"turns":5.0},{"damage":10.0,"enemies":"Hallownest:eliteVengeflyKing","floor":7.0,"turns":8.0},{"damage":0.0,"enemies":"Hallownest:monsterAspidMother","floor":11.0,"turns":5.0},{"damage":0,"enemies":"Hallownest:BossHornet","floor":16,"turns":1}],"seed_played":"-5133124740154060520","potions_obtained":[{"floor":5.0,"key":"Fire Potion"}],"is_trial":true,"path_per_floor":["M","?","?","?","?","R","E","R","T","$","M","R","?","?","R","B"],"character_chosen":"THE_SILENT","items_purchased":[],"campfire_rested":0,"item_purchase_floors":[],"current_hp_per_floor":[70,70,70,65,62,62,52,52,52,52,52,52,52,52,52,52,52],"gold":59,"neow_bonus":"","is_daily":false,"chose_seed":false,"campfire_upgraded":4,"win_rate":0.0,"timestamp":1613072497,"path_taken":["M","?","?","?","?","R","E","R","T","?","?","R","?","?","R","BOSS"],"items_purchased_type":[],"build_version":"2020-12-22","purchased_purges":0,"victory":false,"max_hp_per_floor":[70,70,70,70,70,70,70,70,70,70,70,70,70,70,70,70,70],"relic_stats":{"counters":[5,26],"Blue Candle":[0],"obtain_stats":[{"conspire:Dentures":7,"ReplayTheSpireMod:Ring of Exchange":3,"Ring of Hypnosis":3,"Blue Candle":4,"Iron Hammer":9,"LetterFromLob":1,"Hallownest:DreamNailRelic":14,"Replay:Wax Seal":2,"Unceasing Top":0,"Ring of the Snake":0,"REME_ComplimentaryCards":0},{"conspire:Dentures":3,"ReplayTheSpireMod:Ring of Exchange":1,"Ring of Hypnosis":1,"Blue Candle":1,"Iron Hammer":3,"LetterFromLob":1,"Hallownest:DreamNailRelic":4,"Replay:Wax Seal":1,"Unceasing Top":0,"Ring of the Snake":0,"REME_ComplimentaryCards":0},{"conspire:Dentures":20,"ReplayTheSpireMod:Ring of Exchange":7,"Ring of Hypnosis":7,"Blue Candle":7,"Iron Hammer":20,"LetterFromLob":7,"Hallownest:DreamNailRelic":25,"Replay:Wax Seal":7,"Unceasing Top":0,"Ring of the Snake":0,"REME_ComplimentaryCards":0}],"Unceasing Top":[0],"Ring of the Snake":[10]},"card_choices":[{"not_picked":["Underhanded Strike","Deadly Poison","Dodge and Roll"],"picked":"SKIP","floor":1.0},{"not_picked":["Night Terror","Flying Knee","REME_GreenPollution"],"picked":"SKIP","floor":5.0},{"not_picked":["Infinite Blades","Prepared"],"picked":"Dagger Spray","floor":7.0},{"not_picked":["Toxin Wave","ReplayTheSpireMod:Speed Training","Skewer"],"picked":"SKIP","floor":11.0}],"player_experience":204703,"relics_obtained":[{"floor":1.0,"key":"LetterFromLob"},{"floor":3.0,"key":"Ring of Hypnosis"},{"floor":3.0,"key":"ReplayTheSpireMod:Ring of Exchange"},{"floor":7.0,"key":"conspire:Dentures"},{"floor":9.0,"key":"Iron Hammer"}],"event_choices":[],"is_beta":false,"boss_relics":[],"items_purged_floors":[],"is_endless":true,"potions_floor_spawned":[5],"killed_by":"Hallownest:BossHornet","ascension_level":0}}