{"host":"cjhtzh7tp54jdfyv","time":1613079986,"event":{"mods":["AchievementEnabler","BaseMod","Colored Map","Colored Powertips","Curses Come First","DeckTracker","Minty Spire (QoL Compilation)","RNG Fix","Relic Sorter","Relic Stats","StSLib","UnlockEverythingMod","ojb\u0027s Better Paths Mod","ojb\u0027s Info Mod"],"gold_per_floor":[109,34,51,68,15,15,50,50,50,78,97,111,137,150,150,225,225,240,97,47,76,76,106,118,118,118],"floor_reached":25,"language":"ENG","playtime":1573,"items_purged":["Defend_G","Bouncing Flask"],"score":482,"play_id":"356e6d52-ada0-4ba9-9cb7-811cbc3a9bd9","local_time":"20210211164626","is_ascension_mode":true,"campfire_choices":[{"data":"Bouncing Flask","floor":6,"key":"SMITH"},{"data":"Blade Dance","floor":8,"key":"SMITH"},{"data":"Leg Sweep","floor":15,"key":"SMITH"}],"circlet_count":0,"master_deck":["AscendersBane","Survivor","Neutralize","Dash","Bouncing Flask+1","Blade Dance+1","Terror","Masterful Stab","Calculated Gamble","Leg Sweep+1","Escape Plan","Tools of the Trade","Backflip","Malaise","Envenom","Heel Hook","Escape Plan","Dagger Throw","Tactician","Phantasmal Killer","Blade Dance","Accuracy","Backflip","RitualDagger","Venomology","Endless Agony"],"relics":["Ring of the Snake","Juzu Bracelet","Blood Vial","Vajra","Oddly Smooth Stone","Strawberry","Pandora\u0027s Box","Red Mask","Blue Candle"],"acts_visited":["Exordium","TheCity"],"potions_floor_usage":[7,13,16,21,25,25],"damage_taken":[{"damage":0,"enemies":"Jaw Worm","floor":1,"turns":5},{"damage":0,"enemies":"Cultist","floor":3,"turns":4},{"damage":0,"enemies":"2 Louse","floor":4,"turns":3},{"damage":15,"enemies":"Lagavulin","floor":7,"turns":5},{"damage":27,"enemies":"3 Sentries","floor":10,"turns":8},{"damage":1,"enemies":"Large Slime","floor":11,"turns":5},{"damage":1,"enemies":"3 Louse","floor":12,"turns":2},{"damage":9,"enemies":"Lagavulin","floor":13,"turns":6},{"damage":0,"enemies":"2 Fungi Beasts","floor":14,"turns":2},{"damage":10,"enemies":"Hexaghost","floor":16,"turns":9},{"damage":1,"enemies":"Spheric Guardian","floor":18,"turns":3},{"damage":12,"enemies":"Masked Bandits","floor":21,"turns":3},{"damage":23,"enemies":"Gremlin Leader","floor":23,"turns":4},{"damage":9,"enemies":"Shell Parasite","floor":24,"turns":3},{"damage":24,"enemies":"Slavers","floor":25,"turns":5}],"seed_played":"7936445763565280666","potions_obtained":[{"floor":4,"key":"FearPotion"},{"floor":10,"key":"SkillPotion"},{"floor":11,"key":"Swift Potion"},{"floor":13,"key":"Regen Potion"},{"floor":23,"key":"Strength Potion"},{"floor":24,"key":"LiquidMemories"}],"is_trial":false,"path_per_floor":["M","$","M","M","$","R","E","R","T","E","M","M","E","M","R","B",null,"M","$","?","?","?","E","M","E"],"character_chosen":"THE_SILENT","items_purchased":["Strength Potion","Accuracy"],"campfire_rested":0,"item_purchase_floors":[5,19],"current_hp_per_floor":[59,59,59,59,59,59,44,44,44,19,20,21,21,23,23,30,62,63,63,63,53,47,26,19,0,0],"gold":118,"neow_bonus":"RANDOM_COMMON_RELIC","is_daily":false,"chose_seed":false,"campfire_upgraded":3,"win_rate":0.0,"timestamp":1613079986,"path_taken":["M","?","M","M","?","R","E","R","T","E","M","M","E","M","R","BOSS","M","$","?","?","?","E","M","E"],"items_purchased_type":["Potion","Card"],"build_version":"2020-12-22","purchased_purges":2,"victory":false,"max_hp_per_floor":[66,66,66,66,66,66,66,66,66,66,66,66,73,73,73,73,73,73,73,73,73,73,73,73,73,73],"relic_stats":{"Blood Vial":22,"counters":[15,67],"Blue Candle":[0],"Pandora\u0027s Box":["Backflip","Malaise","Envenom","Heel Hook","Escape Plan","Dagger Throw","Tactician","Phantasmal Killer","Bouncing Flask"],"Juzu Bracelet":0,"obtain_stats":[{"Blood Vial":7,"Strawberry":13,"Blue Candle":23,"Vajra":9,"Oddly Smooth Stone":10,"Pandora\u0027s Box":17,"Juzu Bracelet":0,"Red Mask":21,"Ring of the Snake":0},{"Blood Vial":4,"Strawberry":8,"Blue Candle":13,"Vajra":4,"Oddly Smooth Stone":5,"Pandora\u0027s Box":10,"Juzu Bracelet":0,"Red Mask":12,"Ring of the Snake":0},{"Blood Vial":17,"Strawberry":38,"Blue Candle":59,"Vajra":17,"Oddly Smooth Stone":25,"Pandora\u0027s Box":49,"Juzu Bracelet":0,"Red Mask":55,"Ring of the Snake":0}],"Ring of the Snake":[30]},"card_choices":[{"not_picked":["Flying Knee","Accuracy"],"picked":"Dash","floor":1},{"not_picked":["Bane","Flying Knee"],"picked":"Bouncing Flask","floor":3},{"not_picked":["Dodge and Roll","Flechettes"],"picked":"Blade Dance","floor":4},{"not_picked":["Cloak And Dagger","Deadly Poison","PiercingWail"],"picked":"SKIP","floor":7},{"not_picked":["Outmaneuver","Blade Dance"],"picked":"Terror","floor":10},{"not_picked":["Dagger Throw","Reflex"],"picked":"Masterful Stab","floor":11},{"not_picked":["Masterful Stab","A Thousand Cuts"],"picked":"Calculated Gamble","floor":12},{"not_picked":["All Out Attack","Noxious Fumes"],"picked":"Leg Sweep","floor":13},{"not_picked":["Cloak And Dagger","Acrobatics"],"picked":"Escape Plan","floor":14},{"not_picked":["Unload","Malaise"],"picked":"Tools of the Trade","floor":16},{"not_picked":["Sucker Punch","Backflip"],"picked":"Blade Dance","floor":18},{"not_picked":["PiercingWail+1","Underhanded Strike"],"picked":"Backflip","floor":21},{"not_picked":["Poisoned Stab","Backstab"],"picked":"Venomology","floor":23},{"not_picked":["Expertise","Underhanded Strike"],"picked":"Endless Agony","floor":24}],"player_experience":4829213,"relics_obtained":[{"floor":7,"key":"Blood Vial"},{"floor":9,"key":"Vajra"},{"floor":10,"key":"Oddly Smooth Stone"},{"floor":13,"key":"Strawberry"},{"floor":21,"key":"Red Mask"},{"floor":23,"key":"Blue Candle"}],"event_choices":[{"damage_healed":0,"gold_gain":0,"player_choice":"Bet on Murderer","damage_taken":0,"max_hp_gain":0,"max_hp_loss":0,"event_name":"The Joust","floor":20,"gold_loss":50},{"damage_healed":0,"gold_gain":0,"player_choice":"Fought Bandits","damage_taken":0,"max_hp_gain":0,"max_hp_loss":0,"event_name":"Masked Bandits","floor":21,"gold_loss":0},{"damage_healed":0,"gold_gain":0,"player_choice":"Joined the Cult","damage_taken":6,"max_hp_gain":0,"max_hp_loss":0,"event_name":"Nest","floor":22,"gold_loss":0,"cards_obtained":["RitualDagger"]}],"is_beta":false,"boss_relics":[{"not_picked":["Runic Pyramid","Sozu"],"picked":"Pandora\u0027s Box"}],"items_purged_floors":[2,19],"is_endless":false,"potions_floor_spawned":[4,10,11,13,23,24],"killed_by":"Slavers","ascension_level":20}}