{"host":"drl4gs3853zme1q6","time":1613023721,"event":{"mods":["BaseMod","Colored Map","Colored Powertips","Hermit","Hubris","Infinite Spire","Minty Spire (QoL Compilation)","Replay The Spire","StSLib","The Animator"],"gold_per_floor":[109,109,109,109,127,127,152,168,168,168,184,209,209,171,171,273,273,290,308,318,318,337,353,385,98,98,98,131,131,131,150,150,248,248,266,313,333,345,345,345,345,360,433,433,467,467,477,509,509,606,606,616,631,631,631,640,646,646,670,670,668,668,669,669,678,678,760,860,867,867,867,867,715,715,719,712,760,763,765,767,767,764,764,845,845,849,849,849,851,851,860,859,871,897,872,822,825,842,842,842,821,821],"floor_reached":101,"language":"ENG","playtime":3932,"items_purged":[],"score":1678,"play_id":"4ca17dea-4a0c-405f-b29d-c45e4ceda8fa","local_time":"20210211000841","daily_mods":["Colorless Cards","Heirloom"],"is_ascension_mode":false,"campfire_choices":[{"data":"Defragment","floor":6.0,"key":"SMITH"},{"data":"Zap","floor":6.0,"key":"SMITH"},{"data":"Hologram","floor":10.0,"key":"SMITH"},{"data":"Beam Cell","floor":10.0,"key":"SMITH"},{"data":"animator:Kagari","floor":13.0,"key":"SMITH"},{"data":"Go for the Eyes","floor":13.0,"key":"SMITH"},{"floor":15.0,"key":"REST"},{"floor":27.0,"key":"REST"},{"floor":32.0,"key":"REST"},{"data":"Electrodynamics","floor":40.0,"key":"SMITH"},{"data":"Loop","floor":40.0,"key":"SMITH"},{"data":"ReplayTheSpireMod:Black Plague","floor":44.0,"key":"SMITH"},{"data":"Biased Cognition","floor":44.0,"key":"SMITH"},{"data":"ReplayTheSpireMod:Private Reserves","floor":49.0,"key":"SMITH"},{"data":"Self Repair","floor":49.0,"key":"SMITH"},{"data":"Ball Lightning","floor":58.0,"key":"SMITH"},{"data":"Bandage Up","floor":58.0,"key":"SMITH"},{"floor":66.0,"key":"DIG"},{"data":"Dualcast","floor":74.0,"key":"SMITH"},{"data":"Defend_B","floor":74.0,"key":"SMITH"},{"floor":81.0,"key":"REST"},{"data":"animator:Canti","floor":83.0,"key":"SMITH"},{"data":"infinitespire:UltimateForm","floor":83.0,"key":"SMITH"},{"data":"hubris:EnhanceAbility","floor":100.0,"key":"SMITH"},{"data":"animator:QuestionMark","floor":100.0,"key":"SMITH"}],"circlet_count":0,"master_deck":["Strike_B","Strike_B","Strike_B","Strike_B","Defend_B","Defend_B","Defend_B","Defend_B+1","Zap+1","Dualcast+1","Hologram+1","Defragment+1","Go for the Eyes+1","Beam Cell+1","animator:Kagari+1","Self Repair+1","Biased Cognition+1","Ball Lightning+1","Loop+1","ReplayTheSpireMod:Black Plague+1","White Noise+1","Electrodynamics+1","Bandage Up+1","ReplayTheSpireMod:Private Reserves+1","Capacitor+1","Transmutation+1","Hyperbeam","Conserve Battery","animator:QuestionMark+1","infinitespire:UltimateForm+1","animator:Canti+1","hubris:EnhanceAbility+1","Storm+1","Discovery+1","infinitespire:SealOfDarkness+"],"relics":["Cracked Core","Replay:Arrowhead","Replay:Kaleidoscope","Chameleon Ring","Vajra","hubris:CrackedHourglass","Lizard Tail","SacredBark","Replay:Towering Pillar of Hats","Bird Faced Urn","hubris:Metronome","Darkstone Periapt","hubris:Towel","infinitespire:Joker Card","Cables","Orichalcum","ClockworkSouvenir","Lantern","Odd Mushroom","Bag of Preparation","PreservedInsect","infinitespire:ShieldingShard","Iron Hammer","Replay:Wanted Poster","Ancient Tea Set","Prayer Wheel","Smiling Mask","Tiny Chest","SlaversCollar","hubris:Icosahedron","infinitespire:Broken Mirror","Replay:Wax Seal","ReplayFunnel","hubris:TinFlute"],"acts_visited":["Exordium","TheCity","TheBeyond","Exordium","TheCity","TheBeyond"],"potions_floor_usage":[],"damage_taken":[{"damage":5.0,"enemies":"2 Louse","floor":1.0,"turns":3.0},{"damage":1.0,"enemies":"Cultist","floor":5.0,"turns":4.0},{"damage":13.0,"enemies":"Gremlin Nob","floor":7.0,"turns":4.0},{"damage":0.0,"enemies":"Small Slimes","floor":8.0,"turns":2.0},{"damage":5.0,"enemies":"2 Fungi Beasts","floor":11.0,"turns":3.0},{"damage":11.0,"enemies":"Lagavulin","floor":12.0,"turns":7.0},{"damage":62.0,"enemies":"Fading Forest","floor":16.0,"turns":11.0},{"damage":8.0,"enemies":"Shell Parasite","floor":18.0,"turns":3.0},{"damage":36.0,"enemies":"3 Byrds","floor":19.0,"turns":5.0},{"damage":16.0,"enemies":"3 Cultists","floor":20.0,"turns":4.0},{"damage":6.0,"enemies":"Snake Plant","floor":22.0,"turns":4.0},{"damage":12.0,"enemies":"Snecko","floor":23.0,"turns":3.0},{"damage":14.0,"enemies":"Book of Stabbing","floor":24.0,"turns":4.0},{"damage":14.0,"enemies":"Nightmare","floor":28.0,"turns":5.0},{"damage":30.0,"enemies":"Sentry and Sphere","floor":31.0,"turns":4.0},{"damage":65.0,"enemies":"hubris:MusketHawk","floor":33.0,"turns":8.0},{"damage":18.0,"enemies":"3 Darklings","floor":35.0,"turns":3.0},{"damage":54.0,"enemies":"2 Orb Walkers","floor":36.0,"turns":4.0},{"damage":7.0,"enemies":"3 Shapes","floor":37.0,"turns":2.0},{"damage":54.0,"enemies":"3 Darklings","floor":38.0,"turns":5.0},{"damage":36.0,"enemies":"Spire Growth","floor":42.0,"turns":4.0},{"damage":15.0,"enemies":"R_Hoarder","floor":45.0,"turns":6.0},{"damage":0.0,"enemies":"Transient","floor":47.0,"turns":5.0},{"damage":28.0,"enemies":"Nightmare","floor":48.0,"turns":5.0},{"damage":27.0,"enemies":"Donu and Deca","floor":50.0,"turns":5.0},{"damage":7.0,"enemies":"2 Louse","floor":52.0,"turns":2.0},{"damage":41.0,"enemies":"The Mushroom Lair","floor":53.0,"turns":3.0},{"damage":0.0,"enemies":"Small Slimes","floor":56.0,"turns":2.0},{"damage":79.0,"enemies":"Lagavulin","floor":57.0,"turns":6.0},{"damage":4.0,"enemies":"Cultist","floor":61.0,"turns":3.0},{"damage":0.0,"enemies":"Large Slime","floor":63.0,"turns":2.0},{"damage":0.0,"enemies":"Looter","floor":65.0,"turns":1.0},{"damage":25.0,"enemies":"The Guardian","floor":67.0,"turns":5.0},{"damage":0.0,"enemies":"3 Byrds","floor":69.0,"turns":1.0},{"damage":9.0,"enemies":"Shell Parasite","floor":75.0,"turns":2.0},{"damage":6.0,"enemies":"Snecko","floor":76.0,"turns":4.0},{"damage":26.0,"enemies":"Book of Stabbing","floor":78.0,"turns":4.0},{"damage":0.0,"enemies":"Snake Plant","floor":79.0,"turns":2.0},{"damage":44.0,"enemies":"Centurion and Healer","floor":80.0,"turns":3.0},{"damage":3.0,"enemies":"Sentry and Sphere","floor":82.0,"turns":3.0},{"damage":22.0,"enemies":"hubris:MusketHawk","floor":84.0,"turns":6.0},{"damage":32.0,"enemies":"3 Shapes","floor":86.0,"turns":2.0},{"damage":0.0,"enemies":"Orb Walker","floor":89.0,"turns":3.0},{"damage":0.0,"enemies":"Nemesis","floor":91.0,"turns":4.0},{"damage":11.0,"enemies":"Spire Growth","floor":92.0,"turns":3.0},{"damage":1.0,"enemies":"3 Darklings","floor":93.0,"turns":2.0},{"damage":0.0,"enemies":"Transient","floor":95.0,"turns":5.0},{"damage":0.0,"enemies":"Spire Growth","floor":96.0,"turns":3.0},{"damage":29.0,"enemies":"3 Darklings","floor":97.0,"turns":3.0},{"damage":8.0,"enemies":"Jaw Worm Horde","floor":98.0,"turns":3.0},{"damage":100,"enemies":"Awakened One","floor":101,"turns":3}],"seed_played":"1164714934278333602","potions_obtained":[{"floor":1.0,"key":"Strength Potion"},{"floor":4.0,"key":"Venom Potion"},{"floor":4.0,"key":"Block Potion"},{"floor":7.0,"key":"FearPotion"},{"floor":16.0,"key":"Reflective Coating"},{"floor":19.0,"key":"SpeedPotion"},{"floor":22.0,"key":"Block Potion"},{"floor":36.0,"key":"SteroidPotion"},{"floor":47.0,"key":"LifebloodPotion"},{"floor":50.0,"key":"FearPotion"},{"floor":75.0,"key":"Reflective Coating"},{"floor":91.0,"key":"ColorlessPotion"}],"is_trial":true,"path_per_floor":["M","?","?","?","M","R","E","M","T","R","M","E","R","$","R","B",null,"M","M","M","AVR","M","M","E","$","T","R","NM","?","$","M","R","B",null,"M","?","M","M","?","R","?","M","T","R","E","AVR","M","NM","R","B",null,"M","?","?","?","M","E","R","T","T","M","?","M","?","M","R_BF","B",null,"M","?","?","?","$","R","M","M","T","E","M","M","R","M","R","B",null,"M","?","?","M","T","E","M","M","T","M","M","M","M","AVR","R","B"],"character_chosen":"DEFECT","items_purchased":["Self Repair","Bird Faced Urn","Ancient Tea Set"],"campfire_rested":4,"item_purchase_floors":[14,25,73],"current_hp_per_floor":[70,70,75,75,74,74,61,61,61,61,56,45,45,45,69,24,80,79,50,41,41,42,37,30,30,30,54,59,59,59,48,72,26,80,75,29,37,8,70,70,70,60,60,60,70,70,70,63,63,53,70,70,50,50,50,56,45,45,45,45,65,70,75,75,75,75,75,75,75,61,61,61,61,61,58,80,80,78,80,54,78,80,80,68,80,76,76,76,80,80,80,69,80,80,80,80,77,80,80,80,0,0],"gold":821,"neow_bonus":"","is_daily":false,"chose_seed":false,"campfire_upgraded":20,"win_rate":0.0,"timestamp":1613023721,"path_taken":["M","?","?","?","?","R","E","?","T","R","M","E","R","$","R","BOSS","M","?","M","AVR","M","M","E","$","T","R","NM","?","$","M","R","BOSS","M","?","M","M","?","R","?","M","T","R","E","AVR","M","NM","R","BOSS","M","?","?","?","?","E","R","?","T","M","?","?","?","M","R_BF","BOSS","BOSS","M","?","?","?","?","R","M","M","T","E","M","?","R","M","R","BOSS","M","?","?","M","?","E","M","?","T","M","M","M","M","AVR","R","BOSS"],"items_purchased_type":["Card","Relic","Relic"],"build_version":"2020-12-22","purchased_purges":0,"victory":false,"max_hp_per_floor":[75,75,80,80,80,80,80,80,80,80,80,80,80,80,80,80,80,80,80,80,80,80,80,80,80,80,80,80,80,80,80,80,80,80,80,80,80,80,70,70,70,70,70,70,70,70,70,70,70,70,70,70,70,70,70,70,70,70,70,70,70,75,75,75,75,75,75,75,75,80,80,80,80,80,80,80,80,80,80,80,80,80,80,80,80,80,80,80,80,80,80,80,80,80,80,80,80,80,80,80,80,80],"card_choices":[{"not_picked":["ReplaySolidLightProjector","Compile Driver"],"picked":"Hologram","floor":1.0},{"not_picked":["Steam","Rebound"],"picked":"Defragment","floor":5.0},{"not_picked":["Enlightenment","Violence"],"picked":"Go for the Eyes","floor":7.0},{"not_picked":["Barrage","Time Bomb"],"picked":"Beam Cell","floor":8.0},{"not_picked":["Blind","FIFO Queue"],"picked":"animator:Kagari","floor":11.0},{"not_picked":["Survey Options","Coolheaded","Barrage"],"picked":"SKIP","floor":12.0},{"not_picked":["Thinking Ahead","ReplayTheSpireMod:Necrogeddon"],"picked":"Biased Cognition","floor":16.0},{"not_picked":["Panic Button+1","Conserve Battery","hubris:Ssssneak"],"picked":"SKIP","floor":18.0},{"not_picked":["Blizzard","Conserve Battery"],"picked":"Ball Lightning","floor":19.0},{"not_picked":["Compile Driver","Steam+1"],"picked":"Loop","floor":20.0},{"not_picked":["Conserve Battery","The Bomb"],"picked":"White Noise+1","floor":22.0},{"not_picked":["Go for the Eyes","Compile Driver","Beam Cell"],"picked":"SKIP","floor":23.0},{"not_picked":["Beam Cell","Streamline","Redo"],"picked":"SKIP","floor":24.0},{"not_picked":["Conserve Battery","Coolheaded","Ball Lightning"],"picked":"SKIP","floor":28.0},{"not_picked":["Darkness","animator:Hibiki","Time Bomb"],"picked":"SKIP","floor":31.0},{"not_picked":["animator:TakanashiRikka","hubris:SpecializedCircuitry"],"picked":"Electrodynamics","floor":33.0},{"not_picked":["ReplayTheSpireMod:System Scan+1","Cold Snap"],"picked":"animator:MamizouFutatsuiwa+1","floor":35.0},{"not_picked":["animator:MamizouFutatsuiwa+1","Coolheaded"],"picked":"Bandage Up","floor":36.0},{"not_picked":["Steam+1","Hologram+1"],"picked":"ReplayTheSpireMod:Private Reserves","floor":37.0},{"not_picked":["Buffer","Barrage+1","Rebound"],"picked":"SKIP","floor":38.0},{"not_picked":["Barrage+1","Hologram+1","BootSequence"],"picked":"SKIP","floor":42.0},{"not_picked":["Barrage+1","Hologram+1","BootSequence"],"picked":"SKIP","floor":42.0},{"not_picked":["Recycle","Dramatic Entrance","ReplayGash"],"picked":"SKIP","floor":45.0},{"not_picked":["Go for the Eyes+1","Impatience+1"],"picked":"Capacitor+1","floor":47.0},{"not_picked":["Hologram+1","Sweeping Beam+1","Leap+1"],"picked":"SKIP","floor":48.0},{"not_picked":["Cold Snap","Rebound","Turbo"],"picked":"SKIP","floor":52.0},{"not_picked":["hubris:Ssssneak","Replay:BasicMightCard","Auto Shields"],"picked":"SKIP","floor":56.0},{"not_picked":["ReplayGash","Conserve Battery","Purity"],"picked":"SKIP","floor":57.0},{"not_picked":["Glacier","Beam Cell","BootSequence"],"picked":"SKIP","floor":61.0},{"not_picked":["Replay:BasicMightCard","Leap","Dark Shackles"],"picked":"SKIP","floor":63.0},{"not_picked":["Flash of Steel","Chaos","Good Instincts"],"picked":"SKIP","floor":65.0},{"not_picked":["animator:TakanashiRikka","Transmutation"],"picked":"ReplayTheSpireMod:Fabricate Wheel","floor":67.0},{"not_picked":["Reprogram","Reinforced Body+1","Redo"],"picked":"SKIP","floor":69.0},{"not_picked":["animator:Magilou","Stack+1"],"picked":"Conserve Battery","floor":75.0},{"not_picked":["Gash","Compile Driver"],"picked":"animator:QuestionMark","floor":75.0},{"not_picked":["Chaos","Undo+1","Hologram"],"picked":"SKIP","floor":76.0},{"not_picked":["Beam Cell","Flash of Steel","Gash"],"picked":"SKIP","floor":76.0},{"not_picked":["infinitespire:Menacing","ReplayTheSpireMod:Echoes of Time"],"picked":"infinitespire:UltimateForm","floor":78.0},{"not_picked":["BasicCrystalCard+1","animator:QuestionMark+1","Compile Driver"],"picked":"SKIP","floor":78.0},{"not_picked":["Conserve Battery","Redo","Hologram"],"picked":"SKIP","floor":79.0},{"not_picked":["animator:MamizouFutatsuiwa","Rebound+1","Steam"],"picked":"SKIP","floor":79.0},{"not_picked":["Go for the Eyes","Coolheaded"],"picked":"animator:Canti","floor":80.0},{"not_picked":["Doom and Gloom","animator:MisakiNakahara+1","Barrage"],"picked":"SKIP","floor":80.0},{"not_picked":["Turbo","animator:LimeBell","Go for the Eyes+1"],"picked":"SKIP","floor":82.0},{"not_picked":["Streamline+1","Ball Lightning","Replay:Sssssssssshield"],"picked":"SKIP","floor":82.0},{"not_picked":["animator:TakanashiRikka","The Bomb"],"picked":"hubris:EnhanceAbility","floor":84.0},{"not_picked":["hubris:Ssssneak+1","BasicCrystalCard+1","Chaos+1"],"picked":"SKIP","floor":86.0},{"not_picked":["Double Energy","Barrage","Compile Driver+1"],"picked":"SKIP","floor":86.0},{"not_picked":["Beam Cell+1","Replay:Sssssssssshield+1"],"picked":"Storm+1","floor":89.0},{"not_picked":["Redo+1","Storm","Panic Button+1"],"picked":"SKIP","floor":89.0},{"not_picked":["Coolheaded","Compile Driver+1","Leap"],"picked":"SKIP","floor":91.0},{"not_picked":["Compile Driver+1","Conserve Battery+1","Hologram"],"picked":"SKIP","floor":92.0},{"not_picked":["Conserve Battery","Replay:Sssssssssstrike","Cold Snap"],"picked":"SKIP","floor":92.0},{"not_picked":["Midas Touch","Rebound+1","Compile Driver+1"],"picked":"SKIP","floor":93.0},{"not_picked":["Stack+1","Panic Button","Ball Lightning+1"],"picked":"SKIP","floor":93.0},{"not_picked":["Stack","Chaos","Redo"],"picked":"SKIP","floor":95.0},{"not_picked":["Steam+1","Genetic Algorithm","ReplayTheSpireMod:Private Reserves"],"picked":"SKIP","floor":95.0},{"not_picked":["Stack+1","Jack Of All Trades+1","Compile Driver"],"picked":"SKIP","floor":96.0},{"not_picked":["Sweeping Beam+1","Undo","Coolheaded"],"picked":"SKIP","floor":96.0},{"not_picked":["Beam Cell+1","BasicCrystalCard"],"picked":"Discovery+1","floor":97.0},{"not_picked":["Core Surge","Panic Button","Go for the Eyes"],"picked":"SKIP","floor":97.0},{"not_picked":["Core Surge","Panic Button","Go for the Eyes"],"picked":"SKIP","floor":97.0},{"not_picked":["Beam Cell","Conserve Battery+1","ReplaySort"],"picked":"SKIP","floor":98.0},{"not_picked":["Rebound","Barrage+1","Go for the Eyes+1"],"picked":"SKIP","floor":98.0}],"player_experience":341737,"relics_obtained":[{"floor":7.0,"key":"Replay:Kaleidoscope"},{"floor":9.0,"key":"Chameleon Ring"},{"floor":12.0,"key":"Vajra"},{"floor":24.0,"key":"Replay:Towering Pillar of Hats"},{"floor":26.0,"key":"hubris:Metronome"},{"floor":28.0,"key":"Darkstone Periapt"},{"floor":36.0,"key":"infinitespire:Joker Card"},{"floor":43.0,"key":"Cables"},{"floor":45.0,"key":"Orichalcum"},{"floor":48.0,"key":"Lantern"},{"floor":53.0,"key":"Odd Mushroom"},{"floor":57.0,"key":"Bag of Preparation"},{"floor":59.0,"key":"PreservedInsect"},{"floor":60.0,"key":"infinitespire:ShieldingShard"},{"floor":66.0,"key":"Iron Hammer"},{"floor":77.0,"key":"Smiling Mask"},{"floor":78.0,"key":"Tiny Chest"},{"floor":90.0,"key":"infinitespire:Broken Mirror"},{"floor":91.0,"key":"Replay:Wax Seal"},{"floor":94.0,"key":"ReplayFunnel"}],"event_choices":[{"damage_healed":0.0,"max_hp_gain":5.0,"max_hp_loss":0.0,"gold_gain":0.0,"event_name":"Big Fish","player_choice":"Donut","floor":3.0,"gold_loss":0.0,"damage_taken":0.0},{"damage_healed":0.0,"max_hp_gain":0.0,"max_hp_loss":0.0,"gold_gain":0.0,"event_name":"Lab","player_choice":"Got Potions","floor":4.0,"gold_loss":0.0,"damage_taken":0.0},{"damage_healed":0.0,"max_hp_gain":0.0,"max_hp_loss":0.0,"gold_gain":0.0,"event_name":"Mysterious Sphere","player_choice":"Fight","floor":36.0,"gold_loss":0.0,"damage_taken":0.0},{"damage_healed":70.0,"max_hp_gain":0.0,"max_hp_loss":10.0,"gold_gain":0.0,"event_name":"The Moai Head","player_choice":"Heal","floor":39.0,"gold_loss":0.0,"damage_taken":0.0},{"damage_healed":0.0,"max_hp_gain":0.0,"max_hp_loss":0.0,"gold_gain":0.0,"event_name":"Mushrooms","player_choice":"Fought Mushrooms","floor":53.0,"gold_loss":0.0,"damage_taken":0.0},{"damage_healed":0.0,"max_hp_gain":0.0,"max_hp_loss":0.0,"gold_gain":0.0,"event_name":"Shining Light","player_choice":"Ignored","floor":55.0,"gold_loss":0.0,"damage_taken":0.0},{"damage_healed":0.0,"max_hp_gain":5.0,"max_hp_loss":0.0,"gold_gain":0.0,"event_name":"Big Fish","player_choice":"Donut","floor":62.0,"gold_loss":0.0,"damage_taken":0.0},{"damage_healed":0.0,"max_hp_gain":0.0,"max_hp_loss":0.0,"gold_gain":0.0,"event_name":"Golden Idol","player_choice":"Ignored","floor":64.0,"gold_loss":0.0,"damage_taken":0.0},{"damage_healed":0.0,"max_hp_gain":5.0,"max_hp_loss":0.0,"gold_gain":0.0,"event_name":"Forgotten Altar","player_choice":"Shed Blood","floor":70.0,"gold_loss":0.0,"damage_taken":19.0},{"damage_healed":0.0,"max_hp_gain":0.0,"max_hp_loss":0.0,"gold_gain":0.0,"event_name":"The Mausoleum","player_choice":"Ignored","floor":71.0,"gold_loss":0.0,"damage_taken":0.0},{"damage_healed":0.0,"max_hp_gain":0.0,"max_hp_loss":0.0,"gold_gain":0.0,"event_name":"Vampires","player_choice":"Ignored","floor":72.0,"gold_loss":0.0,"damage_taken":0.0}],"is_beta":false,"boss_relics":[{"not_picked":["Honey Jar","Replay:Grab Bag"],"picked":"hubris:CrackedHourglass"},{"not_picked":["Snecko Heart","infinitespire:Cupcake","Astrolabe"]},{"not_picked":["hubris:TerracottaHorce","Fusion Hammer","Tiny House"]},{"not_picked":["hubris:TerracottaHorce","Kintsugi"],"picked":"Replay:Wanted Poster"},{"not_picked":["infinitespire:Cupcake","Snecko Eye"],"picked":"SlaversCollar"}],"items_purged_floors":[],"is_endless":true,"potions_floor_spawned":[1,7,16,19,22,23,24,36,42,47,50,52,57,61,65,75,79,80,84,91,96],"killed_by":"Awakened One","ascension_level":0}}