{"host":"4eao2pkwlmv012cz","time":1613031072,"event":{"mods":["BaseMod","Colored Powertips","Minty Spire (QoL Compilation)","Permanent Neow","Quick Restart","Random Character Button","StSLib"],"gold_per_floor":[116,116,134,3,78,108,118,118,142,142,142,152,152,172,172,172,172],"floor_reached":16,"language":"ENG","playtime":342,"items_purged":[],"score":200,"play_id":"9e77293f-cc8e-4d72-ac14-2ef7c3264ebe","local_time":"20210211031112","is_ascension_mode":true,"campfire_choices":[{"floor":8,"key":"REST"},{"data":"Sunder","floor":10,"key":"SMITH"},{"data":"Zap","floor":13,"key":"SMITH"},{"floor":15,"key":"REST"}],"circlet_count":0,"master_deck":["AscendersBane","Strike_B","Strike_B","Strike_B+1","Defend_B","Defend_B","Defend_B","Zap+1","Dualcast","Melter","Sunder+1","Capacitor","Compile Driver+1","Ball Lightning","Leap","Undo"],"relics":["Cracked Core","Whetstone","Strawberry"],"acts_visited":["Exordium"],"potions_floor_usage":[6,16,16],"damage_taken":[{"damage":2,"enemies":"Cultist","floor":1,"turns":4},{"damage":11,"enemies":"2 Louse","floor":3,"turns":2},{"damage":11,"enemies":"Gremlin Nob","floor":6,"turns":3},{"damage":2,"enemies":"Jaw Worm","floor":7,"turns":3},{"damage":13,"enemies":"Blue Slaver","floor":12,"turns":2},{"damage":11,"enemies":"Looter","floor":14,"turns":2},{"damage":51,"enemies":"Slime Boss","floor":16,"turns":9}],"seed_played":"4023539728030313766","potions_obtained":[{"floor":6,"key":"Energy Potion"},{"floor":14,"key":"EssenceOfSteel"}],"is_trial":false,"path_per_floor":["M","$","M","$","?","E","M","R","T","R","?","M","R","M","R","B"],"character_chosen":"DEFECT","items_purchased":["Capacitor","PowerPotion"],"campfire_rested":2,"item_purchase_floors":[4,4],"current_hp_per_floor":[44,44,33,33,22,11,9,30,37,37,42,29,29,18,42,0,0],"gold":172,"neow_bonus":"REMOVE_TWO","is_daily":false,"chose_seed":false,"campfire_upgraded":2,"win_rate":0.0,"timestamp":1613031072,"path_taken":["M","?","M","$","?","E","M","R","T","R","?","M","R","?","R","BOSS"],"items_purchased_type":["Card","Potion"],"build_version":"2020-12-22","purchased_purges":0,"victory":false,"max_hp_per_floor":[71,71,71,71,71,71,71,71,78,78,83,83,83,83,83,83,83],"card_choices":[{"not_picked":["Turbo","Leap"],"picked":"Melter","floor":1},{"not_picked":["FTL","Redo"],"picked":"Sunder","floor":3},{"not_picked":["Capacitor","Beam Cell"],"picked":"Compile Driver","floor":6},{"not_picked":["Darkness","Sweeping Beam"],"picked":"Ball Lightning","floor":7},{"not_picked":["Recycle","Gash"],"picked":"Leap","floor":12},{"not_picked":["Ball Lightning","Sweeping Beam"],"picked":"Undo","floor":14}],"player_experience":2924593,"relics_obtained":[{"floor":6,"key":"Whetstone"},{"floor":9,"key":"Strawberry"}],"event_choices":[{"damage_healed":0,"gold_gain":75,"player_choice":"Gather Gold","damage_taken":11,"max_hp_gain":0,"max_hp_loss":0,"event_name":"World of Goop","floor":5,"gold_loss":0},{"damage_healed":0,"gold_gain":0,"player_choice":"Donut","damage_taken":0,"max_hp_gain":5,"max_hp_loss":0,"event_name":"Big Fish","floor":11,"gold_loss":0}],"is_beta":false,"boss_relics":[],"items_purged_floors":[],"is_endless":false,"potions_floor_spawned":[6,14],"killed_by":"Slime Boss","ascension_level":20}}