{"host":"tgnam0g96qraiyqx","time":1613007401,"event":{"mods":["Always Whale","Aspiration","BaseMod","Beaked The Cultist","BetterRewards","CatGirl Mod","Chen","Colored Map","Colored Powertips","Downfall","Energized Spire","FutureSeer","Glutton Mod","HexUI Lib","Highlight Path","Hubris","Minty Spire (QoL Compilation)","Replay The Spire","Shop Mod","StSLib","The Jungle"],"gold_per_floor":[99,109,123,134,44,44,96,299,315,367,367,380,380,380,398,498,498,498,508,526,526,526,526,551,551,551,551],"floor_reached":26,"language":"FRA","playtime":1578,"items_purged":["theCatGirl:Strike"],"score":196,"play_id":"c7221d48-8797-459e-8179-613bc8741750","local_time":"20210211023641","is_ascension_mode":false,"campfire_choices":[{"data":"theCatGirl:LearnThePattern","floor":1,"key":"SMITH"},{"data":"theCatGirl:Parry","floor":6,"key":"SMITH"},{"floor":11,"key":"REST"},{"data":"theCatGirl:BloodScent","floor":13,"key":"SMITH"},{"data":"theCatGirl:BloodScent","floor":18,"key":"SMITH"},{"data":"theCatGirl:Evasion","floor":23,"key":"SMITH"}],"circlet_count":0,"master_deck":["theCatGirl:Strike","theCatGirl:Strike","theCatGirl:Strike","theCatGirl:Defend","theCatGirl:Defend","theCatGirl:Defend","theCatGirl:Defend","theCatGirl:ClawStrike+1","theCatGirl:Evasion+1","theCatGirl:LearnThePattern+1","theCatGirl:ScratchFlurry","theCatGirl:FumblingBlow","theCatGirl:Parry+1","theCatGirl:BodyBlow","theCatGirl:ClawScratch+1","theCatGirl:BloodScent+1","Injury","theCatGirl:BloodScent+1","theCatGirl:PerfectBlock","theCatGirl:ClenchYourTeeth","theCatGirl:Parry+1"],"relics":["theCatGirl:TrainedRelic","Orichalcum","Replay:Rubber Ducky","Molten Egg 2","SacredBark","Nilry\u0027s Codex","Strawberry"],"acts_visited":["Exordium","TheCity"],"potions_floor_usage":[16,16],"damage_taken":[{"damage":5,"enemies":"2 Louse","floor":2,"turns":4},{"damage":11,"enemies":"Jaw Worm","floor":3,"turns":5},{"damage":0,"enemies":"Small Slimes","floor":4,"turns":3},{"damage":0,"enemies":"downfall:FleeingMerchant","floor":5,"turns":4},{"damage":0,"enemies":"Blue Slaver","floor":9,"turns":4},{"damage":9,"enemies":"Large Slime","floor":12,"turns":6},{"damage":4,"enemies":"2 Fungi Beasts","floor":15,"turns":4},{"damage":1,"enemies":"WA_ARCHETYPE_RETAIN","floor":16,"turns":6},{"damage":8,"enemies":"Shell Parasite","floor":19,"turns":6},{"damage":0,"enemies":"Chosen","floor":20,"turns":3},{"damage":20,"enemies":"Snecko","floor":26,"turns":5}],"seed_played":"3088755348814699781","potions_obtained":[{"floor":4,"key":"EssenceOfSteel"},{"floor":9,"key":"AttackPotion"},{"floor":15,"key":"Fire Potion"},{"floor":20,"key":"BlessingOfTheForge"}],"is_trial":false,"path_per_floor":["R","M","M","M","$","R","T","?","M","T","R","M","R","?","M","B",null,"R","M","M","?","?","R","T","?","M"],"character_chosen":"THE_CATGIRL","items_purchased":[],"campfire_rested":1,"item_purchase_floors":[],"current_hp_per_floor":[70,65,54,54,54,54,54,26,26,26,47,38,38,38,34,33,70,70,62,62,62,46,46,53,53,33,33],"gold":551,"neow_bonus":"ONE_RANDOM_RARE_CARD","is_daily":false,"chose_seed":false,"campfire_upgraded":5,"win_rate":0.0,"timestamp":1613007401,"path_taken":["R","M","M","M","$","R","T","?","M","?","R","M","R","?","M","BOSS","R","M","M","?","?","R","T","?","?"],"items_purchased_type":[],"build_version":"2020-12-22","purchased_purges":1,"victory":false,"max_hp_per_floor":[70,70,70,70,70,70,70,70,70,70,70,70,70,70,70,70,70,70,70,70,70,70,70,77,77,77,77],"card_choices":[{"not_picked":["theCatGirl:LearnByMistake","theCatGirl:ExtremeSpeed"],"picked":"theCatGirl:ScratchFlurry","floor":2},{"not_picked":["theCatGirl:SmellFear","theCatGirl:Growl"],"picked":"theCatGirl:FumblingBlow","floor":3},{"not_picked":["theCatGirl:FumblingBlow","theCatGirl:Stalk","theCatGirl:LostTrinket"],"picked":"SKIP","floor":4},{"not_picked":["theCatGirl:LearnByMistake","theCatGirl:RecoveryBlow"],"picked":"theCatGirl:Parry","floor":5},{"not_picked":["theCatGirl:AllIn","theCatGirl:SpinningStrike"],"picked":"theCatGirl:BodyBlow","floor":8},{"not_picked":["theCatGirl:RageClaws","theCatGirl:ElegantStrike"],"picked":"theCatGirl:ClawScratch","floor":9},{"not_picked":["theCatGirl:Meow","theCatGirl:BleedingWounds"],"picked":"theCatGirl:BloodScent","floor":12},{"not_picked":["theCatGirl:PlayAround+1","theCatGirl:ChangeOfPlans"],"picked":"theCatGirl:BloodScent","floor":15},{"not_picked":["theCatGirl:LearnThePattern","theCatGirl:Howl"],"picked":"theCatGirl:PerfectBlock","floor":16},{"not_picked":["theCatGirl:ScratchFlurry+1","theCatGirl:SearchBackpack"],"picked":"theCatGirl:ClenchYourTeeth","floor":19},{"not_picked":["theCatGirl:RunningWithDaggers+1","theCatGirl:ShockedWitness"],"picked":"theCatGirl:Parry+1","floor":20}],"player_experience":972984,"relics_obtained":[{"floor":7,"key":"Orichalcum"},{"floor":10,"key":"Replay:Rubber Ducky"},{"floor":22,"key":"Nilry\u0027s Codex"},{"floor":24,"key":"Strawberry"}],"event_choices":[],"is_beta":false,"boss_relics":[{"not_picked":["Painkiller Herb","Replay:Wanted Poster"],"picked":"SacredBark"}],"items_purged_floors":[5],"is_endless":false,"potions_floor_spawned":[4,9,15,20],"killed_by":"Snecko","ascension_level":0}}