{"host":"hry4lcefviisd2vw","time":1613021348,"event":{"mods":["BaseMod","Downfall","Highlight Path","Hubris","Minty Spire (QoL Compilation)","Permanent Neow","Replay The Spire","Shop Mod","StSLib"],"gold_per_floor":[100,112,112,112,125,200,268,302,318,348,348,348,366,272,285,387,387,387,407,424,424,444,76,76,89,89,128,148,148,175,175,186,285,285,139,149,149,203,203,222,246,278,178,211,236,236,22,22,33,33,33,66,77,77,77,77],"floor_reached":57,"language":"ENG","playtime":10487,"items_purged":["ReplayTheSpireMod:Splinters","Parasite"],"score":1660,"play_id":"b7ba851e-254a-4031-a7e5-7e769403d9a8","local_time":"20210210212908","is_ascension_mode":false,"campfire_choices":[{"data":"ReplayTheSpireMod:Necrogeddon","floor":11,"key":"SMITH"},{"data":"sneckomod:MasterEye","floor":18,"key":"SMITH"},{"floor":26,"key":"RECALL"}],"circlet_count":0,"master_deck":["sneckomod:Strike","sneckomod:Defend","sneckomod:Defend","sneckomod:Defend","sneckomod:TailWhip","sneckomod:SnekBite+1","sneckomod:Unknown","sneckomod:WideSting","sneckomod:SnakeSap+1","sneckomod:SnakeSap","sneckomod:ImprovisedAttack","sneckomod:Nope+1","ReplayTheSpireMod:Necrogeddon+1","sneckomod:MasterEye+1","Jack Of All Trades+1","sneckomod:Unknown0Cost+1","sneckomod:SerpentMind","sneckomod:UnendingSupply","Dramatic Entrance","sneckomod:Unknown1Cost+1","sneckomod:ImprovisedAttack","Midas Touch+1","Metamorphosis+1","Discovery+1","sneckomod:SlitherStrike","Necronomicurse","sneckomod:Unknown2Cost+1","sneckomod:UnknownExhaust+1","sneckomod:Unknown3Cost+1","sneckomod:SerpentIdol+1","sneckomod:SerpentIdol+1","champ:CrownThrow+1","expansioncontent:AwakenDeath","expansioncontent:PrepareCrush+1","expansioncontent:Chronoboost","sneckomod:SerpentIdol+1","sneckomod:SoulCleanse+1","sneckomod:UnknownVulnerable+1","bronze:FunctionCard","sneckomod:TrashToTreasure+1","sneckomod:SnakeSap","champ:FocusedDefense+1","ReplayTheSpireMod:Fabricate Wheel+1"],"relics":["sneckomod:SneckoSoul","Dead Branch","Toxic Egg 2","Iron Hammer","White Beast Statue","hubris:GrandSneckoEye","ReplayTheSpireMod:ShopPack","Ornamental Fan","WingedGreaves","Necronomicon","Calipers","SlaversCollar","downfall:HeartBlessingRed","downfall:HeartBlessingGreen","sneckomod:LoadedDie","Replay:Wax Seal","Blood Vial","downfall:HeartBlessingBlue","Gremlin Food","ReplayTheSpireMod:TigerMarble","hubris:Towel","Centennial Puzzle","ReplayTheSpireMod:CursedCoin","Prayer Wheel","Prayer Wheel","Prayer Wheel","Prayer Wheel"],"acts_visited":["Exordium","TheCity","TheBeyond","TheEnding"],"potions_floor_usage":[13,13,16,16,16,30,30,40,49,50,52],"damage_taken":[{"damage":51,"enemies":"downfall:Heads","floor":1,"turns":7},{"damage":0,"enemies":"Small Slimes","floor":2,"turns":2},{"damage":0,"enemies":"2 Louse","floor":5,"turns":1},{"damage":0,"enemies":"downfall:FleeingMerchant","floor":6,"turns":4},{"damage":14,"enemies":"3 Sentries","floor":8,"turns":3},{"damage":3,"enemies":"Jaw Worm","floor":9,"turns":2},{"damage":0,"enemies":"Gremlin Gang","floor":10,"turns":2},{"damage":0,"enemies":"2 Fungi Beasts","floor":13,"turns":1},{"damage":0,"enemies":"Exordium Thugs","floor":15,"turns":2},{"damage":10,"enemies":"IC_STATUS_ARCHETYPE","floor":16,"turns":4},{"damage":0,"enemies":"Spheric Guardian","floor":19,"turns":3},{"damage":0,"enemies":"Centurion and Healer","floor":20,"turns":2},{"damage":0,"enemies":"Snake Plant","floor":22,"turns":2},{"damage":0,"enemies":"Cultist and Chosen","floor":25,"turns":2},{"damage":0,"enemies":"Snecko","floor":28,"turns":2},{"damage":0,"enemies":"Gremlin Leader","floor":30,"turns":3},{"damage":0,"enemies":"Snake Plant","floor":32,"turns":3},{"damage":0,"enemies":"WA_ARCHETYPE_CALM","floor":33,"turns":4},{"damage":6,"enemies":"3 Darklings","floor":36,"turns":2},{"damage":0,"enemies":"3 Shapes","floor":40,"turns":1},{"damage":15,"enemies":"Reptomancer","floor":42,"turns":4},{"damage":0,"enemies":"Nemesis","floor":44,"turns":3},{"damage":0,"enemies":"Reptomancer","floor":45,"turns":2},{"damage":0,"enemies":"Maw","floor":49,"turns":4},{"damage":7,"enemies":"SI_POISON_ARCHETYPE","floor":50,"turns":4},{"damage":0,"enemies":"downfall:CharBossMerchant","floor":52,"turns":2},{"damage":2,"enemies":"downfall:NeowBoss","floor":55,"turns":8},{"damage":0,"enemies":"downfall:NeowBossFinal","floor":56,"turns":5}],"seed_played":"3813098615848340635","potions_obtained":[{"floor":2,"key":"Ancient Potion"},{"floor":5,"key":"Toxic Potion"},{"floor":9,"key":"Fire Potion"},{"floor":10,"key":"Fire Potion"},{"floor":13,"key":"hexamod:SoulburnPotion"},{"floor":15,"key":"PowerPotion"},{"floor":16,"key":"FearPotion"},{"floor":19,"key":"champ:CounterPotion"},{"floor":20,"key":"BlessingOfTheForge"},{"floor":22,"key":"PowerPotion"},{"floor":25,"key":"GamblersBrew"},{"floor":30,"key":"Reflective Coating"},{"floor":32,"key":"GamblersBrew"},{"floor":33,"key":"AttackPotion"},{"floor":40,"key":"Adrenaline Potion"},{"floor":49,"key":"Fruit Juice"},{"floor":52,"key":"FairyPotion"}],"is_trial":false,"path_per_floor":["R","M","?","?","M","$","T","E","M","M","R","?","M","$","M","B",null,"R","M","M","?","M","$","T","M","R","?","M","?","E","$","M","B",null,"R","M","?","T","?","M","T","E","R","E","E","?","$","?","M","B",null,"E","$","R","B","B",null],"character_chosen":"THE_SNECKO","items_purchased":["sneckomod:Nope+1","ReplayTheSpireMod:Necrogeddon","Jack Of All Trades+1","ReplayTheSpireMod:ShopPack","Ornamental Fan","sneckomod:SerpentIdol+1","sneckomod:SoulCleanse+1","sneckomod:SnakeSap","ReplayTheSpireMod:CursedCoin"],"campfire_rested":0,"item_purchase_floors":[6,6,14,23,23,47,47,53,53],"current_hp_per_floor":[39,39,36,36,36,36,36,27,24,24,24,24,24,24,24,14,90,90,90,90,90,90,90,90,90,90,90,90,74,74,74,74,74,90,90,84,84,84,84,84,84,84,94,96,98,88,88,88,95,90,105,105,102,102,102,102],"gold":77,"neow_bonus":"ONE_RARE_RELIC","is_daily":false,"chose_seed":false,"campfire_upgraded":2,"win_rate":0.0,"timestamp":1613021348,"path_taken":["R","M","?","?","M","$","T","E","?","M","R","?","M","?","M","BOSS","R","M","M","?","?","$","T","M","R","?","M","?","E","?","M","BOSS","R","M","?","?","?","?","T","E","R","E","E","?","?","?","M","BOSS","E","$","R","BOSS","BOSS"],"items_purchased_type":["Card","Card","Card","Relic","Relic","Card","Card","Card","Relic"],"build_version":"2020-12-22","purchased_purges":2,"victory":true,"max_hp_per_floor":[90,90,90,90,90,90,90,90,90,90,90,90,90,90,90,90,90,90,90,90,90,90,90,90,90,90,90,90,90,90,90,90,90,90,90,90,90,90,90,90,90,90,100,100,100,100,100,100,105,105,105,105,102,102,102,102],"card_choices":[{"not_picked":["sneckomod:WideSting","sneckomod:UnknownClassTHE_CHAMP_GRAY"],"picked":"sneckomod:SnakeSap","floor":1},{"not_picked":["sneckomod:ImprovisedGuard","sneckomod:UnknownClassBLUE"],"picked":"sneckomod:SnakeSap","floor":2},{"not_picked":["sneckomod:DiceBoulder","sneckomod:QuickBite"],"picked":"sneckomod:ImprovisedAttack","floor":5},{"not_picked":["sneckomod:UnknownClassTHE_BRONZE_AUTOMATON+1","sneckomod:UnknownStrike"],"picked":"sneckomod:UnknownClassTHE_CHAMP_GRAY+1","floor":6},{"not_picked":["sneckomod:DiceBoulder","sneckomod:UnknownBlock+1","sneckomod:UnknownUncommonAttack"],"picked":"SKIP","floor":8},{"not_picked":["sneckomod:DefensiveFlair+1","sneckomod:ImprovisedGuard+1"],"picked":"sneckomod:MasterEye","floor":9},{"not_picked":["sneckomod:Unknown2Cost+1","sneckomod:Unknown1Cost+1","sneckomod:UnknownBlock+1"],"picked":"SKIP","floor":10},{"not_picked":["sneckomod:RainOfDice","sneckomod:IronFang","sneckomod:UnknownCommonAttack"],"picked":"SKIP","floor":13},{"not_picked":["sneckomod:UnknownUncommonSkill+1","sneckomod:UnknownWeak+1"],"picked":"sneckomod:Unknown0Cost+1","floor":15},{"not_picked":["sneckomod:UnknownBoss+1","sneckomod:MorePower"],"picked":"sneckomod:SerpentMind","floor":16},{"not_picked":["sneckomod:DiceCrush+1","sneckomod:QuickBite+1","sneckomod:UnknownUncommonSkill+1"],"picked":"SKIP","floor":19},{"not_picked":["sneckomod:SnekBeam","sneckomod:UnknownClassTHE_CHAMP_GRAY+1"],"picked":"sneckomod:UnendingSupply","floor":20},{"not_picked":["sneckomod:UnknownClassTHE_CHAMP_GRAY+1","sneckomod:UnknownCommonSkill+1"],"picked":"sneckomod:ImprovisedAttack","floor":22},{"not_picked":["Chrysalis","Apotheosis"],"picked":"Midas Touch","floor":23},{"not_picked":["Blind","Crow Ritual"],"picked":"Metamorphosis","floor":23},{"not_picked":["ReplayTheSpireMod:Private Reserves","Replay:Bootleg Shield Generator"],"picked":"Discovery","floor":23},{"not_picked":["sneckomod:UnknownClassTHE_CHAMP_GRAY+1","sneckomod:DiceBlock+1","sneckomod:UnknownClassTHE_BRONZE_AUTOMATON+1"],"picked":"SKIP","floor":25},{"not_picked":["sneckomod:QuickMove+1","sneckomod:UnknownBlock+1"],"picked":"sneckomod:SlitherStrike","floor":27},{"not_picked":["sneckomod:SlitherStrike+1","sneckomod:UnknownDraw+1","sneckomod:UnknownWeak+1"],"picked":"SKIP","floor":28},{"not_picked":["sneckomod:UnknownWeak+1","sneckomod:UnknownVulnerable+1"],"picked":"sneckomod:Unknown2Cost+1","floor":30},{"not_picked":["sneckomod:ImprovisedAttack","sneckomod:Unknown1Cost+1"],"picked":"sneckomod:UnknownExhaust+1","floor":30},{"not_picked":["sneckomod:DefensiveFlair+1","sneckomod:UnknownWeak+1","sneckomod:UnknownDraw+1"],"picked":"SKIP","floor":32},{"not_picked":["sneckomod:SerpentMind","sneckomod:SoulExchange+1"],"picked":"sneckomod:Unknown3Cost+1","floor":33},{"not_picked":["sneckomod:DiceCrush+1","sneckomod:SoulRoll+1"],"picked":"sneckomod:SerpentIdol+1","floor":36},{"not_picked":["sneckomod:UnknownClassBLUE+1","sneckomod:SoulDraw+1","sneckomod:UnknownBlock+1"],"picked":"SKIP","floor":40},{"not_picked":["sneckomod:SlitherStrike","sneckomod:UnknownX+1"],"picked":"sneckomod:SerpentIdol+1","floor":42},{"not_picked":["sneckomod:UnknownX+1","sneckomod:UnknownBlock+1","sneckomod:SnekBeam"],"picked":"SKIP","floor":44},{"not_picked":["sneckomod:UnknownCommonAttack","sneckomod:RainOfDice+1","sneckomod:ImprovisedGuard+1"],"picked":"SKIP","floor":45},{"not_picked":["expansioncontent:HyperBeam","expansioncontent:Hexaburn"],"picked":"expansioncontent:AwakenDeath","floor":46},{"not_picked":["expansioncontent:PolyBeam","expansioncontent:Chronoboost"],"picked":"expansioncontent:PrepareCrush","floor":46},{"not_picked":["Replay:SS_fish_1","expansioncontent:HyperBeam"],"picked":"expansioncontent:Chronoboost","floor":46},{"not_picked":["sneckomod:MasterEye","sneckomod:UnknownCommonAttack+1"],"picked":"sneckomod:UnknownVulnerable+1","floor":49},{"not_picked":["sneckomod:UnknownDraw+1","sneckomod:SnekBeam"],"picked":"sneckomod:TrashToTreasure+1","floor":52}],"player_experience":487559,"relics_obtained":[{"floor":7,"key":"Iron Hammer"},{"floor":8,"key":"White Beast Statue"},{"floor":27,"key":"WingedGreaves"},{"floor":29,"key":"Necronomicon"},{"floor":30,"key":"Calipers"},{"floor":38,"key":"sneckomod:LoadedDie"},{"floor":41,"key":"Replay:Wax Seal"},{"floor":42,"key":"Blood Vial"},{"floor":44,"key":"Gremlin Food"},{"floor":45,"key":"ReplayTheSpireMod:TigerMarble"},{"floor":52,"key":"Centennial Puzzle"}],"event_choices":[{"damage_healed":0,"gold_gain":0,"player_choice":"Success","damage_taken":3,"relics_obtained":["Toxic Egg 2"],"max_hp_gain":0,"max_hp_loss":0,"event_name":"Scrap Ooze","floor":3,"gold_loss":0},{"damage_healed":0,"gold_gain":0,"player_choice":"Ignored","damage_taken":0,"max_hp_gain":0,"max_hp_loss":0,"event_name":"NoteForYourself","floor":12,"gold_loss":0},{"damage_healed":0,"gold_gain":0,"player_choice":"Forge","damage_taken":0,"max_hp_gain":0,"max_hp_loss":0,"event_name":"Accursed Blacksmith","floor":39,"gold_loss":0,"cards_upgraded":["sneckomod:SnakeSap"]}],"is_beta":false,"boss_relics":[{"not_picked":["Fusion Hammer","Replay:Ancient Bell"],"picked":"hubris:GrandSneckoEye"},{"not_picked":["hubris:TerracottaHorce","Cursed Key"],"picked":"SlaversCollar"}],"items_purged_floors":[47,53],"is_endless":false,"potions_floor_spawned":[2,5,9,10,13,15,16,19,20,22,25,28,30,32,33,36,40,42,44,45,49,52],"ascension_level":0}}