{"host":"swn8ychr123rw3gf","time":1613048629,"event":{"mods":["BaseMod","Minty Spire (QoL Compilation)","StSLib"],"gold_per_floor":[14,14,14,14,14,14,29,47,128,163,163,182,201,201,201,201,201],"floor_reached":16,"language":"ZHS","playtime":492,"items_purged":[],"score":195,"play_id":"862f3857-b5a7-43a4-91be-63979341f673","local_time":"20210211210349","is_ascension_mode":true,"campfire_choices":[{"data":"Neutralize","floor":6.0,"key":"SMITH"},{"data":"Thinking Ahead","floor":11.0,"key":"SMITH"},{"floor":15,"key":"REST"}],"circlet_count":0,"master_deck":["AscendersBane","Strike_G","Strike_G","Strike_G","Strike_G","Defend_G","Defend_G","Defend_G","Defend_G","Defend_G","Survivor","Neutralize+1","Thinking Ahead+1","Tactician","Malaise","Flechettes","Blade Dance","Backflip"],"relics":["Ring of the Snake","Golden Idol","CaptainsWheel","Matryoshka","Tough Bandages"],"acts_visited":["Exordium"],"potions_floor_usage":[16],"damage_taken":[{"damage":1.0,"enemies":"2 Louse","floor":1.0,"turns":3.0},{"damage":1.0,"enemies":"Jaw Worm","floor":7.0,"turns":5.0},{"damage":2.0,"enemies":"Small Slimes","floor":8.0,"turns":7.0},{"damage":11.0,"enemies":"Gremlin Nob","floor":10.0,"turns":5.0},{"damage":4.0,"enemies":"2 Fungi Beasts","floor":12.0,"turns":4.0},{"damage":0.0,"enemies":"Red Slaver","floor":13.0,"turns":4.0},{"damage":15,"enemies":"Hexaghost","floor":16,"turns":10}],"seed_played":"-1149688488649672685","potions_obtained":[{"floor":1.0,"key":"DistilledChaos"},{"floor":8.0,"key":"Ancient Potion"},{"floor":10.0,"key":"SteroidPotion"},{"floor":12.0,"key":"Energy Potion"}],"is_trial":false,"path_per_floor":["M","?","?","T","?","R","M","M","T","E","R","M","M","?","R","B"],"character_chosen":"THE_SILENT","items_purchased":[],"campfire_rested":1,"item_purchase_floors":[],"current_hp_per_floor":[58,35,28,28,28,28,27,25,25,14,14,10,10,10,29,14,14],"gold":201,"neow_bonus":"RANDOM_COLORLESS_2","is_daily":false,"chose_seed":false,"campfire_upgraded":2,"win_rate":0.0,"timestamp":1613048629,"path_taken":["M","?","?","?","?","R","M","M","T","E","R","M","?","?","R","BOSS"],"items_purchased_type":[],"build_version":"2020-12-22","purchased_purges":0,"victory":false,"max_hp_per_floor":[66,66,66,66,66,66,66,66,66,66,66,66,66,66,66,66,66],"card_choices":[{"not_picked":["Magnetism","Transmutation"],"picked":"Thinking Ahead","floor":0.0},{"not_picked":["PiercingWail","Blade Dance"],"picked":"Tactician","floor":1.0},{"not_picked":["Choke","Cloak And Dagger"],"picked":"Malaise","floor":7.0},{"not_picked":["Predator","Distraction"],"picked":"Flechettes","floor":8.0},{"not_picked":["Dagger Spray","Backflip"],"picked":"Blade Dance","floor":10.0},{"not_picked":["Dagger Throw","Poisoned Stab"],"picked":"Backflip","floor":12.0},{"not_picked":["PiercingWail","Bane","Heel Hook"],"picked":"SKIP","floor":13.0}],"player_experience":462294,"relics_obtained":[{"floor":4.0,"key":"CaptainsWheel"},{"floor":9.0,"key":"Matryoshka"},{"floor":10.0,"key":"Tough Bandages"}],"event_choices":[{"damage_healed":0.0,"max_hp_gain":0.0,"max_hp_loss":0.0,"gold_gain":0.0,"event_name":"Golden Idol","player_choice":"Take Damage","floor":2.0,"gold_loss":0.0,"damage_taken":23.0,"relics_obtained":["Golden Idol"]},{"cards_removed":["Strike_G"],"damage_healed":0.0,"max_hp_gain":0.0,"max_hp_loss":0.0,"gold_gain":0.0,"event_name":"Golden Wing","player_choice":"Card Removal","floor":3.0,"gold_loss":0.0,"damage_taken":7.0},{"damage_healed":0.0,"max_hp_gain":0.0,"max_hp_loss":0.0,"gold_gain":0.0,"event_name":"Liars Game","player_choice":"Ignored","floor":5.0,"gold_loss":0.0,"damage_taken":0.0},{"damage_healed":0,"gold_gain":0,"player_choice":"Fled","damage_taken":0,"max_hp_gain":0,"max_hp_loss":0,"event_name":"Scrap Ooze","floor":14,"gold_loss":0}],"is_beta":false,"boss_relics":[],"items_purged_floors":[],"is_endless":false,"potions_floor_spawned":[1,8,10,12],"killed_by":"Hexaghost","ascension_level":19}}