{"host":"rantoq7h0pygex6x","time":1613020335,"event":{"mods":["AchievementEnabler","BaseMod","BetterRewards","Minty Spire (QoL Compilation)"],"gold_per_floor":[117,117,3,3,3,3,27,27,51,69,69,103,127,147,147,147,147],"floor_reached":16,"language":"ENG","playtime":305,"items_purged":["Strike_B"],"score":280,"play_id":"9c90584e-c82c-402c-a840-f4d24a118674","local_time":"20210211131215","is_ascension_mode":true,"campfire_choices":[{"data":"Sunder","floor":6,"key":"SMITH"},{"data":"Zap","floor":8,"key":"SMITH"},{"data":"Doom and Gloom","floor":11,"key":"SMITH"},{"floor":15,"key":"REST"}],"circlet_count":0,"master_deck":["AscendersBane","Strike_B","Strike_B","Strike_B","Defend_B","Defend_B","Defend_B","Defend_B","Zap+1","Dualcast","Doom and Gloom+1","Chill","Sunder+1","Hologram","Barrage","Cold Snap","Stack","Self Repair"],"relics":["Cracked Core","Runic Capacitor","Golden Idol","Dream Catcher","Odd Mushroom"],"acts_visited":["Exordium"],"potions_floor_usage":[12,16],"damage_taken":[{"damage":0,"enemies":"Small Slimes","floor":1,"turns":2},{"damage":0,"enemies":"Cultist","floor":7,"turns":2},{"damage":1,"enemies":"2 Louse","floor":10,"turns":2},{"damage":4,"enemies":"The Mushroom Lair","floor":12,"turns":2},{"damage":6,"enemies":"2 Fungi Beasts","floor":13,"turns":3},{"damage":16,"enemies":"Exordium Wildlife","floor":14,"turns":4},{"damage":61,"enemies":"Hexaghost","floor":16,"turns":11}],"seed_played":"6450079790433920178","potions_obtained":[{"floor":1,"key":"SkillPotion"},{"floor":7,"key":"Regen Potion"}],"is_trial":false,"path_per_floor":["M","?","$","?","?","R","M","R","T","M","R","?","M","M","R","B"],"character_chosen":"DEFECT","items_purchased":["Runic Capacitor","Doom and Gloom","Sunder","Hologram"],"campfire_rested":1,"item_purchase_floors":[0,0,3,3],"current_hp_per_floor":[55,45,45,45,45,45,45,45,45,44,44,40,34,25,44,0,0],"gold":147,"neow_bonus":"","is_daily":false,"chose_seed":false,"campfire_upgraded":3,"win_rate":0.0,"timestamp":1613020335,"path_taken":["M","?","?","?","?","R","?","R","T","M","R","?","M","M","R","BOSS"],"items_purchased_type":["Relic","Card","Card","Card"],"build_version":"2020-12-22","purchased_purges":1,"victory":false,"max_hp_per_floor":[71,71,71,71,64,64,64,64,64,64,64,64,64,64,64,64,64],"card_choices":[{"not_picked":["Steam","Capacitor"],"picked":"Chill","floor":1},{"not_picked":["Leap","Steam"],"picked":"Barrage","floor":7},{"not_picked":["Gash","Chaos"],"picked":"Cold Snap","floor":10},{"not_picked":["Go for the Eyes","Streamline"],"picked":"Stack","floor":12},{"not_picked":["Multi-Cast","Sweeping Beam"],"picked":"Self Repair","floor":13},{"not_picked":["Rebound","Steam","Steam Power"],"picked":"SKIP","floor":14}],"player_experience":989933,"relics_obtained":[{"floor":9,"key":"Dream Catcher"},{"floor":12,"key":"Odd Mushroom"}],"event_choices":[{"damage_healed":0,"gold_gain":0,"player_choice":"Damaged","damage_taken":10,"max_hp_gain":0,"max_hp_loss":0,"event_name":"Wheel of Change","floor":2,"gold_loss":0},{"damage_healed":0,"gold_gain":0,"player_choice":"Ignored","damage_taken":0,"max_hp_gain":0,"max_hp_loss":0,"event_name":"Liars Game","floor":4,"gold_loss":0},{"damage_healed":0,"gold_gain":0,"player_choice":"Lose Max HP","damage_taken":0,"relics_obtained":["Golden Idol"],"max_hp_gain":0,"max_hp_loss":7,"event_name":"Golden Idol","floor":5,"gold_loss":0},{"damage_healed":0,"gold_gain":0,"player_choice":"Fought Mushrooms","damage_taken":0,"max_hp_gain":0,"max_hp_loss":0,"event_name":"Mushrooms","floor":12,"gold_loss":0}],"is_beta":false,"boss_relics":[],"items_purged_floors":[0],"is_endless":false,"potions_floor_spawned":[1,7,10],"killed_by":"Hexaghost","ascension_level":20}}