{"host":"lf1yj6sxagf80nuh","time":1613045531,"event":{"mods":["BaseMod","Colored Map","Colored Powertips","DeckTracker","Highlight Path","Lobotomy","Minty Spire (QoL Compilation)","Quick Restart","StSLib","The Animator"],"gold_per_floor":[137,147,147,127,127,161,178,178,201,217,249,52,70,84,84,192,192,212,226,141,101,121,121,153,153,232,258,277,289,289,303,303,303,303],"floor_reached":33,"language":"ENG","playtime":3122,"items_purged":[],"score":355,"play_id":"17f97070-d1dc-49b0-b9fc-7c6d06ea7a7b","local_time":"20210211091211","is_ascension_mode":true,"campfire_choices":[{"floor":8,"key":"REST"},{"floor":15,"key":"REST"},{"data":"animator:Lu","floor":23,"key":"SMITH"},{"floor":25,"key":"REST"},{"floor":30,"key":"REST"},{"floor":32,"key":"REST"}],"circlet_count":0,"master_deck":["animator:Strike_HitsugiNoChaika","animator:Defend_HitsugiNoChaika","animator:Strike+1","animator:Strike","animator:Defend","animator:Defend","animator:Defend","animator:AcuraAkari","animator:Gillette+1","animator:Megumin+9","animator:Fredrika+1","animator:WinryRockbell","animator:Rena","animator:Kazuma","animator:TsurugaMeisai","animator:Lu+1","animator:Darkness","animator:Guy","animator:Hans","animator:Ciel+1","animator:YunYun+1","animator:ChaikaTrabant","animator:NivaLada"],"relics":["animator:LivingPicture","animator:TheMissingPiece","Potion Belt","Omamori","animator:CerealBox","Cursed Key","Orichalcum","White Beast Statue","Centennial Puzzle","animator:CursedGlyph"],"acts_visited":["Exordium","TheCity"],"potions_floor_usage":[13,16,22,22,24,24,29,33,33],"damage_taken":[{"damage":0,"enemies":"2 Louse","floor":1,"turns":2},{"damage":7,"enemies":"Small Slimes","floor":2,"turns":3},{"damage":18,"enemies":"Lagavulin","floor":6,"turns":7},{"damage":2,"enemies":"Cultist","floor":7,"turns":4},{"damage":4,"enemies":"Large Slime","floor":10,"turns":5},{"damage":12,"enemies":"Exordium Wildlife","floor":11,"turns":5},{"damage":8,"enemies":"Lots of Slimes","floor":13,"turns":3},{"damage":3,"enemies":"3 Louse","floor":14,"turns":3},{"damage":33,"enemies":"The Guardian","floor":16,"turns":12},{"damage":2,"enemies":"Chosen","floor":18,"turns":6},{"damage":7,"enemies":"Shell Parasite","floor":19,"turns":7},{"damage":9,"enemies":"Shelled Parasite and Fungi","floor":22,"turns":7},{"damage":18,"enemies":"Snecko","floor":24,"turns":4},{"damage":16,"enemies":"Book of Stabbing","floor":27,"turns":7},{"damage":16,"enemies":"Cultist and Chosen","floor":28,"turns":5},{"damage":10,"enemies":"Chosen and Byrds","floor":29,"turns":5},{"damage":5,"enemies":"Snecko","floor":31,"turns":4},{"damage":57,"enemies":"Automaton","floor":33,"turns":6}],"seed_played":"-18379286717462979","potions_obtained":[{"floor":6,"key":"Swift Potion"},{"floor":7,"key":"animator:GrowthPotion"},{"floor":10,"key":"Ancient Potion"},{"floor":13,"key":"SteroidPotion"},{"floor":16,"key":"SpeedPotion"},{"floor":19,"key":"Regen Potion"},{"floor":22,"key":"FearPotion"},{"floor":27,"key":"SpeedPotion"},{"floor":28,"key":"Swift Potion"},{"floor":29,"key":"Strength Potion"},{"floor":31,"key":"Ancient Potion"}],"is_trial":false,"path_per_floor":["M","M","?","?","?","E","M","R","T","M","M","$","M","M","R","B",null,"M","M","?","?","M","R","M","R","T","E","M","M","R","M","R","B"],"character_chosen":"THE_ANIMATOR","items_purchased":["animator:CerealBox","animator:Darkness"],"campfire_rested":5,"item_purchase_floors":[12,12],"current_hp_per_floor":[59,52,39,39,39,22,20,40,40,36,24,24,16,14,34,21,56,54,48,48,48,55,55,37,58,58,42,26,16,37,32,51,0,0],"gold":303,"neow_bonus":"THREE_CARDS","is_daily":false,"chose_seed":false,"campfire_upgraded":1,"win_rate":0.0,"timestamp":1613045531,"path_taken":["M","M","?","?","?","E","M","R","T","M","M","$","?","M","R","BOSS","M","M","?","?","?","R","?","R","T","E","M","M","R","M","R","BOSS"],"items_purchased_type":["Relic","Card"],"build_version":"2020-12-22","purchased_purges":0,"victory":false,"max_hp_per_floor":[66,66,66,66,66,67,67,67,67,67,67,67,67,68,68,68,68,68,69,69,69,70,70,70,70,70,70,70,70,70,66,66,66,66],"card_choices":[{"not_picked":["animator:Pride","animator:Tyuule"],"picked":"animator:Megumin","floor":0},{"not_picked":["animator:Demiurge","animator:Evileye"],"picked":"animator:Fredrika","floor":1},{"not_picked":["animator:Mitsurugi","animator:Tyuule"],"picked":"animator:WinryRockbell","floor":2},{"not_picked":["animator:AcuraAkari","animator:Entoma"],"picked":"animator:Kazuma","floor":6},{"not_picked":["animator:Konayuki","animator:Shichika"],"picked":"animator:TsurugaMeisai","floor":7},{"not_picked":["animator:TsurugaMeisai","animator:Shichika","animator:YaoHaDucy"],"picked":"SKIP","floor":10},{"not_picked":["animator:PandorasActor","animator:Shalltear"],"picked":"animator:Lu","floor":11},{"not_picked":["animator:Lu","animator:TsurugaMeisai","animator:LeleiLaLalena"],"picked":"SKIP","floor":13},{"not_picked":["animator:Fredrika","animator:Gillette"],"picked":"animator:Guy","floor":14},{"not_picked":["animator:HigakiRinne","animator:PinaCoLada"],"picked":"animator:Hans","floor":16},{"not_picked":["animator:Kazuma+1","animator:Fredrika","animator:Add+1"],"picked":"SKIP","floor":18},{"not_picked":["animator:Laby+1","animator:Kuribayashi"],"picked":"animator:Ciel+1","floor":19},{"not_picked":["animator:Kazuma+1","animator:WinryRockbell+1"],"picked":"animator:YunYun+1","floor":22},{"not_picked":["animator:Fredrika","animator:AcuraAkari"],"picked":"animator:ChaikaTrabant","floor":24},{"not_picked":["animator:Add","animator:Chung+1","animator:Hitei"],"picked":"SKIP","floor":27},{"not_picked":["animator:Cocytus","animator:Kazuma","animator:Scar"],"picked":"SKIP","floor":28},{"not_picked":["animator:ZankiKiguchi","animator:Gluttony","animator:ElricAlphonse+1"],"picked":"SKIP","floor":29},{"not_picked":["animator:Guy","animator:Viivi"],"picked":"animator:NivaLada","floor":31}],"player_experience":497621,"relics_obtained":[{"floor":6,"key":"Potion Belt"},{"floor":9,"key":"Omamori"},{"floor":26,"key":"White Beast Statue"},{"floor":27,"key":"Centennial Puzzle"},{"floor":31,"key":"animator:CursedGlyph"}],"event_choices":[{"damage_healed":0,"gold_gain":0,"player_choice":"Entered Light","damage_taken":13,"max_hp_gain":0,"max_hp_loss":0,"event_name":"Shining Light","floor":3,"gold_loss":0,"cards_upgraded":["animator:Gillette","animator:Strike"]},{"damage_healed":0,"gold_gain":0,"player_choice":"Left Gold","damage_taken":0,"max_hp_gain":0,"max_hp_loss":0,"event_name":"World of Goop","floor":4,"gold_loss":20},{"damage_healed":0,"gold_gain":0,"cards_transformed":["animator:Strike"],"player_choice":"Transformed","damage_taken":0,"max_hp_gain":0,"max_hp_loss":0,"event_name":"Transmorgrifier","floor":5,"gold_loss":0,"cards_obtained":["animator:Rena"]},{"damage_healed":0,"gold_gain":0,"player_choice":"Obtained Relic","damage_taken":0,"relics_obtained":["Orichalcum"],"max_hp_gain":0,"max_hp_loss":0,"event_name":"Addict","floor":20,"gold_loss":85},{"damage_healed":0,"gold_gain":0,"player_choice":"Upgrade","damage_taken":0,"max_hp_gain":0,"max_hp_loss":0,"event_name":"Designer","floor":21,"gold_loss":40,"cards_upgraded":["animator:Fredrika"]}],"is_beta":false,"boss_relics":[{"not_picked":["Astrolabe","animator:VividPicture"],"picked":"Cursed Key"}],"items_purged_floors":[],"is_endless":false,"potions_floor_spawned":[6,7,10,13,16,19,22,27,28,29,31],"killed_by":"Automaton","ascension_level":6}}