{"host":"flm17o2q7bfjyna6","time":1613074221,"event":{"mods":["2.2 Compatiblity","Act Like it!","BaseMod","Better Altar","Better Match","Better Note","Better Sensory Stone","Better Skull","Better Third Choice","Better Vampires","Colored Map","Colored Powertips","DeckTracker","Fox Events","Hermit","Minty Spire (QoL Compilation)","Quick Restart","Replay The Spire","Reworked Bosses","Spicy Shops","StSLib","TheSwordswoman","Wandering Minibosses"],"gold_per_floor":[117,134,167,167,184,209,209,229,306,318,318,330,330,407,407,407,407],"floor_reached":16,"language":"ENG","playtime":330,"items_purged":[],"score":117,"play_id":"d49b14ed-7424-4722-a7a3-a6129422f874","local_time":"20210211151021","is_ascension_mode":true,"campfire_choices":[{"data":"blazmod:Kyokasuigetsu","floor":7,"key":"SMITH"},{"floor":11,"key":"REST"},{"data":"blazmod:DevilDivine","floor":15,"key":"SMITH"}],"circlet_count":0,"master_deck":["blazmod:Strike","blazmod:Strike+1","blazmod:Strike","blazmod:Strike","blazmod:Defend","blazmod:Defend","blazmod:Defend","blazmod:Defend","blazmod:ButterflyEffect","blazmod:Kyokasuigetsu+1","blazmod:FortifiedVigor","blazmod:BeTheBlade","blazmod:DrippingWaterHollowsStone","blazmod:AlmightyPassage+1","blazmod:KatanaStrike","blazmod:DanceOfTheGods","blazmod:DevilDivine+1"],"relics":["blazmod:Venustas","NeowsBlessing","foxEvents:LuckyCharm","Juzu Bracelet","Pear","Whetstone","NlothsMask"],"acts_visited":["Exordium"],"potions_floor_usage":[16],"damage_taken":[{"damage":0,"enemies":"Small Slimes","floor":1,"turns":1},{"damage":0,"enemies":"Cultist","floor":2,"turns":1},{"damage":0,"enemies":"Colosseum Slavers","floor":3,"turns":1},{"damage":0,"enemies":"2 Louse","floor":5,"turns":1},{"damage":35,"enemies":"Gremlin Nob","floor":6,"turns":4},{"damage":3,"enemies":"Blue Slaver","floor":8,"turns":3},{"damage":6,"enemies":"Looter","floor":10,"turns":2},{"damage":0,"enemies":"Exordium Thugs","floor":12,"turns":2},{"damage":29,"enemies":"Slime Boss","floor":16,"turns":6}],"seed_played":"-5899437846061798672","potions_obtained":[{"floor":2,"key":"SneckoOil"},{"floor":6,"key":"SpeedPotion"},{"floor":10,"key":"Strength Potion"}],"is_trial":false,"path_per_floor":["M","M","?","?","M","E","R","M","T","M","R","M","?","T","R_BF","B"],"character_chosen":"THE_SWORDSWOMAN","items_purchased":[],"campfire_rested":1,"item_purchase_floors":[],"current_hp_per_floor":[40,40,40,40,40,15,15,12,12,6,21,21,21,21,21,0,0],"gold":407,"neow_bonus":"THREE_ENEMY_KILL","is_daily":false,"chose_seed":false,"campfire_upgraded":2,"win_rate":0.0,"timestamp":1613074221,"path_taken":["M","M","?","?","M","E","R","M","T","M","R","M","?","?","R_BF","BOSS"],"items_purchased_type":[],"build_version":"2020-12-22","purchased_purges":0,"victory":false,"max_hp_per_floor":[40,40,40,40,40,50,50,50,50,50,50,50,50,50,50,50,50],"card_choices":[{"not_picked":["blazmod:Crosscut","blazmod:HarmonyComplete"],"picked":"blazmod:FortifiedVigor","floor":1},{"not_picked":["blazmod:FlyFlyAgain","blazmod:FleetOfFoot"],"picked":"blazmod:BeTheBlade","floor":2},{"not_picked":["blazmod:Lockswords","blazmod:Crosscut"],"picked":"blazmod:DrippingWaterHollowsStone","floor":5},{"not_picked":["blazmod:Valiance","blazmod:MentalFocus"],"picked":"blazmod:AlmightyPassage","floor":6},{"not_picked":["blazmod:FleetOfFoot","blazmod:WildButterfly"],"picked":"blazmod:KatanaStrike","floor":8},{"not_picked":["blazmod:MentalFocus","blazmod:TravelJournal"],"picked":"blazmod:DanceOfTheGods","floor":10},{"not_picked":["blazmod:PhysicalEndurance","blazmod:ApexLegends"],"picked":"blazmod:DevilDivine","floor":12}],"player_experience":1768706,"relics_obtained":[{"floor":3,"key":"foxEvents:LuckyCharm"},{"floor":6,"key":"Pear"},{"floor":9,"key":"Whetstone"}],"event_choices":[{"damage_healed":0,"gold_gain":0,"player_choice":"Gave Potion","damage_taken":0,"relics_obtained":["Juzu Bracelet"],"max_hp_gain":0,"max_hp_loss":0,"event_name":"WeMeetAgain","floor":4,"gold_loss":0},{"damage_healed":0,"gold_gain":0,"player_choice":"Trade","damage_taken":0,"relics_obtained":["NlothsMask"],"max_hp_gain":0,"max_hp_loss":0,"event_name":"FaceTrader","floor":13,"gold_loss":0}],"is_beta":false,"boss_relics":[],"items_purged_floors":[],"is_endless":false,"potions_floor_spawned":[2,6,10],"killed_by":"Slime Boss","ascension_level":3}}