{"host":"eft627g0ddukeijo","time":1613076322,"event":{"mods":["AchievementEnabler","BaseMod","Bestiary","Better Note","Block Reminder","Colored Powertips","Filter the Spire","Highlight Path","Minty Spire (QoL Compilation)","Permanent Neow","Quick Restart","Rare Cards Sparkle","Relic Stats","Slay-I","StSLib","Weighted Paths"],"gold_per_floor":[118,118,133,58,70,36,36,55,101,101,136,153,166,180,180,285,285,297,307,21,21,37,37,51,67,67,83,83,83,93,108,108,108,108],"floor_reached":33,"language":"ENG","playtime":1125,"items_purged":[],"score":370,"play_id":"9ee7d458-c538-4de3-8c07-697eae90c06d","local_time":"20210212054522","is_ascension_mode":true,"campfire_choices":[{"floor":7.0,"key":"RECALL"},{"floor":15.0,"key":"REST"},{"floor":23.0,"key":"REST"},{"floor":28.0,"key":"REST"},{"data":"Heavy Blade","floor":32.0,"key":"SMITH"}],"circlet_count":0,"master_deck":["Strike_R","Strike_R","Strike_R","Strike_R","Defend_R","Defend_R","Defend_R","Defend_R","Bash+1","Iron Wave","Dropkick","Sword Boomerang","Carnage","Heavy Blade+1","Shrug It Off","Immolate","Offering","Shrug It Off","Battle Trance","Inflame","Pummel","Dropkick+1","Reaper","Shrug It Off","Demon Form"],"relics":["Burning Blood","Akabeko","SlaversCollar","Anchor","Nloth\u0027s Gift","Gremlin Horn"],"acts_visited":["Exordium","TheCity"],"potions_floor_usage":[33],"damage_taken":[{"damage":6.0,"enemies":"Cultist","floor":1.0,"turns":3.0},{"damage":12.0,"enemies":"Jaw Worm","floor":3.0,"turns":3.0},{"damage":11.0,"enemies":"2 Louse","floor":5.0,"turns":2.0},{"damage":17.0,"enemies":"Looter","floor":8.0,"turns":3.0},{"damage":15.0,"enemies":"Lagavulin","floor":11.0,"turns":4.0},{"damage":17.0,"enemies":"Lots of Slimes","floor":12.0,"turns":5.0},{"damage":5.0,"enemies":"Blue Slaver","floor":13.0,"turns":2.0},{"damage":9.0,"enemies":"2 Fungi Beasts","floor":14.0,"turns":2.0},{"damage":51.0,"enemies":"Slime Boss","floor":16.0,"turns":10.0},{"damage":17.0,"enemies":"2 Thieves","floor":18.0,"turns":2.0},{"damage":29.0,"enemies":"3 Byrds","floor":19.0,"turns":6.0},{"damage":30.0,"enemies":"3 Cultists","floor":22.0,"turns":5.0},{"damage":6.0,"enemies":"Snecko","floor":24.0,"turns":3.0},{"damage":23.0,"enemies":"Chosen and Byrds","floor":25.0,"turns":5.0},{"damage":26.0,"enemies":"Shelled Parasite and Fungi","floor":27.0,"turns":3.0},{"damage":13.0,"enemies":"Centurion and Healer","floor":30.0,"turns":6.0},{"damage":2.0,"enemies":"Chosen and Byrds","floor":31.0,"turns":4.0},{"damage":84,"enemies":"Automaton","floor":33,"turns":8}],"seed_played":"-610860624031372614","potions_obtained":[{"floor":5.0,"key":"Weak Potion"},{"floor":8.0,"key":"PowerPotion"},{"floor":10.0,"key":"DuplicationPotion"},{"floor":10.0,"key":"Fire Potion"},{"floor":16.0,"key":"ElixirPotion"},{"floor":22.0,"key":"BloodPotion"},{"floor":24.0,"key":"Fruit Juice"},{"floor":30.0,"key":"SneckoOil"}],"is_trial":false,"path_per_floor":["M","$","M","$","M","$","R","M","T","?","E","M","M","M","R","B",null,"M","M","$","?","M","R","M","M","T","M","R","?","M","M","R","B"],"character_chosen":"IRONCLAD","items_purchased":["Dropkick","Carnage","Anchor","Inflame","Pummel"],"campfire_rested":3,"item_purchase_floors":[4,6,20,20,20],"current_hp_per_floor":[72,72,66,66,61,61,61,50,57,57,48,37,38,35,61,16,69,58,35,35,35,28,54,59,42,42,22,49,49,66,70,70,0,0],"gold":108,"neow_bonus":"UPGRADE_CARD","is_daily":false,"chose_seed":false,"campfire_upgraded":1,"win_rate":0.0,"timestamp":1613076322,"path_taken":["M","?","M","$","M","$","R","M","T","?","E","M","M","?","R","BOSS","M","?","$","?","M","R","?","M","T","M","R","?","M","M","R","BOSS"],"items_purchased_type":["Card","Card","Relic","Card","Card"],"build_version":"2020-12-22","purchased_purges":0,"victory":false,"max_hp_per_floor":[80,80,80,80,80,80,80,80,87,87,87,87,87,87,87,87,87,87,87,87,87,87,87,92,92,92,92,92,92,92,92,92,92,92],"relic_stats":{"Gremlin Horn":[5,5],"counters":[18,76],"Nloth\u0027s Gift":1,"obtain_stats":[{"SlaversCollar":17,"Anchor":20,"Gremlin Horn":26,"Strawberry":9,"Nloth\u0027s Gift":21,"Burning Blood":0,"Akabeko":11},{"SlaversCollar":9,"Anchor":11,"Gremlin Horn":14,"Strawberry":4,"Nloth\u0027s Gift":11,"Burning Blood":0,"Akabeko":5},{"SlaversCollar":34,"Anchor":42,"Gremlin Horn":55,"Strawberry":11,"Nloth\u0027s Gift":42,"Burning Blood":0,"Akabeko":15}],"Burning Blood":102},"card_choices":[{"not_picked":["Havoc","Wild Strike","Armaments"],"picked":"SKIP","floor":1.0},{"not_picked":["Headbutt","Anger"],"picked":"Iron Wave","floor":3.0},{"not_picked":["Disarm","True Grit"],"picked":"Sword Boomerang","floor":5.0},{"not_picked":["Sword Boomerang","Second Wind"],"picked":"Heavy Blade","floor":8.0},{"not_picked":["True Grit","Warcry"],"picked":"Shrug It Off","floor":11.0},{"not_picked":["Twin Strike","Bloodletting","Perfected Strike"],"picked":"SKIP","floor":12.0},{"not_picked":["Flame Barrier","Shrug It Off"],"picked":"Immolate","floor":13.0},{"not_picked":["Wild Strike","Twin Strike","Combust"],"picked":"SKIP","floor":14.0},{"not_picked":["Double Tap","Impervious"],"picked":"Offering","floor":16.0},{"not_picked":["Twin Strike+1","Anger"],"picked":"Shrug It Off","floor":18.0},{"not_picked":["Clash+1","Thunderclap"],"picked":"Battle Trance","floor":19.0},{"not_picked":["Anger","Combust"],"picked":"Dropkick+1","floor":22.0},{"not_picked":["Perfected Strike","True Grit"],"picked":"Reaper","floor":24.0},{"not_picked":["Twin Strike","Intimidate"],"picked":"Shrug It Off","floor":25.0},{"not_picked":["Cleave","Rampage","Clothesline"],"picked":"SKIP","floor":27.0},{"not_picked":["Cleave+1","Whirlwind"],"picked":"Demon Form","floor":30.0},{"not_picked":["Iron Wave+1","Wild Strike","Rampage"],"picked":"SKIP","floor":31.0}],"player_experience":570353,"relics_obtained":[{"floor":9.0,"key":"Strawberry"},{"floor":11.0,"key":"Akabeko"},{"floor":26.0,"key":"Gremlin Horn"}],"event_choices":[{"damage_healed":0.0,"max_hp_gain":0.0,"max_hp_loss":0.0,"gold_gain":0.0,"event_name":"Lab","player_choice":"Got Potions","floor":10.0,"gold_loss":0.0,"damage_taken":0.0},{"damage_healed":0.0,"max_hp_gain":0.0,"max_hp_loss":0.0,"gold_gain":0.0,"event_name":"N\u0027loth","player_choice":"Traded Relic","floor":21.0,"relics_lost":["Strawberry"],"gold_loss":0.0,"damage_taken":0.0,"relics_obtained":["Nloth\u0027s Gift"]},{"cards_removed":["Strike_R"],"damage_healed":0.0,"max_hp_gain":0.0,"max_hp_loss":0.0,"gold_gain":0.0,"event_name":"Purifier","player_choice":"Purged","floor":29.0,"gold_loss":0.0,"damage_taken":0.0}],"is_beta":false,"boss_relics":[{"not_picked":["Calling Bell","Cursed Key"],"picked":"SlaversCollar"}],"items_purged_floors":[],"is_endless":false,"potions_floor_spawned":[5,8,16,22,24,30],"killed_by":"Automaton","ascension_level":9}}