{"host":"kx62hxkutszy5nb0","time":1613058889,"event":{"mods":["2.2 Compatiblity","AchievementEnabler","Aspiration","BaseMod","Better Altar","Better Match","Better Note","Better Sensory Stone","Better Skull","Better Third Choice","Better Vampires","CCEM2","Colored Map","Colored Powertips","Conspire","Custom Start","Dark Map","Defuse TimeMaze Blight","Displayed Cursed Tome","Downfall","Fiend Mod","Hermit","Hubris","Infinite Spire","Jorbs\u0027s Wanderer Trilogy","Koishi","Marked Mod","Minty Spire (QoL Compilation)","Prisma Mod","Relic Sorter","Relic Stats","Replay The Spire","Shade Mod","Shop Mod","Spikes Relics","StSLib","Td1madao Mod","The Alterego","The Construct","The Cursed","The Exalted","The Forsaken","The Judge","The Jungle","The Marked","TheSwordswoman","TheVacant","Uncapped","Virulent Crown","Yuri Mod","everything is the same but u backflip on backflip"],"gold_per_floor":[113,388,236,236,252,252,266,94,141,155,155,169,201,220,220,220,220],"floor_reached":16,"language":"ENG","playtime":697,"items_purged":["Regret"],"score":102,"play_id":"9d008335-3f65-4c6d-8283-e0ac8428f66e","local_time":"20210212015449","is_ascension_mode":false,"campfire_choices":[{"data":"theMarked:Generate","floor":6,"key":"SMITH"},{"data":"Mayhem","floor":11,"key":"SMITH"},{"data":"theMarked:Panic","floor":15,"key":"SMITH"}],"circlet_count":0,"master_deck":["theMarked:Strike","theMarked:Strike","theMarked:Strike","theMarked:Strike","theMarked:Strike","theMarked:Defend","theMarked:Defend","theMarked:Defend","theMarked:Defend","theMarked:SoldierOfQuellstein","theMarked:Panic+1","theMarked:MuscleMemory","theMarked:Generate+1","theMarked:Polarize","Mayhem+1","theMarked:EmpowerWeapon","theMarked:SwordAndMagic","theMarked:Vacuum","theMarked:SwordAndMagic"],"relics":["theMarked:ArtifactOfAir","aspiration:Nostalgia","PureWater","Strawberry"],"acts_visited":["Exordium"],"potions_floor_usage":[10,13,16],"damage_taken":[{"damage":1,"enemies":"Jaw Worm","floor":1,"turns":3},{"damage":0,"enemies":"Cultist","floor":5,"turns":3},{"damage":0,"enemies":"2 Louse","floor":7,"turns":2},{"damage":16,"enemies":"Large Slime","floor":10,"turns":6},{"damage":2,"enemies":"3 Louse","floor":12,"turns":3},{"damage":20,"enemies":"3 Sentries","floor":13,"turns":6},{"damage":18,"enemies":"Exordium Thugs","floor":14,"turns":5},{"damage":21,"enemies":"The Guardian","floor":16,"turns":3}],"seed_played":"-1097651168249596805","potions_obtained":[{"floor":5,"key":"SpeedPotion"},{"floor":12,"key":"Slimebound:ThreeZeroPotion"},{"floor":14,"key":"AttackPotion"}],"is_trial":false,"path_per_floor":["M","?","$","?","M","R","M","$","T","M","R","M","E","M","R","B"],"character_chosen":"THE_DEFAULT","items_purchased":["theMarked:MuscleMemory","Mayhem"],"campfire_rested":0,"item_purchase_floors":[3,8],"current_hp_per_floor":[69,69,69,69,69,69,69,69,69,53,53,51,38,20,20,0,0],"gold":220,"neow_bonus":"NOSTALGIA","is_daily":false,"chose_seed":false,"campfire_upgraded":3,"win_rate":0.0,"timestamp":1613058889,"path_taken":["M","?","?","?","M","R","M","$","T","M","R","M","E","M","R","BOSS"],"items_purchased_type":["Card","Card"],"build_version":"2020-12-22","purchased_purges":1,"victory":false,"max_hp_per_floor":[70,70,70,70,70,70,70,70,70,70,70,70,77,77,77,77,77],"relic_stats":{"counters":[8,31],"obtain_stats":[{"theMarked:ArtifactOfAir":0,"aspiration:Nostalgia":0,"Strawberry":13,"PureWater":0},{"theMarked:ArtifactOfAir":0,"aspiration:Nostalgia":0,"Strawberry":6,"PureWater":0},{"theMarked:ArtifactOfAir":0,"aspiration:Nostalgia":0,"Strawberry":23,"PureWater":0}]},"card_choices":[{"not_picked":["theMarked:Convert","theMarked:EmpowerWeapon"],"picked":"theMarked:Panic","floor":1},{"not_picked":["theMarked:ContemptForTheProud","theMarked:Frustration"],"picked":"theMarked:Generate","floor":5},{"not_picked":["theMarked:WastefulAttack","theMarked:ShockingTouch"],"picked":"theMarked:Polarize","floor":7},{"not_picked":["theMarked:GodGivenPower","theMarked:UnarmedFury"],"picked":"theMarked:EmpowerWeapon","floor":10},{"not_picked":["theMarked:TakeCover","theMarked:GodGivenPower"],"picked":"theMarked:SwordAndMagic","floor":12},{"not_picked":["theMarked:Parkour","theMarked:TwofoldDefense"],"picked":"theMarked:Vacuum","floor":13},{"not_picked":["theMarked:ResourceFulStrike","theMarked:HeightenedSenses"],"picked":"theMarked:SwordAndMagic","floor":14}],"player_experience":777173,"relics_obtained":[{"floor":13,"key":"Strawberry"}],"event_choices":[{"damage_healed":0,"gold_gain":275,"player_choice":"Desecrate","damage_taken":0,"max_hp_gain":0,"max_hp_loss":0,"event_name":"Golden Shrine","floor":2,"gold_loss":0,"cards_obtained":["Regret"]},{"damage_healed":0,"gold_gain":0,"player_choice":"Leave","damage_taken":0,"max_hp_gain":0,"max_hp_loss":0,"event_name":"conspire:Investor","floor":4,"gold_loss":0}],"is_beta":false,"boss_relics":[],"items_purged_floors":[3],"is_endless":false,"potions_floor_spawned":[5,12,14],"killed_by":"The Guardian","ascension_level":0}}