{"host":"ajxvnmsjfcleb5r5","time":1613034105,"event":{"mods":["2.2 Compatiblity","AchievementEnabler","BaseMod","Beaked The Cultist","Card Forge","Colored Powertips","DNKmod","Downfall","Friendly Minions","Minty Spire (QoL Compilation)","Quick Restart","StSLib","SuperFastMode"],"gold_per_floor":[99,111,125,125,143,143,143,143,143,159,178,198,198,108,125,220,220,220,220,234,234,25,25,103,103,103,113,213,213,313,494,511,511,511,511],"floor_reached":33,"language":"ENG","playtime":1470,"items_purged":["Regret","Regret"],"score":235,"play_id":"990a4bba-2727-4e3c-aa28-65853c7f386e","local_time":"20210211180145","is_ascension_mode":false,"campfire_choices":[{"data":"Slimebound:CorrosiveSpit","floor":1,"key":"SMITH"},{"data":"Slimebound:Split","floor":6,"key":"SMITH"},{"data":"Slimebound:SplitMire","floor":9,"key":"SMITH"},{"data":"Slimebound:LevelUp","floor":13,"key":"SMITH"},{"data":"Slimebound:LeadByExample","floor":18,"key":"SMITH"},{"data":"RitualDagger","floor":23,"key":"SMITH"},{"data":"Slimebound:Dissolve","floor":26,"key":"SMITH"},{"data":"Slimebound:HauntingLick","floor":29,"key":"SMITH"}],"circlet_count":0,"master_deck":["Slimebound:Strike_Slimebound","Slimebound:Strike_Slimebound","Slimebound:Tackle","Slimebound:Defend_Slimebound","Slimebound:Defend_Slimebound","Slimebound:Split+1","Slimebound:CorrosiveSpit+1","Sadistic Nature","Slimebound:LeadByExample+1","Slimebound:PressTheAttack","Slimebound:SplitMire+1","Slimebound:LevelUp+1","Slimebound:Dissolve+1","Slimebound:Repurpose","Slimebound:HauntingLick+1","RitualDagger+1","Slimebound:LeechEnergy","Slimebound:Prepare","Slimebound:LeechEnergy+1","Slimebound:SplitMire","Slimebound:Repurpose","Slimebound:MegaLick","Slimebound:TongueLash","Slimebound:Replication","Slimebound:Overexert","Slimebound:HauntingLick"],"relics":["Slimebound:AbsorbEndCombat","Hammer of Thor","Seething Fire","Anvil of the Gods","Bronze Scales","Kunai","MealTicket","Bag of Marbles","bronze:MakeshiftBattery","Membership Card","HornCleat","FossilizedHelix","Blue Candle","MutagenicStrength","Lantern"],"acts_visited":["Exordium","TheCity"],"potions_floor_usage":[],"damage_taken":[{"damage":8,"enemies":"Cultist","floor":2,"turns":4},{"damage":6,"enemies":"2 Louse","floor":3,"turns":3},{"damage":6,"enemies":"Small Slimes","floor":5,"turns":3},{"damage":2,"enemies":"Exordium Wildlife","floor":10,"turns":3},{"damage":4,"enemies":"2 Fungi Beasts","floor":11,"turns":3},{"damage":12,"enemies":"Blue Slaver","floor":12,"turns":3},{"damage":11,"enemies":"downfall:FleeingMerchant","floor":14,"turns":4},{"damage":5,"enemies":"3 Louse","floor":15,"turns":2},{"damage":39,"enemies":"IC_STATUS_ARCHETYPE","floor":16,"turns":4},{"damage":7,"enemies":"Chosen","floor":20,"turns":3},{"damage":8,"enemies":"downfall:FleeingMerchant","floor":22,"turns":4},{"damage":0,"enemies":"Centurion and Healer","floor":27,"turns":4},{"damage":0,"enemies":"WA_ARCHETYPE_RETAIN","floor":28,"turns":4},{"damage":18,"enemies":"downfall:Augmenter","floor":30,"turns":4},{"damage":0,"enemies":"downfall:FleeingMerchant","floor":31,"turns":3},{"damage":0,"enemies":"Cultist and Chosen","floor":32,"turns":3},{"damage":68,"enemies":"DF_ARCHETYPE_CLAW","floor":33,"turns":5}],"seed_played":"-7282967931141034899","potions_obtained":[{"floor":2,"key":"hexamod:SoulburnPotion"},{"floor":10,"key":"Fire Potion"},{"floor":11,"key":"Fire Potion"},{"floor":30,"key":"EntropicBrew"}],"is_trial":false,"path_per_floor":["R","M","M","?","M","R","T","?","R","M","M","M","R","$","M","B",null,"R","?","M","?","$","R","T","?","R","M","?","R","?","$","M","B"],"character_chosen":"SLIMEBOUND","items_purchased":["Membership Card","Lantern","Slimebound:Overexert"],"campfire_rested":0,"item_purchase_floors":[22,31,31],"current_hp_per_floor":[65,59,53,53,47,47,47,47,47,49,47,37,37,49,46,13,65,65,59,56,56,63,63,63,63,63,65,65,65,47,65,65,0,0,0],"gold":511,"neow_bonus":"RANDOM_COLORLESS_2","is_daily":false,"chose_seed":false,"campfire_upgraded":8,"win_rate":0.0,"timestamp":1613034105,"path_taken":["R","M","?","?","M","R","T","?","R","M","M","M","R","?","M","BOSS","R","?","M","?","$","R","T","?","R","M","?","R","?","$","M","BOSS"],"items_purchased_type":["Relic","Relic","Card"],"build_version":"2020-12-22","purchased_purges":2,"victory":false,"max_hp_per_floor":[65,65,65,65,65,65,65,65,65,65,65,65,65,65,65,65,65,65,65,65,65,65,65,65,65,65,65,65,65,65,65,65,65,65,65],"card_choices":[{"not_picked":["Mayhem","Secret Technique"],"picked":"Sadistic Nature","floor":0},{"not_picked":["Slimebound:SplitLeeching","Slimebound:SplitAcid"],"picked":"Slimebound:LeadByExample","floor":2},{"not_picked":["Slimebound:Schlurp","Slimebound:BestDefense"],"picked":"Slimebound:PressTheAttack","floor":3},{"not_picked":["Slimebound:SplitBruiser","Slimebound:FlameTackle"],"picked":"Slimebound:SplitMire","floor":5},{"not_picked":["Slimebound:DouseInSlime","Slimebound:ComboTackle"],"picked":"Slimebound:LevelUp","floor":10},{"not_picked":["Slimebound:SplitAcid","Slimebound:LeechingTouch"],"picked":"Slimebound:Dissolve","floor":11},{"not_picked":["Slimebound:ProtectTheBoss","Slimebound:DisruptingSlam","Slimebound:ViciousTackle"],"picked":"SKIP","floor":12},{"not_picked":["Slimebound:ProtectTheBoss","Slimebound:RollThrough"],"picked":"Slimebound:Repurpose","floor":14},{"not_picked":["Slimebound:RollThrough","Slimebound:DivideAndConquer"],"picked":"Slimebound:HauntingLick","floor":15},{"not_picked":["Slimebound:DivideAndConquer","Slimebound:Nibble"],"picked":"Slimebound:LeechEnergy","floor":20},{"not_picked":["Slimebound:ServeAndProtect","Slimebound:TongueLash"],"picked":"Slimebound:Prepare","floor":22},{"not_picked":["Slimebound:FinishingTackle+1","Slimebound:GoopTackle"],"picked":"Slimebound:LeechEnergy+1","floor":27},{"not_picked":["Slimebound:FinishingTackle","Slimebound:Schlurp+1"],"picked":"Slimebound:SplitMire","floor":28},{"not_picked":["Slimebound:LeechingTouch","Slimebound:BestDefense+1"],"picked":"Slimebound:Repurpose","floor":30},{"not_picked":["Slimebound:FinishingTackle+1","Slimebound:FlameTackle"],"picked":"Slimebound:Replication","floor":31},{"not_picked":["Slimebound:PressTheAttack+1","Slimebound:GoopTackle+1"],"picked":"Slimebound:HauntingLick","floor":32}],"player_experience":196609,"relics_obtained":[{"floor":7,"key":"MealTicket"},{"floor":24,"key":"HornCleat"},{"floor":28,"key":"FossilizedHelix"},{"floor":28,"key":"Blue Candle"},{"floor":30,"key":"MutagenicStrength"}],"event_choices":[{"damage_healed":0,"gold_gain":0,"player_choice":"Box","damage_taken":0,"relics_obtained":["Kunai"],"max_hp_gain":0,"max_hp_loss":0,"event_name":"Big Fish","floor":4,"gold_loss":0,"cards_obtained":["Regret"]}],"is_beta":false,"boss_relics":[{"not_picked":["Fusion Hammer","Philosopher\u0027s Stone"],"picked":"bronze:MakeshiftBattery"}],"items_purged_floors":[14,22],"is_endless":false,"potions_floor_spawned":[2,10,11,12,16,20,27,30,32],"killed_by":"DF_ARCHETYPE_CLAW","ascension_level":0}}