{"host":"xwgrz7y3g1a3iikb","time":1613023677,"event":{"mods":["BaseMod","Bestiary","Minty Spire (QoL Compilation)","Permanent Neow","Quick Restart","Relic Stats","StSLib","ojb\u0027s Info Mod"],"gold_per_floor":[119,136,136,149,172,172,211,211,285,319,338,354,34,73,73,73,73],"floor_reached":16,"language":"ENG","playtime":552,"items_purged":[],"score":244,"play_id":"1ab7aa2c-8f59-4be1-9850-d81da54f0ebf","local_time":"20210210220757","is_ascension_mode":true,"campfire_choices":[{"data":"Anger","floor":6.0,"key":"SMITH"},{"floor":8.0,"key":"REST"},{"data":"Wild Strike","floor":15.0,"key":"SMITH"}],"circlet_count":0,"master_deck":["AscendersBane","Strike_R","Strike_R","Strike_R","Strike_R","Strike_R","Defend_R","Defend_R","Defend_R","Defend_R","Bash","Wild Strike+1","Feel No Pain","Anger+1","Pommel Strike","Barricade","Disarm","Havoc","Sentinel"],"relics":["Burning Blood","Charon\u0027s Ashes","Golden Idol","WingedGreaves","White Beast Statue","Centennial Puzzle","Dead Branch","Smiling Mask"],"acts_visited":[],"potions_floor_usage":[16],"damage_taken":[{"damage":6.0,"enemies":"Cultist","floor":1.0,"turns":3.0},{"damage":7.0,"enemies":"Jaw Worm","floor":2.0,"turns":3.0},{"damage":7.0,"enemies":"2 Louse","floor":4.0,"turns":3.0},{"damage":16.0,"enemies":"Blue Slaver","floor":5.0,"turns":4.0},{"damage":30.0,"enemies":"Lagavulin","floor":7.0,"turns":7.0},{"damage":31.0,"enemies":"Gremlin Nob","floor":10.0,"turns":4.0},{"damage":2.0,"enemies":"3 Louse","floor":11.0,"turns":4.0},{"damage":0.0,"enemies":"Exordium Thugs","floor":12.0,"turns":4.0},{"damage":7.0,"enemies":"3 Sentries","floor":14.0,"turns":5.0},{"damage":37,"enemies":"Slime Boss","floor":16,"turns":6}],"seed_played":"4910447787843054375","potions_obtained":[{"floor":4.0,"key":"SpeedPotion"},{"floor":7.0,"key":"SkillPotion"},{"floor":10.0,"key":"EssenceOfSteel"},{"floor":11.0,"key":"Block Potion"},{"floor":12.0,"key":"DuplicationPotion"},{"floor":14.0,"key":"Fruit Juice"}],"is_trial":false,"path_per_floor":["M","M","?","M","M","R","E","R","T","E","M","M","$","E","R","B"],"character_chosen":"IRONCLAD","items_purchased":["Dead Branch"],"campfire_rested":1,"item_purchase_floors":[13],"current_hp_per_floor":[68,67,62,61,51,51,27,45,45,20,24,30,30,29,29,0,0],"gold":73,"neow_bonus":"ONE_RARE_RELIC","is_daily":false,"chose_seed":false,"campfire_upgraded":2,"win_rate":0.0,"timestamp":1613023677,"path_taken":["M","M","?","M","M","R","E","R","T","E","M","M","$","E","R","BOSS"],"items_purchased_type":["Relic"],"build_version":"2020-12-22","purchased_purges":0,"victory":false,"max_hp_per_floor":[68,68,62,62,62,62,62,62,62,62,62,62,62,62,62,67,67],"relic_stats":{"Centennial Puzzle":[9],"counters":[10,43],"Golden Idol":38,"Dead Branch":[13],"Charon\u0027s Ashes":[99],"Smiling Mask":0,"obtain_stats":[{"Centennial Puzzle":10,"Golden Idol":3,"Dead Branch":13,"Charon\u0027s Ashes":0,"WingedGreaves":7,"Smiling Mask":14,"Burning Blood":0,"White Beast Statue":9},{"Centennial Puzzle":6,"Golden Idol":2,"Dead Branch":8,"Charon\u0027s Ashes":0,"WingedGreaves":5,"Smiling Mask":9,"Burning Blood":0,"White Beast Statue":5},{"Centennial Puzzle":24,"Golden Idol":6,"Dead Branch":32,"Charon\u0027s Ashes":0,"WingedGreaves":20,"Smiling Mask":37,"Burning Blood":0,"White Beast Statue":20}],"Burning Blood":54},"card_choices":[{"not_picked":["Perfected Strike","Power Through"],"picked":"Wild Strike","floor":1.0},{"not_picked":["Spot Weakness","Anger"],"picked":"Feel No Pain","floor":2.0},{"not_picked":["Havoc","Dual Wield"],"picked":"Anger","floor":4.0},{"not_picked":["Armaments","True Grit"],"picked":"Pommel Strike","floor":5.0},{"not_picked":["Reckless Charge","Pommel Strike"],"picked":"Barricade","floor":7.0},{"not_picked":["Uppercut","Shockwave"],"picked":"Disarm","floor":10.0},{"not_picked":["Clash","Rupture","Clothesline"],"picked":"SKIP","floor":11.0},{"not_picked":["Body Slam","Dual Wield"],"picked":"Havoc","floor":12.0},{"not_picked":["Armaments","Clash"],"picked":"Sentinel","floor":14.0}],"player_experience":330849,"relics_obtained":[{"floor":7.0,"key":"WingedGreaves"},{"floor":9.0,"key":"White Beast Statue"},{"floor":10.0,"key":"Centennial Puzzle"},{"floor":14.0,"key":"Smiling Mask"}],"event_choices":[{"damage_healed":0.0,"max_hp_gain":0.0,"max_hp_loss":6.0,"gold_gain":0.0,"event_name":"Golden Idol","player_choice":"Lose Max HP","floor":3.0,"gold_loss":0.0,"damage_taken":0.0,"relics_obtained":["Golden Idol"]}],"is_beta":false,"boss_relics":[],"items_purged_floors":[],"is_endless":false,"potions_floor_spawned":[4,7,10,11,12,14],"killed_by":"Slime Boss","ascension_level":20}}