{"host":"udzsrhbqdxqtlypj","time":1613086723,"event":{"mods":["BaseMod","Minty Spire (QoL Compilation)","Relic Stats"],"gold_per_floor":[116,48,48,60,10,10,29,29,29,29,54,65,90,40,40,117,117,129,144,144,163,163,163,163,163],"floor_reached":24,"language":"ENG","playtime":1062,"items_purged":[],"score":337,"play_id":"c22115f3-ebb9-4021-bcc7-93d78a61fc23","local_time":"20210211173843","is_ascension_mode":true,"campfire_choices":[{"data":"Cleave","floor":6.0,"key":"SMITH"},{"data":"Clothesline","floor":8.0,"key":"SMITH"},{"data":"True Grit","floor":10.0,"key":"SMITH"},{"data":"Combust","floor":15.0,"key":"SMITH"},{"data":"Shockwave","floor":23,"key":"SMITH"}],"circlet_count":0,"master_deck":["AscendersBane","Strike_R","Strike_R+1","Strike_R+1","Strike_R","Defend_R","Defend_R","Defend_R","Defend_R","Bash","Feel No Pain","Cleave+1","True Grit+1","Clothesline+1","Flame Barrier","Combust+1","Juggernaut","Shockwave+1","Shame","Strike_R"],"relics":["Burning Blood","Ice Cream","Torii","Dream Catcher","Pen Nib","Snecko Eye","Paper Frog"],"acts_visited":["Exordium","TheCity"],"potions_floor_usage":[16,18,24],"damage_taken":[{"damage":1.0,"enemies":"Cultist","floor":1.0,"turns":4.0},{"damage":7.0,"enemies":"Jaw Worm","floor":4.0,"turns":3.0},{"damage":4.0,"enemies":"Small Slimes","floor":7.0,"turns":3.0},{"damage":22.0,"enemies":"Gremlin Nob","floor":11.0,"turns":4.0},{"damage":2.0,"enemies":"Exordium Thugs","floor":12.0,"turns":4.0},{"damage":8.0,"enemies":"3 Sentries","floor":13.0,"turns":6.0},{"damage":29,"enemies":"The Guardian","floor":16,"turns":15},{"damage":13,"enemies":"3 Byrds","floor":18,"turns":4},{"damage":19,"enemies":"Spheric Guardian","floor":19,"turns":6},{"damage":18,"enemies":"3 Cultists","floor":21,"turns":5},{"damage":38,"enemies":"Book of Stabbing","floor":24,"turns":5}],"seed_played":"8512150161509693423","potions_obtained":[{"floor":7.0,"key":"Explosive Potion"},{"floor":11.0,"key":"Dexterity Potion"},{"floor":13.0,"key":"Ancient Potion"},{"floor":16,"key":"SpeedPotion"},{"floor":18,"key":"DuplicationPotion"}],"is_trial":false,"path_per_floor":["M","$","?","M","$","R","M","R","T","R","E","M","E","?","R","B",null,"M","M","?","M","?","R","E"],"character_chosen":"IRONCLAD","items_purchased":["Feel No Pain","True Grit"],"campfire_rested":0,"item_purchase_floors":[2,5],"current_hp_per_floor":[72,72,58,57,57,57,59,59,59,59,43,47,45,45,45,22,60,53,40,40,28,28,28,0,0],"gold":163,"neow_bonus":"ONE_RARE_RELIC","is_daily":false,"chose_seed":false,"campfire_upgraded":5,"win_rate":0.0,"timestamp":1613086723,"path_taken":["M","?","?","?","?","R","?","R","T","R","E","M","E","?","R","BOSS","M","M","?","M","?","R","E"],"items_purchased_type":["Card","Card"],"build_version":"2020-12-22","purchased_purges":0,"victory":false,"max_hp_per_floor":[72,72,72,72,72,72,72,72,72,72,72,72,72,72,72,72,72,72,72,72,72,72,72,72,72],"relic_stats":{"Dream Catcher":0,"Torii":45,"counters":[11,59],"Snecko Eye":[26,32,27,43],"Pen Nib":[2],"obtain_stats":[{"Ice Cream":0,"Dream Catcher":11,"Torii":9,"Snecko Eye":17,"Pen Nib":13,"Burning Blood":0,"Paper Frog":20},{"Ice Cream":0,"Dream Catcher":4,"Torii":3,"Snecko Eye":7,"Pen Nib":6,"Burning Blood":0,"Paper Frog":9},{"Ice Cream":0,"Dream Catcher":14,"Torii":10,"Snecko Eye":39,"Pen Nib":24,"Burning Blood":0,"Paper Frog":49}],"Burning Blood":55},"card_choices":[{"not_picked":["Perfected Strike","Havoc","Body Slam"],"picked":"SKIP","floor":1.0},{"not_picked":["Wild Strike","Pommel Strike"],"picked":"Cleave","floor":4.0},{"not_picked":["Metallicize","Twin Strike"],"picked":"Clothesline","floor":7.0},{"not_picked":["True Grit","Twin Strike"],"picked":"Flame Barrier","floor":11.0},{"not_picked":["Rupture","Perfected Strike"],"picked":"Combust","floor":12.0},{"not_picked":["Metallicize","Perfected Strike"],"picked":"Juggernaut","floor":13.0},{"not_picked":["Demon Form","Impervious"],"picked":"Juggernaut","floor":16},{"not_picked":["Warcry","Clash","Heavy Blade+1"],"picked":"SKIP","floor":18},{"not_picked":["Perfected Strike","Anger"],"picked":"Shockwave","floor":19},{"not_picked":["Perfected Strike","Iron Wave","Pommel Strike"],"picked":"SKIP","floor":21}],"player_experience":2884861,"relics_obtained":[{"floor":9.0,"key":"Torii"},{"floor":11.0,"key":"Dream Catcher"},{"floor":13.0,"key":"Pen Nib"}],"event_choices":[{"damage_healed":0.0,"max_hp_gain":0.0,"max_hp_loss":0.0,"gold_gain":0.0,"event_name":"Shining Light","player_choice":"Entered Light","floor":3.0,"gold_loss":0.0,"damage_taken":14.0,"cards_upgraded":["Strike_R","Strike_R"]},{"cards_removed":["Strike_R"],"damage_healed":0.0,"max_hp_gain":0.0,"max_hp_loss":0.0,"gold_gain":0.0,"event_name":"The Cleric","player_choice":"Card Removal","floor":14.0,"gold_loss":50.0,"damage_taken":0.0},{"damage_healed":0,"gold_gain":0,"player_choice":"Stole Relic","damage_taken":0,"relics_obtained":["Paper Frog"],"max_hp_gain":0,"max_hp_loss":0,"event_name":"Addict","floor":20,"gold_loss":0,"cards_obtained":["Shame"]},{"cards_removed":["Juggernaut"],"damage_healed":0,"gold_gain":0,"player_choice":"Took Card","damage_taken":0,"max_hp_gain":0,"max_hp_loss":0,"event_name":"NoteForYourself","floor":22,"gold_loss":0,"cards_obtained":["Strike_R"]}],"is_beta":false,"boss_relics":[{"not_picked":["Calling Bell","Fusion Hammer"],"picked":"Snecko Eye"}],"items_purged_floors":[],"is_endless":false,"potions_floor_spawned":[7,11,13,16,18,21],"killed_by":"Book of Stabbing","ascension_level":13}}