{"host":"avjwtc49fhlk6kym","time":1613014952,"event":{"mods":["AchievementEnabler","BaseMod","Better Match","Better Note","Better Third Choice","Colored Map","Colored Powertips","Displayed Cursed Tome","Highlight Path","Minty Spire (QoL Compilation)","Permanent Neow","Quick Restart","StSLib"],"gold_per_floor":[19,31,50,60,9,9,9,20,20,46,64,64,96,108,108,208,208,221,239,239,239],"floor_reached":20,"language":"ENG","playtime":701,"items_purged":[],"score":197,"play_id":"392c60e6-b8a3-4e53-aca6-4ec18d4f0b19","local_time":"20210210224232","is_ascension_mode":true,"campfire_choices":[{"data":"Apotheosis","floor":6,"key":"SMITH"},{"data":"Eruption","floor":12,"key":"SMITH"},{"data":"Establishment","floor":15,"key":"SMITH"}],"circlet_count":0,"master_deck":["Strike_P","Strike_P","Strike_P","Strike_P","Defend_P","Defend_P","Defend_P","Defend_P","Eruption+1","Vigilance","Apotheosis+1","CutThroughFate","ThirdEye","PathToVictory","PathToVictory","BowlingBash","FlurryOfBlows","Establishment+1","ClearTheMind+1","Brilliance","LikeWater","Wallop+1"],"relics":["PureWater","Strawberry","Akabeko","Sundial","Toxic Egg 2","SlaversCollar"],"acts_visited":["Exordium","TheCity"],"potions_floor_usage":[11,11,13,18],"damage_taken":[{"damage":5,"enemies":"Jaw Worm","floor":1,"turns":4},{"damage":1,"enemies":"Cultist","floor":2,"turns":4},{"damage":1,"enemies":"2 Louse","floor":3,"turns":2},{"damage":3,"enemies":"Large Slime","floor":4,"turns":3},{"damage":0,"enemies":"Blue Slaver","floor":8,"turns":2},{"damage":7,"enemies":"Gremlin Nob","floor":10,"turns":3},{"damage":3,"enemies":"Exordium Thugs","floor":11,"turns":4},{"damage":5,"enemies":"Lagavulin","floor":13,"turns":4},{"damage":0,"enemies":"Large Slime","floor":14,"turns":4},{"damage":15,"enemies":"Hexaghost","floor":16,"turns":7},{"damage":32,"enemies":"2 Thieves","floor":18,"turns":5},{"damage":21,"enemies":"Shell Parasite","floor":19,"turns":5},{"damage":27,"enemies":"Cultist and Chosen","floor":20,"turns":4}],"seed_played":"2292554142787159226","potions_obtained":[{"floor":1,"key":"BottledMiracle"},{"floor":8,"key":"CultistPotion"},{"floor":11,"key":"Weak Potion"},{"floor":14,"key":"Dexterity Potion"}],"is_trial":false,"path_per_floor":["M","M","M","M","?","R","$","M","T","E","M","R","E","M","R","B",null,"M","M","M"],"character_chosen":"WATCHER","items_purchased":[],"campfire_rested":0,"item_purchase_floors":[],"current_hp_per_floor":[67,66,65,62,69,69,69,69,69,62,59,59,54,54,54,39,79,47,26,0,0],"gold":239,"neow_bonus":"RANDOM_COLORLESS_2","is_daily":false,"chose_seed":false,"campfire_upgraded":3,"win_rate":0.0,"timestamp":1613014952,"path_taken":["M","M","M","M","?","R","?","?","T","E","M","R","E","M","R","BOSS","M","M","M"],"items_purchased_type":[],"build_version":"2020-12-22","purchased_purges":0,"victory":false,"max_hp_per_floor":[72,72,72,72,79,79,79,79,79,79,79,79,79,79,79,79,79,79,79,79,79],"card_choices":[{"not_picked":["Secret Technique","Sadistic Nature"],"picked":"Apotheosis","floor":0},{"not_picked":["Crescendo","Evaluate"],"picked":"CutThroughFate","floor":1},{"not_picked":["Halt","FlyingSleeves"],"picked":"ThirdEye","floor":2},{"not_picked":["SashWhip","JustLucky"],"picked":"PathToVictory","floor":3},{"not_picked":["EmptyFist","Crescendo"],"picked":"PathToVictory","floor":4},{"not_picked":["Nirvana","Omniscience"],"picked":"BowlingBash","floor":8},{"not_picked":["EmptyFist","Crescendo"],"picked":"FlurryOfBlows","floor":10},{"not_picked":["JustLucky","Study","EmptyBody"],"picked":"SKIP","floor":11},{"not_picked":["Crescendo+1","Vengeance+1"],"picked":"Establishment","floor":13},{"not_picked":["Protect+1","Sanctity+1"],"picked":"ClearTheMind+1","floor":14},{"not_picked":["Blasphemy+1","Establishment"],"picked":"Brilliance","floor":16},{"not_picked":["WheelKick","WindmillStrike"],"picked":"LikeWater","floor":18},{"not_picked":["EmptyFist","Prostrate+1"],"picked":"Wallop+1","floor":19}],"player_experience":444142,"relics_obtained":[{"floor":9,"key":"Akabeko"},{"floor":10,"key":"Sundial"},{"floor":13,"key":"Toxic Egg 2"}],"event_choices":[{"damage_healed":0,"gold_gain":0,"player_choice":"Paid Gold","damage_taken":0,"relics_obtained":["Strawberry"],"max_hp_gain":0,"max_hp_loss":0,"event_name":"WeMeetAgain","floor":5,"gold_loss":51}],"is_beta":false,"boss_relics":[{"not_picked":["Black Star","Busted Crown"],"picked":"SlaversCollar"}],"items_purged_floors":[],"is_endless":false,"potions_floor_spawned":[1,8,11,14],"killed_by":"Cultist and Chosen","ascension_level":1}}