{"host":"3j2m8n0ywf988fwb","time":1613031372,"event":{"mods":["2.2 Compatiblity","AchievementEnabler","Act Like it!","Aspiration","Astrologer","BaseMod","Beaked The Cultist","Better Altar","Better Match","Better Note","Better Sensory Stone","Better Skull","Better Third Choice","CCEM2","ChefMod","Colored Map","Colored Powertips","Conspire","Dark Map","Elementarium","Energized Spire","GifTheSpireLib","Halation","Hallownest","Highlight Path","Hubris","Infinite Spire","Jedi Mod","Marisa????????","Marked Mod","Mimic Mod","Minty Spire (QoL Compilation)","Monster B Gone","Random Character Button","Relic Filter Mod","Relic Stats","Reliquary","Replay The Spire","Robot Space Explorer","Shade Mod","Shop Mod","Somnambulant","StS++","StSLib","Stuff the Spire","The Bug Knight","The Elementalist","The Hierophant","The Marked","The Runesmith","TheBandit","TheFirefly","Unceasing Turn Reminder","Weighted Paths","everything is the same but u backflip on backflip"],"gold_per_floor":[114,114,132,132,19,19,19],"floor_reached":6,"language":"ENG","playtime":202,"items_purged":[],"score":36,"play_id":"5727e4f7-94c5-4893-a23a-b41d3512e074","local_time":"20210211021612","is_ascension_mode":true,"campfire_choices":[],"circlet_count":0,"master_deck":["Strike_MRS","Strike_MRS","Strike_MRS","Strike_MRS","Defend_MRS","Defend_MRS","Defend_MRS+1","MasterSpark","UpSweep","EarthLightRay+1","GalacticHalo+1","SprinkleStarSeal"],"relics":["MiniHakkero","CCEMRelics:SoftDrink","reliquary:BoilingFlask"],"acts_visited":["Exordium"],"potions_floor_usage":[],"damage_taken":[{"damage":0,"enemies":"conspire:RoseBush","floor":1,"turns":3},{"damage":2,"enemies":"2 Louse","floor":3,"turns":3},{"damage":13,"enemies":"3 Sentries","floor":6,"turns":4}],"seed_played":"2830785953962608968","potions_obtained":[{"floor":3,"key":"SteroidPotion"}],"is_trial":false,"path_per_floor":["M","?","M","?","$","E"],"character_chosen":"MARISA","items_purchased":["GalacticHalo+1","SprinkleStarSeal"],"campfire_rested":0,"item_purchase_floors":[5,5],"current_hp_per_floor":[75,18,16,1,1,0,0],"gold":19,"neow_bonus":"REMOVE_CARD","is_daily":false,"chose_seed":false,"campfire_upgraded":0,"win_rate":0.0,"timestamp":1613031372,"path_taken":["M","?","M","?","$","E"],"items_purchased_type":["Card","Card"],"build_version":"2020-12-22","purchased_purges":0,"victory":false,"max_hp_per_floor":[75,75,75,75,75,75,75],"relic_stats":{"counters":[3,10],"obtain_stats":[{"reliquary:BoilingFlask":2,"CCEMRelics:SoftDrink":2,"MiniHakkero":0},{"reliquary:BoilingFlask":1,"CCEMRelics:SoftDrink":1,"MiniHakkero":0},{"reliquary:BoilingFlask":3,"CCEMRelics:SoftDrink":3,"MiniHakkero":0}]},"card_choices":[{"not_picked":["SprinkleStarSeal","WitchOfGreed","GrandCross"],"picked":"SKIP","floor":1},{"not_picked":["Occultation","ShootingEcho"],"picked":"EarthLightRay","floor":3}],"player_experience":1163392,"relics_obtained":[],"event_choices":[{"damage_healed":0,"gold_gain":1,"player_choice":"Relic Relic ","damage_taken":57,"max_hp_gain":0,"max_hp_loss":0,"event_name":"betterThird:BetterScrap","floor":2,"gold_loss":0,"cards_obtained":["Life Link"]},{"damage_healed":16,"gold_gain":0,"player_choice":"Upgrade","damage_taken":15,"max_hp_gain":0,"max_hp_loss":75,"event_name":"betterThird:BetterShining","floor":4,"gold_loss":0,"cards_upgraded":["EarthLightRay","Defend_MRS"]}],"is_beta":false,"boss_relics":[],"items_purged_floors":[],"is_endless":false,"potions_floor_spawned":[3],"killed_by":"3 Sentries","ascension_level":1}}