{"host":"fevvm7bbzuh4s1jc","time":1613021161,"event":{"mods":["BaseMod","Highlight Path","Minty Spire (QoL Compilation)","Relic Stats"],"gold_per_floor":[112,37,187,187,199,234,234,265,291,307,324,77,107,157,157,235,235,254,154,169,94,167,201,201,237,305,305,231,257,274,310,310,393,393,417,417,31,31,49,83,101,101,101,140,179,220,260,301,313,325,337,349,361,166,206,206],"floor_reached":57,"language":"ENG","playtime":10440,"items_purged":["Doubt","Strike_G","Strike_G"],"score":3032,"play_id":"3ef4a1a2-249a-4301-b2c9-cc0fa3165685","local_time":"20210211002601","is_ascension_mode":true,"campfire_choices":[{"data":"Neutralize","floor":7.0,"key":"SMITH"},{"data":"Malaise","floor":15.0,"key":"SMITH"},{"data":"Burst","floor":24.0,"key":"SMITH"},{"data":"Accuracy","floor":27.0,"key":"SMITH"},{"data":"Footwork","floor":32,"key":"SMITH"},{"floor":42,"key":"RECALL"},{"data":"After Image","floor":49,"key":"SMITH"},{"data":"After Image","floor":53,"key":"SMITH"}],"circlet_count":0,"master_deck":["AscendersBane","Strike_G","Defend_G","Defend_G","Defend_G","Defend_G","Defend_G","Survivor","Neutralize+1","Blade Dance","Heel Hook","Cloak And Dagger","Cloak And Dagger","Malaise+1","Footwork+1","Accuracy+1","Malaise","Burst+1","Prepared+1","PiercingWail","Tools of the Trade","Outmaneuver+1","Escape Plan+1","After Image+1","Backflip+1","After Image+1","Thinking Ahead+1","Flash of Steel","Cloak And Dagger+1","Reflex+1","Acrobatics+1","Expertise+1","Acrobatics+1","Well Laid Plans","Leg Sweep+1","Blade Dance+1"],"relics":["Ring of the Snake","NeowsBlessing","Nunchaku","Pear","Bronze Scales","Centennial Puzzle","Darkstone Periapt","SlaversCollar","Mummified Hand","CeramicFish","Blue Candle","Toxic Egg 2","Blood Vial","Bottled Tornado","WristBlade","The Courier","TungstenRod","DollysMirror","Meat on the Bone","Mercury Hourglass","MawBank","Tingsha","Anchor"],"acts_visited":["Exordium","TheCity","TheBeyond","TheEnding"],"potions_floor_usage":[30,33,56,56],"damage_taken":[{"damage":0.0,"enemies":"Small Slimes","floor":1.0,"turns":1.0},{"damage":0.0,"enemies":"Jaw Worm","floor":5.0,"turns":1.0},{"damage":0.0,"enemies":"Gremlin Nob","floor":6.0,"turns":1.0},{"damage":20.0,"enemies":"Lagavulin","floor":8.0,"turns":8.0},{"damage":0.0,"enemies":"2 Louse","floor":10.0,"turns":3.0},{"damage":6.0,"enemies":"Looter","floor":11.0,"turns":3.0},{"damage":9.0,"enemies":"3 Sentries","floor":13.0,"turns":7.0},{"damage":6.0,"enemies":"The Guardian","floor":16.0,"turns":11.0},{"damage":0.0,"enemies":"3 Byrds","floor":18.0,"turns":3.0},{"damage":1.0,"enemies":"Shell Parasite","floor":20.0,"turns":7.0},{"damage":0.0,"enemies":"Book of Stabbing","floor":23.0,"turns":6.0},{"damage":22.0,"enemies":"Slavers","floor":25.0,"turns":7.0},{"damage":3.0,"enemies":"Snake Plant","floor":29.0,"turns":5.0},{"damage":14,"enemies":"Shelled Parasite and Fungi","floor":30,"turns":5},{"damage":2,"enemies":"Book of Stabbing","floor":31,"turns":7},{"damage":29,"enemies":"Collector","floor":33,"turns":18},{"damage":0,"enemies":"Orb Walker","floor":35,"turns":3},{"damage":0,"enemies":"Nemesis","floor":40,"turns":11},{"damage":0,"enemies":"3 Darklings","floor":41,"turns":5},{"damage":2,"enemies":"Reptomancer","floor":44,"turns":7},{"damage":0,"enemies":"Maw","floor":45,"turns":10},{"damage":24,"enemies":"Jaw Worm Horde","floor":46,"turns":4},{"damage":0,"enemies":"Giant Head","floor":47,"turns":5},{"damage":1,"enemies":"Transient","floor":48,"turns":6},{"damage":10,"enemies":"Awakened One","floor":50,"turns":9},{"damage":37,"enemies":"Time Eater","floor":51,"turns":15},{"damage":29,"enemies":"Shield and Spear","floor":55,"turns":8},{"damage":19,"enemies":"The Heart","floor":56,"turns":7}],"seed_played":"6830983892809127593","potions_obtained":[{"floor":5.0,"key":"SkillPotion"},{"floor":8.0,"key":"DuplicationPotion"},{"floor":10.0,"key":"Fire Potion"},{"floor":20.0,"key":"PowerPotion"},{"floor":29.0,"key":"CunningPotion"},{"floor":30,"key":"Fruit Juice"},{"floor":33,"key":"SteroidPotion"},{"floor":40,"key":"SpeedPotion"},{"floor":45,"key":"Ancient Potion"}],"is_trial":false,"path_per_floor":["M","?","?","?","M","E","R","E","T","M","M","$","E","T","R","B",null,"M","$","M","?","T","E","R","E","T","R","?","M","M","E","R","B",null,"M","T","$","?","?","E","M","R","T","E","M","M","E","M","R","B","B",null,"R","$","E","B",null],"character_chosen":"THE_SILENT","items_purchased":["Accuracy","Malaise","TungstenRod","DollysMirror","Acrobatics+1","Well Laid Plans","Leg Sweep+1"],"campfire_rested":0,"item_purchase_floors":[12,12,37,37,54,54,54],"current_hp_per_floor":[59,59,59,48,48,58,58,38,38,38,32,32,23,23,23,17,61,61,61,60,60,60,60,60,38,38,38,38,37,30,30,30,3,62,64,64,64,64,55,57,59,59,59,59,61,51,53,54,54,46,23,67,67,67,52,47],"gold":206,"neow_bonus":"THREE_ENEMY_KILL","is_daily":false,"chose_seed":false,"campfire_upgraded":7,"win_rate":0.0,"timestamp":1613021161,"path_taken":["M","?","?","?","M","E","R","E","T","M","M","$","E","?","R","BOSS","M","$","M","?","?","E","R","E","T","R","?","M","M","E","R","BOSS","M","?","$","?","?","E","M","R","T","E","M","?","E","M","R","BOSS","BOSS","R","$","E","BOSS"],"items_purchased_type":["Card","Card","Relic","Relic","Card","Card","Card"],"build_version":"2020-12-22","purchased_purges":3,"victory":true,"max_hp_per_floor":[66,66,66,66,66,76,76,76,76,76,76,76,76,76,76,76,76,76,76,76,76,76,76,76,76,76,76,76,76,81,81,81,81,81,81,81,81,81,81,81,81,81,81,81,81,81,81,81,81,81,81,81,81,81,81,81],"relic_stats":{"Darkstone Periapt":0,"counters":[28,183],"CeramicFish":144,"Blue Candle":[1],"Tingsha":[285],"MawBank":120,"Mercury Hourglass":[249],"Blood Vial":32,"Nunchaku":[62],"Centennial Puzzle":[48],"Mummified Hand":[79],"Bronze Scales":[823],"obtain_stats":[{"Darkstone Periapt":13,"Pear":6,"NeowsBlessing":0,"CeramicFish":23,"Blue Candle":25,"Tingsha":47,"The Courier":36,"Bottled Tornado":31,"MawBank":44,"Mercury Hourglass":43,"Blood Vial":28,"SlaversCollar":17,"Nunchaku":4,"Centennial Puzzle":9,"Anchor":55,"WristBlade":34,"Mummified Hand":22,"DollysMirror":37,"Bronze Scales":8,"Toxic Egg 2":26,"TungstenRod":37,"Ring of the Snake":0,"Meat on the Bone":40},{"Darkstone Periapt":7,"Pear":3,"NeowsBlessing":0,"CeramicFish":11,"Blue Candle":12,"Tingsha":23,"The Courier":17,"Bottled Tornado":15,"MawBank":20,"Mercury Hourglass":19,"Blood Vial":12,"SlaversCollar":8,"Nunchaku":1,"Centennial Puzzle":4,"Anchor":27,"WristBlade":16,"Mummified Hand":10,"DollysMirror":17,"Bronze Scales":4,"Toxic Egg 2":12,"TungstenRod":17,"Ring of the Snake":0,"Meat on the Bone":18},{"Darkstone Periapt":24,"Pear":3,"NeowsBlessing":0,"CeramicFish":51,"Blue Candle":58,"Tingsha":138,"The Courier":96,"Bottled Tornado":75,"MawBank":119,"Mercury Hourglass":112,"Blood Vial":58,"SlaversCollar":35,"Nunchaku":1,"Centennial Puzzle":11,"Anchor":176,"WristBlade":93,"Mummified Hand":45,"DollysMirror":96,"Bronze Scales":11,"Toxic Egg 2":58,"TungstenRod":96,"Ring of the Snake":0,"Meat on the Bone":107}],"TungstenRod":22,"Ring of the Snake":[56],"Meat on the Bone":48},"card_choices":[{"not_picked":["Cloak And Dagger","Escape Plan"],"picked":"Blade Dance","floor":1.0},{"not_picked":["Distraction","Deflect"],"picked":"Heel Hook","floor":5.0},{"not_picked":["PiercingWail","Underhanded Strike"],"picked":"Cloak And Dagger","floor":6.0},{"not_picked":["Endless Agony","Infinite Blades"],"picked":"Cloak And Dagger","floor":8.0},{"not_picked":["Riddle With Holes","Skewer"],"picked":"Malaise","floor":10.0},{"not_picked":["Blur","Riddle With Holes"],"picked":"Footwork","floor":11.0},{"not_picked":["Dodge and Roll","Expertise"],"picked":"Glass Knife","floor":13.0},{"not_picked":["Grand Finale","Envenom"],"picked":"Burst","floor":16.0},{"not_picked":["Eviscerate","Blur"],"picked":"Prepared+1","floor":18.0},{"not_picked":["Bane","Deadly Poison"],"picked":"PiercingWail","floor":20.0},{"not_picked":["Deadly Poison","Dagger Spray","Riddle With Holes"],"picked":"SKIP","floor":23.0},{"not_picked":["PiercingWail","Bane"],"picked":"Tools of the Trade","floor":25.0},{"not_picked":["Predator+1","Quick Slash"],"picked":"Outmaneuver+1","floor":29.0},{"not_picked":["Underhanded Strike","Accuracy","Eviscerate"],"picked":"SKIP","floor":30},{"not_picked":["Heel Hook","Flechettes"],"picked":"Escape Plan+1","floor":31},{"not_picked":["Storm of Steel+1","Doppelganger+1"],"picked":"After Image","floor":33},{"not_picked":["Dagger Spray","Catalyst+1"],"picked":"Backflip+1","floor":35},{"not_picked":["Transmutation+1","Violence+1"],"picked":"Thinking Ahead+1","floor":39},{"not_picked":["Good Instincts+1","Swift Strike"],"picked":"Flash of Steel","floor":39},{"not_picked":["Flying Knee","Unload","Outmaneuver+1"],"picked":"SKIP","floor":40},{"not_picked":["Dodge and Roll+1","Flying Knee","Bane"],"picked":"SKIP","floor":41},{"not_picked":["Prepared+1","Die Die Die"],"picked":"Cloak And Dagger+1","floor":44},{"not_picked":["Blur+1","Slice+1"],"picked":"Reflex+1","floor":45},{"not_picked":["Cloak And Dagger+1","Underhanded Strike+1"],"picked":"Acrobatics+1","floor":46},{"not_picked":["Deadly Poison+1","Poisoned Stab","Crippling Poison+1"],"picked":"SKIP","floor":47},{"not_picked":["Choke","Caltrops"],"picked":"Expertise+1","floor":48},{"not_picked":["Dagger Spray+1","Backflip+1"],"picked":"Blade Dance+1","floor":55}],"player_experience":2822043,"relics_obtained":[{"floor":6.0,"key":"Pear"},{"floor":8.0,"key":"Bronze Scales"},{"floor":9.0,"key":"Centennial Puzzle"},{"floor":13.0,"key":"Darkstone Periapt"},{"floor":22.0,"key":"Mummified Hand"},{"floor":23.0,"key":"CeramicFish"},{"floor":25.0,"key":"Blue Candle"},{"floor":26.0,"key":"Toxic Egg 2"},{"floor":31,"key":"Bottled Tornado"},{"floor":36,"key":"The Courier"},{"floor":40,"key":"Meat on the Bone"},{"floor":43,"key":"Mercury Hourglass"},{"floor":44,"key":"MawBank"},{"floor":47,"key":"Tingsha"},{"floor":55,"key":"Anchor"}],"event_choices":[{"cards_removed":["Strike_G"],"damage_healed":0.0,"max_hp_gain":0.0,"max_hp_loss":0.0,"gold_gain":0.0,"event_name":"The Cleric","player_choice":"Card Removal","floor":2.0,"gold_loss":75.0,"damage_taken":0.0},{"damage_healed":0.0,"max_hp_gain":0.0,"max_hp_loss":0.0,"gold_gain":150.0,"event_name":"Liars Game","player_choice":"AGREE","floor":3.0,"gold_loss":0.0,"damage_taken":0.0,"cards_obtained":["Doubt"]},{"damage_healed":0.0,"max_hp_gain":0.0,"max_hp_loss":0.0,"gold_gain":0.0,"event_name":"Scrap Ooze","player_choice":"Success","floor":4.0,"gold_loss":0.0,"damage_taken":11.0,"relics_obtained":["Nunchaku"]},{"cards_removed":["Strike_G"],"damage_healed":0.0,"max_hp_gain":0.0,"max_hp_loss":0.0,"gold_gain":0.0,"event_name":"Beggar","player_choice":"Gave Gold","floor":21.0,"gold_loss":75.0,"damage_taken":0.0},{"damage_healed":0.0,"max_hp_gain":0.0,"max_hp_loss":0.0,"gold_gain":0.0,"event_name":"WeMeetAgain","player_choice":"Paid Gold","floor":28.0,"gold_loss":74.0,"damage_taken":0.0,"relics_obtained":["Blood Vial"]},{"cards_removed":["Glass Knife"],"damage_healed":0,"gold_gain":0,"player_choice":"Removed Attack","damage_taken":0,"max_hp_gain":0,"max_hp_loss":0,"event_name":"Falling","floor":38,"gold_loss":0},{"damage_healed":0,"gold_gain":0,"player_choice":"Memory 3","damage_taken":10,"max_hp_gain":0,"max_hp_loss":0,"event_name":"SensoryStone","floor":39,"gold_loss":0}],"is_beta":false,"boss_relics":[{"not_picked":["Pandora\u0027s Box","Busted Crown"],"picked":"SlaversCollar"},{"not_picked":["Fusion Hammer","Calling Bell"],"picked":"WristBlade"}],"items_purged_floors":[12,19,54],"is_endless":false,"potions_floor_spawned":[5,8,10,20,29,30,33,40,45],"ascension_level":20}}