{"host":"a5csdf9n4csbv6sp","time":1613027948,"event":{"mods":["BaseMod","Minty Spire (QoL Compilation)","Permanent Neow","Relic Stats"],"gold_per_floor":[109,109,34,52,64,78,111,111,137,137,170,3,32,47,47,120,120,131,146,146,156,170,170,170],"floor_reached":23,"language":"ENG","playtime":958,"items_purged":["Strike_B"],"score":526,"play_id":"b11c946c-92ff-44ae-8cba-a5885bbf47d9","local_time":"20210211141908","is_ascension_mode":true,"campfire_choices":[{"data":"Biased Cognition","floor":8,"key":"SMITH"},{"floor":10,"key":"REST"},{"data":"Biased Cognition","floor":15,"key":"SMITH"}],"circlet_count":0,"master_deck":["AscendersBane","Strike_B","Strike_B","Strike_B","Defend_B+1","Defend_B","Defend_B","Defend_B","Zap","Dualcast+1","Sunder","Coolheaded","Glacier","Ball Lightning","Biased Cognition+1","Steam","Loop","Biased Cognition+1","Redo","Core Surge","Go for the Eyes","Electrodynamics","Genetic Algorithm"],"relics":["Cracked Core","Ancient Tea Set","MealTicket","Omamori","Symbiotic Virus","Runic Pyramid"],"acts_visited":["Exordium","TheCity"],"potions_floor_usage":[7,7,7,13,19],"damage_taken":[{"damage":2,"enemies":"Cultist","floor":1,"turns":4},{"damage":0,"enemies":"2 Louse","floor":4,"turns":1},{"damage":0,"enemies":"Jaw Worm","floor":5,"turns":3},{"damage":0,"enemies":"Gremlin Gang","floor":6,"turns":4},{"damage":10,"enemies":"Lagavulin","floor":7,"turns":8},{"damage":5,"enemies":"3 Sentries","floor":11,"turns":5},{"damage":24,"enemies":"Lagavulin","floor":13,"turns":6},{"damage":16,"enemies":"3 Louse","floor":14,"turns":3},{"damage":0,"enemies":"Hexaghost","floor":16,"turns":6},{"damage":2,"enemies":"3 Byrds","floor":18,"turns":4},{"damage":18,"enemies":"2 Thieves","floor":19,"turns":4},{"damage":0,"enemies":"Snake Plant","floor":21,"turns":2},{"damage":15,"enemies":"Chosen and Byrds","floor":22,"turns":6},{"damage":38,"enemies":"Book of Stabbing","floor":23,"turns":5}],"seed_played":"-5641784676179113432","potions_obtained":[{"floor":4,"key":"EntropicBrew"},{"floor":7,"key":"FearPotion"},{"floor":14,"key":"SkillPotion"},{"floor":20,"key":"LiquidBronze"}],"is_trial":false,"path_per_floor":["M","?","$","M","M","M","E","R","T","R","E","$","E","M","R","B",null,"M","M","?","M","M","E"],"character_chosen":"DEFECT","items_purchased":["Loop","DuplicationPotion"],"campfire_rested":1,"item_purchase_floors":[12,12],"current_hp_per_floor":[58,32,32,32,32,32,22,22,22,47,42,57,33,17,17,17,68,66,48,48,48,33,0,0],"gold":170,"neow_bonus":"TWENTY_PERCENT_HP_BONUS","is_daily":false,"chose_seed":false,"campfire_upgraded":2,"win_rate":0.0,"timestamp":1613027948,"path_taken":["M","?","$","M","M","M","E","R","T","R","E","$","E","M","R","BOSS","M","M","?","?","M","E"],"items_purchased_type":["Card","Potion"],"build_version":"2020-12-22","purchased_purges":1,"victory":false,"max_hp_per_floor":[85,85,85,85,85,85,85,85,85,85,85,85,85,85,85,85,85,85,85,85,85,85,85,85],"relic_stats":{"counters":[14,61],"MealTicket":15,"obtain_stats":[{"MealTicket":9,"Omamori":11,"Cracked Core":0,"Ancient Tea Set":7,"Symbiotic Virus":13,"Runic Pyramid":17},{"MealTicket":5,"Omamori":6,"Cracked Core":0,"Ancient Tea Set":5,"Symbiotic Virus":7,"Runic Pyramid":9},{"MealTicket":20,"Omamori":25,"Cracked Core":0,"Ancient Tea Set":20,"Symbiotic Virus":31,"Runic Pyramid":40}]},"card_choices":[{"not_picked":["Barrage","Capacitor"],"picked":"Sunder","floor":1},{"not_picked":["Go for the Eyes","Force Field"],"picked":"Coolheaded","floor":4},{"not_picked":["Leap","Go for the Eyes"],"picked":"Glacier","floor":5},{"not_picked":["Rip and Tear","Coolheaded"],"picked":"Ball Lightning","floor":6},{"not_picked":["Steam","Stack"],"picked":"Biased Cognition","floor":7},{"not_picked":["Chill","Leap"],"picked":"Steam","floor":11},{"not_picked":["Go for the Eyes","Sweeping Beam"],"picked":"Biased Cognition","floor":13},{"not_picked":["Cold Snap","Consume"],"picked":"Redo","floor":14},{"not_picked":["Rainbow","Multi-Cast"],"picked":"Core Surge","floor":16},{"not_picked":["Stack+1","Ball Lightning"],"picked":"Go for the Eyes","floor":18},{"not_picked":["Sweeping Beam","Beam Cell"],"picked":"Electrodynamics","floor":19},{"not_picked":["Heatsinks","Streamline"],"picked":"Genetic Algorithm","floor":21},{"not_picked":["Stack","Compile Driver","Consume"],"picked":"SKIP","floor":22}],"player_experience":1869319,"relics_obtained":[{"floor":7,"key":"Ancient Tea Set"},{"floor":9,"key":"MealTicket"},{"floor":11,"key":"Omamori"},{"floor":13,"key":"Symbiotic Virus"}],"event_choices":[{"damage_healed":0,"gold_gain":0,"player_choice":"Entered Light","damage_taken":26,"max_hp_gain":0,"max_hp_loss":0,"event_name":"Shining Light","floor":2,"gold_loss":0,"cards_upgraded":["Dualcast","Defend_B"]},{"damage_healed":0,"gold_gain":0,"player_choice":"Got Potions","damage_taken":0,"max_hp_gain":0,"max_hp_loss":0,"event_name":"Lab","floor":20,"gold_loss":0}],"is_beta":false,"boss_relics":[{"not_picked":["Inserter","FrozenCore"],"picked":"Runic Pyramid"}],"items_purged_floors":[3],"is_endless":false,"potions_floor_spawned":[4,7,14,21],"killed_by":"Book of Stabbing","ascension_level":20}}