{"host":"41vgbr386mrj4p17","time":1613052661,"event":{"mods":["AchievementEnabler","AlwaysNeverKeys","BaseMod","Bestiary","Better Altar","Better Match","Better Note","Better Sensory Stone","Better Skull","Better Third Choice","Colored Map","Curses Come First","Downfall","Googly Eyes","Hermit","Highlight Path","Minty Spire (QoL Compilation)","Shade Mod","StSLib","The Cursed"],"gold_per_floor":[99,110,120,30,41,69,93,106,119,119,19,49,49,49,66,161,161,61,77,77,62,75,106,106,6,31,31,31,32,64,64,77,174,174,174,194,210,228,12,12,12,22,22,22,33,61,61,91,108,108,108,136,16,16,16,16],"floor_reached":57,"language":"ENG","playtime":6024,"items_purged":["hexamod:Defend","hexamod:Defend","hexamod:Defend","hexamod:Sear"],"score":1458,"play_id":"695f16e3-d9a4-4a95-8f73-eb97a71ac4c4","local_time":"20210211091101","is_ascension_mode":true,"campfire_choices":[{"data":"hexamod:Float","floor":1,"key":"SMITH"},{"data":"hexamod:Rewind","floor":11,"key":"SMITH"},{"data":"hexamod:DynamicBlow","floor":13,"key":"SMITH"},{"data":"hexamod:RainOfEmbers","floor":18,"key":"SMITH"},{"data":"hexamod:TimeWarp","floor":25,"key":"SMITH"},{"data":"hexamod:SkipABeat","floor":27,"key":"SMITH"},{"data":"hexamod:WildfireWeapon","floor":35,"key":"SMITH"},{"data":"hexamod:VolcanoVisage","floor":40,"key":"SMITH"},{"data":"hexamod:BurningTouch","floor":47,"key":"SMITH"},{"data":"hexamod:ForkedFlame","floor":54,"key":"SMITH"}],"circlet_count":0,"master_deck":["hexamod:Defend+1","hexamod:Float+1","hexamod:Rewind+1","hexamod:GhostflameBarrier+1","hexamod:GhostOfSpirePast","hexamod:FourthSeal","hexamod:DynamicBlow+1","hexamod:VolcanoVisage+1","hexamod:GhostOfSpirePast","hexamod:RainOfEmbers+1","hexamod:TimeWarp+1","hexamod:BurningTouch+1","hexamod:SkipABeat+1","hexamod:Hexaguard+1","hexamod:FirstSeal","Slimebound:Tackle+1","Slimebound:Tackle+1","Slimebound:Tackle+1","hexamod:WildfireWeapon+1","hexamod:ExtraCrispy+1","hexamod:FlamesFromBeyond","hexamod:FlamesFromBeyond","hexamod:ForkedFlame+1","hexamod:FlamesFromBeyond"],"relics":["Black Star","Strawberry","Bottled Lightning","betterAltar:BloodRelic","downfall:HeartBlessingBlue","The Courier","Mercury Hourglass","Philosopher\u0027s Stone","downfall:HeartBlessingRed","Bloody Idol","Meat on the Bone","Omamori","Letter Opener","downfall:HeartBlessingGreen","Boot","InkBottle","Chemical X","Guardian:PocketSentry","Regal Pillow","Ice Cream","Coffee Dripper","Oddly Smooth Stone","Akabeko","HornCleat","Blue Candle","Whetstone","hexamod:MatchstickCase","War Paint","Orichalcum","FossilizedHelix"],"acts_visited":["Exordium","TheCity","TheBeyond","TheEnding"],"potions_floor_usage":[5,12,12,16,16,19,19,13021,21,21,23,26,26,26,29,32,36,37,45,45,45,50,50,52,52,52,52,55,56],"damage_taken":[{"damage":1,"enemies":"Jaw Worm","floor":2,"turns":4},{"damage":0,"enemies":"Cultist","floor":3,"turns":3},{"damage":5,"enemies":"downfall:FleeingMerchant","floor":4,"turns":4},{"damage":0,"enemies":"2 Louse","floor":5,"turns":1},{"damage":9,"enemies":"Lagavulin","floor":6,"turns":7},{"damage":0,"enemies":"Blue Slaver","floor":8,"turns":5},{"damage":0,"enemies":"Large Slime","floor":9,"turns":4},{"damage":18,"enemies":"Gremlin Nob","floor":12,"turns":4},{"damage":0,"enemies":"Exordium Wildlife","floor":15,"turns":2},{"damage":19,"enemies":"DF_ARCHETYPE_STREAMLINE","floor":16,"turns":5},{"damage":5,"enemies":"Shell Parasite","floor":19,"turns":3},{"damage":0,"enemies":"downfall:FleeingMerchant","floor":21,"turns":4},{"damage":3,"enemies":"Spheric Guardian","floor":22,"turns":3},{"damage":29,"enemies":"Book of Stabbing","floor":23,"turns":5},{"damage":25,"enemies":"Slavers","floor":26,"turns":4},{"damage":6,"enemies":"downfall:FleeingMerchant","floor":29,"turns":4},{"damage":0,"enemies":"Gremlin Leader","floor":30,"turns":3},{"damage":7,"enemies":"Snake Plant","floor":32,"turns":2},{"damage":0,"enemies":"WA_ARCHETYPE_CALM","floor":33,"turns":4},{"damage":9,"enemies":"3 Shapes","floor":36,"turns":4},{"damage":5,"enemies":"3 Darklings","floor":37,"turns":3},{"damage":14,"enemies":"Jaw Worm Horde","floor":38,"turns":3},{"damage":0,"enemies":"Maw","floor":42,"turns":3},{"damage":8,"enemies":"3 Darklings","floor":45,"turns":3},{"damage":3,"enemies":"Reptomancer","floor":46,"turns":3},{"damage":13,"enemies":"Giant Head","floor":48,"turns":4},{"damage":6,"enemies":"Spire Growth","floor":49,"turns":3},{"damage":47,"enemies":"SI_POISON_ARCHETYPE","floor":50,"turns":3},{"damage":81,"enemies":"downfall:CharBossMerchant","floor":52,"turns":6},{"damage":15,"enemies":"downfall:NeowBoss","floor":55,"turns":9},{"damage":40,"enemies":"downfall:NeowBossFinal","floor":56,"turns":7}],"seed_played":"6740998357775159359","potions_obtained":[{"floor":2,"key":"FairyPotion"},{"floor":3,"key":"Explosive Potion"},{"floor":6,"key":"champ:CounterPotion"},{"floor":6,"key":"PowerPotion"},{"floor":12,"key":"LiquidBronze"},{"floor":15,"key":"CultistPotion"},{"floor":15,"key":"Slimebound:ThreeZeroPotion"},{"floor":16,"key":"GamblersBrew"},{"floor":19,"key":"Slimebound:ThreeZeroPotion"},{"floor":21,"key":"Strength Potion"},{"floor":22,"key":"Block Potion"},{"floor":23,"key":"FearPotion"},{"floor":23,"key":"ColorlessPotion"},{"floor":26,"key":"LiquidMemories"},{"floor":29,"key":"DuplicationPotion"},{"floor":30,"key":"Slimebound:ThreeZeroPotion"},{"floor":32,"key":"Fire Potion"},{"floor":33,"key":"FairyPotion"},{"floor":36,"key":"Fire Potion"},{"floor":37,"key":"Swift Potion"},{"floor":38,"key":"hexamod:InfernoChargePotion"},{"floor":45,"key":"Energy Potion"},{"floor":46,"key":"Swift Potion"},{"floor":48,"key":"EssenceOfSteel"},{"floor":48,"key":"EntropicBrew"},{"floor":52,"key":"Strength Potion"},{"floor":52,"key":"SpeedPotion"}],"is_trial":false,"path_per_floor":["R","M","M","$","M","E","T","M","M","?","R","E","R","?","M","B",null,"R","M","?","$","M","E","T","R","E","R","?","$","E","?","M","B",null,"R","M","M","M","$","R","T","M","?","?","M","E","R","E","M","B",null,"E","$","R","B","B",null],"character_chosen":"THE_SPIRIT","items_purchased":["Chemical X","Guardian:PocketSentry","Oddly Smooth Stone"],"campfire_rested":0,"item_purchase_floors":[29,29,39],"current_hp_per_floor":[70,69,69,64,64,62,62,64,66,66,76,60,60,60,62,45,87,87,82,13,44,50,30,30,30,26,26,9,24,45,45,66,82,92,92,92,92,90,90,90,90,92,92,92,89,92,92,91,92,64,92,35,35,35,45,30],"gold":16,"neow_bonus":"BOSS_RELIC","is_daily":false,"chose_seed":false,"campfire_upgraded":10,"win_rate":0.0,"timestamp":1613052661,"path_taken":["R","M","M","$","M","E","T","M","M","?","R","E","R","?","M","BOSS","R","M","?","$","M","E","T","R","E","R","?","$","E","?","M","BOSS","R","M","M","M","$","R","T","M","?","?","M","E","R","E","M","BOSS","E","$","R","BOSS","BOSS"],"items_purchased_type":["Relic","Relic","Relic"],"build_version":"2020-12-22","purchased_purges":4,"victory":true,"max_hp_per_floor":[70,70,70,70,70,77,77,77,77,77,87,87,87,87,87,87,87,87,87,87,87,87,87,87,87,87,87,92,92,92,92,92,92,92,92,92,92,92,92,92,92,92,92,92,92,92,92,92,92,92,92,92,92,92,92,92],"card_choices":[{"not_picked":["hexamod:FastForward","hexamod:RetreatToShadows"],"picked":"hexamod:Rewind","floor":2},{"not_picked":["hexamod:GhostShield","hexamod:EtherealExpedition"],"picked":"hexamod:GhostflameBarrier","floor":3},{"not_picked":["hexamod:NightmareGuise","hexamod:GhostflameBarrier"],"picked":"hexamod:GhostOfSpirePast","floor":4},{"not_picked":["hexamod:Firestarter","hexamod:GhostShield"],"picked":"hexamod:FourthSeal","floor":5},{"not_picked":["hexamod:SpectralAdrenaline","hexamod:HeatMetal"],"picked":"hexamod:DynamicBlow","floor":6},{"not_picked":["hexamod:PowerFromBeyond","hexamod:HeatMetal"],"picked":"hexamod:VolcanoVisage","floor":8},{"not_picked":["hexamod:NightmareStrike","hexamod:DynamicBlow"],"picked":"hexamod:GhostOfSpirePast","floor":9},{"not_picked":["hexamod:ChargedBarrage","hexamod:ParanormalForm","hexamod:NightmareStrike"],"picked":"SKIP","floor":12},{"not_picked":["hexamod:NightmareGuise","hexamod:HauntingEcho"],"picked":"hexamod:RainOfEmbers","floor":15},{"not_picked":["hexamod:UnleashSpirits","hexamod:GiftsFromTheDead"],"picked":"hexamod:TimeWarp","floor":16},{"not_picked":["hexamod:GhostLash","hexamod:NightmareGuise","hexamod:GhostOfSpireFuture"],"picked":"SKIP","floor":19},{"not_picked":["hexamod:HeatMetal+1","hexamod:GhostShield+1","hexamod:ThermalTransfer"],"picked":"SKIP","floor":21},{"not_picked":["hexamod:GiftsFromTheDead","hexamod:HeatMetal","hexamod:PhantomCloak"],"picked":"SKIP","floor":22},{"not_picked":["hexamod:GhostOfSpirePresent","hexamod:SearingWound"],"picked":"hexamod:BurningTouch","floor":23},{"not_picked":["hexamod:ThermalTransfer","hexamod:SwordOfDarkness"],"picked":"hexamod:SkipABeat","floor":26},{"not_picked":["hexamod:AdvancingGuard+1","hexamod:Incineration"],"picked":"hexamod:Hexaguard+1","floor":29},{"not_picked":["hexamod:ThirdSeal","hexamod:HeatMetal"],"picked":"hexamod:FirstSeal","floor":30},{"not_picked":["hexamod:HauntingEcho","hexamod:BacktrackSmack","hexamod:NightmareGuise"],"picked":"SKIP","floor":32},{"not_picked":["hexamod:HexaLevel","hexamod:UnleashSpirits"],"picked":"hexamod:WildfireWeapon","floor":33},{"not_picked":["hexamod:Hexaguard","hexamod:AdvancingGuard+1"],"picked":"hexamod:ExtraCrispy+1","floor":36},{"not_picked":["hexamod:ShieldOfDarkness","hexamod:Incineration+1","hexamod:InspiringFlames+1"],"picked":"SKIP","floor":37},{"not_picked":["hexamod:ShieldOfDarkness","hexamod:SpectralAdrenaline+1"],"picked":"hexamod:FlamesFromBeyond","floor":38},{"not_picked":["hexamod:ParanormalForm","hexamod:ThermalTransfer+1","hexamod:AdvancingGuard"],"picked":"SKIP","floor":42},{"not_picked":["hexamod:InspiringFlames","hexamod:Hexaguard","hexamod:PhantomFireball+1"],"picked":"SKIP","floor":45},{"not_picked":["hexamod:AdvancingGuard+1","hexamod:HeatMetal"],"picked":"hexamod:FlamesFromBeyond","floor":46},{"not_picked":["hexamod:Haunt+1","hexamod:AdvancingGuard"],"picked":"hexamod:ForkedFlame","floor":48},{"not_picked":["hexamod:BurningTouch+1","hexamod:HeatCrush+1","hexamod:HeatMetal+1"],"picked":"SKIP","floor":49},{"not_picked":["hexamod:SpectersWail","hexamod:ExtraCrispy+1"],"picked":"hexamod:FlamesFromBeyond","floor":52}],"player_experience":1075890,"relics_obtained":[{"floor":6,"key":"Strawberry"},{"floor":6,"key":"Bottled Lightning"},{"floor":7,"key":"Blood Vial"},{"floor":12,"key":"The Courier"},{"floor":12,"key":"Mercury Hourglass"},{"floor":23,"key":"Meat on the Bone"},{"floor":23,"key":"Omamori"},{"floor":24,"key":"Letter Opener"},{"floor":26,"key":"Boot"},{"floor":26,"key":"InkBottle"},{"floor":30,"key":"Regal Pillow"},{"floor":30,"key":"Ice Cream"},{"floor":41,"key":"Akabeko"},{"floor":44,"key":"HornCleat"},{"floor":46,"key":"Blue Candle"},{"floor":46,"key":"Whetstone"},{"floor":48,"key":"hexamod:MatchstickCase"},{"floor":48,"key":"War Paint"},{"floor":52,"key":"Orichalcum"},{"floor":52,"key":"FossilizedHelix"}],"event_choices":[{"cards_removed":["hexamod:Strike"],"damage_healed":0,"gold_gain":0,"player_choice":"Card Removal","damage_taken":0,"max_hp_gain":0,"max_hp_loss":0,"event_name":"Wheel of Change","floor":14,"gold_loss":0},{"damage_healed":0,"gold_gain":0,"player_choice":" RottenVial Idol Potion ","damage_taken":69,"relics_obtained":["betterAltar:BloodRelic","Bloody Idol"],"max_hp_gain":82,"max_hp_loss":13,"event_name":"betterAltar:BetterAltar","floor":20,"potions_obtained":["betterAltar:AltarPotion"],"relics_lost":["Blood Vial"],"gold_loss":0}],"is_beta":false,"boss_relics":[{"not_picked":["Snecko Eye","Runic Dome"],"picked":"Philosopher\u0027s Stone"},{"not_picked":["Empty Cage","Pandora\u0027s Box"],"picked":"Coffee Dripper"}],"items_purged_floors":[4,29,39,53],"is_endless":false,"potions_floor_spawned":[2,3,6,9,15,23,33,36,45,48,49,52],"ascension_level":1}}