{"host":"mw3dmj42qtkbha4b","time":1613057037,"event":{"mods":["BaseMod","Colored Map","Colored Powertips","DeckTracker","Minty Spire (QoL Compilation)","StSLib","SuperFastMode"],"gold_per_floor":[118,118,41,58,69,103,103,123,147,175,175,189,189,209,209,288,338,357,375,395,395,395,395,395],"floor_reached":23,"language":"KOR","playtime":657,"items_purged":[],"score":456,"play_id":"37ae195e-b6ef-47c7-8bc1-273ba8379bb9","local_time":"20210212002357","is_ascension_mode":true,"campfire_choices":[{"data":"Vigilance","floor":7.0,"key":"SMITH"},{"floor":11.0,"key":"REST"},{"data":"FearNoEvil","floor":15.0,"key":"SMITH"}],"circlet_count":0,"master_deck":["AscendersBane","Strike_P+1","Strike_P+1","Strike_P+1","Strike_P+1","Defend_P","Defend_P","Defend_P","Eruption+1","Vigilance+1","BattleHymn","LessonLearned+1","Tantrum+1","FearNoEvil+1","FlurryOfBlows+1","BowlingBash+1","RitualDagger"],"relics":["PureWater","NeowsBlessing","Whetstone","Potion Belt","Tiny House","Eternal Feather"],"acts_visited":["Exordium","TheCity"],"potions_floor_usage":[20],"damage_taken":[{"damage":0.0,"enemies":"Small Slimes","floor":1.0,"turns":1.0},{"damage":0.0,"enemies":"Cultist","floor":4.0,"turns":1.0},{"damage":0.0,"enemies":"Jaw Worm","floor":5.0,"turns":1.0},{"damage":0.0,"enemies":"Lagavulin","floor":6.0,"turns":3.0},{"damage":14.0,"enemies":"Gremlin Gang","floor":8.0,"turns":3.0},{"damage":20.0,"enemies":"3 Sentries","floor":10.0,"turns":4.0},{"damage":14.0,"enemies":"Lots of Slimes","floor":12.0,"turns":3.0},{"damage":0.0,"enemies":"Large Slime","floor":14.0,"turns":3.0},{"damage":8.0,"enemies":"The Guardian","floor":16.0,"turns":6.0},{"damage":0.0,"enemies":"Chosen","floor":18.0,"turns":2.0},{"damage":38.0,"enemies":"3 Byrds","floor":19.0,"turns":3.0},{"damage":5,"enemies":"3 Cultists","floor":20,"turns":3},{"damage":13,"enemies":"Slavers","floor":23,"turns":1}],"seed_played":"-1630196305384766642","potions_obtained":[{"floor":4.0,"key":"Weak Potion"},{"floor":6.0,"key":"LiquidBronze"},{"floor":10.0,"key":"DistilledChaos"},{"floor":14.0,"key":"BlessingOfTheForge"},{"floor":16.0,"key":"Dexterity Potion"},{"floor":17.0,"key":"Fire Potion"},{"floor":18.0,"key":"ColorlessPotion"}],"is_trial":false,"path_per_floor":["M","?","$","M","M","E","R","M","T","E","R","M","?","M","R","B",null,"M","M","M","?","T","E"],"character_chosen":"WATCHER","items_purchased":["LessonLearned"],"campfire_rested":1,"item_purchase_floors":[3],"current_hp_per_floor":[61,61,61,61,61,61,61,47,47,27,47,33,33,33,33,25,62,62,24,19,13,13,0,0],"gold":395,"neow_bonus":"THREE_ENEMY_KILL","is_daily":false,"chose_seed":false,"campfire_upgraded":2,"win_rate":0.0,"timestamp":1613057037,"path_taken":["M","?","$","?","M","E","R","M","T","E","R","M","?","?","R","BOSS","M","?","?","?","?","E"],"items_purchased_type":["Card"],"build_version":"2020-12-22","purchased_purges":0,"victory":false,"max_hp_per_floor":[68,68,68,68,68,68,68,68,68,68,68,68,68,68,68,68,73,73,73,73,73,73,73,73],"card_choices":[{"not_picked":["ClearTheMind","Evaluate","SashWhip"],"picked":"SKIP","floor":1.0},{"not_picked":["Nirvana","ClearTheMind"],"picked":"Tantrum","floor":4.0},{"not_picked":["SashWhip","Evaluate","Crescendo"],"picked":"SKIP","floor":5.0},{"not_picked":["Sanctity","InnerPeace","WaveOfTheHand"],"picked":"SKIP","floor":6.0},{"not_picked":["BattleHymn","FlyingSleeves","FollowUp"],"picked":"SKIP","floor":8.0},{"not_picked":["BowlingBash","SignatureMove","EmptyFist"],"picked":"SKIP","floor":10.0},{"not_picked":["FlyingSleeves","Halt"],"picked":"FearNoEvil","floor":12.0},{"not_picked":["Crescendo","FlyingSleeves","ClearTheMind"],"picked":"SKIP","floor":14.0},{"not_picked":["Fasting2","ThirdEye"],"picked":"FlurryOfBlows+1","floor":18.0},{"not_picked":["Study","EmptyFist"],"picked":"BowlingBash+1","floor":19.0},{"not_picked":["JustLucky","Wireheading","Sanctity+1"],"picked":"SKIP","floor":20}],"player_experience":1814288,"relics_obtained":[{"floor":6.0,"key":"Whetstone"},{"floor":10.0,"key":"Potion Belt"},{"floor":22,"key":"Eternal Feather"}],"event_choices":[{"damage_healed":0.0,"max_hp_gain":0.0,"max_hp_loss":0.0,"gold_gain":0.0,"event_name":"Match and Keep!","player_choice":"1 cards matched","floor":2.0,"gold_loss":0.0,"damage_taken":0.0,"cards_obtained":["BattleHymn"]},{"cards_removed":["Defend_P"],"damage_healed":0.0,"max_hp_gain":0.0,"max_hp_loss":0.0,"gold_gain":0.0,"event_name":"Wheel of Change","player_choice":"Card Removal","floor":13.0,"gold_loss":0.0,"damage_taken":0.0},{"damage_healed":0,"gold_gain":0,"player_choice":"Joined the Cult","damage_taken":6,"max_hp_gain":0,"max_hp_loss":0,"event_name":"Nest","floor":21,"gold_loss":0,"cards_obtained":["RitualDagger"]}],"is_beta":false,"boss_relics":[{"not_picked":["Runic Dome","Velvet Choker"],"picked":"Tiny House"}],"items_purged_floors":[],"is_endless":false,"potions_floor_spawned":[4,6,10,14,16,18],"killed_by":"Slavers","ascension_level":20}}