{"host":"7ij4m6ehapfophuy","time":1613071233,"event":{"mods":["BaseMod","Bestiary","Curses Come First","Filter the Spire","Minty Spire (QoL Compilation)","Relic Stats","StSLib","ojb\u0027s Better Paths Mod"],"gold_per_floor":[366,366,366,1,25,25,44,83,83,121,134,134,4,22,22,120,120,138,188,206,48,67,101,101,169,192,20,20,33,71,84,84,177,177,190,190,204,223,556,556,556],"floor_reached":40,"language":"ENG","playtime":3744,"items_purged":["Strike_B","Multi-Cast"],"score":897,"play_id":"c094c4e0-a141-48a2-b957-3d60a11e4cd5","local_time":"20210211142033","is_ascension_mode":true,"campfire_choices":[{"data":"Beam Cell","floor":6.0,"key":"SMITH"},{"floor":12.0,"key":"REST"},{"data":"Go for the Eyes","floor":15.0,"key":"SMITH"},{"floor":24,"key":"REST"},{"data":"Hyperbeam","floor":28,"key":"SMITH"},{"data":"Seek","floor":32,"key":"SMITH"}],"circlet_count":0,"master_deck":["AscendersBane","Dualcast","Beam Cell+1","Rip and Tear","Steam","Ball Lightning","Rip and Tear","Cold Snap","Ball Lightning","Go for the Eyes+1","Fission","Compile Driver","All For One","Hyperbeam+1","Fission","All For One","Conserve Battery","Conserve Battery+1","Conserve Battery","Auto Shields","Steam Power","Echo Form","Self Repair","Seek+1","Hologram","Reboot","Static Discharge","Parasite"],"relics":["Cracked Core","Shuriken","Pear","Question Card","Bottled Lightning","Pandora\u0027s Box","Bronze Scales","Boot","Busted Crown"],"acts_visited":["Exordium","TheCity","TheBeyond"],"potions_floor_usage":[29,30],"damage_taken":[{"damage":0.0,"enemies":"2 Louse","floor":1.0,"turns":2.0},{"damage":2.0,"enemies":"Jaw Worm","floor":5.0,"turns":3.0},{"damage":0.0,"enemies":"Small Slimes","floor":7.0,"turns":2.0},{"damage":30.0,"enemies":"3 Sentries","floor":8.0,"turns":6.0},{"damage":8.0,"enemies":"Lagavulin","floor":10.0,"turns":6.0},{"damage":5.0,"enemies":"Exordium Thugs","floor":11.0,"turns":5.0},{"damage":8.0,"enemies":"Blue Slaver","floor":14.0,"turns":2.0},{"damage":2.0,"enemies":"Hexaghost","floor":16.0,"turns":7.0},{"damage":0.0,"enemies":"Spheric Guardian","floor":18.0,"turns":2.0},{"damage":12,"enemies":"2 Thieves","floor":20,"turns":3},{"damage":15,"enemies":"Snake Plant","floor":22,"turns":4},{"damage":13,"enemies":"Gremlin Leader","floor":23,"turns":5},{"damage":15,"enemies":"Centurion and Healer","floor":29,"turns":3},{"damage":14,"enemies":"Book of Stabbing","floor":30,"turns":3},{"damage":1,"enemies":"Chosen and Byrds","floor":31,"turns":3},{"damage":9,"enemies":"Collector","floor":33,"turns":6},{"damage":11,"enemies":"3 Darklings","floor":35,"turns":3},{"damage":10,"enemies":"3 Shapes","floor":37,"turns":6},{"damage":23,"enemies":"Writhing Mass","floor":38,"turns":5},{"damage":30,"enemies":"Giant Head","floor":40,"turns":5}],"seed_played":"-2806810194018356891","potions_obtained":[{"floor":1.0,"key":"Ancient Potion"},{"floor":7.0,"key":"SpeedPotion"},{"floor":11.0,"key":"Weak Potion"},{"floor":14.0,"key":"Energy Potion"}],"is_trial":false,"path_per_floor":["M","?","?","$","M","R","M","E","T","E","M","R","$","M","R","B",null,"M","?","M","$","M","E","R","T","T","$","R","M","E","M","R","B",null,"M","?","M","M","?","E"],"character_chosen":"DEFECT","items_purchased":["Shuriken","Rip and Tear","Steam","Go for the Eyes","Conserve Battery","Echo Form"],"campfire_rested":2,"item_purchase_floors":[4,4,4,13,21,27],"current_hp_per_floor":[46,39,39,39,37,37,37,17,17,9,4,26,26,18,18,16,60,60,60,48,48,33,20,42,42,42,42,42,27,13,19,19,10,58,47,47,44,28,28,0,0],"gold":556,"neow_bonus":"TWO_FIFTY_GOLD","is_daily":false,"chose_seed":false,"campfire_upgraded":4,"win_rate":0.0,"timestamp":1613071233,"path_taken":["M","?","?","$","M","R","?","E","T","E","M","R","$","M","R","BOSS","M","?","M","$","M","E","R","?","T","?","R","M","E","?","R","BOSS","M","?","?","?","?","E"],"items_purchased_type":["Relic","Card","Card","Card","Card","Card"],"build_version":"2020-12-22","purchased_purges":2,"victory":false,"max_hp_per_floor":[71,71,64,64,64,64,64,74,74,74,74,74,74,74,74,74,74,74,74,74,74,74,74,74,74,74,74,74,74,74,74,74,74,74,74,74,74,74,74,74,74],"relic_stats":{"Busted Crown":6,"counters":[20,81],"Shuriken":[48],"Bronze Scales":[66],"Pandora\u0027s Box":["Compile Driver","All For One","Hyperbeam","Fission","All For One","Multi-Cast"],"Question Card":16,"Boot":[26],"obtain_stats":[{"Pear":8,"Busted Crown":34,"Golden Idol":3,"Shuriken":4,"Bronze Scales":23,"Pandora\u0027s Box":17,"Bottled Lightning":10,"Cracked Core":0,"Question Card":9,"Boot":26},{"Pear":4,"Busted Crown":16,"Golden Idol":1,"Shuriken":1,"Bronze Scales":12,"Pandora\u0027s Box":8,"Bottled Lightning":5,"Cracked Core":0,"Question Card":4,"Boot":12},{"Pear":13,"Busted Crown":62,"Golden Idol":2,"Shuriken":2,"Bronze Scales":47,"Pandora\u0027s Box":33,"Bottled Lightning":19,"Cracked Core":0,"Question Card":13,"Boot":47}]},"card_choices":[{"not_picked":["Hello World","Gash"],"picked":"Beam Cell","floor":1.0},{"not_picked":["Barrage","Blizzard"],"picked":"Ball Lightning","floor":5.0},{"not_picked":["Melter","Hologram"],"picked":"Rip and Tear","floor":7.0},{"not_picked":["Lockon","Turbo"],"picked":"Cold Snap","floor":8.0},{"not_picked":["Coolheaded","Heatsinks","Creative AI","Reprogram"],"picked":"SKIP","floor":10.0},{"not_picked":["Barrage","Blizzard","Stack"],"picked":"Ball Lightning","floor":11.0},{"not_picked":["Lockon","Melter","Gash","Coolheaded"],"picked":"SKIP","floor":14.0},{"not_picked":["Machine Learning","Reboot","Biased Cognition"],"picked":"Fission","floor":16.0},{"not_picked":["Force Field","Coolheaded+1","Scrape"],"picked":"Conserve Battery","floor":18},{"not_picked":["Glacier","Streamline","Heatsinks"],"picked":"Conserve Battery+1","floor":20},{"not_picked":["Steam","Leap","Beam Cell"],"picked":"Auto Shields","floor":22},{"not_picked":["Gash","Stack","Go for the Eyes"],"picked":"Steam Power","floor":23},{"not_picked":["Turbo","Melter","Redo"],"picked":"Self Repair","floor":29},{"not_picked":["Self Repair","Doom and Gloom","Hologram"],"picked":"Seek","floor":30},{"not_picked":["Turbo","Conserve Battery+1","Auto Shields+1"],"picked":"Hologram","floor":31},{"not_picked":["All For One","Rainbow","Seek"],"picked":"Reboot","floor":33},{"not_picked":["Barrage+1","Cold Snap"],"picked":"SKIP","floor":35},{"not_picked":["Go for the Eyes","Leap"],"picked":"SKIP","floor":37},{"not_picked":["Steam","Consume+1"],"picked":"SKIP","floor":38}],"player_experience":1086629,"relics_obtained":[{"floor":8.0,"key":"Pear"},{"floor":9.0,"key":"Question Card"},{"floor":10.0,"key":"Bottled Lightning"},{"floor":23,"key":"Bronze Scales"},{"floor":26,"key":"Boot"}],"event_choices":[{"cards_removed":["Strike_B"],"damage_healed":0.0,"max_hp_gain":0.0,"max_hp_loss":0.0,"gold_gain":0.0,"event_name":"Golden Wing","player_choice":"Card Removal","floor":2.0,"gold_loss":0.0,"damage_taken":7.0},{"damage_healed":0.0,"max_hp_gain":0.0,"max_hp_loss":7.0,"gold_gain":0.0,"event_name":"Golden Idol","player_choice":"Lose Max HP","floor":3.0,"gold_loss":0.0,"damage_taken":0.0,"relics_obtained":["Golden Idol"]},{"damage_healed":0,"gold_gain":50,"player_choice":"Stole From Cult","damage_taken":0,"max_hp_gain":0,"max_hp_loss":0,"event_name":"Nest","floor":19,"gold_loss":0},{"damage_healed":0,"gold_gain":0,"cards_transformed":["Zap"],"player_choice":"Transformed","damage_taken":0,"max_hp_gain":0,"max_hp_loss":0,"event_name":"Transmorgrifier","floor":36,"gold_loss":0,"cards_obtained":["Static Discharge"]},{"damage_healed":0,"gold_gain":333,"player_choice":"Gave Idol","damage_taken":0,"max_hp_gain":0,"max_hp_loss":0,"event_name":"The Moai Head","floor":39,"relics_lost":["Golden Idol"],"gold_loss":0}],"is_beta":false,"boss_relics":[{"not_picked":["Snecko Eye","Philosopher\u0027s Stone"],"picked":"Pandora\u0027s Box"},{"not_picked":["Nuclear Battery","Runic Dome"],"picked":"Busted Crown"}],"items_purged_floors":[13,21],"is_endless":false,"potions_floor_spawned":[1,7,8,11,14,18,20],"killed_by":"Giant Head","ascension_level":20}}