{"host":"zpaq9hl4pdcyvckd","time":1613007407,"event":{"mods":["2.2 Compatiblity","AchievementEnabler","BaseMod","Better Match","Colored Map","Downfall","Friendly Minions","Hermit","Kiyohime????","Koishi","Marisa????????","Minty Spire (QoL Compilation)","Replay The Spire","SOS???????","Somnambulant","StSLib","Synergy Search","The Bug Knight","The Construct","The Cursed","The Disciple","The Hierophant","The Jungle","The Servant 0.9.4"],"gold_per_floor":[99,109,129,148,148,183,183,168,168,343,357,357,385,404,414,414,414],"floor_reached":16,"language":"ENG","playtime":1468,"items_purged":[],"score":118,"play_id":"6d764776-0359-4a31-b641-03e6673d94ea","local_time":"20210210203647","is_ascension_mode":true,"campfire_choices":[{"floor":1,"key":"RECALL"},{"floor":9,"key":"REST"}],"circlet_count":0,"master_deck":["Strike_B","Strike_B","Strike_B+1","Strike_B","Defend_B","Defend_B","Defend_B","Defend_B","Zap","Dualcast","Cold Snap","Beam Cell+1","Chaos","Hallucinations","Storm","Doubt","Beam Cell","FTL","Melter","Sweeping Beam"],"relics":["Cracked Core","Ring of Fury","Ring of Peace","construct:RocketBooster","Mirror","Ornamental Fan"],"acts_visited":["Exordium"],"potions_floor_usage":[16,16,16],"damage_taken":[{"damage":0,"enemies":"Cultist","floor":2,"turns":4},{"damage":0,"enemies":"Jaw Worm","floor":3,"turns":3},{"damage":10,"enemies":"Small Slimes","floor":4,"turns":3},{"damage":12,"enemies":"3 Sentries","floor":6,"turns":10},{"damage":0,"enemies":"downfall:FleeingMerchant","floor":8,"turns":4},{"damage":5,"enemies":"Blue Slaver","floor":11,"turns":3},{"damage":43,"enemies":"Gremlin Nob","floor":13,"turns":6},{"damage":3,"enemies":"Lots of Slimes","floor":14,"turns":4},{"damage":0,"enemies":"Looter","floor":15,"turns":2},{"damage":31,"enemies":"The Guardian","floor":16,"turns":9}],"seed_played":"-5840174163736249610","potions_obtained":[{"floor":2,"key":"Venom Potion"},{"floor":3,"key":"DuplicationPotion"},{"floor":6,"key":"SkillPotion"}],"is_trial":false,"path_per_floor":["R","M","M","M","?","E","T","$","R","?","M","T","E","M","M","B"],"character_chosen":"DEFECT","items_purchased":[],"campfire_rested":1,"item_purchase_floors":[],"current_hp_per_floor":[82,82,82,72,72,60,60,60,82,82,77,77,34,31,31,0,0],"gold":414,"neow_bonus":"TEN_PERCENT_HP_BONUS","is_daily":false,"chose_seed":false,"campfire_upgraded":0,"win_rate":0.0,"timestamp":1613007407,"path_taken":["R","M","?","M","?","E","T","$","R","?","M","?","E","?","M","BOSS"],"items_purchased_type":[],"build_version":"2020-12-22","purchased_purges":0,"victory":false,"max_hp_per_floor":[82,82,82,82,82,82,82,82,82,82,82,82,82,82,82,82,82],"card_choices":[{"not_picked":["Aggregate","Streamline"],"picked":"Cold Snap","floor":2},{"not_picked":["Go for the Eyes","Cold Snap"],"picked":"Beam Cell","floor":3},{"not_picked":["Rebound","ReplaySort"],"picked":"Chaos","floor":4},{"not_picked":["Rebound","Multi-Cast"],"picked":"Storm","floor":6},{"not_picked":["Steam","Multi-Cast","Panic Button"],"picked":"SKIP","floor":8},{"not_picked":["Scrape","Reinforced Body"],"picked":"Beam Cell","floor":11},{"not_picked":["Hologram","Turbo"],"picked":"FTL","floor":13},{"not_picked":["Coolheaded","ReplayTheSpireMod:System Scan"],"picked":"Melter","floor":14},{"not_picked":["ReplayTheSpireMod:Calculation Training","ReplayTheSpireMod:Omega Cannon"],"picked":"Sweeping Beam","floor":15}],"player_experience":194893,"relics_obtained":[{"floor":5,"key":"Ring of Fury"},{"floor":5,"key":"Ring of Peace"},{"floor":6,"key":"construct:RocketBooster"},{"floor":12,"key":"Mirror"},{"floor":13,"key":"Ornamental Fan"}],"event_choices":[{"damage_healed":0,"gold_gain":175,"player_choice":"AGREE","damage_taken":0,"max_hp_gain":0,"max_hp_loss":0,"event_name":"Liars Game","floor":10,"gold_loss":0,"cards_obtained":["Doubt"]}],"is_beta":false,"boss_relics":[],"items_purged_floors":[],"is_endless":false,"potions_floor_spawned":[2,3,6,15],"killed_by":"The Guardian","ascension_level":1}}