{"host":"w3q5ijqu8eoknil3","time":1613004766,"event":{"mods":["AchievementEnabler","BaseMod","Block Reminder","Colored Map","Colored Powertips","Curses Come First","Dark Map","Minty Spire (QoL Compilation)","Quick Restart","Relic Stats","StSLib","ojb\u0027s Better Paths Mod","ojb\u0027s Info Mod","slay the spire mod where everything is the same but ironclad has a cowboy hat"],"gold_per_floor":[216,234,254,6,25,54,2,2,25,51,51,51,51,63,63,137,137,153,172,182,232,244,276,276,302,382,382,382],"floor_reached":27,"language":"ENG","playtime":2130,"items_purged":[],"score":513,"play_id":"377a75cd-14a1-4fe4-bcf0-dfc643e26b33","local_time":"20210211005246","is_ascension_mode":true,"campfire_choices":[{"data":"Glass Knife","floor":11,"key":"SMITH"},{"data":"Crippling Poison","floor":13,"key":"SMITH"},{"data":"Deadly Poison","floor":15,"key":"SMITH"},{"floor":24,"key":"REST"}],"circlet_count":0,"master_deck":["AscendersBane","Defend_G","Defend_G","Defend_G","Defend_G","Defend_G","Survivor","Neutralize","Bane","Deadly Poison+1","Crippling Poison+1","Riddle With Holes","Glass Knife+1","Bullet Time","Unload","Dagger Spray","Dagger Throw","Phantasmal Killer","Doppelganger+1","Slice+1","Eviscerate+1","Calculated Gamble","PiercingWail","Leg Sweep","Outmaneuver","After Image"],"relics":["Ring of the Snake","Medical Kit","Juzu Bracelet","PreservedInsect","Blood Vial","Tiny Chest","Astrolabe","MealTicket","Toy Ornithopter","Letter Opener"],"acts_visited":["Exordium","TheCity"],"potions_floor_usage":[6,16,22,23],"damage_taken":[{"damage":0,"enemies":"Cultist","floor":1,"turns":4},{"damage":0,"enemies":"2 Louse","floor":2,"turns":3},{"damage":0,"enemies":"Small Slimes","floor":3,"turns":2},{"damage":5,"enemies":"Red Slaver","floor":5,"turns":4},{"damage":8,"enemies":"Gremlin Nob","floor":6,"turns":3},{"damage":10,"enemies":"Lagavulin","floor":10,"turns":4},{"damage":0,"enemies":"3 Louse","floor":14,"turns":2},{"damage":17,"enemies":"Hexaghost","floor":16,"turns":9},{"damage":17,"enemies":"Spheric Guardian","floor":18,"turns":4},{"damage":19,"enemies":"2 Thieves","floor":19,"turns":5},{"damage":30,"enemies":"Snake Plant","floor":20,"turns":4},{"damage":6,"enemies":"3 Cultists","floor":22,"turns":4},{"damage":14,"enemies":"Book of Stabbing","floor":23,"turns":5},{"damage":38,"enemies":"Slavers","floor":25,"turns":4},{"damage":21,"enemies":"Cultist and Chosen","floor":27,"turns":3}],"seed_played":"6160883843329731794","potions_obtained":[{"floor":1,"key":"Weak Potion"},{"floor":2,"key":"Strength Potion"},{"floor":3,"key":"FearPotion"},{"floor":14,"key":"BlessingOfTheForge"},{"floor":18,"key":"FairyPotion"},{"floor":22,"key":"SteroidPotion"},{"floor":23,"key":"FairyPotion"}],"is_trial":false,"path_per_floor":["M","M","M","$","M","E","?","?","T","E","R","?","R","M","R","B",null,"M","M","M","?","M","E","R","E","T","M"],"character_chosen":"THE_SILENT","items_purchased":["Medical Kit","Riddle With Holes"],"campfire_rested":1,"item_purchase_floors":[4,4],"current_hp_per_floor":[59,59,59,59,54,46,46,46,46,38,38,31,31,33,33,18,54,39,22,19,19,15,3,22,9,9,0,0],"gold":382,"neow_bonus":"HUNDRED_GOLD","is_daily":false,"chose_seed":false,"campfire_upgraded":3,"win_rate":0.0,"timestamp":1613004766,"path_taken":["M","M","M","$","M","E","?","?","T","E","R","?","R","M","R","BOSS","M","M","M","?","M","E","R","E","T","M"],"items_purchased_type":["Relic","Card"],"build_version":"2020-12-22","purchased_purges":0,"victory":false,"max_hp_per_floor":[66,66,66,66,66,66,66,66,66,66,66,66,66,66,66,66,66,66,66,66,66,66,66,66,66,66,66,66],"relic_stats":{"Blood Vial":20,"counters":[15,60],"Astrolabe":["Doppelganger","Slice","Eviscerate"],"Tiny Chest":0,"MealTicket":0,"PreservedInsect":113,"Juzu Bracelet":2,"Letter Opener":[0],"Medical Kit":[3],"obtain_stats":[{"Blood Vial":9,"Astrolabe":17,"Tiny Chest":10,"MealTicket":23,"PreservedInsect":7,"Juzu Bracelet":6,"Letter Opener":26,"Medical Kit":4,"Toy Ornithopter":25,"Ring of the Snake":0},{"Blood Vial":5,"Astrolabe":8,"Tiny Chest":6,"MealTicket":13,"PreservedInsect":5,"Juzu Bracelet":5,"Letter Opener":14,"Medical Kit":3,"Toy Ornithopter":14,"Ring of the Snake":0},{"Blood Vial":16,"Astrolabe":31,"Tiny Chest":20,"MealTicket":53,"PreservedInsect":16,"Juzu Bracelet":16,"Letter Opener":57,"Medical Kit":9,"Toy Ornithopter":57,"Ring of the Snake":0}],"Toy Ornithopter":0,"Ring of the Snake":[30]},"card_choices":[{"not_picked":["Setup","Calculated Gamble"],"picked":"Bane","floor":1},{"not_picked":["Escape Plan","Acrobatics"],"picked":"Deadly Poison","floor":2},{"not_picked":["Tactician","Outmaneuver"],"picked":"Crippling Poison","floor":3},{"not_picked":["PiercingWail","Acrobatics"],"picked":"Glass Knife","floor":5},{"not_picked":["Escape Plan","Poisoned Stab"],"picked":"Bullet Time","floor":6},{"not_picked":["All Out Attack","Masterful Stab"],"picked":"Dagger Spray","floor":10},{"not_picked":["Backstab","Cloak And Dagger"],"picked":"Dagger Throw","floor":14},{"not_picked":["Bullet Time","Storm of Steel"],"picked":"Phantasmal Killer","floor":16},{"not_picked":["Bouncing Flask","Outmaneuver"],"picked":"Calculated Gamble","floor":18},{"not_picked":["Predator","Bane"],"picked":"PiercingWail","floor":19},{"not_picked":["Sucker Punch","Poisoned Stab"],"picked":"Leg Sweep","floor":20},{"not_picked":["Well Laid Plans","A Thousand Cuts","Crippling Poison"],"picked":"SKIP","floor":22},{"not_picked":["Prepared","Dodge and Roll"],"picked":"Outmaneuver","floor":23},{"not_picked":["Setup","Dodge and Roll"],"picked":"After Image","floor":25}],"player_experience":1046972,"relics_obtained":[{"floor":6,"key":"Juzu Bracelet"},{"floor":9,"key":"Blood Vial"},{"floor":10,"key":"Tiny Chest"},{"floor":23,"key":"MealTicket"},{"floor":25,"key":"Toy Ornithopter"},{"floor":26,"key":"Letter Opener"}],"event_choices":[{"damage_healed":0,"gold_gain":0,"player_choice":"Paid Gold","damage_taken":0,"relics_obtained":["PreservedInsect"],"max_hp_gain":0,"max_hp_loss":0,"event_name":"WeMeetAgain","floor":7,"gold_loss":52},{"damage_healed":0,"gold_gain":0,"cards_transformed":["Strike_G"],"player_choice":"Transformed","damage_taken":0,"max_hp_gain":0,"max_hp_loss":0,"event_name":"Transmorgrifier","floor":8,"gold_loss":0,"cards_obtained":["Unload"]},{"cards_removed":["Strike_G"],"damage_healed":0,"gold_gain":0,"player_choice":"Card Removal","damage_taken":7,"max_hp_gain":0,"max_hp_loss":0,"event_name":"Golden Wing","floor":12,"gold_loss":0},{"damage_healed":0,"gold_gain":50,"player_choice":"Stole From Cult","damage_taken":0,"max_hp_gain":0,"max_hp_loss":0,"event_name":"Nest","floor":21,"gold_loss":0}],"is_beta":false,"boss_relics":[{"not_picked":["HoveringKite","Empty Cage"],"picked":"Astrolabe"}],"items_purged_floors":[],"is_endless":false,"potions_floor_spawned":[1,2,3,14,18,22,23],"killed_by":"Cultist and Chosen","ascension_level":19}}