{"host":"27g79df0endkaa4r","time":1613082641,"event":{"mods":["Abigail Mod","AchievementEnabler","Act Like it!","Alarm Clock","BaseMod","Better Altar","Better Match","Better Skull","Better Third Choice","BetterRewards","Bossed Relics","CapriCore","Card Forge","Colored Map","Curses Come First","Disable Question Mark Monsters","Displayed Cursed Tome","Emptier Cage","FoggyMod","Friendly Minions","Gold Saver","Good Game Mod","Grow up Mod","Highlight Path","Kratos Character Expansion","Minty Spire (QoL Compilation)","Permanent Neow","Poem Panic","Remilia??????","Shop Mod","StSLib","The Immortal","The Servant 0.9.4","The Vixen","Transform Curses","Virulent Crown","????"],"gold_per_floor":[504,679,679,679,679,259,297,56,82,82,82,4,22,22,22,151,151,165,14,14,14,27,60,86,86,113,113,113,146,71,71,54,175,175,198,1197,363,363,363,42,42,42,342,342,411,411,27,81,81,81],"floor_reached":51,"language":"ENG","playtime":1290,"items_purged":["Omniscience"],"score":865,"play_id":"77a6403d-8405-4543-8cce-207f23040f3f","local_time":"20210211233041","is_ascension_mode":false,"campfire_choices":[{"floor":11,"key":"REST"},{"floor":15,"key":"REST"},{"floor":27,"key":"REST"},{"floor":42,"key":"REST"},{"floor":49,"key":"REST"}],"circlet_count":0,"master_deck":["Strike_B+1","Defend_B+1","Zap+1","Dualcast+1","Tempest+1","Bloodletting+1","Defragment+1","Barrage+1","Amplify+1","Melter+1","Leap+1","Strike_B+1","Auto Shields+1","Conserve Battery+1","Thunder Strike+1","Gash+1","Barrage+1","Go for the Eyes+1","Static Discharge+1","Double Energy+1","Buffer+1","Static Discharge+1","Capacitor+1","White Noise+1","Madness+1","Madness+1","Defragment+1","Magnetism+1","Mind Blast+1","Dramatic Entrance+1","Double Energy+1","Panache+1"],"relics":["Cracked Core","Hammer of Thor","Seething Fire","Anvil of the Gods","REME:ComplimentaryCards","MerchantsRug","Vajra","HornCleat","Golden Idol","Meat on the Bone","Ginger","Frozen Eye","Bag of Preparation","KratosMod:chalice","Empty Cage","Astrolabe","Sling","Enchiridion","Regal Pillow","MealTicket","Lantern","Happy Flower","Black Star","TheAbacus","Darkstone Periapt","Pocketwatch","Matryoshka","Pear","Old Coin","Bird Faced Urn","Oddly Smooth Stone","Chemical X","Boot","Centennial Puzzle"],"acts_visited":["Exordium","TheCity","TheBeyond"],"potions_floor_usage":[],"damage_taken":[{"damage":0,"enemies":"Jaw Worm","floor":1,"turns":2},{"damage":7,"enemies":"Lagavulin","floor":7,"turns":3},{"damage":2,"enemies":"2 Louse","floor":13,"turns":2},{"damage":18,"enemies":"Slime Boss","floor":16,"turns":7},{"damage":13,"enemies":"Chosen","floor":18,"turns":3},{"damage":3,"enemies":"Shell Parasite","floor":22,"turns":3},{"damage":30,"enemies":"Slavers","floor":23,"turns":5},{"damage":3,"enemies":"Book of Stabbing","floor":29,"turns":3},{"damage":12,"enemies":"Automaton","floor":33,"turns":5},{"damage":6,"enemies":"3 Shapes","floor":35,"turns":3},{"damage":13,"enemies":"2 Orb Walkers","floor":45,"turns":4},{"damage":72,"enemies":"Awakened One","floor":50,"turns":6}],"seed_played":"8748845224319016932","potions_obtained":[{"floor":13,"key":"Weak Potion"},{"floor":18,"key":"Weak Potion"},{"floor":35,"key":"Ancient Potion"}],"is_trial":false,"path_per_floor":["M","?","?","?","?","R","E","R","T","?","R","$","M","$","R","B",null,"M","$","?","?","M","E","T","?","T","R","?","E","?","?","R","B",null,"M","?","$","?","?","R","$","R","T","?","?","?","$","T","R","B",null],"character_chosen":"DEFECT","items_purchased":["MerchantsRug","Vajra","HornCleat","Ginger","Defragment","Barrage+1","Frozen Eye","Melter+1","Leap","Auto Shields","Sling","Happy Flower","TheAbacus","Capacitor","White Noise","Darkstone Periapt","Pocketwatch","Matryoshka","Defragment","Oddly Smooth Stone","Chemical X","Panache"],"campfire_rested":5,"item_purchase_floors":[0,0,0,6,6,6,8,8,8,12,19,32,37,37,37,37,37,40,40,47,47,47],"current_hp_per_floor":[95,105,115,97,90,100,117,127,137,147,209,219,227,237,249,241,269,266,276,270,280,287,267,277,287,297,369,379,386,396,406,416,414,439,443,453,469,420,430,440,465,519,539,539,536,546,571,581,599,544],"gold":81,"neow_bonus":"","is_daily":false,"chose_seed":false,"campfire_upgraded":0,"win_rate":0.0,"timestamp":1613082641,"path_taken":["M","?","?","?","?","R","E","R","T","?","R","$","?","?","R","BOSS","M","$","?","?","?","E","?","?","T","R","?","E","?","?","R","BOSS","M","?","$","?","?","R","$","R","T","?","?","?","?","?","R","BOSS"],"items_purchased_type":["Relic","Relic","Relic","Relic","Card","Card","Relic","Card","Card","Card","Relic","Relic","Relic","Card","Card","Relic","Relic","Relic","Card","Relic","Relic","Card"],"build_version":"2020-12-22","purchased_purges":1,"victory":true,"max_hp_per_floor":[95,105,115,125,135,145,169,179,189,199,209,219,229,239,249,259,269,279,289,299,309,319,329,339,349,359,369,379,389,399,409,419,429,439,449,459,469,479,489,499,509,519,539,549,559,569,579,589,599,609],"card_choices":[{"not_picked":["Steam","Reinforced Body"],"picked":"Tempest","floor":1},{"not_picked":["Ball Lightning+1","Compile Driver+1"],"picked":"Amplify","floor":7},{"not_picked":["Streamline+1","Leap"],"picked":"Conserve Battery","floor":13},{"not_picked":["Buffer","Rainbow"],"picked":"Thunder Strike+1","floor":16},{"not_picked":["Chill","Auto Shields"],"picked":"Gash+1","floor":18},{"not_picked":["Ball Lightning+1","Reinforced Body"],"picked":"Barrage+1","floor":22},{"not_picked":["Stack","Redo+1"],"picked":"Go for the Eyes+1","floor":23},{"not_picked":["Coolheaded","Conserve Battery"],"picked":"Static Discharge","floor":29},{"not_picked":["Biased Cognition","Amplify"],"picked":"Buffer","floor":33},{"not_picked":["Ball Lightning","Melter"],"picked":"Static Discharge","floor":35},{"not_picked":["Forethought","Metamorphosis"],"picked":"Magnetism","floor":44},{"not_picked":["Blind","Purity"],"picked":"Mind Blast","floor":44},{"not_picked":["Flash of Steel","Swift Strike"],"picked":"Dramatic Entrance","floor":44},{"not_picked":["Barrage","Lockon+1"],"picked":"Double Energy+1","floor":45}],"player_experience":2867,"relics_obtained":[{"floor":7,"key":"Mango"},{"floor":9,"key":"Bag of Preparation"},{"floor":23,"key":"War Paint"},{"floor":24,"key":"Regal Pillow"},{"floor":26,"key":"MealTicket"},{"floor":29,"key":"Lantern"},{"floor":43,"key":"Pear"},{"floor":43,"key":"Old Coin"},{"floor":45,"key":"Bird Faced Urn"},{"floor":48,"key":"Boot"},{"floor":48,"key":"Centennial Puzzle"}],"event_choices":[{"damage_healed":0,"gold_gain":175,"player_choice":"AGREE","damage_taken":504,"max_hp_gain":0,"max_hp_loss":0,"event_name":"betterThird:BetterSerpent","floor":2,"gold_loss":0},{"damage_healed":0,"gold_gain":0,"player_choice":"Box","damage_taken":0,"relics_obtained":["Molten Egg 2"],"max_hp_gain":0,"max_hp_loss":0,"event_name":"Big Fish","floor":3,"gold_loss":0,"cards_obtained":["Regret"]},{"damage_healed":0,"gold_gain":0,"player_choice":"Take Damage","damage_taken":28,"relics_obtained":["Golden Idol"],"max_hp_gain":0,"max_hp_loss":0,"event_name":"Golden Idol","floor":4,"gold_loss":0},{"damage_healed":0,"gold_gain":0,"player_choice":"Obtained Book","damage_taken":16,"max_hp_gain":0,"max_hp_loss":0,"event_name":"Cursed Tome","floor":20,"gold_loss":0},{"damage_healed":0,"gold_gain":0,"player_choice":"Rummage","damage_taken":0,"relics_obtained":["WarpedTongs"],"max_hp_gain":0,"max_hp_loss":0,"event_name":"Accursed Blacksmith","floor":21,"gold_loss":0,"cards_obtained":["Pain"]},{"damage_healed":0,"gold_gain":0,"player_choice":"Adaptability","damage_taken":0,"max_hp_gain":0,"max_hp_loss":0,"event_name":"betterThird:BetterWriting","floor":25,"gold_loss":0},{"damage_healed":0,"gold_gain":0,"player_choice":"Opened","damage_taken":0,"relics_obtained":["ScarletDevilRocket"],"max_hp_gain":0,"max_hp_loss":0,"event_name":"The Mausoleum","floor":28,"gold_loss":0,"cards_obtained":["Writhe"]},{"cards_removed":["Defend_B"],"damage_healed":0,"gold_gain":0,"player_choice":"Gave Gold","damage_taken":0,"max_hp_gain":0,"max_hp_loss":0,"event_name":"Beggar","floor":30,"gold_loss":75},{"damage_healed":0,"gold_gain":0,"player_choice":"Read","damage_taken":0,"max_hp_gain":0,"max_hp_loss":0,"event_name":"The Library","floor":31,"gold_loss":0,"cards_obtained":["Double Energy"]},{"damage_healed":0,"gold_gain":999,"player_choice":"Gold","damage_taken":0,"max_hp_gain":0,"max_hp_loss":0,"event_name":"MindBloom","floor":36,"gold_loss":0,"cards_obtained":["Normality","Normality"]},{"damage_healed":0,"gold_gain":0,"player_choice":"Embrace Madness","damage_taken":59,"max_hp_gain":0,"max_hp_loss":0,"event_name":"Winding Halls","floor":38,"gold_loss":0,"cards_obtained":["Madness","Madness"]},{"damage_healed":0,"gold_gain":0,"player_choice":"Ignored","damage_taken":0,"max_hp_gain":0,"max_hp_loss":0,"event_name":"Tomb of Lord Red Mask","floor":39,"gold_loss":0},{"damage_healed":0,"gold_gain":0,"player_choice":"Memory 3","damage_taken":10,"max_hp_gain":0,"max_hp_loss":0,"event_name":"SensoryStone","floor":44,"gold_loss":0},{"damage_healed":0,"gold_gain":0,"player_choice":"Fight","damage_taken":0,"max_hp_gain":0,"max_hp_loss":0,"event_name":"Mysterious Sphere","floor":45,"gold_loss":0},{"cards_removed":["Strike_B"],"damage_healed":0,"gold_gain":0,"player_choice":"Removed Attack","damage_taken":0,"max_hp_gain":0,"max_hp_loss":0,"event_name":"Falling","floor":46,"gold_loss":0}],"is_beta":false,"boss_relics":[{"not_picked":["Snecko Eye","Sozu"],"picked":"Astrolabe"},{"not_picked":["SacredBark","Runic Pyramid"],"picked":"Black Star"}],"items_purged_floors":[0],"is_endless":false,"potions_floor_spawned":[13,18,35],"ascension_level":0}}