{"host":"bczg3e1yq3rp3pkk","time":1613059239,"event":{"mods":["100% Spire Juice","Act Like it!","Arknights","Aspiration","BaseMod","Conspire","Hermit","KinomotoSakuraMod(木之本樱)","Marisa（F雨　魔理沙）","Minty Spire (QoL Compilation)","Quick Restart","Reliquary","Replay The Spire","RumiaBox-露米娅的神秘盒子","Shop Mod","StSLib","The Bug Knight","The Construct","The Hierophant","The Servant 0.9.4","Warlord Emblem","[GremlinLeader]The Maniac","【遗物卡牌】REMEMod"],"gold_per_floor":[117,392,406,416,427,452,466,466,466,466,466],"floor_reached":10,"language":"ZHS","playtime":376,"items_purged":[],"score":133,"play_id":"78b9883c-0296-4f6b-ab23-9a2e89cdd677","local_time":"20210212000039","is_ascension_mode":true,"campfire_choices":[{"data":"Eruption","floor":8,"key":"SMITH"}],"circlet_count":0,"master_deck":["Strike_P","Strike_P","Strike_P","Strike_P","Defend_P","Defend_P","Defend_P","Defend_P","Eruption+1","Vigilance","FlyingSleeves","Crow Ritual","Regret","EmptyBody","EmptyMind","Consecrate","CarveReality"],"relics":["PureWater","REME_ComplimentaryCards","NeowsBlessing","reliquary:PartyBalloon","reliquary:BoilingFlask"],"acts_visited":["Exordium"],"potions_floor_usage":[6],"damage_taken":[{"damage":0.0,"enemies":"ats:Genji","floor":1.0,"turns":1.0},{"damage":0.0,"enemies":"Jaw Worm","floor":3.0,"turns":1.0},{"damage":0.0,"enemies":"Cultist","floor":4.0,"turns":1.0},{"damage":1.0,"enemies":"Large Slime","floor":5.0,"turns":4.0},{"damage":4,"enemies":"HollowMod:MossKnight","floor":6,"turns":4},{"damage":12,"enemies":"3 Louse","floor":7,"turns":4},{"damage":83,"enemies":"Gremlin Nob","floor":10,"turns":3}],"seed_played":"4215237585561703892","potions_obtained":[{"floor":1.0,"key":"SpeedPotion"},{"floor":5.0,"key":"Cursed Concoction"},{"floor":7,"key":"Strength Potion"}],"is_trial":false,"path_per_floor":["M","?","M","M","M","E","M","R","T","E"],"character_chosen":"WATCHER","items_purchased":[],"campfire_rested":0,"item_purchase_floors":[],"current_hp_per_floor":[65,65,65,65,64,60,48,48,48,0,0],"gold":466,"neow_bonus":"THREE_ENEMY_KILL","is_daily":false,"chose_seed":false,"campfire_upgraded":1,"win_rate":0.0,"timestamp":1613059239,"path_taken":["M","?","M","?","?","E","M","R","T","E"],"items_purchased_type":[],"build_version":"2020-12-22","purchased_purges":0,"victory":false,"max_hp_per_floor":[72,72,72,72,72,72,72,72,72,72,72],"card_choices":[{"not_picked":["Swivel","WreathOfFlame"],"picked":"FlyingSleeves","floor":1.0},{"not_picked":["Vengeance","Worship"],"picked":"EmptyBody","floor":3.0},{"not_picked":["Halt","Prostrate"],"picked":"EmptyMind","floor":4.0},{"not_picked":["CarveReality","Meditate"],"picked":"Consecrate","floor":5.0},{"not_picked":["Protect","Pray","SandsOfTime"],"picked":"SKIP","floor":6},{"not_picked":["FlyingSleeves","Prostrate"],"picked":"CarveReality","floor":7}],"player_experience":394859,"relics_obtained":[{"floor":6,"key":"reliquary:PartyBalloon"},{"floor":9,"key":"reliquary:BoilingFlask"}],"event_choices":[{"damage_healed":0.0,"max_hp_gain":0.0,"max_hp_loss":0.0,"gold_gain":275.0,"event_name":"Golden Shrine","player_choice":"Desecrate","floor":2.0,"gold_loss":0.0,"damage_taken":0.0,"cards_obtained":["Regret"]}],"is_beta":false,"boss_relics":[],"items_purged_floors":[],"is_endless":false,"potions_floor_spawned":[1,5,7],"killed_by":"Gremlin Nob","ascension_level":8}}