{"host":"2xnjhc1nuqzfyzm4","time":1613018811,"event":{"mods":["100% Spire Juice","Act Like it!","Arknights","BaseMod","Beaked The Cultist","Bestiary","Better Match","Better Note","Better Sensory Stone","Better Third Choice","Block Reminder","CapriCore","CatGirl Mod","ChefMod","Colored Powertips","Displayed Cursed Tome","Dota2Spire","Downfall","Ekko","Elementarium","GungeonMod","Hallownest","Hermit","Hubris","Infinite Spire","Jedi Mod","Jorbs\u0027s Wanderer Trilogy","Luminous","Mad Scientist","Marisa????????","Menagerie","Minty Spire (QoL Compilation)","Potionbrewer","Prisma Mod","QueenMod","Relic Stats","Reliquary","Replay The Spire","Robot Space Explorer","SIMod","Shade Mod","Spikes Relics","StSLib","The Alterego","The Animator","The Blackbeard","The Bug Knight","The Cursed","The Death Knight","The Disciple","The Dragon Tamer","The Dragonkin","The Druid","The Elementalist","The Exalted","The Fake Hero","The Florist","The Gatherer","The Hayseed","The Hierophant","The Immortal","The Jungle","The Mystic","The Necromancer","The Poker Player","The Runesmith","The Sage","The Senshi","The Servant 0.9.4","The Showman","The Valiant","The Wild Card","TheBandit","TheSwordswoman","TheVacant","TheVelvet","TheWitcher","Trackpad","Waifu the Spire","WarShipGirlsR/????R mod","Yakumo Yukari mod"],"gold_per_floor":[118,134,151,114,134,134,164,178,202,202,232,232,232,232,232,329,379,394,406,418,432,449,449,449,449],"floor_reached":24,"language":"ENG","playtime":1838,"items_purged":[],"score":235,"play_id":"2db71886-26b0-4457-bda3-08f3d23b35b0","local_time":"20210210204651","is_ascension_mode":false,"campfire_choices":[{"floor":6,"key":"RECALL"},{"floor":10,"key":"REST"},{"floor":12,"key":"REST"},{"floor":15,"key":"REST"},{"floor":23,"key":"REST"}],"circlet_count":0,"master_deck":["beaked:Strike_Y","beaked:Strike_Y","beaked:Strike_Y","beaked:Strike_Y","beaked:Strike_Y","beaked:Strike_Y","beaked:Defend_Y","beaked:Defend_Y","beaked:Defend_Y","beaked:Defend_Y","beaked:Ceremony","beaked:Ceremony","beaked:Ceremony","beaked:Recite","beaked:RuinSticks","beaked:MimicMachine","beaked:Brace+1","beaked:WarriorEssence","beaked:BraceForImpact+1","Regret","beaked:ScreechingChant","beaked:Windmill","beaked:BraceForImpact","beaked:WarriorSpirit","beaked:CursingBlood+1","beaked:Overpower+1","beaked:TuckingFeathers"],"relics":["beaked:MendingPlumage","Bag of Preparation","Dota2Spire:PhaseBoots","Dota2Spire:ShadowBlade","Lizard Tail","Tiny House"],"acts_visited":["Exordium","TheCity"],"potions_floor_usage":[7,16,16,18,18,21,24],"damage_taken":[{"damage":15,"enemies":"Cultist","floor":1,"turns":4},{"damage":20,"enemies":"ats:Genji","floor":2,"turns":4},{"damage":9,"enemies":"Small Slimes","floor":3,"turns":4},{"damage":12,"enemies":"Blue Slaver","floor":5,"turns":4},{"damage":18,"enemies":"Replay:BlueRogue","floor":7,"turns":6},{"damage":15,"enemies":"Large Slime","floor":8,"turns":6},{"damage":54,"enemies":"Gremlin Nob","floor":11,"turns":6},{"damage":45,"enemies":"Hexaghost","floor":16,"turns":8},{"damage":2,"enemies":"3 Byrds","floor":18,"turns":3},{"damage":52,"enemies":"Snecko","floor":19,"turns":7},{"damage":37,"enemies":"Centurion and Healer","floor":20,"turns":7},{"damage":7,"enemies":"Sentry and Sphere","floor":21,"turns":3},{"damage":34,"enemies":"Snecko","floor":22,"turns":7},{"damage":26,"enemies":"3 Cultists","floor":24,"turns":4}],"seed_played":"377311168922409466","potions_obtained":[{"floor":1,"key":"jedi:tentaclejuice"},{"floor":7,"key":"LiquidBronze"},{"floor":8,"key":"potionbrewer:BoundlessPotion"},{"floor":11,"key":"potionbrewer:NoxiousPotion"},{"floor":17,"key":"potionbrewer:BarricadePotion"},{"floor":20,"key":"infinitespire:BlackPotion"},{"floor":22,"key":"sneckomod:MuddlingPotion"}],"is_trial":false,"path_per_floor":["M","M","M","$","M","R","E","M","T","R","E","R","?","T","R","B",null,"M","M","M","M","M","R","M"],"character_chosen":"BEAKED_THE_CULTIST","items_purchased":["beaked:Brace+1"],"campfire_rested":4,"item_purchase_floors":[4],"current_hp_per_floor":[45,33,35,35,35,35,30,32,32,48,13,29,29,29,45,43,60,60,21,11,14,10,28,19,19],"gold":449,"neow_bonus":"TEN_PERCENT_HP_BONUS","is_daily":false,"chose_seed":false,"campfire_upgraded":0,"win_rate":0.0,"timestamp":1613018811,"path_taken":["M","M","M","?","M","R","E","M","T","R","E","R","?","?","R","BOSS","M","M","M","M","M","R","M"],"items_purchased_type":["Card"],"build_version":"2020-12-22","purchased_purges":0,"victory":false,"max_hp_per_floor":[55,55,55,55,55,55,55,55,55,55,55,55,55,55,55,55,60,60,60,60,60,60,60,60,60],"relic_stats":{"Lizard Tail":0,"counters":[14,73],"Bag of Preparation":[18],"obtain_stats":[{"Lizard Tail":14,"Tiny House":17,"DemoMod:GlassGuonStoneRelic":1,"Dota2Spire:ShadowBlade":13,"Bag of Preparation":7,"beaked:MendingPlumage":0,"Dota2Spire:PhaseBoots":11},{"Lizard Tail":7,"Tiny House":8,"DemoMod:GlassGuonStoneRelic":1,"Dota2Spire:ShadowBlade":7,"Bag of Preparation":5,"beaked:MendingPlumage":0,"Dota2Spire:PhaseBoots":7},{"Lizard Tail":34,"Tiny House":42,"DemoMod:GlassGuonStoneRelic":4,"Dota2Spire:ShadowBlade":34,"Bag of Preparation":22,"beaked:MendingPlumage":0,"Dota2Spire:PhaseBoots":34}]},"card_choices":[{"not_picked":["beaked:Resilience","beaked:HuntressSpirit"],"picked":"beaked:Recite","floor":1},{"not_picked":["beaked:Replenish","beaked:SurvivalInstinct"],"picked":"beaked:RuinSticks","floor":2},{"not_picked":["beaked:Tweet","beaked:Insight"],"picked":"beaked:MimicMachine","floor":3},{"not_picked":["beaked:Hexing","beaked:Poke","beaked:Cower"],"picked":"SKIP","floor":5},{"not_picked":["beaked:Molting","beaked:Tradeoff","beaked:Flinch"],"picked":"SKIP","floor":7},{"not_picked":["beaked:Pecker","beaked:RuinSticks"],"picked":"beaked:WarriorEssence","floor":8},{"not_picked":["beaked:Resilience","beaked:VolatileMisfortune"],"picked":"beaked:BraceForImpact","floor":11},{"not_picked":["beaked:Caw","beaked:FullHouse"],"picked":"beaked:ScreechingChant","floor":16},{"not_picked":["beaked:WarriorEssence","beaked:Tweet"],"picked":"beaked:Windmill","floor":17},{"not_picked":["beaked:Caw","beaked:Tweet"],"picked":"beaked:BraceForImpact","floor":18},{"not_picked":["beaked:StunningBlow","beaked:Resilience"],"picked":"beaked:WarriorSpirit","floor":19},{"not_picked":["beaked:Cower","ReplayTheSpireMod:Owlgaze"],"picked":"beaked:CursingBlood+1","floor":20},{"not_picked":["beaked:TuckingFeathers","beaked:Cower+1"],"picked":"beaked:Overpower+1","floor":21},{"not_picked":["beaked:BraceForImpact","beaked:Insight"],"picked":"beaked:TuckingFeathers","floor":22}],"player_experience":226266,"relics_obtained":[{"floor":7,"key":"Bag of Preparation"},{"floor":11,"key":"Dota2Spire:PhaseBoots"},{"floor":14,"key":"Lizard Tail"}],"event_choices":[{"damage_healed":0,"gold_gain":0,"player_choice":"Box","damage_taken":0,"relics_obtained":["Dota2Spire:ShadowBlade"],"max_hp_gain":0,"max_hp_loss":0,"event_name":"Big Fish","floor":13,"gold_loss":0,"cards_obtained":["Regret"]}],"is_beta":false,"boss_relics":[{"not_picked":["ReplayTheSpireMod:SealedPack","Velvet Choker"],"picked":"Tiny House"}],"items_purged_floors":[],"is_endless":false,"potions_floor_spawned":[1,7,8,11,20,22],"killed_by":"3 Cultists","ascension_level":0}}