{"host":"soyfmymeou4emntr","time":1613086171,"event":{"mods":["BaseMod","Minty Spire (QoL Compilation)","Permanent Neow","Relic Sorter","Relic Stats","StSLib"],"gold_per_floor":[364,55,65,65,76,76,89,123,148,39,39,69,69,88,88,167,167,186,206,35,35,85,85,113,113,189,205,233,148,148,161,161,237,237,247,247,267,592,41,41,41,41,66,66,96,112,128,158,158,158,158,158,158,6,40,40,40],"floor_reached":56,"language":"ENG","playtime":9133,"items_purged":["Decay"],"score":2027,"play_id":"3ba5b892-5172-43a4-b35a-3078eb6caa05","local_time":"20210211162931","is_ascension_mode":true,"campfire_choices":[{"data":"Streamline","floor":6.0,"key":"SMITH"},{"floor":11.0,"key":"REST"},{"data":"Consume","floor":15.0,"key":"SMITH"},{"floor":23.0,"key":"REST"},{"data":"Echo Form","floor":25.0,"key":"SMITH"},{"data":"Capacitor","floor":32.0,"key":"SMITH"},{"floor":40.0,"key":"RECALL"},{"data":"Apotheosis","floor":42.0,"key":"SMITH"},{"data":"Secret Technique","floor":49.0,"key":"SMITH"},{"data":"Defragment","floor":53.0,"key":"SMITH"}],"circlet_count":0,"master_deck":["AscendersBane","Strike_B","Strike_B+1","Defend_B","Defend_B","Defend_B","Defend_B","Zap","Dualcast","Self Repair","Capacitor+1","Streamline+1","Coolheaded","Consume+1","Conserve Battery","Defragment+1","Multi-Cast","Hologram+1","Lockon+1","Electrodynamics","Echo Form+1","BootSequence","Double Energy","Amplify","Coolheaded","Secret Technique+1","Apotheosis+1","Melter+1","Double Energy","Reboot","Recycle","BootSequence+1","Tempest+1","Thunder Strike"],"relics":["Cracked Core","Symbiotic Virus","Art of War","Oddly Smooth Stone","Juzu Bracelet","Bronze Scales","Runic Pyramid","CultistMask","Whetstone","Eternal Feather","Potion Belt","Darkstone Periapt","Nuclear Battery","Old Coin","Emotion Chip","Bag of Preparation","Regal Pillow","Singing Bowl","Lizard Tail"],"acts_visited":["Exordium","TheCity","TheBeyond","TheEnding"],"potions_floor_usage":[55,55,56],"damage_taken":[{"damage":1.0,"enemies":"Cultist","floor":1.0,"turns":4.0},{"damage":0.0,"enemies":"2 Louse","floor":3.0,"turns":2.0},{"damage":11.0,"enemies":"Jaw Worm","floor":5.0,"turns":6.0},{"damage":18.0,"enemies":"Red Slaver","floor":7.0,"turns":3.0},{"damage":17.0,"enemies":"Lagavulin","floor":8.0,"turns":6.0},{"damage":16.0,"enemies":"3 Sentries","floor":12.0,"turns":7.0},{"damage":6.0,"enemies":"2 Fungi Beasts","floor":14.0,"turns":4.0},{"damage":0.0,"enemies":"The Guardian","floor":16.0,"turns":8.0},{"damage":24.0,"enemies":"Shell Parasite","floor":18.0,"turns":4.0},{"damage":24.0,"enemies":"2 Thieves","floor":19.0,"turns":4.0},{"damage":32.0,"enemies":"Slavers","floor":24.0,"turns":4.0},{"damage":0.0,"enemies":"Cultist and Chosen","floor":27.0,"turns":7.0},{"damage":3.0,"enemies":"Gremlin Leader","floor":28.0,"turns":4.0},{"damage":1.0,"enemies":"Snecko","floor":31.0,"turns":4.0},{"damage":51.0,"enemies":"Automaton","floor":33.0,"turns":14.0},{"damage":0.0,"enemies":"3 Shapes","floor":35.0,"turns":3.0},{"damage":10.0,"enemies":"Orb Walker","floor":37.0,"turns":4.0},{"damage":0.0,"enemies":"Mind Bloom Boss Battle","floor":38.0,"turns":8.0},{"damage":5.0,"enemies":"Reptomancer","floor":45.0,"turns":5.0},{"damage":0.0,"enemies":"Maw","floor":46.0,"turns":7.0},{"damage":0.0,"enemies":"Transient","floor":47.0,"turns":6.0},{"damage":0.0,"enemies":"Nemesis","floor":48.0,"turns":7.0},{"damage":38.0,"enemies":"Donu and Deca","floor":50.0,"turns":5.0},{"damage":22.0,"enemies":"Time Eater","floor":51.0,"turns":9.0},{"damage":36,"enemies":"Shield and Spear","floor":55,"turns":7},{"damage":123,"enemies":"The Heart","floor":56,"turns":5}],"seed_played":"-6711585246493359991","potions_obtained":[{"floor":1.0,"key":"PotionOfCapacity"},{"floor":3.0,"key":"CultistPotion"},{"floor":7.0,"key":"FearPotion"},{"floor":16.0,"key":"GamblersBrew"},{"floor":27.0,"key":"PowerPotion"},{"floor":28.0,"key":"SkillPotion"},{"floor":33.0,"key":"FairyPotion"},{"floor":38.0,"key":"EssenceOfSteel"},{"floor":46.0,"key":"Energy Potion"},{"floor":55,"key":"PowerPotion"}],"is_trial":false,"path_per_floor":["M","$","M","?","M","R","M","E","T","$","R","E","?","M","R","B",null,"M","M","$","?","?","R","E","R","T","M","E","?","?","M","R","B",null,"M","?","M","?","$","R","?","R","T","T","E","M","M","E","R","B","B",null,"R","$","E","B"],"character_chosen":"DEFECT","items_purchased":["Capacitor","Symbiotic Virus","Conserve Battery","Block Potion","Electrodynamics","Emotion Chip","Reboot","Thunder Strike"],"campfire_rested":2,"item_purchase_floors":[2,2,10,10,20,39,39,54],"current_hp_per_floor":[45,45,45,45,41,41,30,20,20,20,41,32,21,22,22,29,61,44,27,27,27,27,48,16,16,16,30,41,41,47,60,75,31,66,77,67,67,77,77,77,77,77,77,77,77,77,77,79,79,61,59,74,79,79,55,0,0],"gold":40,"neow_bonus":"TWO_FIFTY_GOLD","is_daily":false,"chose_seed":false,"campfire_upgraded":7,"win_rate":0.0,"timestamp":1613086171,"path_taken":["M","$","M","?","?","R","M","E","T","$","R","E","?","M","R","BOSS","M","M","$","?","?","R","E","R","T","M","E","?","?","M","R","BOSS","M","?","M","?","$","R","?","R","T","?","E","M","M","E","R","BOSS","BOSS","R","$","E","BOSS"],"items_purchased_type":["Card","Relic","Card","Potion","Card","Relic","Card","Card"],"build_version":"2020-12-22","purchased_purges":1,"victory":false,"max_hp_per_floor":[71,71,71,71,71,71,71,71,71,71,71,71,71,71,71,71,71,71,71,71,71,71,71,71,71,71,71,71,71,77,77,77,77,77,77,77,77,77,77,77,77,77,77,77,77,77,77,79,79,79,79,79,79,79,81,81,81],"relic_stats":{"Darkstone Periapt":6,"Regal Pillow":0,"Singing Bowl":4,"counters":[26,147],"Eternal Feather":20,"Juzu Bracelet":1,"Bag of Preparation":[16],"Whetstone":["Strike_B","Strike_B"],"Emotion Chip":[30,22,6,0,2],"Lizard Tail":40,"Bronze Scales":[382],"Art of War":[55],"obtain_stats":[{"Potion Belt":28,"Darkstone Periapt":29,"Regal Pillow":45,"Singing Bowl":48,"Oddly Smooth Stone":9,"Eternal Feather":26,"Juzu Bracelet":12,"Bag of Preparation":44,"Whetstone":24,"Nuclear Battery":34,"Old Coin":38,"Emotion Chip":39,"Lizard Tail":55,"Bronze Scales":13,"CultistMask":21,"Art of War":8,"Cracked Core":0,"Symbiotic Virus":2,"Runic Pyramid":17},{"Potion Belt":13,"Darkstone Periapt":13,"Regal Pillow":19,"Singing Bowl":22,"Oddly Smooth Stone":5,"Eternal Feather":11,"Juzu Bracelet":6,"Bag of Preparation":18,"Whetstone":11,"Nuclear Battery":15,"Old Coin":18,"Emotion Chip":18,"Lizard Tail":25,"Bronze Scales":6,"CultistMask":10,"Art of War":5,"Cracked Core":0,"Symbiotic Virus":1,"Runic Pyramid":8},{"Potion Belt":63,"Darkstone Periapt":63,"Regal Pillow":101,"Singing Bowl":121,"Oddly Smooth Stone":21,"Eternal Feather":52,"Juzu Bracelet":28,"Bag of Preparation":96,"Whetstone":52,"Nuclear Battery":81,"Old Coin":96,"Emotion Chip":96,"Lizard Tail":142,"Bronze Scales":28,"CultistMask":48,"Art of War":21,"Cracked Core":0,"Symbiotic Virus":4,"Runic Pyramid":40}]},"card_choices":[{"not_picked":["Conserve Battery","Static Discharge"],"picked":"Self Repair","floor":1.0},{"not_picked":["Hologram","Conserve Battery"],"picked":"Streamline","floor":3.0},{"not_picked":["Stack","Double Energy","Heatsinks"],"picked":"SKIP","floor":5.0},{"not_picked":["Ball Lightning","Creative AI"],"picked":"Coolheaded","floor":7.0},{"not_picked":["Rip and Tear","FTL"],"picked":"Consume","floor":8.0},{"not_picked":["Redo","Turbo"],"picked":"Defragment","floor":12.0},{"not_picked":["Steam","Sweeping Beam","Gash"],"picked":"SKIP","floor":14.0},{"not_picked":["Thunder Strike","Core Surge"],"picked":"Multi-Cast","floor":16.0},{"not_picked":["Compile Driver","Turbo"],"picked":"Hologram+1","floor":18.0},{"not_picked":["Genetic Algorithm","Sunder"],"picked":"Lockon+1","floor":19.0},{"not_picked":["Reinforced Body","Redo"],"picked":"Echo Form","floor":24.0},{"not_picked":["Hello World","Rebound"],"picked":"BootSequence","floor":27.0},{"not_picked":["Redo","Storm"],"picked":"Double Energy","floor":28.0},{"not_picked":["Machine Learning","Scrape","Rebound"],"picked":"SKIP","floor":31.0},{"not_picked":["Electrodynamics","Rainbow"],"picked":"Amplify","floor":33.0},{"not_picked":["Redo","Stack"],"picked":"Coolheaded","floor":35.0},{"not_picked":["Mayhem","Bandage Up"],"picked":"Secret Technique","floor":36.0},{"not_picked":["Flash of Steel","Enlightenment"],"picked":"Apotheosis","floor":36.0},{"not_picked":["Steam Power","Conserve Battery"],"picked":"Melter+1","floor":37.0},{"not_picked":["Lockon","Conserve Battery"],"picked":"Double Energy","floor":38.0},{"not_picked":["Cold Snap","Go for the Eyes+1"],"picked":"Recycle","floor":45.0},{"not_picked":["Loop","Rebound"],"picked":"BootSequence+1","floor":46.0},{"not_picked":["Stack","Streamline"],"picked":"Tempest+1","floor":47.0},{"not_picked":["Conserve Battery+1","Reprogram","Scrape"],"picked":"Singing Bowl","floor":48.0},{"not_picked":["Gash","Go for the Eyes","Melter"],"picked":"Singing Bowl","floor":55}],"player_experience":3231387,"relics_obtained":[{"floor":8.0,"key":"Art of War"},{"floor":9.0,"key":"Oddly Smooth Stone"},{"floor":12.0,"key":"Juzu Bracelet"},{"floor":24.0,"key":"Whetstone"},{"floor":26.0,"key":"Eternal Feather"},{"floor":28.0,"key":"Potion Belt"},{"floor":38.0,"key":"Old Coin"},{"floor":44.0,"key":"Bag of Preparation"},{"floor":45.0,"key":"Regal Pillow"},{"floor":48.0,"key":"Singing Bowl"},{"floor":55,"key":"Lizard Tail"}],"event_choices":[{"cards_removed":["Strike_B"],"damage_healed":0.0,"max_hp_gain":0.0,"max_hp_loss":0.0,"gold_gain":0.0,"event_name":"Bonfire Elementals","player_choice":"Offered Basic","floor":4.0,"gold_loss":0.0,"damage_taken":0.0},{"damage_healed":0.0,"max_hp_gain":0.0,"max_hp_loss":0.0,"gold_gain":0.0,"event_name":"Scrap Ooze","player_choice":"Success","floor":13.0,"gold_loss":0.0,"damage_taken":11.0,"relics_obtained":["Bronze Scales"]},{"damage_healed":0.0,"max_hp_gain":0.0,"max_hp_loss":0.0,"gold_gain":0.0,"event_name":"FaceTrader","player_choice":"Trade","floor":21.0,"gold_loss":0.0,"damage_taken":0.0,"relics_obtained":["CultistMask"]},{"damage_healed":0.0,"max_hp_gain":0.0,"max_hp_loss":0.0,"gold_gain":50.0,"event_name":"Nest","player_choice":"Stole From Cult","floor":22.0,"gold_loss":0.0,"damage_taken":0.0},{"damage_healed":0.0,"max_hp_gain":0.0,"max_hp_loss":0.0,"gold_gain":0.0,"event_name":"Addict","player_choice":"Obtained Relic","floor":29.0,"gold_loss":85.0,"damage_taken":0.0,"relics_obtained":["Darkstone Periapt"]},{"damage_healed":0.0,"max_hp_gain":0.0,"max_hp_loss":0.0,"gold_gain":0.0,"event_name":"Forgotten Altar","player_choice":"Smashed Altar","floor":30.0,"gold_loss":0.0,"damage_taken":0.0,"cards_obtained":["Decay"]},{"damage_healed":0.0,"max_hp_gain":0.0,"max_hp_loss":0.0,"gold_gain":0.0,"event_name":"SensoryStone","player_choice":"Memory 3","floor":36.0,"gold_loss":0.0,"damage_taken":10.0},{"damage_healed":0.0,"max_hp_gain":0.0,"max_hp_loss":0.0,"gold_gain":0.0,"event_name":"MindBloom","player_choice":"Fight","floor":38.0,"gold_loss":0.0,"damage_taken":0.0},{"cards_removed":["Strike_B"],"damage_healed":0.0,"max_hp_gain":0.0,"max_hp_loss":0.0,"gold_gain":0.0,"event_name":"Falling","player_choice":"Removed Attack","floor":41.0,"gold_loss":0.0,"damage_taken":0.0}],"is_beta":false,"boss_relics":[{"not_picked":["Calling Bell","Pandora\u0027s Box"],"picked":"Runic Pyramid"},{"not_picked":["Philosopher\u0027s Stone","Black Star"],"picked":"Nuclear Battery"}],"items_purged_floors":[39],"is_endless":false,"potions_floor_spawned":[1,3,7,16,27,28,33,38,46,55],"killed_by":"The Heart","ascension_level":20}}