{"host":"hpn0uxah5qjr7pa6","time":1613016275,"event":{"mods":["2.2 Compatiblity","Act Like it!","Aspiration","BaseMod","Better Third Choice","BetterRewards","Challenge The Spire","Colored Powertips","Conspire","DeckTracker","Downfall","Energized Spire","Hallownest","Hermit","Highlight Path","Hubris","Infinite Spire","Minty Spire (QoL Compilation)","Permanent Neow","Quick Restart","Rare Cards Sparkle","Replay The Spire","Spicy Shops","StSLib","The Bug Knight","The Jungle"],"gold_per_floor":[116,134,154,139,156,141,141,141,156,156,174,208,208,208,208,309,309,319,330,345,345,345,345,345,359,359,359,374,284,284,298,298,400,400,412,412,423,435,452,452,452,452,468,483,483,483,497,164,164,113,113,113],"floor_reached":53,"language":"ENG","playtime":1540,"items_purged":["bronze:CutThrough","bronze:BurnOut"],"score":1004,"play_id":"5331cb73-d00b-4ad1-9f05-06a72ee51791","local_time":"20210210200435","is_ascension_mode":true,"campfire_choices":[{"floor":8,"key":"REST"},{"floor":10,"key":"REST"},{"data":"bronze:OilSpill","floor":13,"key":"SMITH"},{"data":"bronze:DigitalCarnage","floor":15,"key":"SMITH"},{"floor":23,"key":"REST"},{"floor":26,"key":"REST"},{"floor":30,"key":"REST"},{"data":"infinitespire:Collect","floor":32,"key":"SMITH"},{"floor":40,"key":"REST"},{"data":"bronze:OilSpill","floor":49,"key":"SMITH"},{"data":"bronze:Branch","floor":51,"key":"SMITH"}],"circlet_count":0,"master_deck":["bronze:Strike","bronze:Strike","bronze:Strike","bronze:Strike","bronze:Defend","bronze:Defend","bronze:Defend","bronze:Defend","bronze:Replicate","bronze:DelayedSlice","bronze:OilSpill+1","bronze:DigitalCarnage+1","bronze:BronzeOrb+1","bronze:WhirlingStrike+1","bronze:OilSpill+1","infinitespire:Collect+1","bronze:DelayedSlice+1","bronze:BronzeOrb+1","bronze:DelayedSlice+1","bronze:DelayedSlice","bronze:BronzeOrb+1","bronze:Branch+1"],"relics":["bronze:BronzeCore","Centennial Puzzle","Replay:Ringing Soul","energizedSpire:OgreHead","Strawberry","hubris:ScarierMask","conspire:TreasureMap","Mummified Hand","ReplayFunnel"],"acts_visited":["Exordium","TheCity","TheBeyond"],"potions_floor_usage":[9,12,16,29,33,33,35,38,52],"damage_taken":[{"damage":7,"enemies":"Small Slimes","floor":1,"turns":3},{"damage":2,"enemies":"Jaw Worm","floor":2,"turns":3},{"damage":0,"enemies":"Cultist","floor":3,"turns":3},{"damage":10,"enemies":"downfall:FleeingMerchant","floor":4,"turns":4},{"damage":6,"enemies":"Blue Slaver","floor":5,"turns":4},{"damage":0,"enemies":"downfall:FleeingMerchant","floor":6,"turns":4},{"damage":6,"enemies":"3 Louse","floor":9,"turns":2},{"damage":0,"enemies":"2 Fungi Beasts","floor":11,"turns":1},{"damage":0,"enemies":"Gremlin Nob","floor":12,"turns":2},{"damage":15,"enemies":"SI_SHIV_ARCHETYPE","floor":16,"turns":4},{"damage":13,"enemies":"3 Byrds","floor":18,"turns":3},{"damage":9,"enemies":"Shell Parasite","floor":19,"turns":3},{"damage":10,"enemies":"Snake Plant","floor":20,"turns":2},{"damage":0,"enemies":"Shelled Parasite and Fungi","floor":25,"turns":2},{"damage":8,"enemies":"Snecko","floor":28,"turns":3},{"damage":14,"enemies":"downfall:FleeingMerchant","floor":29,"turns":4},{"damage":1,"enemies":"Cultist and Chosen","floor":31,"turns":3},{"damage":5,"enemies":"WA_ARCHETYPE_CALM","floor":33,"turns":5},{"damage":13,"enemies":"3 Shapes","floor":35,"turns":2},{"damage":0,"enemies":"Orb Walker","floor":37,"turns":2},{"damage":23,"enemies":"Maw","floor":38,"turns":6},{"damage":13,"enemies":"4 Shapes","floor":39,"turns":2},{"damage":0,"enemies":"Jaw Worm Horde","floor":43,"turns":2},{"damage":0,"enemies":"3 Darklings","floor":44,"turns":2},{"damage":18,"enemies":"4 Shapes","floor":47,"turns":2},{"damage":0,"enemies":"downfall:FleeingMerchant","floor":50,"turns":2},{"damage":57,"enemies":"DF_ARCHETYPE_ORBS","floor":52,"turns":6}],"seed_played":"8664361712672640719","potions_obtained":[{"floor":2,"key":"AttackPotion"},{"floor":5,"key":"DistilledChaos"},{"floor":11,"key":"Ancient Potion"},{"floor":12,"key":"Strength Potion"},{"floor":19,"key":"AttackPotion"},{"floor":20,"key":"Elixir"},{"floor":25,"key":"Adrenaline Potion"},{"floor":31,"key":"Block Potion"},{"floor":33,"key":"Reflective Coating"},{"floor":37,"key":"Strength Potion"},{"floor":38,"key":"Strength Potion"},{"floor":47,"key":"AttackPotion"}],"is_trial":false,"path_per_floor":["M","M","M","$","M","$","T","R","M","R","M","E","R","?","R","B",null,"M","M","M","?","?","R","T","M","R","?","M","$","R","M","R","B",null,"M","AVR","M","M","M","R","T","?","M","M","PTL","PTL","M","?","R","$","R","B",null],"character_chosen":"THE_AUTOMATON","items_purchased":["ReplayFunnel","bronze:Branch","FairyPotion"],"campfire_rested":6,"item_purchase_floors":[50,50,50],"current_hp_per_floor":[56,54,54,44,38,38,38,59,56,73,73,73,73,76,76,61,72,62,56,49,31,31,57,64,64,92,92,84,73,98,100,100,95,100,90,90,90,70,60,93,93,96,96,96,96,96,78,127,127,130,130,73],"gold":113,"neow_bonus":"RANDOM_COMMON_RELIC","is_daily":false,"chose_seed":false,"campfire_upgraded":5,"win_rate":0.0,"timestamp":1613016275,"path_taken":["M","M","M","$","M","$","T","R","M","R","M","E","R","?","R","BOSS","M","M","M","?","?","R","T","M","R","?","M","$","R","?","R","BOSS","M","AVR","M","M","M","R","T","?","M","?","PTL","PTL","M","?","R","$","R","BOSS"],"items_purchased_type":["Relic","Card","Potion"],"build_version":"2020-12-22","purchased_purges":2,"victory":true,"max_hp_per_floor":[70,70,70,70,70,70,70,70,73,73,73,73,73,76,76,76,76,79,82,85,88,88,88,95,95,95,95,95,98,98,101,101,101,101,104,104,104,107,110,110,110,113,113,113,113,113,113,127,127,130,130,130],"card_choices":[{"not_picked":["bronze:Shell","bronze:DelayedGuard"],"picked":"bronze:DelayedSlice","floor":1},{"not_picked":["bronze:BugBarrage","bronze:WildBeam","bronze:ForLoop"],"picked":"SKIP","floor":2},{"not_picked":["bronze:BronzeArmor","bronze:Separator","bronze:Invalidate"],"picked":"SKIP","floor":3},{"not_picked":["bronze:Refactor","bronze:Invalidate","bronze:DarkDash"],"picked":"SKIP","floor":4},{"not_picked":["bronze:Return","bronze:Shield"],"picked":"bronze:OilSpill","floor":5},{"not_picked":["bronze:FineTuning","bronze:Frontload","bronze:DelayedGuard"],"picked":"SKIP","floor":6},{"not_picked":["bronze:AlphaBuild","bronze:DarkDash"],"picked":"bronze:DigitalCarnage","floor":9},{"not_picked":["bronze:BitShift","bronze:Invalidate","bronze:Separator"],"picked":"SKIP","floor":11},{"not_picked":["bronze:Invalidate","bronze:BitShift","bronze:ForLoop"],"picked":"SKIP","floor":12},{"not_picked":["bronze:BuggyMess","bronze:WildBeam"],"picked":"bronze:BronzeOrb+1","floor":18},{"not_picked":["bronze:DigitalCarnage","bronze:Constructor+1"],"picked":"bronze:WhirlingStrike+1","floor":19},{"not_picked":["bronze:Overheat","bronze:FineTuning"],"picked":"bronze:OilSpill","floor":20},{"not_picked":["infinitespire:DeathsTouch","infinitespire:SealOfDarkness+"],"picked":"infinitespire:Collect","floor":21},{"not_picked":["bronze:BitShift","bronze:Overheat","bronze:Constructor"],"picked":"SKIP","floor":25},{"not_picked":["bronze:DigitalCarnage","bronze:ForLoop","bronze:RecursiveStrike"],"picked":"SKIP","floor":28},{"not_picked":["bronze:ForceShield","bronze:Terminator+1"],"picked":"bronze:DelayedSlice+1","floor":29},{"not_picked":["bronze:Constructor","bronze:ForceShield"],"picked":"bronze:BronzeOrb+1","floor":31},{"not_picked":["bronze:Deprecate","bronze:Constructor"],"picked":"bronze:DelayedSlice+1","floor":35},{"not_picked":["bronze:MaxOutput+1","bronze:Flail+1","bronze:BronzeArmor+1"],"picked":"SKIP","floor":37},{"not_picked":["bronze:ClassDefault+1","bronze:Separator+1"],"picked":"bronze:DelayedSlice","floor":38},{"not_picked":["bronze:Philosophize","bronze:Fortify"],"picked":"bronze:BronzeOrb+1","floor":39},{"not_picked":["bronze:NullPointer+1","bronze:ForceShield+1","bronze:Break"],"picked":"SKIP","floor":43},{"not_picked":["bronze:InfiniteBeams+1","bronze:BuggyMess","bronze:Shield"],"picked":"SKIP","floor":44},{"not_picked":["bronze:CloningBeam","bronze:Refactor","bronze:DelayedGuard+1"],"picked":"SKIP","floor":47},{"not_picked":["bronze:Mutator","bronze:RecursiveStrike","bronze:WildBeam"],"picked":"SKIP","floor":50}],"player_experience":218724,"relics_obtained":[{"floor":7,"key":"Replay:Ringing Soul"},{"floor":12,"key":"Orichalcum"},{"floor":24,"key":"Strawberry"},{"floor":41,"key":"Mummified Hand"}],"event_choices":[],"is_beta":false,"boss_relics":[{"not_picked":["energizedSpire:HugeHouse","Replay:Ancient Bell"],"picked":"energizedSpire:OgreHead"},{"not_picked":["Cursed Key","hubris:RunicObelisk"],"picked":"hubris:ScarierMask"}],"items_purged_floors":[29,50],"is_endless":false,"potions_floor_spawned":[2,5,11,12,19,20,25,31,33,37,38,47],"ascension_level":6}}