{"host":"06h77atpgiec8kbk","time":1613059341,"event":{"mods":["Act Like it!","Arknights","Aspiration","Bard","BaseMod","Colored Powertips","Downfall","Energized Spire","Hermit","Marisa£®ÏF”Í°°ƒß¿Ì…≥£©","Minty Spire (QoL Compilation)","Quick Restart","Reimu£®≤©¿ˆ¡È√Œ£©","Relic Stats","Reliquary","Replay The Spire","StSLib","The Construct","The Cursed","The Gatherer","The Hierophant","The Runesmith","[GremlinLeader]The Maniac"],"gold_per_floor":[99,119,138,55,155,160,184,74,87,87,87,417,517,530,545,643,643,443,458,476,490,490,490,513,524,538,327,351,369,369,387,398,498,498,498,514,526,545,563,563,586,614,614,627,653,653,665,105,116,116],"floor_reached":51,"language":"ZHS","playtime":2852,"items_purged":["Poor:ReiMu","bronze:Verify","bronze:Shield","bronze:Defend"],"score":798,"play_id":"b4229c16-3271-4a8f-ac40-a5d7b3b4f8c6","local_time":"20210212000221","is_ascension_mode":false,"campfire_choices":[{"floor":1.0,"key":"RECALL"},{"data":"bronze:SpaghettiCode","floor":11.0,"key":"SMITH"},{"data":"bronze:Replicate","floor":23.0,"key":"SMITH"},{"data":"bronze:DelayedSlice","floor":30.0,"key":"SMITH"},{"data":"bronze:RecursiveStrike","floor":35.0,"key":"SMITH"},{"data":"bronze:OilSpill","floor":40.0,"key":"SMITH"}],"circlet_count":0,"master_deck":["bronze:Strike","bronze:Strike","bronze:Strike","bronze:Strike","bronze:Defend","bronze:Defend","bronze:Defend","bronze:Replicate+1","bronze:Goto+1","bronze:SpaghettiCode+1","bronze:Backtrace","bronze:Optimize","bronze:Repair","bronze:Goto+1","Discovery","bronze:OilSpill+1","bronze:Branch","bronze:Branch","bronze:DelayedSlice+1","bronze:ChosenStrike+1","bronze:DelayedSlice+1","bronze:OilSpill+1","bronze:ChosenStrike","bronze:RecursiveStrike+1","bronze:WhirlingStrike+1","bronze:OilSpill+1","bronze:Branch","bronze:RecursiveStrike+1","bronze:Branch","bronze:FindAndReplace+1"],"relics":["bronze:BronzeCore","downfall:GremlinSack","Meat on the Bone","Old Coin","aspiration:PoetsPen_weak","downfall:HeartBlessingRed","downfall:HeartBlessingBlue","Bronze Scales","Blue Doll","Coffee Dripper","Replay:Wax Seal","reliquary:Bookmark","reliquary:Aerogel","reliquary:RosewoodLute","Ornamental Fan"],"acts_visited":["Exordium","TheCity","TheBeyond"],"potions_floor_usage":[50],"damage_taken":[{"damage":4.0,"enemies":"Jaw Worm","floor":2.0,"turns":2.0},{"damage":0.0,"enemies":"Cultist","floor":3.0,"turns":1.0},{"damage":0.0,"enemies":"downfall:FleeingMerchant","floor":4.0,"turns":4.0},{"damage":5.0,"enemies":"downfall:FleeingMerchant","floor":5.0,"turns":4.0},{"damage":0.0,"enemies":"3 Sentries","floor":6.0,"turns":5.0},{"damage":0.0,"enemies":"downfall:FleeingMerchant","floor":8.0,"turns":4.0},{"damage":0.0,"enemies":"Small Slimes","floor":9.0,"turns":5.0},{"damage":0.0,"enemies":"Lagavulin","floor":12.0,"turns":5.0},{"damage":4.0,"enemies":"Gremlin Gang","floor":14.0,"turns":2.0},{"damage":7.0,"enemies":"Blue Slaver","floor":15.0,"turns":5.0},{"damage":18.0,"enemies":"SI_SHIV_ARCHETYPE","floor":16.0,"turns":9.0},{"damage":0.0,"enemies":"Chosen","floor":19.0,"turns":3.0},{"damage":4.0,"enemies":"Centurion and Healer","floor":20.0,"turns":5.0},{"damage":0.0,"enemies":"Snecko","floor":21.0,"turns":2.0},{"damage":10.0,"enemies":"Cultist and Chosen","floor":25.0,"turns":3.0},{"damage":2.0,"enemies":"3 Cultists","floor":26.0,"turns":3.0},{"damage":12.0,"enemies":"downfall:FleeingMerchant","floor":27.0,"turns":4.0},{"damage":0.0,"enemies":"Centurion and Healer","floor":29.0,"turns":3.0},{"damage":0.0,"enemies":"Snecko","floor":31.0,"turns":1.0},{"damage":2.0,"enemies":"Cultist and Chosen","floor":32.0,"turns":2.0},{"damage":3.0,"enemies":"WA_ARCHETYPE_CALM","floor":33.0,"turns":4.0},{"damage":2.0,"enemies":"Orb Walker","floor":36.0,"turns":2.0},{"damage":0.0,"enemies":"3 Shapes","floor":37.0,"turns":2.0},{"damage":0.0,"enemies":"3 Darklings","floor":38.0,"turns":2.0},{"damage":0.0,"enemies":"downfall:FleeingMerchant","floor":39.0,"turns":1.0},{"damage":2.0,"enemies":"Giant Head","floor":42.0,"turns":5.0},{"damage":0.0,"enemies":"Transient","floor":44.0,"turns":5.0},{"damage":9.0,"enemies":"Reptomancer","floor":45.0,"turns":3.0},{"damage":15,"enemies":"4 Shapes","floor":47,"turns":2},{"damage":0,"enemies":"Sphere and 2 Shapes","floor":49,"turns":1},{"damage":24,"enemies":"IC_BLOCK_ARCHETYPE","floor":50,"turns":6}],"seed_played":"8379933763726026639","potions_obtained":[{"floor":2.0,"key":"Block Potion"},{"floor":3.0,"key":"AttackPotion"},{"floor":9.0,"key":"Venom Potion"},{"floor":12.0,"key":"Strength Potion"},{"floor":14.0,"key":"Reflective Coating"},{"floor":16.0,"key":"SmokeBomb"},{"floor":19.0,"key":"Energy Potion"},{"floor":29.0,"key":"Dexterity Potion"},{"floor":32.0,"key":"LifebloodPotion"},{"floor":45.0,"key":"ColorlessPotion"},{"floor":49,"key":"Dexterity Potion"}],"is_trial":false,"path_per_floor":["R","M","M","$","?","E","T","$","M","?","R","E","?","M","M","B",null,"R","M","M","M","?","R","T","M","M","$","T","M","R","M","M","B",null,"R","M","M","M","$","R","T","E","?","M","E","?","M","$","M","B",null],"character_chosen":"THE_AUTOMATON","items_purchased":["bronze:Optimize","Fruit Juice","Replay:Wax Seal","reliquary:Bookmark","Ornamental Fan","bronze:Branch","bronze:FindAndReplace+1"],"campfire_rested":0,"item_purchase_floors":[4,27,39,39,48,48,48],"current_hp_per_floor":[63,59,59,59,54,63,63,63,63,63,63,63,63,59,56,48,63,73,73,69,69,69,69,69,59,64,57,57,57,57,57,55,59,78,78,76,78,78,78,78,78,77,77,77,69,69,54,54,54,49],"gold":116,"neow_bonus":"THREE_RARE_CARDS","is_daily":false,"chose_seed":false,"campfire_upgraded":5,"win_rate":0.0,"timestamp":1613059341,"path_taken":["R","M","M","$","?","E","T","$","?","?","R","E","?","M","M","BOSS","R","M","M","M","?","R","T","M","M","$","?","?","R","M","M","BOSS","R","M","M","M","$","R","T","E","?","?","E","?","M","$","M","BOSS"],"items_purchased_type":["Card","Potion","Relic","Relic","Relic","Card","Card"],"build_version":"2020-12-22","purchased_purges":4,"victory":true,"max_hp_per_floor":[63,63,63,63,63,63,63,63,63,63,63,63,63,63,63,63,63,73,73,73,73,73,73,73,73,73,78,78,78,78,78,78,78,78,78,78,78,78,78,78,78,78,78,78,78,78,78,78,78,78],"relic_stats":{"counters":[31,105],"Ornamental Fan":[60],"Bronze Scales":[78],"obtain_stats":[{"bronze:BronzeCore":0,"downfall:HeartBlessingRed":18,"reliquary:Aerogel":41,"Blue Doll":28,"aspiration:PoetsPen_weak":17,"reliquary:RosewoodLute":42,"Old Coin":12,"reliquary:Bookmark":39,"downfall:GremlinSack":5,"downfall:HeartBlessingBlue":18,"Ornamental Fan":48,"Bronze Scales":24,"Coffee Dripper":34,"Replay:Wax Seal":39,"Meat on the Bone":6},{"bronze:BronzeCore":0,"downfall:HeartBlessingRed":11,"reliquary:Aerogel":25,"Blue Doll":17,"aspiration:PoetsPen_weak":11,"reliquary:RosewoodLute":26,"Old Coin":8,"reliquary:Bookmark":25,"downfall:GremlinSack":4,"downfall:HeartBlessingBlue":11,"Ornamental Fan":29,"Bronze Scales":14,"Coffee Dripper":21,"Replay:Wax Seal":25,"Meat on the Bone":5},{"bronze:BronzeCore":0,"downfall:HeartBlessingRed":46,"reliquary:Aerogel":83,"Blue Doll":66,"aspiration:PoetsPen_weak":46,"reliquary:RosewoodLute":88,"Old Coin":30,"reliquary:Bookmark":83,"downfall:GremlinSack":11,"downfall:HeartBlessingBlue":46,"Ornamental Fan":98,"Bronze Scales":56,"Coffee Dripper":76,"Replay:Wax Seal":83,"Meat on the Bone":16}],"Meat on the Bone":12},"card_choices":[{"not_picked":["bronze:Assembly","bronze:BurnOut"],"picked":"bronze:SpaghettiCode","floor":0.0},{"not_picked":["bronze:DarkDash","bronze:Frontload"],"picked":"bronze:Backtrace","floor":2.0},{"not_picked":["bronze:BugBarrage","bronze:Flail","bronze:Philosophize"],"picked":"SKIP","floor":3.0},{"not_picked":["bronze:Backtrace","bronze:CutThrough","bronze:Virus"],"picked":"SKIP","floor":4.0},{"not_picked":["bronze:Shield","bronze:DigitalCarnage"],"picked":"bronze:Repair","floor":5.0},{"not_picked":["bronze:ForLoop","bronze:Deprecate","bronze:BuggyMess"],"picked":"SKIP","floor":6.0},{"not_picked":["bronze:Safeguard","bronze:CloningBeam"],"picked":"bronze:OilSpill","floor":8.0},{"not_picked":["bronze:BronzeArmor","bronze:Backtrace"],"picked":"bronze:Branch","floor":9.0},{"not_picked":["bronze:CleanCode","bronze:Iterate","bronze:Allocate"],"picked":"SKIP","floor":12.0},{"not_picked":["bronze:BitShift","bronze:BuggyMess","bronze:CutThrough"],"picked":"SKIP","floor":14.0},{"not_picked":["bronze:ForLoop","bronze:Allocate","bronze:Iterate"],"picked":"SKIP","floor":15.0},{"not_picked":["bronze:WhirlingStrike","bronze:Flail"],"picked":"bronze:Branch","floor":19.0},{"not_picked":["bronze:DarkDash","bronze:Invalidate","bronze:Shield"],"picked":"SKIP","floor":20.0},{"not_picked":["bronze:Backtrace","bronze:OilSpill"],"picked":"bronze:DelayedSlice+1","floor":21.0},{"not_picked":["bronze:BronzeArmor","bronze:Fortify"],"picked":"bronze:DelayedSlice","floor":25.0},{"not_picked":["bronze:Turbo+1","bronze:BitShift"],"picked":"bronze:OilSpill","floor":26.0},{"not_picked":["bronze:FineTuning","bronze:ChosenStrike+1","bronze:Overheat"],"picked":"SKIP","floor":27.0},{"not_picked":["bronze:BugBarrage","bronze:BitShift+1","bronze:Shell"],"picked":"SKIP","floor":29.0},{"not_picked":["bronze:Boost","bronze:CutThrough+1"],"picked":"bronze:ChosenStrike","floor":31.0},{"not_picked":["bronze:WildBeam+1","bronze:ForLoop+1","bronze:Allocate+1"],"picked":"SKIP","floor":32.0},{"not_picked":["bronze:ShipIt","bronze:ThunderWave"],"picked":"bronze:RecursiveStrike","floor":33.0},{"not_picked":["bronze:DelayedSlice","bronze:FineTuning+1","bronze:Frontload+1"],"picked":"SKIP","floor":36.0},{"not_picked":["bronze:Deprecate+1","bronze:FineTuning+1","bronze:Philosophize+1"],"picked":"SKIP","floor":37.0},{"not_picked":["bronze:FineTuning","bronze:BugBarrage+1"],"picked":"bronze:WhirlingStrike+1","floor":38.0},{"not_picked":["bronze:Iterate","bronze:MaxOutput","bronze:ItsAFeature+1"],"picked":"SKIP","floor":39.0},{"not_picked":["bronze:Invalidate+1","bronze:HardenedForm","bronze:Turbo+1"],"picked":"SKIP","floor":42.0},{"not_picked":["bronze:Iterate","bronze:NullPointer"],"picked":"bronze:OilSpill+1","floor":44.0},{"not_picked":["bronze:BitShift","bronze:Turbo+1"],"picked":"bronze:Branch","floor":45.0},{"not_picked":["bronze:Frontload","bronze:BugBarrage+1","bronze:DelayedSlice"],"picked":"SKIP","floor":47},{"not_picked":["bronze:Deprecate","bronze:BugBarrage","bronze:Shield+1"],"picked":"SKIP","floor":49}],"player_experience":848478,"relics_obtained":[{"floor":5.0,"key":"downfall:GremlinSack"},{"floor":6.0,"key":"Meat on the Bone"},{"floor":12.0,"key":"Old Coin"},{"floor":24.0,"key":"Bronze Scales"},{"floor":28.0,"key":"Blue Doll"},{"floor":41.0,"key":"reliquary:Aerogel"},{"floor":42.0,"key":"reliquary:RosewoodLute"}],"event_choices":[],"is_beta":false,"boss_relics":[{"not_picked":["reliquary:Ember","Runesmith:UraniumAnvil"],"picked":"aspiration:PoetsPen_weak"},{"not_picked":["Honey Jar","aspiration:BardSkillbook"],"picked":"Coffee Dripper"}],"items_purged_floors":[8,27,39,48],"is_endless":false,"potions_floor_spawned":[2,3,9,12,14,16,19,26,29,32,33,38,42,45,49],"ascension_level":0}}