{"host":"pbf6u3tyx46snqc7","time":1613043386,"event":{"mods":["AchievementEnabler","BaseMod","Colored Map","Minty Spire (QoL Compilation)","Rare Cards Sparkle","SuperFastMode"],"gold_per_floor":[111,111,180,180,190,216,216,248,275,303,303,319,329,355,355,452,452,468,4,23,122,122,122,154,154,154,154,17,30,30,55,55,151,151,167,186,186,236,27,27,37,37,37,37,17,17,28,58,58,58,58,58,11,11,11],"floor_reached":54,"language":"KOR","playtime":2516,"items_purged":["Strike_G","Doubt"],"score":990,"play_id":"505e66bb-c729-49be-817d-ccb451e3f95d","local_time":"20210211203626","is_ascension_mode":true,"campfire_choices":[{"data":"Neutralize","floor":7.0,"key":"SMITH"},{"floor":11.0,"key":"REST"},{"data":"Dash","floor":15.0,"key":"SMITH"},{"data":"Sadistic Nature","floor":23.0,"key":"SMITH"},{"data":"Corpse Explosion","floor":25.0,"key":"SMITH"},{"data":"Malaise","floor":30.0,"key":"SMITH"},{"data":"Footwork","floor":32.0,"key":"SMITH"},{"data":"Adrenaline","floor":40.0,"key":"SMITH"},{"floor":44.0,"key":"RECALL"},{"floor":46.0,"key":"REST"},{"data":"Footwork","floor":49.0,"key":"SMITH"},{"data":"PiercingWail","floor":52.0,"key":"SMITH"}],"circlet_count":0,"master_deck":["Strike_G","Strike_G","Defend_G","Defend_G+1","Defend_G","Survivor","Neutralize+1","Deadly Poison+1","Backflip","PiercingWail+1","Dash+1","Backstab","Malaise+1","PiercingWail+1","Sadistic Nature+1","Corpse Explosion+1","Footwork+1","Leg Sweep+1","Parasite","Acrobatics","Prepared+1","Deflect+1","Adrenaline+1","Finisher+1","Well Laid Plans+1","Crippling Poison+1","Poisoned Stab+1","Heel Hook","Escape Plan","Footwork+1","Deflect"],"relics":["Ring of the Snake","NeowsBlessing","Matryoshka","Ninja Scroll","Bottled Lightning","PreservedInsect","Regal Pillow","Pen Nib","Snake Skull","Cursed Key","Membership Card","Torii","WingedGreaves","Boot","Kunai","War Paint","Red Mask","Astrolabe","TungstenRod","Blue Candle","Nunchaku"],"acts_visited":["Exordium","TheCity","TheBeyond","TheEnding"],"potions_floor_usage":[54],"damage_taken":[{"damage":0.0,"enemies":"Jaw Worm","floor":1.0,"turns":1.0},{"damage":0.0,"enemies":"2 Louse","floor":5.0,"turns":1.0},{"damage":0.0,"enemies":"3 Sentries","floor":6.0,"turns":1.0},{"damage":19.0,"enemies":"Gremlin Nob","floor":8.0,"turns":4.0},{"damage":12.0,"enemies":"Lagavulin","floor":10.0,"turns":5.0},{"damage":0.0,"enemies":"Cultist","floor":12.0,"turns":3.0},{"damage":0.0,"enemies":"Large Slime","floor":13.0,"turns":5.0},{"damage":1.0,"enemies":"Gremlin Nob","floor":14.0,"turns":3.0},{"damage":37.0,"enemies":"Slime Boss","floor":16.0,"turns":10.0},{"damage":1.0,"enemies":"3 Byrds","floor":18.0,"turns":6.0},{"damage":2.0,"enemies":"2 Thieves","floor":20.0,"turns":2.0},{"damage":3.0,"enemies":"Slavers","floor":24.0,"turns":4.0},{"damage":1.0,"enemies":"Centurion and Healer","floor":29.0,"turns":3.0},{"damage":0.0,"enemies":"Masked Bandits","floor":31.0,"turns":4.0},{"damage":12.0,"enemies":"Automaton","floor":33.0,"turns":10.0},{"damage":14.0,"enemies":"Orb Walker","floor":35.0,"turns":4.0},{"damage":0.0,"enemies":"3 Darklings","floor":36.0,"turns":2.0},{"damage":11.0,"enemies":"2 Orb Walkers","floor":38.0,"turns":6.0},{"damage":5.0,"enemies":"Transient","floor":41.0,"turns":5.0},{"damage":0.0,"enemies":"Writhing Mass","floor":47.0,"turns":5.0},{"damage":6.0,"enemies":"Giant Head","floor":48.0,"turns":6.0},{"damage":11.0,"enemies":"Time Eater","floor":50.0,"turns":14.0},{"damage":68,"enemies":"Shield and Spear","floor":54,"turns":5}],"seed_played":"-6384152605223328853","potions_obtained":[{"floor":6.0,"key":"Fire Potion"},{"floor":8.0,"key":"Energy Potion"},{"floor":13.0,"key":"Explosive Potion"},{"floor":14.0,"key":"Explosive Potion"},{"floor":16.0,"key":"Block Potion"},{"floor":18.0,"key":"GamblersBrew"},{"floor":29.0,"key":"Weak Potion"},{"floor":41.0,"key":"DistilledChaos"}],"is_trial":false,"path_per_floor":["M","?","T","?","M","E","R","E","T","E","R","M","M","E","R","B",null,"M","$","M","?","?","R","E","R","T","T","$","M","R","?","R","B",null,"M","M","?","?","$","R","M","T","T","R","$","R","M","E","R","B",null,"R","$","E"],"character_chosen":"THE_SILENT","items_purchased":["Membership Card","Torii","Sadistic Nature","Corpse Explosion","War Paint","Acrobatics","Blue Candle","GhostInAJar","Escape Plan","Footwork","Deflect","Swift Potion"],"campfire_rested":2,"item_purchase_floors":[19,19,19,19,28,28,39,39,39,45,53,53],"current_hp_per_floor":[63,63,63,63,63,63,63,44,44,32,68,68,68,67,67,30,60,59,59,57,57,57,57,54,54,54,54,54,53,53,53,53,41,63,49,49,49,38,38,38,33,33,33,33,33,66,66,60,60,49,62,62,62,0,0],"gold":11,"neow_bonus":"THREE_ENEMY_KILL","is_daily":false,"chose_seed":false,"campfire_upgraded":9,"win_rate":0.0,"timestamp":1613043386,"path_taken":["M","?","?","?","M","E","R","E","T","E","R","M","M","E","R","BOSS","M","?","M","?","?","R","E","R","T","?","$","?","R","?","R","BOSS","M","M","?","?","$","R","M","?","T","R","?","R","?","E","R","BOSS","R","$","E"],"items_purchased_type":["Relic","Relic","Card","Card","Relic","Card","Relic","Potion","Card","Card","Card","Potion"],"build_version":"2020-12-22","purchased_purges":2,"victory":false,"max_hp_per_floor":[70,70,70,70,70,70,70,70,70,70,70,70,70,70,70,70,70,70,70,70,70,70,70,70,70,70,70,70,70,70,70,70,70,70,70,70,66,66,66,66,66,66,66,66,66,66,66,66,66,66,66,66,66,66,66],"card_choices":[{"not_picked":["PiercingWail","Quick Slash"],"picked":"Deadly Poison","floor":1.0},{"not_picked":["Backstab","Deadly Poison"],"picked":"Backflip","floor":5.0},{"not_picked":["Doppelganger","Heel Hook","Poisoned Stab"],"picked":"SKIP","floor":6.0},{"not_picked":["Skewer","Backflip"],"picked":"PiercingWail","floor":8.0},{"not_picked":["Noxious Fumes","Setup","Dagger Throw"],"picked":"SKIP","floor":10.0},{"not_picked":["Dodge and Roll","Poisoned Stab"],"picked":"Dash","floor":12.0},{"not_picked":["Eviscerate","Well Laid Plans"],"picked":"Backstab","floor":13.0},{"not_picked":["Infinite Blades","Prepared","Setup"],"picked":"SKIP","floor":14.0},{"not_picked":["Grand Finale","Bullet Time"],"picked":"Malaise","floor":16.0},{"not_picked":["Backflip","Quick Slash+1"],"picked":"PiercingWail","floor":18.0},{"not_picked":["Outmaneuver+1","Reflex+1"],"picked":"Footwork","floor":20.0},{"not_picked":["PiercingWail+1","Grand Finale"],"picked":"Leg Sweep+1","floor":24.0},{"not_picked":["Dodge and Roll","Quick Slash"],"picked":"Prepared+1","floor":29.0},{"not_picked":["Concentrate+1","Slice"],"picked":"Deflect+1","floor":31.0},{"not_picked":["A Thousand Cuts","Die Die Die"],"picked":"Adrenaline","floor":33.0},{"not_picked":["Outmaneuver","Flying Knee"],"picked":"Poisoned Stab+1","floor":35.0},{"not_picked":["Quick Slash","Slice"],"picked":"Heel Hook","floor":36.0},{"not_picked":["Dagger Throw","Skewer+1","Expertise+1"],"picked":"SKIP","floor":41.0},{"not_picked":["Acrobatics","Backstab","Backflip+1"],"picked":"SKIP","floor":47.0},{"not_picked":["Glass Knife","Tactician","Phantasmal Killer"],"picked":"SKIP","floor":48.0}],"player_experience":422271,"relics_obtained":[{"floor":3.0,"key":"Matryoshka"},{"floor":6.0,"key":"Ninja Scroll"},{"floor":8.0,"key":"Bottled Lightning"},{"floor":9.0,"key":"PreservedInsect"},{"floor":9.0,"key":"Regal Pillow"},{"floor":10.0,"key":"Pen Nib"},{"floor":14.0,"key":"Snake Skull"},{"floor":24.0,"key":"WingedGreaves"},{"floor":26.0,"key":"Boot"},{"floor":26.0,"key":"Kunai"},{"floor":31.0,"key":"Red Mask"},{"floor":38.0,"key":"TungstenRod"},{"floor":48.0,"key":"Nunchaku"}],"event_choices":[{"cards_removed":["Defend_G"],"damage_healed":0.0,"max_hp_gain":0.0,"max_hp_loss":0.0,"gold_gain":0.0,"event_name":"Living Wall","player_choice":"Forget","floor":2.0,"gold_loss":0.0,"damage_taken":0.0},{"damage_healed":0.0,"max_hp_gain":0.0,"max_hp_loss":0.0,"gold_gain":0.0,"event_name":"Upgrade Shrine","player_choice":"Upgraded","floor":4.0,"gold_loss":0.0,"damage_taken":0.0,"cards_upgraded":["Deadly Poison"]},{"damage_healed":0.0,"max_hp_gain":0.0,"max_hp_loss":0.0,"gold_gain":99.0,"event_name":"Nest","player_choice":"Stole From Cult","floor":21.0,"gold_loss":0.0,"damage_taken":0.0},{"damage_healed":0.0,"max_hp_gain":0.0,"max_hp_loss":0.0,"gold_gain":0.0,"event_name":"Cursed Tome","player_choice":"Ignored","floor":22.0,"gold_loss":0.0,"damage_taken":0.0},{"damage_healed":0.0,"max_hp_gain":0.0,"max_hp_loss":0.0,"gold_gain":0.0,"event_name":"Masked Bandits","player_choice":"Fought Bandits","floor":31.0,"gold_loss":0.0,"damage_taken":0.0},{"damage_healed":0.0,"max_hp_gain":0.0,"max_hp_loss":4.0,"gold_gain":0.0,"event_name":"Winding Halls","player_choice":"Max HP","floor":37.0,"gold_loss":0.0,"damage_taken":0.0},{"damage_healed":0.0,"max_hp_gain":0.0,"max_hp_loss":0.0,"gold_gain":0.0,"event_name":"Mysterious Sphere","player_choice":"Fight","floor":38.0,"gold_loss":0.0,"damage_taken":0.0}],"is_beta":false,"boss_relics":[{"not_picked":["Fusion Hammer","Sozu"],"picked":"Cursed Key"},{"not_picked":["Calling Bell","Runic Pyramid"],"picked":"Astrolabe"}],"items_purged_floors":[19,28],"is_endless":false,"potions_floor_spawned":[6,8,13,14,16,18,29,33,36,41,47],"killed_by":"Shield and Spear","ascension_level":8}}