{"host":"kg61lsvem4dxoat8","time":1613020312,"event":{"mods":["AchievementEnabler","BaseMod","Better Altar","Better Match","Better Sensory Stone","Better Skull","Block Reminder","Highlight Path","Minty Spire (QoL Compilation)","Quick Restart","Rare Cards Sparkle","Relic Sorter","Relic Stats","StSLib","Synergy Search","slay the spire mod where everything is the same but ironclad has a cowboy hat"],"gold_per_floor":[130,142,174,186,208,220,220],"floor_reached":6,"language":"ENG","playtime":124,"items_purged":[],"score":54,"play_id":"849e4a54-4292-49d6-8643-27e69b2385cc","local_time":"20210211131152","is_ascension_mode":true,"campfire_choices":[],"circlet_count":0,"master_deck":["AscendersBane","Strike_R","Strike_R","Strike_R","Strike_R","Defend_R","Defend_R","Defend_R","Defend_R","Bash","Cleave","Metallicize","Rampage"],"relics":["Burning Blood","MawBank","Dead Branch"],"acts_visited":["Exordium"],"potions_floor_usage":[],"damage_taken":[{"damage":8,"enemies":"Small Slimes","floor":1,"turns":4},{"damage":16,"enemies":"Cultist","floor":3,"turns":4},{"damage":14,"enemies":"Jaw Worm","floor":5,"turns":3},{"damage":60,"enemies":"Gremlin Nob","floor":6,"turns":5}],"seed_played":"5788741719371011214","potions_obtained":[],"is_trial":false,"path_per_floor":["M","?","M","?","M","E"],"character_chosen":"IRONCLAD","items_purchased":[],"campfire_rested":0,"item_purchase_floors":[],"current_hp_per_floor":[70,70,60,60,52,0,0],"gold":220,"neow_bonus":"RANDOM_COMMON_RELIC","is_daily":false,"chose_seed":false,"campfire_upgraded":0,"win_rate":0.0,"timestamp":1613020312,"path_taken":["M","?","?","?","?","E"],"items_purchased_type":[],"build_version":"2020-12-22","purchased_purges":0,"victory":false,"max_hp_per_floor":[80,80,80,80,80,80,80],"relic_stats":{"counters":[4,16],"Dead Branch":[3],"MawBank":72,"obtain_stats":[{"Dead Branch":2,"MawBank":0,"Burning Blood":0},{"Dead Branch":1,"MawBank":0,"Burning Blood":0},{"Dead Branch":4,"MawBank":0,"Burning Blood":0}],"Burning Blood":18},"card_choices":[{"not_picked":["Clothesline","Armaments"],"picked":"Cleave","floor":1},{"not_picked":["Shrug It Off","Power Through"],"picked":"Metallicize","floor":3},{"not_picked":["Juggernaut","Thunderclap"],"picked":"Rampage","floor":5}],"player_experience":1461585,"relics_obtained":[{"floor":2,"key":"Dead Branch"}],"event_choices":[{"damage_healed":0,"gold_gain":0,"player_choice":"Relic","damage_taken":0,"max_hp_gain":0,"max_hp_loss":0,"event_name":"Wheel of Change","floor":2,"gold_loss":0},{"cards_removed":["Strike_R"],"damage_healed":0,"gold_gain":0,"player_choice":"Purged","damage_taken":0,"max_hp_gain":0,"max_hp_loss":0,"event_name":"Purifier","floor":4,"gold_loss":0}],"is_beta":false,"boss_relics":[],"items_purged_floors":[],"is_endless":false,"potions_floor_spawned":[],"killed_by":"Gremlin Nob","ascension_level":10}}