{"host":"vex7walpoxzv48nx","time":1613081348,"event":{"mods":["AchievementEnabler","BaseMod","Highlight Path","Minty Spire (QoL Compilation)","Permanent Neow","Quick Restart","StSLib","UnlockEverythingMod"],"gold_per_floor":[19,19,33,53,73,73,107,107,107,6,21,33,65,76,76,76,76],"floor_reached":16,"language":"ENG","playtime":820,"items_purged":["Defend_R"],"score":228,"play_id":"1ede1955-844f-4493-af47-f33ab3c923f8","local_time":"20210211230908","is_ascension_mode":true,"campfire_choices":[{"data":"Infernal Blade","floor":6.0,"key":"SMITH"},{"data":"Clothesline","floor":8,"key":"SMITH"},{"data":"Perfected Strike","floor":15,"key":"SMITH"}],"circlet_count":0,"master_deck":["AscendersBane","Strike_R","Strike_R","Strike_R","Strike_R","Strike_R","Defend_R","Bash","Infernal Blade+1","Wild Strike","Pummel","Clash","Perfected Strike+1","Wild Strike","Clothesline+1","Pommel Strike","Cleave","Shrug It Off","Brutality+1"],"relics":["Burning Blood","Sundial","Frozen Egg 2"],"acts_visited":["Exordium"],"potions_floor_usage":[7,16],"damage_taken":[{"damage":0.0,"enemies":"Cultist","floor":1.0,"turns":2.0},{"damage":5.0,"enemies":"Small Slimes","floor":3.0,"turns":3.0},{"damage":13.0,"enemies":"2 Louse","floor":4.0,"turns":2.0},{"damage":7.0,"enemies":"Exordium Wildlife","floor":5.0,"turns":3.0},{"damage":10,"enemies":"Lagavulin","floor":7,"turns":4},{"damage":0,"enemies":"2 Fungi Beasts","floor":11,"turns":2},{"damage":8,"enemies":"Blue Slaver","floor":12,"turns":2},{"damage":25,"enemies":"3 Sentries","floor":13,"turns":5},{"damage":0,"enemies":"3 Louse","floor":14,"turns":2},{"damage":33,"enemies":"Hexaghost","floor":16,"turns":7}],"seed_played":"1766875154785557073","potions_obtained":[{"floor":1.0,"key":"Weak Potion"},{"floor":3.0,"key":"Ancient Potion"},{"floor":5.0,"key":"Weak Potion"},{"floor":12,"key":"EntropicBrew"}],"is_trial":false,"path_per_floor":["M","$","M","M","M","R","E","R","T","$","M","M","E","M","R","B"],"character_chosen":"IRONCLAD","items_purchased":["Pommel Strike"],"campfire_rested":0,"item_purchase_floors":[10],"current_hp_per_floor":[74,74,75,68,67,67,63,63,63,63,69,67,48,54,54,21,21],"gold":76,"neow_bonus":"TRANSFORM_TWO_CARDS","is_daily":false,"chose_seed":false,"campfire_upgraded":3,"win_rate":0.0,"timestamp":1613081348,"path_taken":["M","?","M","M","?","R","E","R","T","$","M","M","E","M","R","BOSS"],"items_purchased_type":["Card"],"build_version":"2020-12-22","purchased_purges":1,"victory":false,"max_hp_per_floor":[75,75,75,75,75,75,75,75,75,75,75,75,75,75,75,75,75],"card_choices":[{"not_picked":["Infernal Blade","Sever Soul"],"picked":"Pummel","floor":1.0},{"not_picked":["Searing Blow","Sword Boomerang","Clash"],"picked":"SKIP","floor":3.0},{"not_picked":["Searing Blow","Sword Boomerang"],"picked":"Clash","floor":3.0},{"not_picked":["Body Slam","Sentinel"],"picked":"Perfected Strike","floor":4.0},{"not_picked":["Sword Boomerang","Body Slam"],"picked":"Wild Strike","floor":5.0},{"not_picked":["Dual Wield","Limit Break"],"picked":"Clothesline","floor":7},{"not_picked":["Body Slam","Heavy Blade"],"picked":"Cleave","floor":11},{"not_picked":["Anger","Entrench","Rupture"],"picked":"SKIP","floor":12},{"not_picked":["Dropkick","Spot Weakness"],"picked":"Shrug It Off","floor":13},{"not_picked":["Twin Strike","Clothesline"],"picked":"Brutality+1","floor":14}],"player_experience":305199,"relics_obtained":[{"floor":7,"key":"Sundial"},{"floor":13,"key":"Frozen Egg 2"}],"event_choices":[],"is_beta":false,"boss_relics":[],"items_purged_floors":[10],"is_endless":false,"potions_floor_spawned":[1,3,4,5,12,14],"killed_by":"Hexaghost","ascension_level":20}}