{"host":"pqs17sqrgflf4eqa","time":1613084787,"event":{"mods":["AchievementEnabler","BaseMod","Bestiary","Better Altar","Colored Map","Colored Powertips","Emptier Cage","Googly Eyes","Highlight Path","Minty Spire (QoL Compilation)","Quick Restart","StSLib","SuperFastMode","Transform Curses","slay the spire mod where everything is the same but ironclad has a cowboy hat"],"gold_per_floor":[111,111,130,146,116,141,16,43,43,62,81,81,96,113,113,217,217,232,12,12,12,23,53,71,71,96,96,122,44,55,81,81,176,176,192,210,210,125,125,150,166,166,191,204,5,0,0,55,55,55],"floor_reached":51,"language":"ENG","playtime":1308,"items_purged":[],"score":919,"play_id":"aca45942-a4b9-498c-ae2b-73d8b76a9494","local_time":"20210211180627","is_ascension_mode":true,"campfire_choices":[{"floor":12.0,"key":"REST"},{"floor":15.0,"key":"REST"},{"data":"Bouncing Flask","floor":25.0,"key":"SMITH"},{"floor":27.0,"key":"REST"},{"floor":32.0,"key":"REST"},{"floor":42,"key":"REST"},{"data":"Footwork","floor":49,"key":"SMITH"}],"circlet_count":0,"master_deck":["Strike_G","Strike_G","Strike_G","Strike_G","Strike_G","Defend_G","Defend_G","Defend_G","Defend_G","Defend_G","Survivor","Neutralize+1","Poisoned Stab","Footwork+1","Backstab","Terror","Flechettes+1","Deadly Poison","Sucker Punch+1","Bouncing Flask+1","Dagger Throw+1","Glass Knife+1","Leg Sweep+1","PiercingWail","Riddle With Holes+1","Poisoned Stab+1","Skewer+1","Leg Sweep","Backflip","Acrobatics+1","Deadly Poison+1","Dagger Spray+1","Footwork","Dagger Spray+1","Predator+1"],"relics":["Ring of the Snake","Unceasing Top","Molten Egg 2","Blue Candle","Snecko Eye","TwistedFunnel","Enchiridion","Shuriken","Tiny Chest","Bronze Scales","Bag of Marbles","Philosopher\u0027s Stone","Gremlin Horn","Lantern","Potion Belt","Red Mask","Boot"],"acts_visited":["Exordium","TheCity","TheBeyond"],"potions_floor_usage":[40,50,50,50,50],"damage_taken":[{"damage":2.0,"enemies":"Small Slimes","floor":1.0,"turns":4.0},{"damage":2.0,"enemies":"2 Louse","floor":3.0,"turns":3.0},{"damage":4.0,"enemies":"Cultist","floor":4.0,"turns":4.0},{"damage":19.0,"enemies":"3 Sentries","floor":6.0,"turns":8.0},{"damage":7.0,"enemies":"Gremlin Nob","floor":8.0,"turns":3.0},{"damage":7.0,"enemies":"Large Slime","floor":10.0,"turns":3.0},{"damage":18.0,"enemies":"Lots of Slimes","floor":11.0,"turns":5.0},{"damage":7.0,"enemies":"Exordium Wildlife","floor":13.0,"turns":3.0},{"damage":13.0,"enemies":"Blue Slaver","floor":14.0,"turns":2.0},{"damage":30.0,"enemies":"Hexaghost","floor":16.0,"turns":7.0},{"damage":0.0,"enemies":"Chosen","floor":18.0,"turns":3.0},{"damage":13.0,"enemies":"Shell Parasite","floor":22.0,"turns":3.0},{"damage":22.0,"enemies":"Book of Stabbing","floor":23.0,"turns":5.0},{"damage":17.0,"enemies":"Snake Plant","floor":24.0,"turns":3.0},{"damage":20.0,"enemies":"Centurion and Healer","floor":30.0,"turns":4.0},{"damage":34.0,"enemies":"Gremlin Leader","floor":31.0,"turns":4.0},{"damage":18.0,"enemies":"Champ","floor":33.0,"turns":7.0},{"damage":1.0,"enemies":"3 Shapes","floor":35.0,"turns":3.0},{"damage":0,"enemies":"Orb Walker","floor":36,"turns":2},{"damage":48,"enemies":"Nemesis","floor":40,"turns":3},{"damage":6,"enemies":"Sphere and 2 Shapes","floor":41,"turns":5},{"damage":19,"enemies":"Writhing Mass","floor":44,"turns":4},{"damage":94,"enemies":"Time Eater","floor":50,"turns":11}],"seed_played":"-1125184514662941410","potions_obtained":[{"floor":1.0,"key":"CultistPotion"},{"floor":5.0,"key":"Explosive Potion"},{"floor":5.0,"key":"SpeedPotion"},{"floor":6.0,"key":"Fruit Juice"},{"floor":8.0,"key":"Strength Potion"},{"floor":16.0,"key":"SkillPotion"},{"floor":22.0,"key":"Fruit Juice"},{"floor":33.0,"key":"LiquidMemories"},{"floor":40,"key":"Swift Potion"},{"floor":41,"key":"Block Potion"}],"is_trial":false,"path_per_floor":["M","?","M","M","?","E","$","E","T","M","M","R","M","M","R","B",null,"M","$","?","?","M","E","M","R","T","R","T","$","M","E","R","B",null,"M","M","?","$","T","E","M","R","T","M","$","?","?","T","R","B",null],"character_chosen":"THE_SILENT","items_purchased":["Terror","SkillPotion","TwistedFunnel","PiercingWail","Poison Potion","Leg Sweep","Dagger Spray+1","Footwork","FairyPotion","Poison Potion","FearPotion"],"campfire_rested":5,"item_purchase_floors":[7,7,19,19,19,29,38,38,45,45,45],"current_hp_per_floor":[68,68,66,62,62,48,48,41,41,34,16,38,31,18,40,10,59,59,59,43,85,72,55,38,38,38,65,65,65,45,11,38,20,73,72,72,72,72,72,24,18,45,45,26,26,26,79,79,79,14],"gold":55,"neow_bonus":"ONE_RANDOM_RARE_CARD","is_daily":false,"chose_seed":false,"campfire_upgraded":2,"win_rate":0.0,"timestamp":1613084787,"path_taken":["M","?","M","M","?","E","$","E","T","M","M","R","M","M","R","BOSS","M","$","?","?","M","E","?","R","T","R","?","?","M","E","R","BOSS","M","M","?","$","?","E","M","R","T","M","?","?","?","?","R","BOSS"],"items_purchased_type":["Card","Potion","Relic","Card","Potion","Card","Card","Card","Potion","Potion","Potion"],"build_version":"2020-12-22","purchased_purges":0,"victory":true,"max_hp_per_floor":[70,70,70,70,70,75,75,75,75,75,75,75,75,75,75,75,75,75,75,75,85,85,90,90,90,90,90,90,90,90,90,90,90,90,90,90,90,90,90,90,90,90,90,90,90,90,79,79,79,79],"card_choices":[{"not_picked":["Reflex","Underhanded Strike"],"picked":"Poisoned Stab","floor":1.0},{"not_picked":["Dodge and Roll","Infinite Blades"],"picked":"Footwork","floor":3.0},{"not_picked":["Footwork","Sucker Punch"],"picked":"Backstab","floor":4.0},{"not_picked":["Bane","Heel Hook","Outmaneuver"],"picked":"SKIP","floor":6.0},{"not_picked":["Night Terror","Backflip"],"picked":"Flechettes+1","floor":8.0},{"not_picked":["Prepared","Heel Hook+1"],"picked":"Deadly Poison","floor":10.0},{"not_picked":["Heel Hook+1","Well Laid Plans"],"picked":"Sucker Punch+1","floor":11.0},{"not_picked":["Outmaneuver","Backflip"],"picked":"Bouncing Flask","floor":13.0},{"not_picked":["Reflex","Underhanded Strike+1"],"picked":"Dagger Throw+1","floor":14.0},{"not_picked":["Malaise","Burst"],"picked":"Glass Knife+1","floor":16.0},{"not_picked":["Underhanded Strike+1","Deflect"],"picked":"Leg Sweep+1","floor":18.0},{"not_picked":["Concentrate","Outmaneuver"],"picked":"Riddle With Holes+1","floor":22.0},{"not_picked":["Dagger Throw+1","Bane+1"],"picked":"Poisoned Stab+1","floor":23.0},{"not_picked":["Choke+1","A Thousand Cuts"],"picked":"Skewer+1","floor":24.0},{"not_picked":["Blade Dance","All Out Attack+1"],"picked":"Backflip","floor":30.0},{"not_picked":["Cloak And Dagger","Flying Knee+1"],"picked":"Acrobatics+1","floor":31.0},{"not_picked":["Outmaneuver","Acrobatics+1"],"picked":"Deadly Poison+1","floor":35.0},{"not_picked":["Acrobatics+1","Endless Agony+1","Bane+1"],"picked":"SKIP","floor":36},{"not_picked":["Tactician+1","Dagger Throw+1","Escape Plan"],"picked":"SKIP","floor":40},{"not_picked":["Setup+1","Dagger Throw+1"],"picked":"Dagger Spray+1","floor":41},{"not_picked":["Acrobatics+1","Blade Dance+1"],"picked":"Predator+1","floor":44}],"player_experience":161431,"relics_obtained":[{"floor":6.0,"key":"Unceasing Top"},{"floor":8.0,"key":"Molten Egg 2"},{"floor":9.0,"key":"Blue Candle"},{"floor":20.0,"key":"Enchiridion"},{"floor":23.0,"key":"Shuriken"},{"floor":26.0,"key":"Tiny Chest"},{"floor":28.0,"key":"Bronze Scales"},{"floor":31.0,"key":"Bag of Marbles"},{"floor":39,"key":"Gremlin Horn"},{"floor":40,"key":"Lantern"},{"floor":43,"key":"Potion Belt"},{"floor":48,"key":"Boot"}],"event_choices":[{"damage_healed":0.0,"max_hp_gain":0.0,"max_hp_loss":0.0,"gold_gain":0.0,"event_name":"Golden Wing","player_choice":"Ignored","floor":2.0,"gold_loss":0.0,"damage_taken":0.0},{"damage_healed":0.0,"max_hp_gain":0.0,"max_hp_loss":0.0,"gold_gain":0.0,"event_name":"The Woman in Blue","player_choice":"Bought 2 Potions","floor":5.0,"gold_loss":0.0,"damage_taken":0.0},{"damage_healed":0.0,"max_hp_gain":0.0,"max_hp_loss":0.0,"gold_gain":0.0,"event_name":"Cursed Tome","player_choice":"Obtained Book","floor":20.0,"gold_loss":0.0,"damage_taken":16.0},{"cards_removed":["Tools of the Trade"],"damage_healed":32.0,"max_hp_gain":10.0,"max_hp_loss":0.0,"gold_gain":0.0,"event_name":"Bonfire Elementals","player_choice":"Offered Rare","floor":21.0,"gold_loss":0.0,"damage_taken":0.0},{"damage_healed":0,"gold_gain":0,"player_choice":"Upgraded","damage_taken":0,"max_hp_gain":0,"max_hp_loss":0,"event_name":"Upgrade Shrine","floor":37,"gold_loss":0,"cards_upgraded":["Neutralize"]},{"damage_healed":0,"gold_gain":0,"player_choice":"Paid","damage_taken":0,"relics_obtained":["Red Mask"],"max_hp_gain":0,"max_hp_loss":0,"event_name":"Tomb of Lord Red Mask","floor":46,"gold_loss":5},{"damage_healed":79,"gold_gain":0,"player_choice":"Heal","damage_taken":0,"max_hp_gain":0,"max_hp_loss":11,"event_name":"The Moai Head","floor":47,"gold_loss":0}],"is_beta":false,"boss_relics":[{"not_picked":["Empty Cage","Calling Bell"],"picked":"Snecko Eye"},{"not_picked":["Runic Dome","Busted Crown"],"picked":"Philosopher\u0027s Stone"}],"items_purged_floors":[],"is_endless":false,"potions_floor_spawned":[1,6,8,16,22,33,40,41],"ascension_level":5}}