{"host":"9brt9rggm379u2p7","time":1613069427,"event":{"mods":["AchievementEnabler","BaseMod","Highlight Path","Minty Spire (QoL Compilation)","Permanent Neow","Quick Restart","SuperFastMode"],"gold_per_floor":[114,125,141,216,196,196,224,224,247,347,225,240,266,283,283,385,385,395,395,70,80,90,120,136,136,136,136,168,168,204,225,225,339,339,354,364,239,259,46,81,81,115,115,115,129,129,156,256,256,256,256,256,81,124,124],"floor_reached":56,"language":"ENG","playtime":3798,"items_purged":["Strike_G","Writhe","Defend_G","Defend_G","Poisoned Stab+1"],"score":1705,"play_id":"c1c179b9-1e81-4d3a-8684-43f0f9254286","local_time":"20210212035027","is_ascension_mode":true,"campfire_choices":[{"data":"Prepared","floor":6,"key":"SMITH"},{"data":"Poisoned Stab","floor":8,"key":"SMITH"},{"floor":15,"key":"REST"},{"floor":29,"key":"REST"},{"data":"Acrobatics","floor":32,"key":"SMITH"},{"data":"Calculated Gamble","floor":41,"key":"SMITH"},{"data":"Reflex","floor":44,"key":"SMITH"},{"data":"Acrobatics","floor":46,"key":"SMITH"},{"floor":49,"key":"RECALL"},{"data":"Adrenaline","floor":52,"key":"SMITH"}],"circlet_count":0,"master_deck":["Defend_G+1","Survivor+1","Neutralize","Prepared+1","Escape Plan","Prepared","Backflip","Acrobatics+1","Adrenaline+1","Blur+1","Dagger Spray+1","Concentrate+1","Footwork+1","Blade Dance+1","Reflex+1","Dodge and Roll","Eviscerate","Underhanded Strike","Acrobatics+1","Corpse Explosion","Calculated Gamble+1","Reflex+1","Backflip+1","Accuracy","Reflex+1","Terror"],"relics":["Ring of the Snake","Juzu Bracelet","War Paint","Darkstone Periapt","Astrolabe","Nunchaku","OrangePellets","Pen Nib","Tough Bandages","Mercury Hourglass","CeramicFish","Sozu","Bronze Scales","Blood Vial","StoneCalendar"],"acts_visited":["Exordium","TheCity","TheBeyond","TheEnding"],"potions_floor_usage":[13,13,22,23],"damage_taken":[{"damage":0.0,"enemies":"Cultist","floor":1.0,"turns":4.0},{"damage":4.0,"enemies":"Small Slimes","floor":2.0,"turns":3.0},{"damage":1,"enemies":"Jaw Worm","floor":3,"turns":3},{"damage":34,"enemies":"3 Sentries","floor":7,"turns":13},{"damage":6,"enemies":"Gremlin Gang","floor":12,"turns":6},{"damage":3,"enemies":"Lagavulin","floor":13,"turns":7},{"damage":0,"enemies":"Red Slaver","floor":14,"turns":2},{"damage":21,"enemies":"Hexaghost","floor":16,"turns":13},{"damage":11,"enemies":"Spheric Guardian","floor":18,"turns":5},{"damage":0,"enemies":"3 Byrds","floor":21,"turns":5},{"damage":40,"enemies":"Snecko","floor":22,"turns":8},{"damage":6,"enemies":"Book of Stabbing","floor":23,"turns":8},{"damage":0,"enemies":"Shelled Parasite and Fungi","floor":24,"turns":4},{"damage":2,"enemies":"Gremlin Leader","floor":28,"turns":7},{"damage":0,"enemies":"Book of Stabbing","floor":30,"turns":4},{"damage":0,"enemies":"Snake Plant","floor":31,"turns":3},{"damage":0,"enemies":"Automaton","floor":33,"turns":8},{"damage":0,"enemies":"3 Darklings","floor":35,"turns":2},{"damage":0,"enemies":"Orb Walker","floor":36,"turns":2},{"damage":0,"enemies":"Transient","floor":38,"turns":5},{"damage":0,"enemies":"Nemesis","floor":40,"turns":5},{"damage":0,"enemies":"Reptomancer","floor":42,"turns":3},{"damage":0,"enemies":"Writhing Mass","floor":45,"turns":4},{"damage":0,"enemies":"Jaw Worm Horde","floor":47,"turns":1},{"damage":0,"enemies":"Donu and Deca","floor":50,"turns":2},{"damage":0,"enemies":"Shield and Spear","floor":54,"turns":2},{"damage":0,"enemies":"The Heart","floor":55,"turns":7}],"seed_played":"416400197137567522","potions_obtained":[{"floor":1.0,"key":"PowerPotion"},{"floor":3,"key":"EssenceOfSteel"},{"floor":5,"key":"BlessingOfTheForge"},{"floor":13,"key":"PowerPotion"},{"floor":21,"key":"AttackPotion"},{"floor":23,"key":"ColorlessPotion"},{"floor":31,"key":"GamblersBrew"}],"is_trial":false,"path_per_floor":["M","M","M","?","?","R","E","R","T","?","$","M","E","M","R","B",null,"M","?","$","M","M","E","M","?","T","?","E","R","E","M","R","B",null,"M","M","$","M","$","E","R","E","T","R","M","R","M","?","R","B",null,"R","$","E","B",null],"character_chosen":"THE_SILENT","items_purchased":["Acrobatics","OrangePellets","Footwork","Reflex"],"campfire_rested":2,"item_purchase_floors":[11,20,20,39],"current_hp_per_floor":[63,59,58,47,47,47,13,13,13,13,13,7,4,4,22,1,63,52,58,58,58,18,12,12,12,12,12,10,30,30,30,30,30,69,69,69,69,69,69,69,69,69,69,69,69,69,69,69,69,69,69,69,69,69,69],"gold":124,"neow_bonus":"TRANSFORM_TWO_CARDS","is_daily":false,"chose_seed":false,"campfire_upgraded":7,"win_rate":0.0,"timestamp":1613069427,"path_taken":["M","M","M","?","?","R","E","R","T","?","?","M","E","M","R","BOSS","M","?","$","M","M","E","M","?","T","?","E","R","E","M","R","BOSS","M","M","$","M","$","E","R","E","T","R","M","R","M","?","R","BOSS","R","$","E","BOSS"],"items_purchased_type":["Card","Relic","Card","Card"],"build_version":"2020-12-22","purchased_purges":5,"victory":true,"max_hp_per_floor":[63,63,63,63,63,63,63,63,63,63,63,63,63,63,63,63,63,63,69,69,69,69,69,69,69,69,69,69,69,69,69,69,69,69,69,69,69,69,69,69,69,69,69,69,69,69,69,69,69,69,69,69,69,69,69],"card_choices":[{"not_picked":["Finisher","Dodge and Roll"],"picked":"Poisoned Stab","floor":1.0},{"not_picked":["Dash","Quick Slash"],"picked":"Prepared","floor":2.0},{"not_picked":["Outmaneuver","Skewer","Deflect"],"picked":"SKIP","floor":3},{"not_picked":["Flying Knee","Infinite Blades"],"picked":"Backflip","floor":7},{"not_picked":["Endless Agony","Bouncing Flask","All Out Attack"],"picked":"SKIP","floor":12},{"not_picked":["Cloak And Dagger","Sucker Punch"],"picked":"Adrenaline","floor":13},{"not_picked":["Dodge and Roll","Leg Sweep","Flying Knee"],"picked":"SKIP","floor":14},{"not_picked":["Cloak And Dagger","Dodge and Roll","Poisoned Stab"],"picked":"SKIP","floor":18},{"not_picked":["Deflect","Sucker Punch","Dagger Throw+1"],"picked":"SKIP","floor":21},{"not_picked":["Dagger Spray","Well Laid Plans"],"picked":"Blade Dance+1","floor":22},{"not_picked":["Glass Knife","Flechettes"],"picked":"Reflex+1","floor":23},{"not_picked":["Dagger Spray+1","Deflect+1","Poisoned Stab"],"picked":"SKIP","floor":24},{"not_picked":["Outmaneuver","Masterful Stab"],"picked":"Eviscerate","floor":28},{"not_picked":["Envenom","Caltrops"],"picked":"Underhanded Strike","floor":30},{"not_picked":["Deflect","Dodge and Roll+1"],"picked":"Acrobatics","floor":31},{"not_picked":["Adrenaline","Venomology"],"picked":"Corpse Explosion","floor":33},{"not_picked":["Prepared+1","Sucker Punch","Crippling Poison"],"picked":"SKIP","floor":35},{"not_picked":["Prepared+1","Sucker Punch","Crippling Poison"],"picked":"SKIP","floor":35},{"not_picked":["Sucker Punch","Setup","Heel Hook"],"picked":"SKIP","floor":36},{"not_picked":["Blade Dance","Expertise"],"picked":"Calculated Gamble","floor":38},{"not_picked":["Bouncing Flask","Choke"],"picked":"Backflip+1","floor":40},{"not_picked":["Backflip","Deflect+1"],"picked":"Accuracy","floor":42},{"not_picked":["Noxious Fumes","Dagger Throw+1","Bane"],"picked":"SKIP","floor":45},{"not_picked":["Wraith Form v2","Underhanded Strike+1"],"picked":"Reflex+1","floor":47},{"not_picked":["Dodge and Roll","Bouncing Flask","Terror"],"picked":"SKIP","floor":54},{"not_picked":["Dodge and Roll","Bouncing Flask"],"picked":"Terror","floor":54}],"player_experience":417810,"relics_obtained":[{"floor":7,"key":"Juzu Bracelet"},{"floor":9,"key":"War Paint"},{"floor":13,"key":"Darkstone Periapt"},{"floor":23,"key":"Pen Nib"},{"floor":26,"key":"Tough Bandages"},{"floor":28,"key":"Mercury Hourglass"},{"floor":30,"key":"CeramicFish"},{"floor":40,"key":"Bronze Scales"},{"floor":42,"key":"Blood Vial"},{"floor":54,"key":"StoneCalendar"}],"event_choices":[{"damage_healed":0,"gold_gain":75,"player_choice":"Gather Gold","damage_taken":11,"max_hp_gain":0,"max_hp_loss":0,"event_name":"World of Goop","floor":4,"gold_loss":0},{"damage_healed":0,"gold_gain":0,"player_choice":"Bought 1 Potion","damage_taken":0,"max_hp_gain":0,"max_hp_loss":0,"event_name":"The Woman in Blue","floor":5,"gold_loss":0},{"damage_healed":0,"gold_gain":100,"player_choice":"Pray","damage_taken":0,"max_hp_gain":0,"max_hp_loss":0,"event_name":"Golden Shrine","floor":10,"gold_loss":0},{"damage_healed":0,"gold_gain":0,"player_choice":"Opened","damage_taken":0,"relics_obtained":["Nunchaku"],"max_hp_gain":0,"max_hp_loss":0,"event_name":"The Mausoleum","floor":19,"gold_loss":0,"cards_obtained":["Writhe"]},{"damage_healed":0,"gold_gain":0,"player_choice":"Upgraded","damage_taken":0,"max_hp_gain":0,"max_hp_loss":0,"event_name":"Upgrade Shrine","floor":25,"gold_loss":0,"cards_upgraded":["Footwork"]},{"damage_healed":0,"gold_gain":0,"cards_transformed":["Strike_G"],"player_choice":"Transformed","damage_taken":0,"max_hp_gain":0,"max_hp_loss":0,"event_name":"Transmorgrifier","floor":27,"gold_loss":0,"cards_obtained":["Dodge and Roll"]},{"damage_healed":0,"gold_gain":100,"player_choice":"Pray","damage_taken":0,"max_hp_gain":0,"max_hp_loss":0,"event_name":"Golden Shrine","floor":48,"gold_loss":0}],"is_beta":false,"boss_relics":[{"not_picked":["SlaversCollar","Black Star"],"picked":"Astrolabe"},{"not_picked":["Busted Crown","Ring of the Serpent"],"picked":"Sozu"}],"items_purged_floors":[11,20,37,39,53],"is_endless":false,"potions_floor_spawned":[1,3,13,21,23,31,40,45],"ascension_level":2}}