{"host":"vyjryxuuuxkt43k4","time":1613010694,"event":{"mods":["AchievementEnabler","BaseMod","Colored Map","DeckTracker","Keyboard Shortcuts","Minty Spire (QoL Compilation)","Permanent Neow","Quick Restart","StSLib","SuperFastMode","everything is the same but u backflip on backflip"],"gold_per_floor":[15,15,31,31,42,42,42,42,42,67,67,67,80,105,105,105,105],"floor_reached":16,"language":"KOR","playtime":628,"items_purged":[],"score":184,"play_id":"d69d70bc-8ffe-4cfe-b976-189fa660c651","local_time":"20210211113134","is_ascension_mode":true,"campfire_choices":[{"data":"Dash","floor":6,"key":"SMITH"},{"floor":8,"key":"REST"},{"data":"Tactician","floor":15,"key":"SMITH"}],"circlet_count":0,"master_deck":["AscendersBane","Strike_G","Strike_G","Strike_G","Defend_G","Defend_G","Defend_G","Defend_G","Survivor","Neutralize","Dash+1","Tactician+1","Dagger Throw","Reflex","Escape Plan","Dagger Spray"],"relics":["Ring of the Snake","Nunchaku","Golden Idol","Dream Catcher","Gremlin Horn"],"acts_visited":["Exordium"],"potions_floor_usage":[14,16],"damage_taken":[{"damage":0,"enemies":"Jaw Worm","floor":1,"turns":6},{"damage":0,"enemies":"2 Louse","floor":3,"turns":3},{"damage":1,"enemies":"Small Slimes","floor":5,"turns":4},{"damage":1,"enemies":"Red Slaver","floor":10,"turns":3},{"damage":2,"enemies":"2 Fungi Beasts","floor":13,"turns":3},{"damage":0,"enemies":"Lots of Slimes","floor":14,"turns":4},{"damage":53,"enemies":"The Guardian","floor":16,"turns":13}],"seed_played":"-8449227425261504212","potions_obtained":[{"floor":3,"key":"SteroidPotion"},{"floor":10,"key":"Regen Potion"}],"is_trial":false,"path_per_floor":["M","?","M","?","M","R","?","R","T","M","$","T","M","M","R","B"],"character_chosen":"THE_SILENT","items_purchased":[],"campfire_rested":1,"item_purchase_floors":[],"current_hp_per_floor":[59,59,59,33,32,32,9,28,28,27,27,27,25,37,37,0,0],"gold":105,"neow_bonus":"REMOVE_TWO","is_daily":false,"chose_seed":false,"campfire_upgraded":2,"win_rate":0.0,"timestamp":1613010694,"path_taken":["M","?","M","?","M","R","?","R","T","M","?","?","M","M","R","BOSS"],"items_purchased_type":[],"build_version":"2020-12-22","purchased_purges":0,"victory":false,"max_hp_per_floor":[66,66,66,66,66,66,66,66,66,66,66,66,66,66,66,66,66],"card_choices":[{"not_picked":["Cloak And Dagger","Flying Knee"],"picked":"Dash","floor":1},{"not_picked":["Sucker Punch","Outmaneuver"],"picked":"Tactician","floor":3},{"not_picked":["Deadly Poison","Slice"],"picked":"Dagger Throw","floor":5},{"not_picked":["Sucker Punch","Deadly Poison"],"picked":"Reflex","floor":10},{"not_picked":["Sucker Punch","Deadly Poison"],"picked":"Escape Plan","floor":13},{"not_picked":["Setup","Unload"],"picked":"Dagger Spray","floor":14}],"player_experience":916428,"relics_obtained":[{"floor":9,"key":"Dream Catcher"},{"floor":12,"key":"Gremlin Horn"}],"event_choices":[{"cards_removed":["Strike_G"],"damage_healed":0,"gold_gain":0,"player_choice":"Forget","damage_taken":0,"max_hp_gain":0,"max_hp_loss":0,"event_name":"Living Wall","floor":2,"gold_loss":0},{"damage_healed":0,"gold_gain":0,"player_choice":"Success","damage_taken":26,"relics_obtained":["Nunchaku"],"max_hp_gain":0,"max_hp_loss":0,"event_name":"Scrap Ooze","floor":4,"gold_loss":0},{"damage_healed":0,"gold_gain":0,"player_choice":"Take Damage","damage_taken":23,"relics_obtained":["Golden Idol"],"max_hp_gain":0,"max_hp_loss":0,"event_name":"Golden Idol","floor":7,"gold_loss":0}],"is_beta":false,"boss_relics":[],"items_purged_floors":[],"is_endless":false,"potions_floor_spawned":[3,10],"killed_by":"The Guardian","ascension_level":20}}