{"host":"fj5i6t4nkss7815d","time":1613008297,"event":{"mods":["AchievementEnabler","BaseMod","Minty Spire (QoL Compilation)","Quick Restart","Relic Stats"],"gold_per_floor":[118,118,131,131,146,180,180,209,209,209,240,255,98,163,163,234,234,248,248,276,286,300,300,300],"floor_reached":23,"language":"ENG","playtime":1425,"items_purged":[],"score":418,"play_id":"81131729-ae10-4ff6-a403-62c8787f6936","local_time":"20210210175137","is_ascension_mode":true,"campfire_choices":[{"floor":7.0,"key":"REST"},{"floor":10.0,"key":"REST"},{"floor":15.0,"key":"DIG"}],"circlet_count":0,"master_deck":["AscendersBane","Strike_B+1","Strike_B+1","Strike_B+1","Defend_B+1","Defend_B+1","Defend_B+1","Defend_B+1","Zap","Dualcast","Doom and Gloom","Defragment","Ball Lightning","Static Discharge","Static Discharge","Thunder Strike","White Noise","Consume","Lockon"],"relics":["Runic Pyramid","Bird Faced Urn","Shovel","Incense Burner","Pen Nib","Omamori","Mango","Vajra","Inserter","Red Mask"],"acts_visited":[],"potions_floor_usage":[],"damage_taken":[{"damage":4.0,"enemies":"2 Louse","floor":1.0,"turns":4.0},{"damage":1.0,"enemies":"Cultist","floor":3.0,"turns":4.0},{"damage":4.0,"enemies":"Jaw Worm","floor":5.0,"turns":4.0},{"damage":25.0,"enemies":"Lagavulin","floor":6.0,"turns":6.0},{"damage":20.0,"enemies":"3 Sentries","floor":8.0,"turns":6.0},{"damage":30.0,"enemies":"Lagavulin","floor":11.0,"turns":6.0},{"damage":3.0,"enemies":"2 Fungi Beasts","floor":12.0,"turns":4.0},{"damage":6.0,"enemies":"3 Sentries","floor":14.0,"turns":2.0},{"damage":26.0,"enemies":"The Guardian","floor":16.0,"turns":9.0},{"damage":3.0,"enemies":"Spheric Guardian","floor":18.0,"turns":4.0},{"damage":28.0,"enemies":"Masked Bandits","floor":20.0,"turns":3.0},{"damage":18.0,"enemies":"2 Thieves","floor":21.0,"turns":4.0},{"damage":17,"enemies":"Sentry and Sphere","floor":22,"turns":5},{"damage":46,"enemies":"Slavers","floor":23,"turns":3}],"seed_played":"-8371705136246932809","potions_obtained":[{"floor":1.0,"key":"Ancient Potion"},{"floor":5.0,"key":"Ancient Potion"},{"floor":6.0,"key":"FearPotion"},{"floor":11.0,"key":"PowerPotion"},{"floor":12.0,"key":"Fire Potion"},{"floor":16.0,"key":"GamblersBrew"},{"floor":18.0,"key":"Fire Potion"}],"is_trial":false,"path_per_floor":["M","?","M","$","M","E","R","E","T","R","E","M","$","?","R","B",null,"M","?","?","M","M","E"],"character_chosen":"DEFECT","items_purchased":["Omamori"],"campfire_rested":2,"item_purchase_floors":[13],"current_hp_per_floor":[60,60,59,59,55,30,51,33,33,54,26,27,27,43,43,23,70,73,73,53,41,32,0,0],"gold":300,"neow_bonus":"BOSS_RELIC","is_daily":false,"chose_seed":false,"campfire_upgraded":0,"win_rate":0.0,"timestamp":1613008297,"path_taken":["M","?","M","?","M","E","R","E","T","R","E","M","?","?","R","BOSS","M","?","?","M","M","E"],"items_purchased_type":["Relic"],"build_version":"2020-12-22","purchased_purges":0,"victory":false,"max_hp_per_floor":[71,71,71,71,71,71,71,71,71,71,71,71,71,85,85,85,85,85,85,85,85,85,85,85],"relic_stats":{"Shovel":0,"Inserter":[6],"counters":[3,12],"Bird Faced Urn":[20],"Pen Nib":[1],"obtain_stats":[{"Shovel":0,"Inserter":0,"Bird Faced Urn":0,"Vajra":0,"Mango":0,"Pen Nib":0,"Incense Burner":0,"Omamori":0,"Red Mask":0,"Runic Pyramid":0},{"Shovel":0,"Inserter":0,"Bird Faced Urn":0,"Vajra":0,"Mango":0,"Pen Nib":0,"Incense Burner":0,"Omamori":0,"Red Mask":0,"Runic Pyramid":0},{"Shovel":0,"Inserter":0,"Bird Faced Urn":0,"Vajra":0,"Mango":0,"Pen Nib":0,"Incense Burner":0,"Omamori":0,"Red Mask":0,"Runic Pyramid":0}]},"card_choices":[{"not_picked":["Barrage","Compile Driver"],"picked":"Doom and Gloom","floor":1.0},{"not_picked":["Streamline","Sweeping Beam"],"picked":"Defragment","floor":3.0},{"not_picked":["Capacitor","Rebound"],"picked":"Ball Lightning","floor":5.0},{"not_picked":["Buffer","Stack","Steam"],"picked":"SKIP","floor":6.0},{"not_picked":["Machine Learning","Rebound","Buffer"],"picked":"SKIP","floor":8.0},{"not_picked":["Storm","Capacitor"],"picked":"Static Discharge","floor":11.0},{"not_picked":["Turbo","FTL"],"picked":"Static Discharge","floor":12.0},{"not_picked":["Rainbow","Machine Learning"],"picked":"Thunder Strike","floor":16.0},{"not_picked":["Ball Lightning","Compile Driver"],"picked":"White Noise","floor":18.0},{"not_picked":["Rebound","Sweeping Beam"],"picked":"Consume","floor":20.0},{"not_picked":["Hello World","Gash"],"picked":"Lockon","floor":21.0},{"not_picked":["Gash","Stack","Steam"],"picked":"SKIP","floor":22}],"player_experience":1032171,"relics_obtained":[{"floor":6.0,"key":"Bird Faced Urn"},{"floor":8.0,"key":"Shovel"},{"floor":9.0,"key":"Incense Burner"},{"floor":11.0,"key":"Pen Nib"},{"floor":14.0,"key":"Mango"},{"floor":15.0,"key":"Vajra"},{"floor":20.0,"key":"Red Mask"}],"event_choices":[{"cards_removed":["Strike_B"],"damage_healed":0.0,"max_hp_gain":0.0,"max_hp_loss":0.0,"gold_gain":0.0,"event_name":"Bonfire Elementals","player_choice":"Offered Basic","floor":2.0,"gold_loss":0.0,"damage_taken":0.0},{"damage_healed":0.0,"max_hp_gain":0.0,"max_hp_loss":0.0,"gold_gain":0.0,"event_name":"Dead Adventurer","player_choice":"Searched \u00271\u0027 times","floor":14.0,"gold_loss":0.0,"damage_taken":0.0},{"damage_healed":0.0,"max_hp_gain":0.0,"max_hp_loss":0.0,"gold_gain":0.0,"event_name":"Back to Basics","player_choice":"Simplicity","floor":19.0,"gold_loss":0.0,"damage_taken":0.0,"cards_upgraded":["Strike_B","Strike_B","Strike_B","Defend_B","Defend_B","Defend_B","Defend_B"]},{"damage_healed":0.0,"max_hp_gain":0.0,"max_hp_loss":0.0,"gold_gain":0.0,"event_name":"Masked Bandits","player_choice":"Fought Bandits","floor":20.0,"gold_loss":0.0,"damage_taken":0.0}],"is_beta":false,"boss_relics":[{"not_picked":["Fusion Hammer","Tiny House"],"picked":"Inserter"}],"items_purged_floors":[],"is_endless":false,"potions_floor_spawned":[1,5,6,11,12,16,18],"killed_by":"Slavers","ascension_level":20}}