{"host":"6a9c3xws62y7efyw","time":1613025728,"event":{"mods":["BaseMod","Colored Map","Minty Spire (QoL Compilation)","Relic Stats","StSLib"],"gold_per_floor":[13,27,27,41,53,53,71,71,71,71,91,125,23,54,54,125,125,125,125,125,125,125,125,125,125,125,125,125],"floor_reached":27,"language":"ENG","playtime":974,"items_purged":[],"score":640,"play_id":"9d2813a1-0a47-462f-a452-dc2994775da6","local_time":"20210210224208","is_ascension_mode":true,"campfire_choices":[{"data":"Corpse Explosion","floor":6.0,"key":"SMITH"},{"data":"Catalyst","floor":8.0,"key":"SMITH"},{"floor":10.0,"key":"REST"},{"data":"Well Laid Plans","floor":15.0,"key":"SMITH"},{"floor":25.0,"key":"REST"}],"circlet_count":0,"master_deck":["AscendersBane","Strike_G","Strike_G","Strike_G","Strike_G","Strike_G","Defend_G","Defend_G","Defend_G","Defend_G","Defend_G","Survivor+1","Neutralize","Corpse Explosion+1","Bouncing Flask+1","Catalyst+1","Well Laid Plans+1","Adrenaline","Flying Knee","Leg Sweep","Die Die Die","Night Terror+1","Quick Slash","Necronomicurse","Corpse Explosion+1","Cloak And Dagger","Acrobatics","Blade Dance","Dodge and Roll+1"],"relics":["Ring of the Snake","Shuriken","Pantograph","Kunai","Ectoplasm","Necronomicon","Art of War","War Paint"],"acts_visited":["Exordium","TheCity"],"potions_floor_usage":[],"damage_taken":[{"damage":9.0,"enemies":"Jaw Worm","floor":1.0,"turns":5.0},{"damage":8.0,"enemies":"Small Slimes","floor":2.0,"turns":4.0},{"damage":6.0,"enemies":"Cultist","floor":4.0,"turns":4.0},{"damage":10.0,"enemies":"3 Louse","floor":5.0,"turns":4.0},{"damage":0.0,"enemies":"Looter","floor":7.0,"turns":3.0},{"damage":4.0,"enemies":"Large Slime","floor":11.0,"turns":4.0},{"damage":12.0,"enemies":"Lagavulin","floor":12.0,"turns":5.0},{"damage":0.0,"enemies":"Gremlin Nob","floor":14.0,"turns":2.0},{"damage":33.0,"enemies":"Hexaghost","floor":16.0,"turns":6.0},{"damage":0.0,"enemies":"Spheric Guardian","floor":18.0,"turns":3.0},{"damage":7.0,"enemies":"Chosen","floor":21.0,"turns":3.0},{"damage":13.0,"enemies":"Snake Plant","floor":22.0,"turns":4.0},{"damage":0.0,"enemies":"Gremlin Leader","floor":23.0,"turns":6.0},{"damage":8.0,"enemies":"Sentry and Sphere","floor":24.0,"turns":3.0},{"damage":0,"enemies":"Book of Stabbing","floor":27,"turns":1}],"seed_played":"-5505268595735230852","potions_obtained":[{"floor":1.0,"key":"ColorlessPotion"},{"floor":11.0,"key":"SteroidPotion"},{"floor":16.0,"key":"Block Potion"},{"floor":22.0,"key":"PowerPotion"}],"is_trial":false,"path_per_floor":["M","M","?","M","M","R","M","R","T","R","M","E","$","E","R","B",null,"M","?","?","M","M","E","M","R","T","E"],"character_chosen":"THE_SILENT","items_purchased":["Flying Knee","Leg Sweep"],"campfire_rested":2,"item_purchase_floors":[13,13],"current_hp_per_floor":[50,42,42,36,26,26,26,26,26,45,41,29,29,29,29,21,55,55,34,34,27,14,14,6,25,25,25,25],"gold":125,"neow_bonus":"THREE_RARE_CARDS","is_daily":false,"chose_seed":false,"campfire_upgraded":3,"win_rate":0.0,"timestamp":1613025728,"path_taken":["M","M","?","M","M","R","M","R","T","R","M","E","$","E","R","BOSS","M","?","?","M","M","E","?","R","T","E"],"items_purchased_type":["Card","Card"],"build_version":"2020-12-22","purchased_purges":0,"victory":false,"max_hp_per_floor":[66,66,66,66,66,66,66,66,66,66,66,66,66,66,66,66,66,66,66,66,66,66,66,66,66,66,66,66],"relic_stats":{"counters":[15,57],"Shuriken":[9],"Pantograph":25,"Ectoplasm":86,"Necronomicon":[0],"Art of War":[0],"Kunai":[8],"War Paint":["Night Terror","Survivor"],"obtain_stats":[{"Shuriken":9,"Pantograph":12,"Ectoplasm":17,"Necronomicon":19,"Art of War":23,"Kunai":14,"War Paint":26,"Ring of the Snake":0},{"Shuriken":5,"Pantograph":7,"Ectoplasm":9,"Necronomicon":10,"Art of War":13,"Kunai":8,"War Paint":14,"Ring of the Snake":0},{"Shuriken":20,"Pantograph":29,"Ectoplasm":37,"Necronomicon":40,"Art of War":53,"Kunai":31,"War Paint":56,"Ring of the Snake":0}],"Ring of the Snake":[30]},"card_choices":[{"not_picked":["Die Die Die","Grand Finale"],"picked":"Corpse Explosion","floor":0.0},{"not_picked":["Expertise","Poisoned Stab"],"picked":"Bouncing Flask","floor":1.0},{"not_picked":["Cloak And Dagger","Bane"],"picked":"Catalyst","floor":2.0},{"not_picked":["Backflip","Deflect"],"picked":"Well Laid Plans","floor":4.0},{"not_picked":["Sucker Punch","Reflex","Deflect"],"picked":"SKIP","floor":5.0},{"not_picked":["Sucker Punch","Reflex","Deflect"],"picked":"SKIP","floor":5.0},{"not_picked":["Acrobatics","Well Laid Plans","Underhanded Strike"],"picked":"SKIP","floor":7.0},{"not_picked":["Cloak And Dagger","PiercingWail"],"picked":"Adrenaline","floor":11.0},{"not_picked":["Calculated Gamble","Terror","Finisher"],"picked":"SKIP","floor":12.0},{"not_picked":["Backflip","Calculated Gamble"],"picked":"Die Die Die","floor":14.0},{"not_picked":["Malaise","Tools of the Trade"],"picked":"Night Terror","floor":16.0},{"not_picked":["Flying Knee","Skewer"],"picked":"Quick Slash","floor":18.0},{"not_picked":["Poisoned Stab+1","Setup"],"picked":"Cloak And Dagger","floor":21.0},{"not_picked":["Terror","Storm of Steel"],"picked":"Acrobatics","floor":22.0},{"not_picked":["Calculated Gamble","Dagger Throw"],"picked":"Blade Dance","floor":23.0},{"not_picked":["Deflect","Backflip"],"picked":"Dodge and Roll+1","floor":24.0}],"player_experience":1522803,"relics_obtained":[{"floor":9.0,"key":"Shuriken"},{"floor":12.0,"key":"Pantograph"},{"floor":14.0,"key":"Kunai"},{"floor":19.0,"key":"Necronomicon"},{"floor":23.0,"key":"Art of War"},{"floor":26.0,"key":"War Paint"}],"event_choices":[{"damage_healed":0.0,"max_hp_gain":0.0,"max_hp_loss":0.0,"gold_gain":0.0,"event_name":"Living Wall","player_choice":"Grow","floor":3.0,"gold_loss":0.0,"damage_taken":0.0,"cards_upgraded":["Bouncing Flask"]},{"damage_healed":0.0,"max_hp_gain":0.0,"max_hp_loss":0.0,"gold_gain":0.0,"event_name":"Cursed Tome","player_choice":"Obtained Book","floor":19.0,"gold_loss":0.0,"damage_taken":21.0},{"damage_healed":0.0,"max_hp_gain":0.0,"max_hp_loss":0.0,"gold_gain":0.0,"event_name":"Duplicator","player_choice":"Copied","floor":20.0,"gold_loss":0.0,"damage_taken":0.0,"cards_obtained":["Corpse Explosion"]}],"is_beta":false,"boss_relics":[{"not_picked":["Astrolabe","Ring of the Serpent"],"picked":"Ectoplasm"}],"items_purged_floors":[],"is_endless":false,"potions_floor_spawned":[1,11,16,21,22],"killed_by":"Book of Stabbing","ascension_level":20}}