{"host":"dhlnk6yox2l1s6up","time":1613056262,"event":{"mods":["BaseMod","Minty Spire (QoL Compilation)","Relic Stats","StSLib","ojb\u0027s Info Mod"],"gold_per_floor":[114,114,134,134,9,42,42,77,101,101,114,30,70,70,70,193,193,213,229,243,49,73,73,73,112,180,180,180,220,241,261,261,261,261],"floor_reached":33,"language":"ENG","playtime":2387,"items_purged":["Defend_G","Strike_G","Grand Finale"],"score":667,"play_id":"c11aad3f-407a-4f15-80ca-063df72abeb0","local_time":"20210211091102","is_ascension_mode":true,"campfire_choices":[{"data":"Noxious Fumes","floor":7,"key":"SMITH"},{"floor":15,"key":"DIG"},{"data":"Adrenaline","floor":23,"key":"SMITH"},{"floor":32,"key":"DIG"}],"circlet_count":0,"master_deck":["AscendersBane","Strike_G","Strike_G","Strike_G","Strike_G","Defend_G","Defend_G","Defend_G","Defend_G","Survivor","Neutralize","Underhanded Strike","Dagger Spray+1","Acrobatics","Noxious Fumes+1","Prepared","Underhanded Strike","Eviscerate","Burst","Adrenaline+1","Blur","Crippling Poison","Shame","Expertise","Clumsy","Writhe","Ghostly","Ghostly","Ghostly","Ghostly","Ghostly","Well Laid Plans+1","Wraith Form v2","Acrobatics"],"relics":["Ring of the Snake","Golden Idol","Anchor","Oddly Smooth Stone","Smiling Mask","Shovel","TungstenRod","Cursed Key","Lee\u0027s Waffle","Regal Pillow","Question Card","Ornamental Fan","Sundial","Unceasing Top","InkBottle"],"acts_visited":["Exordium","TheCity"],"potions_floor_usage":[8,8,8,20,25,31,33,33],"damage_taken":[{"damage":0,"enemies":"Small Slimes","floor":1,"turns":3},{"damage":1,"enemies":"2 Louse","floor":3,"turns":2},{"damage":24,"enemies":"3 Sentries","floor":6,"turns":7},{"damage":31,"enemies":"Lagavulin","floor":8,"turns":7},{"damage":0,"enemies":"Cultist","floor":11,"turns":2},{"damage":23,"enemies":"Gremlin Nob","floor":13,"turns":5},{"damage":5,"enemies":"Hexaghost","floor":16,"turns":8},{"damage":5,"enemies":"2 Thieves","floor":18,"turns":3},{"damage":1,"enemies":"Shell Parasite","floor":19,"turns":5},{"damage":16,"enemies":"Snecko","floor":20,"turns":4},{"damage":14,"enemies":"3 Cultists","floor":22,"turns":6},{"damage":23,"enemies":"Gremlin Leader","floor":25,"turns":7},{"damage":0,"enemies":"Book of Stabbing","floor":29,"turns":7},{"damage":0,"enemies":"Sentry and Sphere","floor":30,"turns":7},{"damage":3,"enemies":"Shelled Parasite and Fungi","floor":31,"turns":7},{"damage":39,"enemies":"Champ","floor":33,"turns":14}],"seed_played":"3572454624629162609","potions_obtained":[{"floor":6,"key":"EntropicBrew"},{"floor":8,"key":"SpeedPotion"},{"floor":13,"key":"Poison Potion"},{"floor":25,"key":"EssenceOfSteel"},{"floor":29,"key":"ColorlessPotion"}],"is_trial":false,"path_per_floor":["M","?","M","?","$","E","R","E","T","?","M","$","E","?","R","B",null,"M","M","M","$","M","R","?","E","T","?","?","E","M","M","R","B"],"character_chosen":"THE_SILENT","items_purchased":["Acrobatics","Eviscerate","Lee\u0027s Waffle"],"campfire_rested":0,"item_purchase_floors":[5,12,21],"current_hp_per_floor":[63,63,62,62,62,38,38,22,22,43,43,43,20,20,20,15,53,48,47,31,72,58,58,58,35,35,35,35,35,35,32,32,0,0],"gold":261,"neow_bonus":"ONE_RANDOM_RARE_CARD","is_daily":false,"chose_seed":false,"campfire_upgraded":2,"win_rate":0.0,"timestamp":1613056262,"path_taken":["M","?","M","?","$","E","R","E","T","?","M","$","E","?","R","BOSS","M","?","M","$","M","R","?","E","T","?","?","E","M","M","R","BOSS"],"items_purchased_type":["Card","Card","Relic"],"build_version":"2020-12-22","purchased_purges":3,"victory":false,"max_hp_per_floor":[70,65,65,65,65,65,65,65,65,65,65,65,65,65,65,65,65,65,65,65,72,72,72,72,72,72,72,36,36,36,36,36,36,36],"relic_stats":{"Lee\u0027s Waffle":41,"Regal Pillow":0,"counters":[16,94],"Golden Idol":93,"Smiling Mask":125,"Cursed Key":1,"Question Card":3,"Shovel":2,"Ornamental Fan":[48],"Sundial":[6],"obtain_stats":[{"Lee\u0027s Waffle":21,"Regal Pillow":24,"Golden Idol":2,"Oddly Smooth Stone":8,"Smiling Mask":9,"Cursed Key":17,"Question Card":25,"Anchor":6,"Shovel":13,"Ornamental Fan":26,"Sundial":27,"TungstenRod":15,"Unceasing Top":29,"InkBottle":32,"Ring of the Snake":0},{"Lee\u0027s Waffle":10,"Regal Pillow":11,"Golden Idol":1,"Oddly Smooth Stone":4,"Smiling Mask":4,"Cursed Key":7,"Question Card":12,"Anchor":3,"Shovel":6,"Ornamental Fan":12,"Sundial":12,"TungstenRod":6,"Unceasing Top":13,"InkBottle":15,"Ring of the Snake":0},{"Lee\u0027s Waffle":46,"Regal Pillow":52,"Golden Idol":3,"Oddly Smooth Stone":19,"Smiling Mask":19,"Cursed Key":34,"Question Card":59,"Anchor":12,"Shovel":26,"Ornamental Fan":59,"Sundial":59,"TungstenRod":26,"Unceasing Top":66,"InkBottle":80,"Ring of the Snake":0}],"TungstenRod":23,"Unceasing Top":[1],"InkBottle":[8],"Ring of the Snake":[32]},"card_choices":[{"not_picked":["Sucker Punch","Caltrops"],"picked":"Underhanded Strike","floor":1},{"not_picked":["Outmaneuver","Flying Knee"],"picked":"Dagger Spray","floor":3},{"not_picked":["Dodge and Roll","Backflip"],"picked":"Noxious Fumes","floor":6},{"not_picked":["Acrobatics","Dodge and Roll"],"picked":"Prepared","floor":8},{"not_picked":["Dash","Catalyst"],"picked":"Underhanded Strike","floor":11},{"not_picked":["Flying Knee","Flechettes","Deflect"],"picked":"SKIP","floor":13},{"not_picked":["Night Terror","Doppelganger"],"picked":"Adrenaline","floor":16},{"not_picked":["Poisoned Stab","Slice"],"picked":"Blur","floor":18},{"not_picked":["Blade Dance","Eviscerate","Quick Slash"],"picked":"SKIP","floor":19},{"not_picked":["Underhanded Strike","A Thousand Cuts","Quick Slash"],"picked":"SKIP","floor":20},{"not_picked":["All Out Attack+1","Escape Plan"],"picked":"Crippling Poison","floor":22},{"not_picked":["Storm of Steel","Dodge and Roll"],"picked":"Expertise","floor":25},{"not_picked":["Underhanded Strike","Leg Sweep+1","Deflect"],"picked":"Well Laid Plans+1","floor":29},{"not_picked":["Deadly Poison","Blade Dance","Bane"],"picked":"Wraith Form v2","floor":30},{"not_picked":["Tactician","Cloak And Dagger","Concentrate"],"picked":"Acrobatics","floor":31}],"player_experience":6174537,"relics_obtained":[{"floor":6,"key":"Anchor"},{"floor":8,"key":"Oddly Smooth Stone"},{"floor":9,"key":"Smiling Mask"},{"floor":13,"key":"Shovel"},{"floor":15,"key":"TungstenRod"},{"floor":25,"key":"Question Card"},{"floor":26,"key":"Ornamental Fan"},{"floor":29,"key":"Unceasing Top"},{"floor":32,"key":"InkBottle"}],"event_choices":[{"damage_healed":0,"gold_gain":0,"player_choice":"Lose Max HP","damage_taken":0,"relics_obtained":["Golden Idol"],"max_hp_gain":0,"max_hp_loss":5,"event_name":"Golden Idol","floor":2,"gold_loss":0},{"damage_healed":0,"gold_gain":0,"player_choice":"Grow","damage_taken":0,"max_hp_gain":0,"max_hp_loss":0,"event_name":"Living Wall","floor":4,"gold_loss":0,"cards_upgraded":["Dagger Spray"]},{"damage_healed":21,"gold_gain":0,"player_choice":"Banana","damage_taken":0,"max_hp_gain":0,"max_hp_loss":0,"event_name":"Big Fish","floor":10,"gold_loss":0},{"damage_healed":0,"gold_gain":0,"player_choice":"1 cards matched","damage_taken":0,"max_hp_gain":0,"max_hp_loss":0,"event_name":"Match and Keep!","floor":14,"gold_loss":0,"cards_obtained":["Burst"]},{"damage_healed":0,"gold_gain":0,"player_choice":"Stole Relic","damage_taken":0,"relics_obtained":["Regal Pillow"],"max_hp_gain":0,"max_hp_loss":0,"event_name":"Addict","floor":24,"gold_loss":0,"cards_obtained":["Shame"]},{"damage_healed":0,"gold_gain":0,"player_choice":"Opened","damage_taken":0,"relics_obtained":["Sundial"],"max_hp_gain":0,"max_hp_loss":0,"event_name":"The Mausoleum","floor":27,"gold_loss":0,"cards_obtained":["Writhe"]},{"damage_healed":0,"gold_gain":0,"player_choice":"Became a Ghost","damage_taken":0,"max_hp_gain":0,"max_hp_loss":36,"event_name":"Ghosts","floor":28,"gold_loss":0,"cards_obtained":["Ghostly","Ghostly","Ghostly","Ghostly","Ghostly"]}],"is_beta":false,"boss_relics":[{"not_picked":["WristBlade","Fusion Hammer"],"picked":"Cursed Key"}],"items_purged_floors":[5,12,21],"is_endless":false,"potions_floor_spawned":[6,8,13,18,25,29],"killed_by":"Champ","ascension_level":10}}