{"host":"96nkmeof81a2z72a","time":1613045130,"event":{"mods":["BaseMod","Minty Spire (QoL Compilation)","Quick Restart","StSLib"],"gold_per_floor":[112,187,205,62,12,43,43,70,70,70,99,174,204,53,53,154,154,168,178,178,103,103,130,229,229,229,257,267,293,137,148,148,247,247,258,269,285,301,313,313,339,350,375,375,404,424,454,454,454,454,454,454,5,35,35],"floor_reached":56,"language":"ZHS","playtime":3376,"items_purged":["Strike_R"],"score":1519,"play_id":"d2c10b55-cffb-4e85-8ec9-90305a775a3f","local_time":"20210211200530","is_ascension_mode":true,"campfire_choices":[{"data":"Bash","floor":7.0,"key":"SMITH"},{"floor":10.0,"key":"REST"},{"floor":15.0,"key":"REST"},{"floor":25.0,"key":"RECALL"},{"data":"1","floor":32.0,"key":"LIFT"},{"data":"Whirlwind","floor":40.0,"key":"SMITH"},{"data":"2","floor":44.0,"key":"LIFT"},{"data":"True Grit","floor":49.0,"key":"SMITH"},{"data":"Demon Form","floor":52,"key":"SMITH"}],"circlet_count":0,"master_deck":["Defend_R","Defend_R","Defend_R","Defend_R","Bash+1","Flame Barrier","Dark Embrace","Heavy Blade","Corruption","Ghostly Armor","Exhume","Shrug It Off","Brutality","Evolve","Sentinel+1","Whirlwind+1","Armaments","Armaments+1","Iron Wave","Demon Form+1","Blood for Blood+1","Heavy Blade+1","Shockwave+1","True Grit+1","Entrench","Rampage+1","Exhume","Limit Break","Pummel","True Grit+1"],"relics":["Snecko Eye","StoneCalendar","Oddly Smooth Stone","Turnip","FossilizedHelix","Happy Flower","Bag of Marbles","Runic Dome","Darkstone Periapt","Mango","Girya","Unceasing Top","Bronze Scales","Pen Nib","SlaversCollar","Ancient Tea Set","Nunchaku","Lantern","DollysMirror","InkBottle"],"acts_visited":["Exordium","TheCity","TheBeyond","TheEnding"],"potions_floor_usage":[54,55,55],"damage_taken":[{"damage":0.0,"enemies":"Small Slimes","floor":1.0,"turns":3.0},{"damage":1.0,"enemies":"Cultist","floor":3.0,"turns":3.0},{"damage":24.0,"enemies":"Gremlin Nob","floor":6.0,"turns":5.0},{"damage":24.0,"enemies":"Lagavulin","floor":8.0,"turns":5.0},{"damage":13.0,"enemies":"Gremlin Nob","floor":11.0,"turns":4.0},{"damage":33.0,"enemies":"The Guardian","floor":16.0,"turns":6.0},{"damage":5.0,"enemies":"Chosen","floor":18.0,"turns":3.0},{"damage":0.0,"enemies":"Shell Parasite","floor":19.0,"turns":4.0},{"damage":10.0,"enemies":"Gremlin Leader","floor":23.0,"turns":5.0},{"damage":1.0,"enemies":"Slavers","floor":27.0,"turns":4.0},{"damage":0.0,"enemies":"Snecko","floor":28.0,"turns":3.0},{"damage":2.0,"enemies":"Book of Stabbing","floor":29.0,"turns":3.0},{"damage":0.0,"enemies":"Cultist and Chosen","floor":31.0,"turns":2.0},{"damage":1.0,"enemies":"Collector","floor":33.0,"turns":4.0},{"damage":8.0,"enemies":"3 Darklings","floor":35.0,"turns":4.0},{"damage":0.0,"enemies":"Orb Walker","floor":36.0,"turns":2.0},{"damage":1.0,"enemies":"4 Shapes","floor":37.0,"turns":3.0},{"damage":0.0,"enemies":"Transient","floor":38.0,"turns":5.0},{"damage":3.0,"enemies":"Jaw Worm Horde","floor":39.0,"turns":4.0},{"damage":3.0,"enemies":"Nemesis","floor":41.0,"turns":5.0},{"damage":0.0,"enemies":"3 Darklings","floor":42.0,"turns":2.0},{"damage":0.0,"enemies":"Reptomancer","floor":45.0,"turns":3.0},{"damage":0.0,"enemies":"Maw","floor":46.0,"turns":4.0},{"damage":0.0,"enemies":"Nemesis","floor":47.0,"turns":3.0},{"damage":7.0,"enemies":"Time Eater","floor":50.0,"turns":5.0},{"damage":14,"enemies":"Shield and Spear","floor":54,"turns":4},{"damage":46,"enemies":"The Heart","floor":55,"turns":7}],"seed_played":"-8923456509544200196","potions_obtained":[{"floor":3.0,"key":"PowerPotion"},{"floor":8.0,"key":"SteroidPotion"},{"floor":11.0,"key":"Ancient Potion"},{"floor":27.0,"key":"GamblersBrew"},{"floor":46.0,"key":"Energy Potion"},{"floor":47.0,"key":"GamblersBrew"},{"floor":54,"key":"Weak Potion"}],"is_trial":false,"path_per_floor":["M","?","M","$","?","E","R","E","T","R","E","?","?","$","R","B",null,"M","M","?","?","?","E","?","R","T","E","M","E","$","M","R","B",null,"M","M","M","M","M","R","E","M","T","R","E","M","E","?","R","B",null,"R","$","E","B",null],"character_chosen":"IRONCLAD","items_purchased":["Dark Embrace","Fruit Juice","Bag of Marbles","Pen Nib","DollysMirror","Limit Break","Pummel"],"campfire_rested":2,"item_purchase_floors":[4,4,14,30,53,53,53],"current_hp_per_floor":[80,72,71,71,71,52,52,28,28,53,40,29,29,29,54,21,85,80,80,80,80,80,84,84,84,84,83,83,81,81,81,81,80,99,91,91,90,90,87,87,84,84,84,84,84,84,84,84,84,77,99,99,99,85,39],"gold":35,"neow_bonus":"BOSS_RELIC","is_daily":false,"chose_seed":false,"campfire_upgraded":4,"win_rate":0.0,"timestamp":1613045130,"path_taken":["M","?","?","$","?","E","R","E","T","R","E","?","?","?","R","BOSS","M","M","?","?","?","E","?","R","T","E","?","E","?","M","R","BOSS","M","M","M","M","M","R","E","M","T","R","E","M","E","?","R","BOSS","R","$","E","BOSS"],"items_purchased_type":["Card","Potion","Relic","Relic","Relic","Card","Card"],"build_version":"2020-12-22","purchased_purges":1,"victory":true,"max_hp_per_floor":[80,80,80,80,80,85,85,85,85,85,85,85,85,85,85,85,85,85,85,85,85,85,99,99,99,99,99,99,99,99,99,99,99,99,99,99,99,99,99,99,99,99,99,99,99,99,99,99,99,99,99,99,99,99,99],"card_choices":[{"not_picked":["Heavy Blade","Havoc"],"picked":"Flame Barrier","floor":1.0},{"not_picked":["Perfected Strike","Cleave"],"picked":"Heavy Blade","floor":6.0},{"not_picked":["Searing Blow","Iron Wave"],"picked":"Corruption","floor":8.0},{"not_picked":["Cleave","Heavy Blade"],"picked":"Ghostly Armor","floor":11.0},{"not_picked":["Berserk","Impervious"],"picked":"Exhume","floor":16.0},{"not_picked":["Anger","Twin Strike","Cleave"],"picked":"SKIP","floor":18.0},{"not_picked":["Clothesline","True Grit"],"picked":"Shrug It Off","floor":19.0},{"not_picked":["Anger+1","Wild Strike"],"picked":"Sentinel+1","floor":23.0},{"not_picked":["Blood for Blood+1","Armaments"],"picked":"Whirlwind","floor":27.0},{"not_picked":["Burning Pact","Blood for Blood"],"picked":"Armaments","floor":28.0},{"not_picked":["Ghostly Armor","Dark Embrace"],"picked":"Armaments+1","floor":29.0},{"not_picked":["Rage","Armaments"],"picked":"Iron Wave","floor":31.0},{"not_picked":["Impervious","Berserk"],"picked":"Demon Form","floor":33.0},{"not_picked":["Clothesline+1","Wild Strike","Seeing Red+1"],"picked":"SKIP","floor":35.0},{"not_picked":["Clothesline+1","Wild Strike","Seeing Red+1"],"picked":"SKIP","floor":35.0},{"not_picked":["Rage","Searing Blow"],"picked":"Blood for Blood+1","floor":36.0},{"not_picked":["Intimidate+1","Dropkick+1","Perfected Strike"],"picked":"SKIP","floor":37.0},{"not_picked":["Thunderclap+1","Infernal Blade+1"],"picked":"Heavy Blade+1","floor":38.0},{"not_picked":["Flex+1","Uppercut"],"picked":"Shockwave+1","floor":39.0},{"not_picked":["Heavy Blade","Power Through"],"picked":"True Grit","floor":41.0},{"not_picked":["Bloodletting+1","Armaments"],"picked":"Entrench","floor":42.0},{"not_picked":["Cleave+1","Rage+1"],"picked":"Rampage+1","floor":45.0},{"not_picked":["Warcry+1","Evolve","Metallicize"],"picked":"SKIP","floor":46.0},{"not_picked":["Reckless Charge+1","Hemokinesis","Havoc"],"picked":"SKIP","floor":47.0},{"not_picked":["Cleave","Whirlwind"],"picked":"True Grit+1","floor":54}],"player_experience":567843,"relics_obtained":[{"floor":6.0,"key":"StoneCalendar"},{"floor":8.0,"key":"Oddly Smooth Stone"},{"floor":9.0,"key":"Turnip"},{"floor":11.0,"key":"FossilizedHelix"},{"floor":23.0,"key":"Mango"},{"floor":26.0,"key":"Girya"},{"floor":27.0,"key":"Unceasing Top"},{"floor":29.0,"key":"Bronze Scales"},{"floor":41.0,"key":"Ancient Tea Set"},{"floor":45.0,"key":"Nunchaku"},{"floor":47.0,"key":"Lantern"},{"floor":54,"key":"InkBottle"}],"event_choices":[{"damage_healed":0.0,"max_hp_gain":0.0,"max_hp_loss":0.0,"gold_gain":75.0,"event_name":"FaceTrader","player_choice":"Touch","floor":2.0,"gold_loss":0.0,"damage_taken":8.0},{"cards_removed":["Strike_R"],"damage_healed":0.0,"max_hp_gain":0.0,"max_hp_loss":0.0,"gold_gain":0.0,"event_name":"The Cleric","player_choice":"Card Removal","floor":5.0,"gold_loss":50.0,"damage_taken":0.0},{"damage_healed":0.0,"max_hp_gain":0.0,"max_hp_loss":0.0,"gold_gain":75.0,"event_name":"World of Goop","player_choice":"Gather Gold","floor":12.0,"gold_loss":0.0,"damage_taken":11.0},{"damage_healed":0.0,"max_hp_gain":0.0,"max_hp_loss":0.0,"gold_gain":30.0,"event_name":"Dead Adventurer","player_choice":"Searched \u00273\u0027 times","floor":13.0,"gold_loss":0.0,"damage_taken":0.0,"relics_obtained":["Happy Flower"]},{"damage_healed":0.0,"max_hp_gain":0.0,"max_hp_loss":0.0,"gold_gain":0.0,"cards_transformed":["Strike_R","Strike_R"],"event_name":"Drug Dealer","player_choice":"Became Test Subject","floor":20.0,"gold_loss":0.0,"damage_taken":0.0,"cards_obtained":["Brutality","Evolve"]},{"cards_removed":["Strike_R"],"damage_healed":0.0,"max_hp_gain":0.0,"max_hp_loss":0.0,"gold_gain":0.0,"event_name":"Beggar","player_choice":"Gave Gold","floor":21.0,"gold_loss":75.0,"damage_taken":0.0},{"damage_healed":0.0,"max_hp_gain":0.0,"max_hp_loss":0.0,"gold_gain":0.0,"event_name":"The Mausoleum","player_choice":"Opened","floor":22.0,"gold_loss":0.0,"damage_taken":0.0,"relics_obtained":["Darkstone Periapt"]},{"damage_healed":0.0,"max_hp_gain":0.0,"max_hp_loss":0.0,"gold_gain":99.0,"event_name":"Nest","player_choice":"Stole From Cult","floor":24.0,"gold_loss":0.0,"damage_taken":0.0},{"damage_healed":0.0,"max_hp_gain":0.0,"max_hp_loss":0.0,"gold_gain":0.0,"event_name":"Tomb of Lord Red Mask","player_choice":"Ignored","floor":48.0,"gold_loss":0.0,"damage_taken":0.0}],"is_beta":false,"boss_relics":[{"not_picked":["Ectoplasm","Tiny House"],"picked":"Runic Dome"},{"not_picked":["Pandora\u0027s Box","SacredBark"],"picked":"SlaversCollar"}],"items_purged_floors":[53],"is_endless":false,"potions_floor_spawned":[3,8,11,16,23,27,29,38,41,42,46,47,54],"ascension_level":1}}