{"host":"dscols65uipasqd2","time":1613015903,"event":{"mods":["2.2 Compatiblity","AchievementEnabler","Aspiration","BaseMod","Colored Powertips","Downfall","Energized Spire","GifTheSpireLib","Hermit","Hubris","Infinite Spire","JesterMod","Jorbs\u0027s Wanderer Trilogy","Marisa????????","Minty Spire (QoL Compilation)","Rare Cards Sparkle","Replay The Spire","StSLib","Stuff the Spire","The Cursed","The Disciple","The Hierophant","The Judge","The Jungle","The Runesmith","TheFirefly"],"gold_per_floor":[199,213,213,231,231,261,261,280,180,203,203,203,203,228,255,376,376,276,303,303,338,338,338,338,338,372,389,389,389,389],"floor_reached":28,"language":"ENG","playtime":1483,"items_purged":[],"score":298,"play_id":"56242f62-e6c8-409b-a2b9-fe7c7bab6730","local_time":"20210210225823","is_ascension_mode":true,"campfire_choices":[{"floor":9,"key":"REST"},{"floor":11,"key":"REST"},{"floor":13,"key":"RECALL"},{"floor":18,"key":"REST"},{"floor":23,"key":"REST"}],"circlet_count":0,"master_deck":["sneckomod:Strike","sneckomod:Strike","sneckomod:Strike","sneckomod:Defend","sneckomod:Defend","sneckomod:Defend","sneckomod:TailWhip","sneckomod:SnekBite","sneckomod:Unknown","sneckomod:Unknown","sneckomod:UnknownUncommonAttack","sneckomod:Unknown1Cost","sneckomod:UnendingSupply","sneckomod:CheapStock","sneckomod:UnknownUncommonAttack","sneckomod:SoulDraw","sneckomod:UnknownDraw","sneckomod:UnknownCommonAttack","sneckomod:SoulExchange","sneckomod:Mudshield","sneckomod:DefensiveFlair+1","sneckomod:UnknownDexterity+1","Chrysalis","Sadistic Nature","Bandage Up","sneckomod:SoulRoll+1","sneckomod:UnknownClassRED"],"relics":["hubris:VirtuousBlindfold","aspiration:SilentSkillbook","infinitespire:WardingShard","HornCleat","hubris:Metronome","ReplayTheSpireMod:ShopPack","Art of War","infinitespire:Chaos","hubris:64BitClover"],"acts_visited":["Exordium","TheCity"],"potions_floor_usage":[6,16,16,21,26],"damage_taken":[{"damage":0,"enemies":"Small Slimes","floor":2,"turns":3},{"damage":0,"enemies":"Cultist","floor":4,"turns":3},{"damage":32,"enemies":"Gremlin Nob","floor":6,"turns":4},{"damage":20,"enemies":"Jaw Worm","floor":8,"turns":4},{"damage":20,"enemies":"Blue Slaver","floor":10,"turns":3},{"damage":10,"enemies":"Lots of Slimes","floor":14,"turns":2},{"damage":6,"enemies":"Blue Slaver","floor":15,"turns":4},{"damage":45,"enemies":"IC_STATUS_ARCHETYPE","floor":16,"turns":10},{"damage":31,"enemies":"Spheric Guardian","floor":19,"turns":5},{"damage":56,"enemies":"3 Cultists","floor":21,"turns":5},{"damage":13,"enemies":"Slavers","floor":26,"turns":2},{"damage":22,"enemies":"Sentry and Sphere","floor":27,"turns":4},{"damage":14,"enemies":"Shelled Parasite and Fungi","floor":28,"turns":1}],"seed_played":"-3926601710993834662","potions_obtained":[{"floor":4,"key":"Fire Potion"},{"floor":6,"key":"Elixir"},{"floor":10,"key":"Reflective Coating"},{"floor":16,"key":"Reflective Coating"},{"floor":19,"key":"SneckoOil"},{"floor":20,"key":"CultistPotion"},{"floor":21,"key":"SneckoOil"}],"is_trial":false,"path_per_floor":["R","M","?","M","?","E","T","M","R","M","R","?","R","M","M","B",null,"R","M","?","M","?","R","T","AVR","E","M","M"],"character_chosen":"THE_SNECKO","items_purchased":[],"campfire_rested":4,"item_purchase_floors":[],"current_hp_per_floor":[90,90,90,90,90,58,58,38,65,45,72,72,72,62,56,11,70,90,59,59,3,3,30,30,30,17,3,0,0,0],"gold":389,"neow_bonus":"THREE_CARDS","is_daily":false,"chose_seed":false,"campfire_upgraded":0,"win_rate":0.0,"timestamp":1613015903,"path_taken":["R","M","?","M","?","E","T","M","R","M","R","?","R","M","M","BOSS","R","M","?","M","?","R","T","AVR","E","M","M"],"items_purchased_type":[],"build_version":"2020-12-22","purchased_purges":0,"victory":false,"max_hp_per_floor":[90,90,90,90,90,90,90,90,90,90,90,90,90,90,90,90,90,90,90,90,90,90,90,90,90,90,90,90,90,90],"card_choices":[{"not_picked":["sneckomod:SoulRoll","sneckomod:Unknown0Cost"],"picked":"sneckomod:UnknownUncommonAttack","floor":0},{"not_picked":["sneckomod:SoulDraw","sneckomod:UnknownBlock"],"picked":"sneckomod:Unknown1Cost","floor":2},{"not_picked":["sneckomod:UnknownUncommonAttack","sneckomod:Unknown1Cost"],"picked":"sneckomod:UnendingSupply","floor":4},{"not_picked":["sneckomod:Mudshield","sneckomod:Unknown1Cost"],"picked":"sneckomod:CheapStock","floor":6},{"not_picked":["sneckomod:UnknownUncommonSkill","sneckomod:QuickMove"],"picked":"sneckomod:UnknownUncommonAttack","floor":8},{"not_picked":["sneckomod:DiceCrush","sneckomod:SoulCleanse"],"picked":"sneckomod:SoulDraw","floor":10},{"not_picked":["sneckomod:UnknownExhaust","sneckomod:DiceBoulder"],"picked":"sneckomod:UnknownCommonAttack","floor":14},{"not_picked":["sneckomod:UnknownDexterity","sneckomod:RainOfDice"],"picked":"sneckomod:SoulExchange","floor":15},{"not_picked":["sneckomod:Restock","sneckomod:UnknownBoss"],"picked":"sneckomod:Mudshield","floor":16},{"not_picked":["sneckomod:SoulDraw+1","sneckomod:UnknownDraw"],"picked":"sneckomod:DefensiveFlair+1","floor":19},{"not_picked":["sneckomod:TrashToTreasure","sneckomod:UnknownCommonAttack"],"picked":"sneckomod:UnknownDexterity+1","floor":21},{"not_picked":["Mayhem","ReplayTheSpireMod:Brewmster","ReplayUltimateDefense"],"picked":"Chrysalis","floor":25},{"not_picked":["Chrysalis","Madness","StuffTheSpire:PlasmaPunch"],"picked":"Sadistic Nature","floor":25},{"not_picked":["Replay:Bootleg Shield Generator","StuffTheSpire:PlasmaPunch","Survey Options"],"picked":"Bandage Up","floor":25},{"not_picked":["sneckomod:SerpentMind","sneckomod:WideSting","Reflex"],"picked":"sneckomod:SoulRoll+1","floor":26},{"not_picked":["sneckomod:QuickMove","StuffTheSpire:ClusterCrunch+1","Dodge and Roll"],"picked":"sneckomod:UnknownClassRED","floor":27}],"player_experience":626752,"relics_obtained":[{"floor":6,"key":"Ice Cream"},{"floor":7,"key":"Replay:Bandana"},{"floor":26,"key":"hubris:64BitClover"}],"event_choices":[],"is_beta":false,"boss_relics":[{"not_picked":["Snecko Eye","Busted Crown"],"picked":"aspiration:SecretTechniqueScroll"}],"items_purged_floors":[],"is_endless":false,"potions_floor_spawned":[4,6,10,16,19,21],"killed_by":"Shelled Parasite and Fungi","ascension_level":5}}