{"host":"xp27heuvanyklt0b","time":1613052371,"event":{"mods":["100% Spire Juice","BaseMod","CapriCore","Lobotomy","Minty Spire (QoL Compilation)","StSLib"],"gold_per_floor":[363,131,143,156,156,156,189,199,199,199,229,245,271,290,290,395,395,407,75,92,109,124,124,135,147,147,162,180,194,194,212,212,317,317,337,82,98,148,0,0,35,35,89,103,115,129,129,129,129,129,129],"floor_reached":50,"language":"KOR","playtime":3740,"items_purged":[],"score":642,"play_id":"efd929c2-decb-4d48-aa30-84937f84c509","local_time":"20210211230611","is_ascension_mode":false,"campfire_choices":[{"floor":49,"key":"REST"}],"circlet_count":0,"master_deck":["SpecialBullet","SpecialBullet","SpecialBullet","SpecialBullet","SpecialBullet","DisciplinaryCode","SecurityCode","InformationCode","UniverseFragment","Gaze","ScreamingWedge","Regret_ego","Horn","RapturousDream","Bloodbath","OldLady","Penitence","TrainingCode","CherryBlossoms","SolemnVow","GrinderMk4","MHz","FourthMatchFlame","RedShoes","CherryBlossom","OSAHOGD","Moonlight","LongBird","ParadiseLost","BeautyBeast","Wingbeat","FeatherOfHonor","Diffraction","FourthMatchFlame","LittleHelper","Spore","RapturousDream+1","Variant","Hypocrisy+1","DespairKnight","RedEyes","WristCuter","Horn","Gaze","Wellcheers","Harmony","GreedKing","SomewhereSpear+1","BlackSwan","Twilight","Horn","CherryBlossom+1","BearPaw+1","CentralCode","CherryBlossom","DreamingCurrent","Penitence+1","Lamp","SpecialBullet","MagicBullet","BlackArmy","TheSmile","FourthMatchFlame+1","RecordCode"],"relics":["CogitoBucket","RabbitCall","Question Card","Ginger","AspirationHeart","Boot","SlaversCollar","Medical Kit","SkinProphecy","Shuriken","Theresia","Runic Dome","Gremlin Horn","Prayer Wheel","Red Mask","Happy Flower","Vajra"],"acts_visited":["Exordium","TheCity","TheBeyond"],"potions_floor_usage":[2,16,21,25,25,37,37,44],"damage_taken":[{"damage":10,"enemies":"Small Slimes","floor":1,"turns":2},{"damage":3,"enemies":"Jaw Worm","floor":3,"turns":3},{"damage":0,"enemies":"2 Louse","floor":4,"turns":4},{"damage":22,"enemies":"3 Sentries","floor":7,"turns":9},{"damage":13,"enemies":"Looter","floor":8,"turns":3},{"damage":11,"enemies":"Lagavulin","floor":11,"turns":7},{"damage":44,"enemies":"3 Louse","floor":12,"turns":10},{"damage":24,"enemies":"Exordium Wildlife","floor":14,"turns":4},{"damage":17,"enemies":"Slime Boss","floor":16,"turns":8},{"damage":3,"enemies":"3 Byrds","floor":18,"turns":7},{"damage":20,"enemies":"2 Thieves","floor":20,"turns":3},{"damage":54,"enemies":"Centurion and Healer","floor":21,"turns":11},{"damage":6,"enemies":"Snake Plant","floor":22,"turns":5},{"damage":27,"enemies":"Chosen and Byrds","floor":24,"turns":6},{"damage":42,"enemies":"3 Cultists","floor":25,"turns":5},{"damage":14,"enemies":"Sentry and Sphere","floor":27,"turns":6},{"damage":50,"enemies":"Centurion and Healer","floor":28,"turns":9},{"damage":12,"enemies":"Snake Plant","floor":29,"turns":4},{"damage":3,"enemies":"Snecko","floor":31,"turns":4},{"damage":43,"enemies":"Collector","floor":33,"turns":7},{"damage":17,"enemies":"3 Shapes","floor":35,"turns":2},{"damage":0,"enemies":"Orb Walker","floor":37,"turns":1},{"damage":11,"enemies":"Mind Bloom Boss Battle","floor":38,"turns":6},{"damage":24,"enemies":"Nemesis","floor":41,"turns":9},{"damage":45,"enemies":"Writhing Mass","floor":44,"turns":5},{"damage":15,"enemies":"Sphere and 2 Shapes","floor":45,"turns":3},{"damage":21,"enemies":"Jaw Worm Horde","floor":46,"turns":3},{"damage":139,"enemies":"FixerMidnight","floor":50,"turns":7}],"seed_played":"-8480803660193393366","potions_obtained":[{"floor":1,"key":"ColorlessPotion"},{"floor":8,"key":"EssenceOfSteel"},{"floor":12,"key":"SteroidPotion"},{"floor":16,"key":"GamblersBrew"},{"floor":24,"key":"Fire Potion"},{"floor":29,"key":"Fire Potion"},{"floor":31,"key":"ColorlessPotion"},{"floor":35,"key":"Ancient Potion"},{"floor":37,"key":"AttackPotion"},{"floor":38,"key":"Dexterity Potion"}],"is_trial":false,"path_per_floor":["M","$","M","M","?","R","E","M","T","R","E","M","T","M","R","B",null,"M","$","M","M","M","R","M","M","T","M","M","M","R","M","R","B",null,"M","$","M","?","?","R","E","R","T","M","M","M","R","?","R","B"],"character_chosen":"Angela","items_purchased":["ScreamingWedge","Regret_ego","Horn","Fruit Juice","FeatherOfHonor","Diffraction","FourthMatchFlame","Medical Kit","Gremlin Horn"],"campfire_rested":1,"item_purchase_floors":[2,2,2,2,19,19,19,19,36],"current_hp_per_floor":[61,66,68,68,73,73,60,56,56,56,59,37,37,26,26,23,83,83,83,75,35,37,37,34,20,20,47,47,61,61,89,89,97,105,106,106,109,115,115,115,117,117,117,106,36,47,47,47,84,0,0],"gold":129,"neow_bonus":"TWO_FIFTY_GOLD","is_daily":false,"chose_seed":false,"campfire_upgraded":0,"win_rate":0.0,"timestamp":1613052371,"path_taken":["M","$","M","M","?","R","E","M","T","R","E","M","?","M","R","BOSS","M","$","M","M","M","R","M","M","T","M","M","M","R","M","R","BOSS","M","$","M","?","?","R","E","R","T","M","M","M","R","?","R","BOSS"],"items_purchased_type":["Card","Card","Card","Potion","Card","Card","Card","Relic","Relic"],"build_version":"2020-12-22","purchased_purges":0,"victory":false,"max_hp_per_floor":[63,68,68,68,73,73,73,73,73,73,73,83,83,83,83,83,83,83,83,83,83,85,85,87,89,89,91,95,97,97,99,99,105,105,107,107,109,115,115,115,117,117,117,123,125,131,131,124,124,126,126],"card_choices":[{"not_picked":["BigBird","SpiderBud"],"picked":"UniverseFragment","floor":1},{"not_picked":["TodaysExpression"],"picked":"Gaze","floor":1},{"not_picked":["Beak"],"picked":"RapturousDream","floor":3},{"not_picked":["WallGazer","PunishingBird"],"picked":"Bloodbath","floor":3},{"not_picked":["LittlePrince","MeatLantern"],"picked":"OldLady","floor":4},{"not_picked":["CUTE"],"picked":"Penitence","floor":4},{"not_picked":["Murderer","ShyLook"],"picked":"CherryBlossoms","floor":7},{"not_picked":["Loneliness"],"picked":"SolemnVow","floor":7},{"not_picked":["Beak","Soda"],"picked":"GrinderMk4","floor":8},{"not_picked":["CrumblingArmor","FairyFestival"],"picked":"MHz","floor":11},{"not_picked":["Tough","Lantern"],"picked":"FourthMatchFlame","floor":11},{"not_picked":["BeautyBeast","VoidDream"],"picked":"RedShoes","floor":12},{"not_picked":["Soda","CUTE"],"picked":"CherryBlossom","floor":12},{"not_picked":["MeatLantern","WallGazer"],"picked":"OSAHOGD","floor":14},{"not_picked":["BearPaw","RedEyes"],"picked":"Moonlight","floor":14},{"not_picked":["QueenBee","Scarecrow"],"picked":"LongBird","floor":16},{"not_picked":["SoundOfStar","DaCapo"],"picked":"ParadiseLost","floor":16},{"not_picked":["MeatLantern","BigBadWolf"],"picked":"BeautyBeast","floor":18},{"not_picked":["Tough+1","Penitence"],"picked":"Wingbeat","floor":18},{"not_picked":["Laetitia","GreedKing"],"picked":"LittleHelper","floor":20},{"not_picked":["TodaysExpression","Horn"],"picked":"Spore","floor":20},{"not_picked":["Horn","DaCapo"],"picked":"RapturousDream+1","floor":21},{"not_picked":["MeatLantern","DespairKnight"],"picked":"Variant","floor":22},{"not_picked":["Reverberation","Amita"],"picked":"Hypocrisy+1","floor":22},{"not_picked":["LaLuna","PunishingBird"],"picked":"DespairKnight","floor":24},{"not_picked":["Harmony","CUTE+1"],"picked":"RedEyes","floor":24},{"not_picked":["SomewhereSpear","Loneliness"],"picked":"WristCuter","floor":25},{"not_picked":["Loneliness","WristCuter"],"picked":"Horn","floor":27},{"not_picked":["RedEyes","CUTE"],"picked":"Gaze","floor":28},{"not_picked":["QueenOfHatred","ShyLook"],"picked":"Wellcheers","floor":29},{"not_picked":["RedEyes","Lantern"],"picked":"Harmony","floor":29},{"not_picked":["BigBird","HeroicMonk"],"picked":"GreedKing","floor":31},{"not_picked":["Wingbeat+1","RedEyes"],"picked":"SomewhereSpear+1","floor":31},{"not_picked":["MeatLantern","HeroicMonk"],"picked":"BlackSwan","floor":33},{"not_picked":["Adoration","CENSORED_ego"],"picked":"Twilight","floor":33},{"not_picked":["Harmony","CUTE+1"],"picked":"Horn","floor":35},{"not_picked":["Penitence+1","FeatherOfHonor+1"],"picked":"CherryBlossom+1","floor":37},{"not_picked":["SpiderBud","ShyLook"],"picked":"Yin","floor":38},{"not_picked":["Lantern","BlueScar"],"picked":"BearPaw+1","floor":38},{"not_picked":["SomewhereSpear","Tough+1"],"picked":"CherryBlossom","floor":41},{"not_picked":["NakedNest","Woodsman"],"picked":"DreamingCurrent","floor":44},{"not_picked":["CUTE","TodaysExpression+1"],"picked":"Penitence+1","floor":44},{"not_picked":["CUTE+1","Noise"],"picked":"Lamp","floor":44},{"not_picked":["Penitence","CUTE"],"picked":"MagicBullet","floor":45},{"not_picked":["CUTE","Beak","WristCuter+1"],"picked":"SKIP","floor":45},{"not_picked":["SilentOrchestra","WhitesApple"],"picked":"BlackArmy","floor":46},{"not_picked":["TodaysExpression","CrimsonScar+1"],"picked":"TheSmile","floor":46},{"not_picked":["Tough+1","Laetitia_ego+1"],"picked":"FourthMatchFlame+1","floor":46}],"player_experience":229401,"relics_obtained":[{"floor":7,"key":"Question Card"},{"floor":11,"key":"Ginger"},{"floor":13,"key":"Boot"},{"floor":26,"key":"Shuriken"},{"floor":38,"key":"Prayer Wheel"},{"floor":41,"key":"Happy Flower"},{"floor":43,"key":"Vajra"}],"event_choices":[{"damage_healed":0,"gold_gain":0,"player_choice":"Donut","damage_taken":0,"max_hp_gain":5,"max_hp_loss":0,"event_name":"Big Fish","floor":5,"gold_loss":0},{"damage_healed":0,"gold_gain":0,"player_choice":"Fight","damage_taken":0,"max_hp_gain":0,"max_hp_loss":0,"event_name":"MindBloom","floor":38,"gold_loss":0},{"damage_healed":0,"gold_gain":0,"player_choice":"Paid","damage_taken":0,"relics_obtained":["Red Mask"],"max_hp_gain":0,"max_hp_loss":0,"event_name":"Tomb of Lord Red Mask","floor":39,"gold_loss":148},{"damage_healed":0,"gold_gain":0,"player_choice":"Max HP","damage_taken":0,"max_hp_gain":0,"max_hp_loss":7,"event_name":"Winding Halls","floor":48,"gold_loss":0}],"is_beta":false,"boss_relics":[{"not_picked":["Sozu","Philosopher\u0027s Stone"],"picked":"SlaversCollar"},{"not_picked":["Snecko Eye","Runic Pyramid"],"picked":"Runic Dome"}],"items_purged_floors":[],"is_endless":false,"potions_floor_spawned":[1,8,12,16,18,24,29,31,35,37,38],"killed_by":"FixerMidnight","ascension_level":0}}