{"host":"hpn0uxah5qjr7pa6","time":1613013629,"event":{"mods":["2.2 Compatiblity","Act Like it!","Aspiration","BaseMod","Better Third Choice","BetterRewards","Challenge The Spire","Colored Powertips","Conspire","DeckTracker","Downfall","Energized Spire","Hallownest","Hermit","Highlight Path","Hubris","Infinite Spire","Minty Spire (QoL Compilation)","Permanent Neow","Quick Restart","Rare Cards Sparkle","Replay The Spire","Spicy Shops","StSLib","The Bug Knight","The Jungle"],"gold_per_floor":[199,210,195,207,71,86,159,159,159,169,189,207,207,217,232,333,333,333,344,359,344,344,344,344,361,361,375,394,394,424,524,541,636,636,636,655,666,681,681,695,695,712,712,745,755,706,706,706,718,718],"floor_reached":51,"language":"ENG","playtime":1714,"items_purged":[],"score":1090,"play_id":"be266979-18b2-4bf6-9c6e-3deddecffbe3","local_time":"20210210192029","is_ascension_mode":true,"campfire_choices":[{"floor":8,"key":"REST"},{"data":"bronze:ChosenStrike","floor":18,"key":"SMITH"},{"data":"bronze:ChosenStrike","floor":23,"key":"SMITH"},{"floor":26,"key":"REST"},{"floor":29,"key":"REST"},{"data":"bronze:Branch","floor":35,"key":"SMITH"},{"data":"bronze:OilSpill","floor":43,"key":"SMITH"}],"circlet_count":0,"master_deck":["bronze:Strike","bronze:Strike","bronze:Strike","bronze:Strike","bronze:Defend","bronze:Defend","bronze:Defend","bronze:Defend","bronze:Replicate","bronze:Goto","bronze:FollowUp","bronze:ChosenStrike+1","bronze:OilSpill+1","bronze:DigitalCarnage","bronze:ChosenStrike+1","bronze:ChosenStrike+1","bronze:Branch+1","bronze:Branch","bronze:Branch","bronze:OilSpill+1","bronze:OilSpill"],"relics":["bronze:BronzeCore","Replay:Kaleidoscope","Iron Hammer","Cursed Key","infinitespire:PuzzleCube","Durian","hubris:Metronome","Painkiller Herb","hubris:Zylophone","Vajra","HornCleat","aspiration:Nostalgia","m_IronCrown"],"acts_visited":["Exordium","TheCity","TheBeyond"],"potions_floor_usage":[14,16,16,33,49,50],"damage_taken":[{"damage":0,"enemies":"2 Louse","floor":2,"turns":3},{"damage":0,"enemies":"downfall:FleeingMerchant","floor":3,"turns":4},{"damage":4,"enemies":"conspire:RoseBush","floor":4,"turns":4},{"damage":5,"enemies":"downfall:FleeingMerchant","floor":5,"turns":4},{"damage":0,"enemies":"Cultist","floor":6,"turns":1},{"damage":0,"enemies":"Blue Slaver","floor":10,"turns":2},{"damage":7,"enemies":"conspire:2 RoseBushes","floor":11,"turns":2},{"damage":0,"enemies":"Large Slime","floor":12,"turns":3},{"damage":0,"enemies":"Gremlin Gang","floor":14,"turns":2},{"damage":0,"enemies":"3 Louse","floor":15,"turns":1},{"damage":14,"enemies":"DF_ARCHETYPE_STREAMLINE","floor":16,"turns":6},{"damage":0,"enemies":"Spheric Guardian","floor":19,"turns":3},{"damage":0,"enemies":"Shell Parasite","floor":20,"turns":1},{"damage":7,"enemies":"downfall:FleeingMerchant","floor":21,"turns":4},{"damage":0,"enemies":"Snecko","floor":25,"turns":3},{"damage":0,"enemies":"Cultist and Chosen","floor":27,"turns":3},{"damage":13,"enemies":"conspire:HollyBat","floor":28,"turns":7},{"damage":13,"enemies":"conspire:SneckoGhost","floor":30,"turns":3},{"damage":0,"enemies":"SI_SHIV_ARCHETYPE","floor":31,"turns":3},{"damage":0,"enemies":"Snecko","floor":32,"turns":2},{"damage":0,"enemies":"IC_MUSHROOM_ARCHETYPE","floor":33,"turns":4},{"damage":0,"enemies":"3 Darklings","floor":36,"turns":2},{"damage":0,"enemies":"Orb Walker","floor":37,"turns":1},{"damage":0,"enemies":"Jaw Worm Horde","floor":38,"turns":2},{"damage":1,"enemies":"3 Darklings","floor":40,"turns":3},{"damage":0,"enemies":"Maw","floor":42,"turns":3},{"damage":0,"enemies":"HollowMod:StalkingDevout","floor":44,"turns":4},{"damage":16,"enemies":"Writhing Mass","floor":45,"turns":3},{"damage":0,"enemies":"downfall:FleeingMerchant","floor":46,"turns":2},{"damage":0,"enemies":"4 Shapes","floor":49,"turns":3},{"damage":0,"enemies":"SI_POISON_ARCHETYPE","floor":50,"turns":4}],"seed_played":"-7321535520572345661","potions_obtained":[{"floor":2,"key":"Ancient Potion"},{"floor":11,"key":"Block Potion"},{"floor":12,"key":"Adrenaline Potion"},{"floor":14,"key":"Regen Potion"},{"floor":16,"key":"GamblersBrew"},{"floor":19,"key":"Toxic Potion"},{"floor":20,"key":"hexamod:SoulburnPotion"},{"floor":30,"key":"EssenceOfSteel"},{"floor":33,"key":"Guardian:BlockOnCardUsePotion"},{"floor":49,"key":"Adrenaline Potion"}],"is_trial":false,"path_per_floor":["R","M","$","M","$","M","T","R","?","M","M","M","?","M","M","B",null,"R","M","M","$","?","R","T","M","R","M","M","R","E","?","M","B",null,"T","?","?","?","AVR","?","T","?","T","E","?","T","?","?","?","B",null],"character_chosen":"THE_AUTOMATON","items_purchased":["bronze:ChosenStrike","Replay:Kaleidoscope","HornCleat","aspiration:Nostalgia"],"campfire_rested":3,"item_purchase_floors":[5,5,46,46],"current_hp_per_floor":[70,70,70,66,61,61,61,70,70,70,63,63,68,68,68,64,72,72,72,72,65,65,65,65,65,75,75,62,75,62,67,67,67,77,77,77,77,77,77,76,76,76,76,76,60,60,60,60,66,72],"gold":718,"neow_bonus":"HUNDRED_GOLD","is_daily":false,"chose_seed":false,"campfire_upgraded":4,"win_rate":0.0,"timestamp":1613013629,"path_taken":["R","M","$","M","$","M","T","R","?","M","M","M","?","M","M","BOSS","R","M","M","$","?","R","T","M","R","?","M","R","E","?","M","BOSS","T","?","?","?","AVR","?","T","?","T","E","?","T","?","?","?","BOSS"],"items_purchased_type":["Card","Relic","Relic","Relic"],"build_version":"2020-12-22","purchased_purges":0,"victory":true,"max_hp_per_floor":[70,70,70,70,70,70,70,70,70,70,70,70,75,75,75,75,75,75,75,75,75,75,75,75,75,75,75,75,75,75,80,80,80,80,80,80,80,80,80,80,80,80,80,80,80,80,80,80,80,80],"card_choices":[{"not_picked":["bronze:Philosophize","bronze:DarkDash"],"picked":"bronze:FollowUp","floor":2},{"not_picked":["bronze:Overheat","bronze:WhirlingStrike"],"picked":"bronze:ChosenStrike","floor":3},{"not_picked":["bronze:Branch","bronze:BronzeArmor"],"picked":"bronze:OilSpill","floor":4},{"not_picked":["bronze:Constructor","bronze:DarkDash"],"picked":"bronze:DigitalCarnage","floor":5},{"not_picked":["bronze:CutThrough","bronze:Optimize","bronze:WildBeam"],"picked":"SKIP","floor":6},{"not_picked":["bronze:Overheat","bronze:InfiniteLoop","bronze:GetLatest"],"picked":"SKIP","floor":10},{"not_picked":["bronze:Terminator","bronze:Frontload"],"picked":"bronze:Branch","floor":11},{"not_picked":["bronze:Backtrace","bronze:Flail"],"picked":"bronze:Branch","floor":12},{"not_picked":["bronze:ItsAFeature","bronze:ChildClass","bronze:BuggyMess"],"picked":"SKIP","floor":14},{"not_picked":["bronze:CutThrough","bronze:Shell","bronze:Optimize"],"picked":"SKIP","floor":15},{"not_picked":["bronze:WildBeam","bronze:Repulsor","bronze:Frontload+1"],"picked":"SKIP","floor":19},{"not_picked":["bronze:BitShift","bronze:Philosophize"],"picked":"bronze:Branch","floor":20},{"not_picked":["bronze:Frontload+1","bronze:DigitalCarnage","bronze:Shield"],"picked":"SKIP","floor":21},{"not_picked":["bronze:WhirlingStrike","bronze:BugBarrage+1","bronze:DelayedGuard"],"picked":"SKIP","floor":25},{"not_picked":["bronze:MaxOutput","bronze:Iterate","bronze:BitShift+1"],"picked":"SKIP","floor":27},{"not_picked":["bronze:Philosophize","bronze:Library","bronze:WhirlingStrike"],"picked":"SKIP","floor":28},{"not_picked":["bronze:ForceShield+1","bronze:ForLoop","bronze:Iterate+1"],"picked":"SKIP","floor":30},{"not_picked":["bronze:Allocate","bronze:Constructor","bronze:Boost+1"],"picked":"SKIP","floor":32},{"not_picked":["bronze:Overheat","bronze:BuggyMess","bronze:Shield+1"],"picked":"SKIP","floor":36},{"not_picked":["bronze:DigitalCarnage","bronze:Return","bronze:Shield+1"],"picked":"SKIP","floor":37},{"not_picked":["bronze:DelayedGuard","bronze:DarkDash","bronze:BitShift+1"],"picked":"SKIP","floor":38},{"not_picked":["bronze:ChildClass+1","bronze:NullPointer+1"],"picked":"bronze:OilSpill+1","floor":40},{"not_picked":["bronze:DigitalCarnage","bronze:Deprecate+1","bronze:Overheat"],"picked":"SKIP","floor":42},{"not_picked":["bronze:GetLatest","bronze:Boost+1","bronze:WildBeam"],"picked":"SKIP","floor":44},{"not_picked":["bronze:Philosophize+1","bronze:BitShift"],"picked":"bronze:OilSpill","floor":45},{"not_picked":["bronze:HyperBeam","bronze:BuggyMess+1","bronze:BitShift+1"],"picked":"SKIP","floor":46},{"not_picked":["bronze:Turbo+1","bronze:CutThrough","bronze:Allocate+1"],"picked":"SKIP","floor":49}],"player_experience":215960,"relics_obtained":[{"floor":7,"key":"Iron Hammer"},{"floor":30,"key":"infinitespire:PuzzleCube"},{"floor":31,"key":"Durian"},{"floor":31,"key":"hubris:Metronome"},{"floor":44,"key":"Vajra"}],"event_choices":[{"damage_healed":0,"gold_gain":0,"player_choice":"Donut","damage_taken":0,"max_hp_gain":5,"max_hp_loss":0,"event_name":"Big Fish","floor":13,"gold_loss":0}],"is_beta":false,"boss_relics":[{"not_picked":["Honey Jar","aspiration:SecretTechniqueScroll"],"picked":"Cursed Key"},{"not_picked":["Kintsugi","Replay:Fungal Core"],"picked":"Painkiller Herb"}],"items_purged_floors":[],"is_endless":false,"potions_floor_spawned":[2,11,12,14,16,19,20,27,30,31,33,37,45,49],"ascension_level":5}}