{"host":"aapp7ew3jk5k1bvd","time":1613053850,"event":{"mods":["AchievementEnabler","BaseMod","Colored Map","Custom Start","Keyboard Shortcuts","Minty Spire (QoL Compilation)","Permanent Neow","Quick Restart","StSLib","SuperFastMode"],"gold_per_floor":[111,128,53,67,67,101,101,117,117,17,49,49,60,73,73,73,73],"floor_reached":16,"language":"KOR","playtime":501,"items_purged":["Strike_P","Strike_P"],"score":182,"play_id":"db80946b-e0f9-4a86-9586-6fed8c270825","local_time":"20210211233050","is_ascension_mode":true,"campfire_choices":[{"data":"Eruption","floor":7.0,"key":"SMITH"},{"floor":12.0,"key":"REST"},{"data":"Vigilance","floor":15.0,"key":"SMITH"}],"circlet_count":0,"master_deck":["Strike_P","Defend_P","Defend_P","Defend_P","Defend_P","Eruption+1","Vigilance+1","FlurryOfBlows","FlurryOfBlows","FlurryOfBlows","Halt","FlurryOfBlows"],"relics":["PureWater","Centennial Puzzle","Potion Belt","Yang","Gambling Chip"],"acts_visited":["Exordium"],"potions_floor_usage":[16,16],"damage_taken":[{"damage":2.0,"enemies":"Jaw Worm","floor":1.0,"turns":6.0},{"damage":0.0,"enemies":"Cultist","floor":2.0,"turns":2.0},{"damage":2.0,"enemies":"Small Slimes","floor":4.0,"turns":3.0},{"damage":16.0,"enemies":"Gremlin Nob","floor":6.0,"turns":3.0},{"damage":2.0,"enemies":"Exordium Thugs","floor":8.0,"turns":4.0},{"damage":9.0,"enemies":"3 Sentries","floor":11.0,"turns":9.0},{"damage":0.0,"enemies":"Blue Slaver","floor":13.0,"turns":4.0},{"damage":0.0,"enemies":"Exordium Wildlife","floor":14.0,"turns":3.0},{"damage":58,"enemies":"Hexaghost","floor":16,"turns":9}],"seed_played":"7947760298562253298","potions_obtained":[{"floor":1.0,"key":"EntropicBrew"},{"floor":6.0,"key":"EssenceOfSteel"},{"floor":8.0,"key":"BottledMiracle"},{"floor":14.0,"key":"EssenceOfSteel"}],"is_trial":false,"path_per_floor":["M","M","$","M","?","E","R","M","T","$","E","R","M","M","R","B"],"character_chosen":"WATCHER","items_purchased":[],"campfire_rested":1,"item_purchase_floors":[],"current_hp_per_floor":[63,63,63,61,61,45,45,43,43,43,34,55,55,55,55,0,0],"gold":73,"neow_bonus":"RANDOM_COMMON_RELIC","is_daily":false,"chose_seed":false,"campfire_upgraded":2,"win_rate":0.0,"timestamp":1613053850,"path_taken":["M","M","$","M","?","E","R","M","T","?","E","R","M","M","R","BOSS"],"items_purchased_type":[],"build_version":"2020-12-22","purchased_purges":2,"victory":false,"max_hp_per_floor":[72,72,72,72,72,72,72,72,72,72,72,72,72,72,72,72,72],"card_choices":[{"not_picked":["SandsOfTime","WindmillStrike","EmptyBody"],"picked":"SKIP","floor":1.0},{"not_picked":["BattleHymn","BowlingBash"],"picked":"FlurryOfBlows","floor":2.0},{"not_picked":["SignatureMove","CrushJoints","DeceiveReality"],"picked":"SKIP","floor":4.0},{"not_picked":["FollowUp","SignatureMove"],"picked":"FlurryOfBlows","floor":6.0},{"not_picked":["Consecrate","Study","ClearTheMind"],"picked":"SKIP","floor":8.0},{"not_picked":["ClearTheMind","Nirvana"],"picked":"FlurryOfBlows","floor":11.0},{"not_picked":["Crescendo","PathToVictory"],"picked":"Halt","floor":13.0},{"not_picked":["SignatureMove","Establishment"],"picked":"FlurryOfBlows","floor":14.0}],"player_experience":1354489,"relics_obtained":[{"floor":6.0,"key":"Potion Belt"},{"floor":9.0,"key":"Yang"},{"floor":11.0,"key":"Gambling Chip"}],"event_choices":[{"cards_removed":["Strike_P"],"damage_healed":0.0,"max_hp_gain":0.0,"max_hp_loss":0.0,"gold_gain":0.0,"event_name":"Wheel of Change","player_choice":"Card Removal","floor":5.0,"gold_loss":0.0,"damage_taken":0.0}],"is_beta":false,"boss_relics":[],"items_purged_floors":[3,10],"is_endless":false,"potions_floor_spawned":[1,6,8,14],"killed_by":"Hexaghost","ascension_level":8}}