{"host":"kh91mfnoze99ny0y","time":1613052345,"event":{"mods":["Act Like it!","BaseMod","Downfall","Gensokyo","KinomotoSakuraMod(Ä¾Ö®±¾Ó£)","Minty Spire (QoL Compilation)","StSLib","The Bug Knight","The Cursed"],"gold_per_floor":[116,116,126,126,136,136,146,159,211,222,238,268,282,315,315,417,417,435,453,464,464,464,495,113,113,113,13,13,31,45,60,60,165,165,179,190,190,14,32,32,32,32],"floor_reached":41,"language":"ZHS","playtime":3903,"items_purged":["Gensokyo:AllTheWorldsEvil","HollowMod:QuickDashStart"],"score":454,"play_id":"81808eec-4673-4866-91d1-742229b75cfe","local_time":"20210211220545","is_ascension_mode":false,"campfire_choices":[{"data":"HollowMod:FocusHealStart","floor":6,"key":"SMITH"},{"data":"HollowMod:HeavyBlow","floor":15,"key":"SMITH"},{"floor":32,"key":"REST"}],"circlet_count":0,"master_deck":["HollowMod:NailStrikeStart","HollowMod:NailStrikeStart","HollowMod:NailStrikeStart","HollowMod:QuickDashStart","HollowMod:QuickDashStart","HollowMod:QuickDashStart","HollowMod:FocusHealStart+1","HollowMod:PogoStrike","Gensokyo:CrescentMoonSlash","HollowMod:HeavyBlow+1","HollowMod:CycloneSlash","HollowMod:CloakDash","HollowMod:CloakDash","HollowMod:ZotesMagnificence","HollowMod:CloakDash","HollowMod:LifebloodCocoon+1","HollowMod:NewLittleFool","Gensokyo:LittleGreenMen","HollowMod:CloakDash","Injury","HollowMod:DashSlash","HollowMod:SoulSplash","HollowMod:AwokenDreamNail","HollowMod:InfectionAssault+1","HollowMod:NewGlowingWomb","HollowMod:NewGlowingWomb","HollowMod:CornifersMapStart","HollowMod:MawleksShell"],"relics":["HollowMod:KingsSoulRelic","NeowsBlessing","Strawberry","HollowMod:PaleOreRelic","HollowMod:MantisClawRelic","Incense Burner","Cursed Key","Gambling Chip","StoneCalendar","Gensokyo:MosesMiracle","Toy Ornithopter","Unceasing Top"],"acts_visited":["Exordium","Gensokyo:Gensokyo","Gensokyo:Gensokyoer"],"potions_floor_usage":[3,12,12,14,16,23,31,33,41,41],"damage_taken":[{"damage":0,"enemies":"Gensokyo:3_Fairies","floor":1,"turns":2},{"damage":0,"enemies":"Gensokyo:Python","floor":3,"turns":1},{"damage":0,"enemies":"Gensokyo:2_Kodama","floor":5,"turns":1},{"damage":8,"enemies":"Gensokyo:VengefulSpirit","floor":7,"turns":6},{"damage":4,"enemies":"Gensokyo:Python_and_Kodama","floor":8,"turns":4},{"damage":0,"enemies":"Gensokyo:CorruptedTreant","floor":10,"turns":3},{"damage":0,"enemies":"Gensokyo:LivingMonolith","floor":11,"turns":3},{"damage":5,"enemies":"Gensokyo:Aya","floor":12,"turns":5},{"damage":2,"enemies":"Gensokyo:VengefulSpirit","floor":13,"turns":4},{"damage":10,"enemies":"Gensokyo:Mamizou","floor":14,"turns":7},{"damage":54,"enemies":"Gensokyo:Yukari","floor":16,"turns":11},{"damage":2,"enemies":"Gensokyo:2_Gloops","floor":18,"turns":4},{"damage":0,"enemies":"Gensokyo:AngelMirror","floor":19,"turns":2},{"damage":23,"enemies":"Gensokyo:Monolith_and_Dog","floor":20,"turns":8},{"damage":23,"enemies":"Gensokyo:Koishi","floor":23,"turns":7},{"damage":19,"enemies":"Gensokyo:Wraith","floor":29,"turns":5},{"damage":18,"enemies":"Gensokyo:Slime_Group","floor":30,"turns":3},{"damage":0,"enemies":"Gensokyo:Monolith_and_Dog","floor":31,"turns":3},{"damage":55,"enemies":"Gensokyo:Eternal_Rivals","floor":33,"turns":10},{"damage":4,"enemies":"Gensokyo:3_Boulders","floor":35,"turns":5},{"damage":18,"enemies":"Gensokyo:AncientGuardian","floor":36,"turns":7},{"damage":16,"enemies":"Gensokyo:SeedOfUnknown","floor":39,"turns":5},{"damage":33,"enemies":"Gensokyo:Sharpion","floor":41,"turns":5}],"seed_played":"-3711425163760416618","potions_obtained":[{"floor":1,"key":"Guardian:BlockOnCardUsePotion"},{"floor":3,"key":"Fruit Juice"},{"floor":8,"key":"DistilledChaos"},{"floor":11,"key":"Guardian:BlockOnCardUsePotion"},{"floor":14,"key":"Explosive Potion"},{"floor":19,"key":"Fire Potion"},{"floor":20,"key":"bronze:BurnAndBuffPotion"},{"floor":30,"key":"DuplicationPotion"},{"floor":31,"key":"SpeedPotion"},{"floor":36,"key":"LiquidMemories"},{"floor":39,"key":"Fire Potion"}],"is_trial":false,"path_per_floor":["M","?","M","?","M","R","M","M","T","M","M","E","M","E","R","B",null,"M","M","M","?","?","E","$","?","T","$","?","M","M","M","R","B",null,"M","M","?","$","M","?","M"],"character_chosen":"THE_BUGKNIGHT","items_purchased":["StoneCalendar","HollowMod:NewGlowingWomb","HollowMod:CornifersMapStart","HollowMod:MawleksShell"],"campfire_rested":1,"item_purchase_floors":[24,38,38,38],"current_hp_per_floor":[75,64,69,66,66,66,70,66,66,66,72,73,81,77,77,33,87,87,87,70,70,70,53,53,53,53,53,53,40,22,33,56,18,79,79,61,61,61,45,14,0,0],"gold":32,"neow_bonus":"THREE_ENEMY_KILL","is_daily":false,"chose_seed":false,"campfire_upgraded":2,"win_rate":0.0,"timestamp":1613052345,"path_taken":["M","?","M","?","M","R","?","M","T","M","M","E","M","E","R","BOSS","M","M","M","?","?","E","$","?","T","$","?","M","M","M","R","BOSS","M","M","?","$","?","?","M"],"items_purchased_type":["Relic","Card","Card","Card"],"build_version":"2020-12-22","purchased_purges":2,"victory":false,"max_hp_per_floor":[75,75,80,87,87,87,87,87,87,87,87,87,87,87,87,87,87,87,87,87,79,79,79,79,79,79,79,79,79,79,79,79,79,79,79,79,79,79,79,79,79,79],"card_choices":[{"not_picked":["HollowMod:MawleksShell","HollowMod:LifebloodCocoon","HollowMod:DescendingDark"],"picked":"SKIP","floor":1},{"not_picked":["HollowMod:GoodIntentions","HollowMod:MonarchWings","HollowMod:DoubleDash"],"picked":"SKIP","floor":3},{"not_picked":["HollowMod:SiblingsShadow","HollowMod:GoodIntentions"],"picked":"HollowMod:HeavyBlow","floor":5},{"not_picked":["HollowMod:DreamGate","HollowMod:HowlingWraiths"],"picked":"HollowMod:CycloneSlash","floor":7},{"not_picked":["HollowMod:LifebloodCore","HollowMod:DreamGate"],"picked":"HollowMod:CloakDash","floor":8},{"not_picked":["HollowMod:QuirrelsAssistance","HollowMod:DoubleDash"],"picked":"HollowMod:CloakDash","floor":10},{"not_picked":["HollowMod:HowlingWraiths","HollowMod:SoulVessel","HollowMod:LuriensSpire"],"picked":"SKIP","floor":11},{"not_picked":["HollowMod:LifebloodCocoon","HollowMod:WraithStrike","HollowMod:HeavyBlow"],"picked":"SKIP","floor":12},{"not_picked":["HollowMod:InfectedAttack","HollowMod:HowlingWraiths","HollowMod:MonomonsArchive"],"picked":"SKIP","floor":13},{"not_picked":["HollowMod:VengefulVoid","HollowMod:InfectedAttack","HollowMod:MawleksShell"],"picked":"SKIP","floor":14},{"not_picked":["HollowMod:ElderbugsWisdom","HollowMod:AwokenDreamNail"],"picked":"HollowMod:ZotesMagnificence","floor":16},{"not_picked":["HollowMod:GoodIntentions","HollowMod:VengefulSpirit+1"],"picked":"HollowMod:CloakDash","floor":18},{"not_picked":["HollowMod:VengefulVoid+1","HollowMod:SiblingsShadow"],"picked":"HollowMod:LifebloodCocoon+1","floor":19},{"not_picked":["HollowMod:CornifersMapStart+1","HollowMod:RecoilStrike"],"picked":"HollowMod:NewLittleFool","floor":20},{"not_picked":["Gensokyo:RedCapeBlueCape","Gensokyo:LochNessMonster"],"picked":"Gensokyo:LittleGreenMen","floor":21},{"not_picked":["HollowMod:SiblingsShadow+1","HollowMod:CycloneSlash+1"],"picked":"HollowMod:CloakDash","floor":23},{"not_picked":["HollowMod:SoulEater","HollowMod:DungDefenderAura"],"picked":"HollowMod:DashSlash","floor":29},{"not_picked":["HollowMod:SiblingsSouls","HollowMod:WraithStrike"],"picked":"HollowMod:SoulSplash","floor":30},{"not_picked":["HollowMod:InfectedCysts+1","HollowMod:BrokenVessel","HollowMod:ShadowDash+1"],"picked":"SKIP","floor":31},{"not_picked":["HollowMod:theNailsmith","HollowMod:PureVessel"],"picked":"HollowMod:AwokenDreamNail","floor":33},{"not_picked":["HollowMod:FallenFury+1","HollowMod:SiblingsSouls"],"picked":"HollowMod:InfectionAssault+1","floor":35},{"not_picked":["HollowMod:HeavyBlow+1","HollowMod:MonarchWings+1"],"picked":"HollowMod:NewGlowingWomb","floor":36},{"not_picked":["HollowMod:SiblingsSouls","HollowMod:FallenFury+1","HollowMod:InfectionAssault"],"picked":"SKIP","floor":39}],"player_experience":191661,"relics_obtained":[{"floor":9,"key":"HollowMod:PaleOreRelic"},{"floor":12,"key":"HollowMod:MantisClawRelic"},{"floor":14,"key":"Incense Burner"},{"floor":23,"key":"Gambling Chip"},{"floor":26,"key":"Toy Ornithopter"},{"floor":31,"key":"Gensokyo:MosesMiracle"}],"event_choices":[],"is_beta":false,"boss_relics":[{"not_picked":["Ectoplasm","Runic Dome"],"picked":"Cursed Key"},{"not_picked":["Philosopher\u0027s Stone","Sozu"],"picked":"HollowMod:KingsSoulRelic"}],"items_purged_floors":[24,27],"is_endless":false,"potions_floor_spawned":[1,3,8,11,14,19,20,30,31,36,39],"killed_by":"Gensokyo:Sharpion","ascension_level":0}}