{"host":"u0qetpmu4y58k1tf","time":1613040343,"event":{"mods":["100% Spire Juice","AchievementEnabler","Act Like it!","BaseMod","CapriCore","Colored Map","Colored Powertips","Hermit","Koishi","Marisa£¨Ùöéë¡¡Øª×âÞÞ£©","Minty Spire (QoL Compilation)","Quick Restart","Reliquary","Replay The Spire","StSLib","SuperFastMode","Td1madao Mod","The Bug Knight","The Cursed","The Gatherer","The Hierophant","The Immortal","The Jungle","The Runesmith"],"gold_per_floor":[117,167,254,266,294,338,350,382,394,429,441,498,510,522,629,551,551],"floor_reached":16,"language":"KOR","playtime":402,"items_purged":[],"score":160,"play_id":"5680a3df-b27d-4a52-8681-326b20576f32","local_time":"20210211194543","is_ascension_mode":true,"campfire_choices":[{"data":"White Noise","floor":7,"key":"SMITH"},{"data":"Zap","floor":13,"key":"SMITH"}],"circlet_count":0,"master_deck":["Strike_B","Strike_B","Strike_B","Defend_B","Defend_B","Defend_B","Defend_B","Zap+1","Dualcast","Cold Snap","Pain","White Noise+1","Steam Power","ReplayTheSpireMod:Restless Dread","Defragment","Self Repair","Decay"],"relics":["Cracked Core","NeowsBlessing","ReplayTheSpireMod:Ring of Addiction","White Beast Statue","Ring of Greed","Toy Ornithopter","Replay:Bandana","MawBank","Turnip","Runesmith:Nanobots","ReplayTheSpireMod:Shallot"],"acts_visited":["Exordium"],"potions_floor_usage":[5,8,10,12,12,16,16],"damage_taken":[{"damage":0,"enemies":"Jaw Worm","floor":1,"turns":1},{"damage":0,"enemies":"Small Slimes","floor":5,"turns":1},{"damage":3,"enemies":"Lagavulin","floor":6,"turns":1},{"damage":4,"enemies":"Cultist","floor":8,"turns":3},{"damage":10,"enemies":"Red Slaver","floor":10,"turns":4},{"damage":13,"enemies":"Replay:BlueRogue","floor":12,"turns":5},{"damage":44,"enemies":"Slime Boss","floor":16,"turns":8}],"seed_played":"-8122192549687525262","potions_obtained":[{"floor":1,"key":"Energy Potion"},{"floor":2,"key":"LifebloodPotion"},{"floor":2,"key":"Explosive Potion"},{"floor":5,"key":"LiquidBronze"},{"floor":6,"key":"ColorlessPotion"},{"floor":8,"key":"Swift Potion"},{"floor":10,"key":"ColorlessPotion"},{"floor":12,"key":"Languid Potion"}],"is_trial":false,"path_per_floor":["M","?","?","?","M","E","R","M","T","M","T","E","R","$","R_BF","B"],"character_chosen":"DEFECT","items_purchased":[],"campfire_rested":0,"item_purchase_floors":[],"current_hp_per_floor":[75,75,64,64,69,66,66,67,67,62,62,59,59,59,59,25,25],"gold":551,"neow_bonus":"THREE_ENEMY_KILL","is_daily":false,"chose_seed":false,"campfire_upgraded":2,"win_rate":0.0,"timestamp":1613040343,"path_taken":["M","?","?","?","?","E","R","M","T","M","?","E","R","?","R_BF","BOSS"],"items_purchased_type":[],"build_version":"2020-12-22","purchased_purges":0,"victory":false,"max_hp_per_floor":[75,75,75,75,75,75,75,75,75,75,75,75,75,75,75,73,73],"card_choices":[{"not_picked":["Rip and Tear","Turbo"],"picked":"Cold Snap","floor":1},{"not_picked":["Storm","Streamline","Barrage"],"picked":"SKIP","floor":5},{"not_picked":["Coolheaded","Steam"],"picked":"White Noise","floor":6},{"not_picked":["Hello World","Compile Driver"],"picked":"Steam Power","floor":8},{"not_picked":["Steam","Stack"],"picked":"Defragment","floor":10},{"not_picked":["Rebound","Steam"],"picked":"Self Repair","floor":12}],"player_experience":97348,"relics_obtained":[{"floor":2,"key":"ReplayTheSpireMod:Ring of Addiction"},{"floor":2,"key":"White Beast Statue"},{"floor":2,"key":"Ring of Greed"},{"floor":2,"key":"Toy Ornithopter"},{"floor":2,"key":"Replay:Bandana"},{"floor":2,"key":"MawBank"},{"floor":6,"key":"Turnip"},{"floor":11,"key":"Runesmith:Nanobots"},{"floor":12,"key":"ReplayTheSpireMod:Shallot"}],"event_choices":[{"damage_healed":0,"gold_gain":75,"player_choice":"Gather Gold","damage_taken":11,"max_hp_gain":0,"max_hp_loss":0,"event_name":"World of Goop","floor":3,"gold_loss":0}],"is_beta":false,"boss_relics":[],"items_purged_floors":[],"is_endless":false,"potions_floor_spawned":[1,5,6,8,10,12],"killed_by":"Slime Boss","ascension_level":4}}