{"host":"fj5i6t4nkss7815d","time":1613034956,"event":{"mods":["AchievementEnabler","BaseMod","Minty Spire (QoL Compilation)","Quick Restart","Relic Stats"],"gold_per_floor":[110,110,110,6,6,6,45,45,71,87,131,131,171,185,185,278,278,291,291,0,41,41,74,74,74,74,112,112,125,169,185,185,283,283,308,329,49,65,84,84,124,124,124,149,149,172,172,208,208,208],"floor_reached":51,"language":"ENG","playtime":4163,"items_purged":["Strike_G"],"score":1593,"play_id":"2936f2af-ce13-46b0-860f-68117d5f86a5","local_time":"20210211011555","is_ascension_mode":true,"campfire_choices":[{"data":"Neutralize","floor":6.0,"key":"SMITH"},{"data":"All Out Attack","floor":8.0,"key":"SMITH"},{"floor":15.0,"key":"REST"},{"data":"Apotheosis","floor":24.0,"key":"SMITH"},{"data":"After Image","floor":28.0,"key":"SMITH"},{"data":"Infinite Blades","floor":32.0,"key":"SMITH"},{"data":"Acrobatics","floor":40.0,"key":"SMITH"},{"data":"Acrobatics","floor":45.0,"key":"SMITH"},{"data":"Eviscerate","floor":47.0,"key":"SMITH"},{"data":"Panacea","floor":49.0,"key":"SMITH"}],"circlet_count":0,"master_deck":["AscendersBane","Strike_G","Strike_G","Strike_G","Defend_G","Defend_G","Defend_G","Defend_G","Defend_G","Survivor","Neutralize+1","Blade Dance","All Out Attack+1","Underhanded Strike","Corpse Explosion","Acrobatics+1","Infinite Blades+1","PiercingWail","After Image+1","Eviscerate+1","Apotheosis+1","Panacea+1","Catalyst+1","Shame","Caltrops+1","Venomology","Acrobatics+1","After Image+1","Blade Dance","Accuracy+1","Parasite","Sucker Punch+1"],"relics":["Ring of the Snake","NeowsBlessing","Bag of Preparation","White Beast Statue","Golden Idol","Lantern","Orichalcum","Akabeko","Kunai","Runic Pyramid","Red Mask","Potion Belt","Frozen Egg 2","Mummified Hand","Blood Vial","Pear","Busted Crown","PreservedInsect","Singing Bowl","Bottled Flame","Question Card"],"acts_visited":["Exordium","TheCity","TheBeyond"],"potions_floor_usage":[50,50,50],"damage_taken":[{"damage":0.0,"enemies":"Jaw Worm","floor":1.0,"turns":1.0},{"damage":0.0,"enemies":"Gremlin Nob","floor":7.0,"turns":1.0},{"damage":0.0,"enemies":"Small Slimes","floor":10.0,"turns":1.0},{"damage":11.0,"enemies":"Lagavulin","floor":11.0,"turns":5.0},{"damage":21.0,"enemies":"Gremlin Nob","floor":13.0,"turns":4.0},{"damage":0.0,"enemies":"2 Louse","floor":14.0,"turns":1.0},{"damage":6.0,"enemies":"The Guardian","floor":16.0,"turns":10.0},{"damage":5.0,"enemies":"Shell Parasite","floor":18.0,"turns":6.0},{"damage":6.0,"enemies":"Masked Bandits","floor":21.0,"turns":3.0},{"damage":0.0,"enemies":"Gremlin Leader","floor":23.0,"turns":5.0},{"damage":7.0,"enemies":"Slavers","floor":27.0,"turns":3.0},{"damage":1.0,"enemies":"Chosen","floor":29.0,"turns":4.0},{"damage":14.0,"enemies":"Book of Stabbing","floor":30.0,"turns":5.0},{"damage":0.0,"enemies":"Centurion and Healer","floor":31.0,"turns":3.0},{"damage":25.0,"enemies":"Automaton","floor":33.0,"turns":12.0},{"damage":0.0,"enemies":"Orb Walker","floor":35.0,"turns":3.0},{"damage":0.0,"enemies":"3 Shapes","floor":36.0,"turns":4.0},{"damage":0.0,"enemies":"Spire Growth","floor":38.0,"turns":4.0},{"damage":0.0,"enemies":"Writhing Mass","floor":39.0,"turns":6.0},{"damage":6.0,"enemies":"Giant Head","floor":41.0,"turns":6.0},{"damage":3.0,"enemies":"Maw","floor":44.0,"turns":8.0},{"damage":0.0,"enemies":"Sphere and 2 Shapes","floor":46.0,"turns":7.0},{"damage":2.0,"enemies":"Nemesis","floor":48.0,"turns":3.0},{"damage":24,"enemies":"Time Eater","floor":50,"turns":9}],"seed_played":"-7918150656832400882","potions_obtained":[{"floor":7.0,"key":"LiquidMemories"},{"floor":10.0,"key":"Poison Potion"},{"floor":11.0,"key":"LiquidBronze"},{"floor":13.0,"key":"CultistPotion"},{"floor":16.0,"key":"SpeedPotion"},{"floor":18.0,"key":"Energy Potion"},{"floor":21.0,"key":"Poison Potion"},{"floor":23.0,"key":"Regen Potion"},{"floor":27.0,"key":"Strength Potion"},{"floor":29.0,"key":"Weak Potion"},{"floor":30.0,"key":"Energy Potion"},{"floor":31.0,"key":"Strength Potion"},{"floor":33.0,"key":"Energy Potion"},{"floor":35.0,"key":"GamblersBrew"},{"floor":38.0,"key":"LiquidMemories"},{"floor":41.0,"key":"Weak Potion"},{"floor":42.0,"key":"Fruit Juice"},{"floor":42.0,"key":"GhostInAJar"}],"is_trial":false,"path_per_floor":["M","?","T","$","?","R","E","R","T","M","E","?","E","M","R","B",null,"M","?","$","?","$","E","R","?","T","E","R","M","E","M","R","B",null,"M","M","$","M","M","R","E","?","T","M","R","M","R","E","R","B",null],"character_chosen":"THE_SILENT","items_purchased":["Blade Dance","All Out Attack","Apotheosis","Panacea","Accuracy+1","PreservedInsect"],"campfire_rested":1,"item_purchase_floors":[4,4,20,20,37,37],"current_hp_per_floor":[59,41,41,41,41,41,41,41,41,41,30,30,9,9,28,22,55,50,50,50,44,44,44,44,44,44,49,49,50,48,50,50,27,64,66,68,68,70,72,72,68,73,73,74,74,78,78,80,80,58],"gold":208,"neow_bonus":"THREE_ENEMY_KILL","is_daily":false,"chose_seed":false,"campfire_upgraded":9,"win_rate":0.0,"timestamp":1613034955,"path_taken":["M","?","?","?","?","R","E","R","T","M","E","?","E","M","R","BOSS","M","?","$","?","?","E","R","?","T","E","R","M","E","M","R","BOSS","M","M","$","M","M","R","E","?","T","M","R","M","R","E","R","BOSS"],"items_purchased_type":["Card","Card","Card","Card","Card","Relic"],"build_version":"2020-12-22","purchased_purges":1,"victory":true,"max_hp_per_floor":[66,66,66,66,66,66,66,66,66,66,66,66,66,66,66,66,66,66,66,66,66,66,66,66,66,66,66,66,66,76,76,76,76,76,76,76,76,76,76,76,76,81,81,83,83,85,85,87,87,87],"relic_stats":{"Singing Bowl":6,"counters":[24,114],"Golden Idol":170,"PreservedInsect":180,"Bag of Preparation":[46],"Orichalcum":[72],"Question Card":0,"Blood Vial":26,"Busted Crown":16,"Mummified Hand":[65],"Kunai":[72],"obtain_stats":[{"Potion Belt":23,"Lantern":7,"Pear":30,"NeowsBlessing":0,"Singing Bowl":41,"Golden Idol":5,"PreservedInsect":37,"Bag of Preparation":2,"Orichalcum":9,"Frozen Egg 2":25,"Question Card":48,"White Beast Statue":3,"Akabeko":11,"Blood Vial":27,"Bottled Flame":43,"Busted Crown":34,"Mummified Hand":26,"Red Mask":21,"Kunai":13,"Ring of the Snake":0,"Runic Pyramid":17},{"Potion Belt":10,"Lantern":2,"Pear":13,"NeowsBlessing":0,"Singing Bowl":20,"Golden Idol":1,"PreservedInsect":17,"Bag of Preparation":1,"Orichalcum":2,"Frozen Egg 2":10,"Question Card":23,"White Beast Statue":1,"Akabeko":4,"Blood Vial":11,"Bottled Flame":20,"Busted Crown":15,"Mummified Hand":10,"Red Mask":9,"Kunai":5,"Ring of the Snake":0,"Runic Pyramid":7},{"Potion Belt":37,"Lantern":2,"Pear":49,"NeowsBlessing":0,"Singing Bowl":87,"Golden Idol":1,"PreservedInsect":71,"Bag of Preparation":1,"Orichalcum":2,"Frozen Egg 2":37,"Question Card":105,"White Beast Statue":1,"Akabeko":8,"Blood Vial":40,"Bottled Flame":87,"Busted Crown":64,"Mummified Hand":37,"Red Mask":32,"Kunai":12,"Ring of the Snake":0,"Runic Pyramid":23}],"Ring of the Snake":[48]},"card_choices":[{"not_picked":["Prepared","Acrobatics","Setup"],"picked":"SKIP","floor":1.0},{"not_picked":["Concentrate","Predator"],"picked":"Underhanded Strike","floor":7.0},{"not_picked":["Heel Hook","Quick Slash","Underhanded Strike"],"picked":"SKIP","floor":10.0},{"not_picked":["Finisher","Outmaneuver"],"picked":"Corpse Explosion","floor":11.0},{"not_picked":["Deflect","Poisoned Stab"],"picked":"Infinite Blades","floor":13.0},{"not_picked":["Acrobatics","Prepared"],"picked":"PiercingWail","floor":14.0},{"not_picked":["Grand Finale","Wraith Form v2"],"picked":"After Image","floor":16.0},{"not_picked":["Prepared+1","Underhanded Strike"],"picked":"Eviscerate","floor":18.0},{"not_picked":["Caltrops","Masterful Stab"],"picked":"Catalyst+1","floor":21.0},{"not_picked":["Underhanded Strike+1","Flying Knee","Acrobatics"],"picked":"SKIP","floor":23.0},{"not_picked":["Backstab","Heel Hook"],"picked":"Caltrops+1","floor":27.0},{"not_picked":["Quick Slash","Deadly Poison","Backflip"],"picked":"SKIP","floor":29.0},{"not_picked":["Flying Knee","Bouncing Flask"],"picked":"Venomology","floor":30.0},{"not_picked":["Dodge and Roll","Dash"],"picked":"Acrobatics","floor":31.0},{"not_picked":["Burst","Adrenaline"],"picked":"After Image+1","floor":33.0},{"not_picked":[],"picked":"Blade Dance","floor":35.0},{"not_picked":["Concentrate"],"picked":"SKIP","floor":36.0},{"not_picked":["Sucker Punch"],"picked":"SKIP","floor":38.0},{"not_picked":["PiercingWail"],"picked":"SKIP","floor":39.0},{"not_picked":[],"picked":"Sucker Punch+1","floor":41.0},{"not_picked":["Backflip"],"picked":"Singing Bowl","floor":44.0},{"not_picked":["Sucker Punch"],"picked":"Singing Bowl","floor":46.0},{"not_picked":["Riddle With Holes"],"picked":"Singing Bowl","floor":48.0}],"player_experience":1045798,"relics_obtained":[{"floor":3.0,"key":"White Beast Statue"},{"floor":7.0,"key":"Lantern"},{"floor":9.0,"key":"Orichalcum"},{"floor":11.0,"key":"Akabeko"},{"floor":13.0,"key":"Kunai"},{"floor":21.0,"key":"Red Mask"},{"floor":23.0,"key":"Potion Belt"},{"floor":26.0,"key":"Mummified Hand"},{"floor":27.0,"key":"Blood Vial"},{"floor":30.0,"key":"Pear"},{"floor":41.0,"key":"Singing Bowl"},{"floor":43.0,"key":"Bottled Flame"},{"floor":48.0,"key":"Question Card"}],"event_choices":[{"damage_healed":0.0,"max_hp_gain":0.0,"max_hp_loss":0.0,"gold_gain":0.0,"event_name":"Scrap Ooze","player_choice":"Success","floor":2.0,"gold_loss":0.0,"damage_taken":18.0,"relics_obtained":["Bag of Preparation"]},{"damage_healed":0.0,"max_hp_gain":0.0,"max_hp_loss":0.0,"gold_gain":0.0,"event_name":"Golden Idol","player_choice":"Take Wound","floor":5.0,"gold_loss":0.0,"damage_taken":0.0,"relics_obtained":["Golden Idol"],"cards_obtained":["Injury"]},{"damage_healed":0.0,"max_hp_gain":0.0,"max_hp_loss":0.0,"gold_gain":0.0,"cards_transformed":["Strike_G"],"event_name":"Living Wall","player_choice":"Change","floor":12.0,"gold_loss":0.0,"damage_taken":0.0,"cards_obtained":["Acrobatics"]},{"cards_removed":["Injury"],"damage_healed":0.0,"max_hp_gain":0.0,"max_hp_loss":0.0,"gold_gain":0.0,"event_name":"Back to Basics","player_choice":"Elegance","floor":19.0,"gold_loss":0.0,"damage_taken":0.0},{"damage_healed":0.0,"max_hp_gain":0.0,"max_hp_loss":0.0,"gold_gain":0.0,"event_name":"Masked Bandits","player_choice":"Fought Bandits","floor":21.0,"gold_loss":0.0,"damage_taken":0.0},{"damage_healed":0.0,"max_hp_gain":0.0,"max_hp_loss":0.0,"gold_gain":0.0,"event_name":"Addict","player_choice":"Stole Relic","floor":25.0,"gold_loss":0.0,"damage_taken":0.0,"relics_obtained":["Frozen Egg 2"],"cards_obtained":["Shame"]},{"damage_healed":0.0,"max_hp_gain":0.0,"max_hp_loss":0.0,"gold_gain":0.0,"event_name":"Lab","player_choice":"Got Potions","floor":42.0,"gold_loss":0.0,"damage_taken":0.0}],"is_beta":false,"boss_relics":[{"not_picked":["Fusion Hammer","Snecko Eye"],"picked":"Runic Pyramid"},{"not_picked":["Sozu","Runic Dome"],"picked":"Busted Crown"}],"items_purged_floors":[37],"is_endless":false,"potions_floor_spawned":[7,10,11,13,14,16,18,21,23,27,29,30,31,33,35,36,38,39,41,44,46,48],"ascension_level":19}}