{"host":"fortuna","time":1613066694,"event":{"mods":["100% Spire Juice","Act Like it!","Arknights","BaseMod","CapriCore","Gensokyo","Hallownest","Koishi","Minty Spire (QoL Compilation)","MostiFishMod","Reimu£®≤©¿ˆ¡È√Œ£©","Relic Stats","StSLib","The Animator","The Bug Knight","The Immortal","Waifu the Spire","WarShipGirlsR/’ΩΩ¢…Ÿ≈ÆR mod","Yakumo Yukari mod"],"gold_per_floor":[115,115,115,115,130,166,166,203,203,238,217,261,261,290,290,397,442,471,14,33,62,62,62,91,91,91,126,126,160,160,196,196,306,315,330,280,280,280,309,339,339,364,444,444,444,456,456,500,500,500,500,500,135,179,179],"floor_reached":56,"language":"ZHS","playtime":1832,"items_purged":["Strike_Lin:ReiMu","Defend_Lin:ReiMu"],"score":2015,"play_id":"4eec777e-dc2a-43f5-b1f9-829dd7166ba4","local_time":"20210212020454","is_ascension_mode":true,"campfire_choices":[{"data":"InherentArray:ReiMu","floor":7.0,"key":"SMITH"},{"data":"KamiRite:ReiMu","floor":13.0,"key":"SMITH"},{"data":"Dreaming:ReiMu","floor":15.0,"key":"SMITH"},{"data":"YinYang:ReiMu","floor":23.0,"key":"SMITH"},{"data":"MostiFishMod:NightSea","floor":25.0,"key":"SMITH"},{"data":"MostiFishMod:TheEndOfMoonlight","floor":30.0,"key":"SMITH"},{"data":"MostiFishMod:SparklingWater","floor":32.0,"key":"SMITH"},{"data":"KyokaiOfKami:ReiMu","floor":41,"key":"SMITH"},{"floor":47,"key":"REST"},{"floor":49,"key":"RECALL"},{"data":"PassingAway:ReiMu","floor":52,"key":"SMITH"}],"circlet_count":0,"master_deck":["Strike_Lin:ReiMu","Defend_Lin:ReiMu","Defend_Lin:ReiMu","Defend_Lin:ReiMu","NB:ReiMu","Stagnation:ReiMu","Crusade:ReiMu","Clumsy","Dreaming2:ReiMu","KamiRite:ReiMu+1","Conquer:ReiMu","AirStrike:ReiMu","PassingAway:ReiMu+1","Dreaming:ReiMu+1","YinYang:ReiMu+1","MostiFishMod:Neptune","MostiFishMod:TheEndOfMoonlight+1","MostiFishMod:SparklingWater+1","MostiFishMod:FantasySummer","MostiFishMod:NightSea+1","SubAcupoint:ReiMu+1","EmergencyTakeOff:ReiMu","CareerPray:ReiMu+1","Gensokyo:FourOfAKind+1","Gensokyo:FourOfAKind","Gensokyo:FourOfAKind","Gensokyo:FourOfAKind+1","KyokaiOfKami:ReiMu+1","CurseOfTheBell","RainPray2:ReiMu+1","RainPray2:ReiMu+1","MostiFishMod:OneDayCity","NineCharacters:ReiMu+1"],"relics":["FlyPower:ReiMu","DaveBox","NeowsBlessing","Civilization","SynthV:TestCard","Gensokyo:NagashiBinaDoll","CeramicFish","Tiny Chest","Bronze Scales","Potion Belt","MoonlightInvasionPlan","ChiLing","Chi","Ling","Ying","MetatronsCube","Smiling Mask","Juzu Bracelet","Bag of Marbles","Singing Bowl","HornCleat","Anchor","Calling Bell","Omamori","Tea:ReiMu","Torii","Dream Catcher","Pantograph","Mercury Hourglass","BodyOfKamiR:ReiMu","Calipers","Technique","Vajra"],"acts_visited":["Gensokyo:Gensokyo","Gensokyo:Gensokyoer","Gensokyo:Gensokyoest","TheEnding"],"potions_floor_usage":[],"damage_taken":[{"damage":0.0,"enemies":"Gensokyo:Gryphon","floor":1.0,"turns":1.0},{"damage":0.0,"enemies":"Gensokyo:2_Kodama","floor":5.0,"turns":1.0},{"damage":0.0,"enemies":"Gensokyo:Cirno","floor":6.0,"turns":2.0},{"damage":2.0,"enemies":"Gensokyo:Aya","floor":8.0,"turns":4.0},{"damage":0.0,"enemies":"Gensokyo:Cirno","floor":10.0,"turns":6.0},{"damage":0.0,"enemies":"Gensokyo:Mamizou","floor":12.0,"turns":7.0},{"damage":6.0,"enemies":"Gensokyo:3_Fairies","floor":14.0,"turns":4.0},{"damage":29.0,"enemies":"Gensokyo:Kokoro","floor":16.0,"turns":7.0},{"damage":10.0,"enemies":"Gensokyo:AngelMirror","floor":18.0,"turns":2.0},{"damage":0.0,"enemies":"Gensokyo:CosmicMonolith","floor":20.0,"turns":1.0},{"damage":7.0,"enemies":"Gensokyo:Swordslinger","floor":21.0,"turns":2.0},{"damage":2.0,"enemies":"Gensokyo:Koishi","floor":24.0,"turns":2.0},{"damage":0.0,"enemies":"Gensokyo:Tenshi","floor":27.0,"turns":1.0},{"damage":1.0,"enemies":"Gensokyo:Koishi","floor":29.0,"turns":2.0},{"damage":8,"enemies":"Gensokyo:Eternal_Rivals","floor":33,"turns":6},{"damage":2,"enemies":"Gensokyo:3_Bats","floor":35,"turns":2},{"damage":1,"enemies":"Gensokyo:AncientGuardian","floor":39,"turns":4},{"damage":2,"enemies":"Gensokyo:Doremy","floor":40,"turns":2},{"damage":0,"enemies":"Gensokyo:Marisa","floor":42,"turns":1},{"damage":1,"enemies":"Gensokyo:3_Boulders","floor":46,"turns":2},{"damage":2,"enemies":"Gensokyo:Kasen","floor":48,"turns":5},{"damage":2,"enemies":"Gensokyo:Shinki","floor":50,"turns":5},{"damage":2,"enemies":"Shield and Spear","floor":54,"turns":3},{"damage":3,"enemies":"The Heart","floor":55,"turns":5}],"seed_played":"-5908134506348149254","potions_obtained":[{"floor":1.0,"key":"PowerPotion"},{"floor":8.0,"key":"FairyPotion"},{"floor":12.0,"key":"Strength Potion"},{"floor":14.0,"key":"AttackPotion"},{"floor":16.0,"key":"Regen Potion"},{"floor":48,"key":"FairyPotion"}],"is_trial":false,"path_per_floor":["M","?","$","$","M","E","R","E","T","E","?","E","R","M","R","B",null,"M","COS","M","M","?","R","E","R","T","E","T","E","R","?","R","B",null,"M","$","?","?","M","E","R","E","T","T","?","M","R","E","R","B",null,"R","$","E","B",null],"character_chosen":"REIMU","items_purchased":["Technique","MostiFishMod:OneDayCity"],"campfire_rested":1,"item_purchase_floors":[53,53],"current_hp_per_floor":[66,66,66,66,69,72,72,74,74,78,78,83,83,82,82,58,95,90,90,95,93,93,93,96,96,96,103,103,109,109,85,85,82,90,95,95,95,81,85,90,90,97,97,97,97,103,125,128,128,133,135,135,135,138,142],"gold":179,"neow_bonus":"THREE_ENEMY_KILL","is_daily":false,"chose_seed":false,"campfire_upgraded":9,"win_rate":0.0,"timestamp":1613066694,"path_taken":["M","?","?","$","?","E","R","E","T","E","?","E","R","?","R","BOSS","M","COS","M","M","?","R","E","R","T","E","?","E","R","?","R","BOSS","M","$","?","?","M","E","R","E","T","?","?","M","R","E","R","BOSS","R","$","E","BOSS"],"items_purchased_type":["Relic","Card"],"build_version":"2020-12-18","purchased_purges":2,"victory":true,"max_hp_per_floor":[66,66,66,66,69,72,72,76,76,80,80,85,85,90,90,95,95,100,100,105,110,102,102,107,107,107,114,114,121,121,85,85,90,90,97,97,97,97,102,109,109,116,116,116,116,123,125,130,130,135,135,135,135,140,145],"relic_stats":{"Dream Catcher":1,"Singing Bowl":14,"Torii":2,"counters":[24,77],"CeramicFish":225,"Bronze Scales":[105],"Pantograph":4,"Tiny Chest":2,"Juzu Bracelet":2,"Smiling Mask":75,"obtain_stats":[{"Ying":19,"Calipers":48,"DaveBox":0,"Singing Bowl":27,"Torii":34,"Chi":19,"CeramicFish":6,"Tea:ReiMu":34,"Vajra":54,"Gensokyo:NagashiBinaDoll":2,"Juzu Bracelet":24,"Smiling Mask":22,"Civilization":0,"Frozen Eye":24,"Dream Catcher":40,"HornCleat":28,"Pantograph":42,"Tiny Chest":8,"Potion Belt":12,"BodyOfKamiR:ReiMu":44,"NeowsBlessing":0,"MoonlightInvasionPlan":17,"Omamori":34,"Mercury Hourglass":43,"Calling Bell":34,"Ling":19,"Anchor":29,"SynthV:TestCard":1,"Bronze Scales":10,"Bag of Marbles":26,"Technique":53,"FlyPower:ReiMu":0,"ChiLing":19,"MetatronsCube":19},{"Ying":9,"Calipers":21,"DaveBox":0,"Singing Bowl":13,"Torii":15,"Chi":9,"CeramicFish":3,"Tea:ReiMu":15,"Vajra":23,"Gensokyo:NagashiBinaDoll":1,"Juzu Bracelet":12,"Smiling Mask":11,"Civilization":0,"Frozen Eye":11,"Dream Catcher":18,"HornCleat":13,"Pantograph":19,"Tiny Chest":4,"Potion Belt":6,"BodyOfKamiR:ReiMu":19,"NeowsBlessing":0,"MoonlightInvasionPlan":8,"Omamori":15,"Mercury Hourglass":19,"Calling Bell":15,"Ling":9,"Anchor":14,"SynthV:TestCard":1,"Bronze Scales":5,"Bag of Marbles":12,"Technique":22,"FlyPower:ReiMu":0,"ChiLing":9,"MetatronsCube":9},{"Ying":34,"Calipers":64,"DaveBox":0,"Singing Bowl":40,"Torii":48,"Chi":34,"CeramicFish":4,"Tea:ReiMu":48,"Vajra":72,"Gensokyo:NagashiBinaDoll":1,"Juzu Bracelet":39,"Smiling Mask":37,"Civilization":0,"Frozen Eye":37,"Dream Catcher":56,"HornCleat":40,"Pantograph":57,"Tiny Chest":8,"Potion Belt":21,"BodyOfKamiR:ReiMu":57,"NeowsBlessing":0,"MoonlightInvasionPlan":32,"Omamori":48,"Mercury Hourglass":57,"Calling Bell":48,"Ling":34,"Anchor":42,"SynthV:TestCard":1,"Bronze Scales":14,"Bag of Marbles":39,"Technique":69,"FlyPower:ReiMu":0,"ChiLing":34,"MetatronsCube":34}],"Mercury Hourglass":[69]},"card_choices":[{"not_picked":["Gathering:ReiMu","SpreadBorder2:ReiMu"],"picked":"Crusade:ReiMu","floor":1.0},{"not_picked":["LovePray:ReiMu","Amulet:ReiMu","ManaGlint:ReiMu","Meditation:ReiMu"],"picked":"Dreaming2:ReiMu","floor":5.0},{"not_picked":["SubAcupoint:ReiMu","Intuition:ReiMu","AlertArray:ReiMu","SpreadBorder2:ReiMu"],"picked":"InherentArray:ReiMu","floor":6.0},{"not_picked":["SealNeedle:ReiMu","CollectionFlower2:ReiMu","Meditation:ReiMu","Enchanting:ReiMu"],"picked":"KamiRite:ReiMu","floor":8.0},{"not_picked":["ManaGlint:ReiMu","Crusade:ReiMu","Enchanting:ReiMu","DoubleButterfly:ReiMu"],"picked":"Conquer:ReiMu","floor":10.0},{"not_picked":[],"picked":"AirStrike:ReiMu","floor":11.0},{"not_picked":["AirStrike:ReiMu","EmergencyTakeOff:ReiMu","FineLineFantasy:ReiMu","SubcavityInstant:ReiMu"],"picked":"PassingAway:ReiMu","floor":12.0},{"not_picked":["Amulet:ReiMu","Conquer:ReiMu","Revelation:ReiMu","SafetyPray:ReiMu"],"picked":"Dreaming:ReiMu","floor":14.0},{"not_picked":["RunawayExorcism:ReiMu","HakureiPhantom:ReiMu","Determination:ReiMu","Dreaming:ReiMu"],"picked":"YinYang:ReiMu","floor":16.0},{"not_picked":["WonderfulDomain:ReiMu+1","SpreadBorder2:ReiMu+1","AirManeuver:ReiMu","SubcavityInstant:ReiMu"],"picked":"SubAcupoint:ReiMu+1","floor":18.0},{"not_picked":["TakeOff:ReiMu","Conquer:ReiMu+1","SpreadBorder2:ReiMu","YinYangSange:ReiMu+1"],"picked":"EmergencyTakeOff:ReiMu","floor":20.0},{"not_picked":["ManaGlint:ReiMu","WonderfulDomain:ReiMu+1","SafetyPray:ReiMu","Amulet:ReiMu+1"],"picked":"CareerPray:ReiMu+1","floor":21.0},{"not_picked":["PayForSelf:ReiMu+1","SpringWay:ReiMu","BarrageOfMoneybags:ReiMu","InherentArray:ReiMu","TakeOff:ReiMu"],"picked":"SKIP","floor":24.0},{"not_picked":["SubcavityInstant:ReiMu+1","CareerPray:ReiMu","SpreadBorder2:ReiMu","AirStrike:ReiMu","CardOfSanctity:ReiMu"],"picked":"Singing Bowl","floor":27.0},{"not_picked":["YinYangSange:ReiMu","AlertArray:ReiMu","Intuition:ReiMu","ManaGlint:ReiMu","Enchanting:ReiMu"],"picked":"Singing Bowl","floor":29.0},{"not_picked":["RunawayExorcism:ReiMu","YinYang:ReiMu","Determination:ReiMu","SubcavityFantasy:ReiMu"],"picked":"KyokaiOfKami:ReiMu","floor":33},{"not_picked":["AirStrike:ReiMu+1","Intuition:ReiMu+1","Enchanting:ReiMu","Revelation:ReiMu+1","BarrageOfMoneybags:ReiMu"],"picked":"Singing Bowl","floor":35},{"not_picked":["Meditation:ReiMu","SpreadBorder2:ReiMu","SafetyPray:ReiMu+1","MikOfLucky:ReiMu"],"picked":"RainPray2:ReiMu+1","floor":39},{"not_picked":["LearningPray:ReiMu","AirManeuver:ReiMu","Meditation:ReiMu","EmergencyTakeOff:ReiMu+1","AirStrike:ReiMu+1"],"picked":"Singing Bowl","floor":40},{"not_picked":["RunawayExorcism:ReiMu","KamiSacrifice:ReiMu+1","SpringWay:ReiMu+1","Mountainwind:ReiMu+1","Conquer:ReiMu+1"],"picked":"Singing Bowl","floor":42},{"not_picked":["TightArray:ReiMu","YinYangSign:ReiMu","EmergencyTakeOff:ReiMu","FoulBorder2:ReiMu+1","CareerPray:ReiMu"],"picked":"Singing Bowl","floor":46},{"not_picked":["AirStrike:ReiMu","WonderfulDomain:ReiMu+1","Crusade:ReiMu","YinYangSange:ReiMu+1","TakeOff:ReiMu+1"],"picked":"Singing Bowl","floor":47},{"not_picked":["HakureiPhantom:ReiMu","SafetyPray:ReiMu","Amulet:ReiMu+1","Crusade:ReiMu"],"picked":"RainPray2:ReiMu+1","floor":48},{"not_picked":["KamiRite:ReiMu","SpringWay:ReiMu+1","OrbThrow:ReiMu+1","Amulet:ReiMu+1"],"picked":"NineCharacters:ReiMu+1","floor":54}],"player_experience":369356,"relics_obtained":[{"floor":1.0,"key":"SynthV:TestCard"},{"floor":6.0,"key":"CeramicFish"},{"floor":8.0,"key":"Tiny Chest"},{"floor":10.0,"key":"Bronze Scales"},{"floor":12.0,"key":"Potion Belt"},{"floor":24.0,"key":"Juzu Bracelet"},{"floor":26.0,"key":"Bag of Marbles"},{"floor":27.0,"key":"Singing Bowl"},{"floor":28.0,"key":"HornCleat"},{"floor":29.0,"key":"Anchor"},{"floor":34,"key":"Omamori"},{"floor":34,"key":"Tea:ReiMu"},{"floor":34,"key":"Torii"},{"floor":40,"key":"Dream Catcher"},{"floor":42,"key":"Pantograph"},{"floor":43,"key":"Mercury Hourglass"},{"floor":44,"key":"BodyOfKamiR:ReiMu"},{"floor":48,"key":"Calipers"},{"floor":54,"key":"Vajra"}],"event_choices":[],"is_beta":true,"boss_relics":[{"not_picked":["Fusion Hammer","FixedStarFall"],"picked":"MoonlightInvasionPlan"},{"not_picked":["RhineFirstAidKit","JellyFishMachine"],"picked":"Calling Bell"}],"items_purged_floors":[36,53],"is_endless":false,"potions_floor_spawned":[1,8,12,14,16,18,33,35,39,48],"ascension_level":2}}