{"host":"5s7sm4h73jkd9266","time":1613080273,"event":{"mods":["AchievementEnabler","Bartender","BaseMod","Better Vampires","BetterRewards","Colored Map","Colored Powertips","Conspire","Downfall","Energized Spire","Hermit","Hubris","Magitek Elite","Minty Spire (QoL Compilation)","Potion Indicator Mod","Rare Cards Sparkle","Shop Mod","StSLib","The Blue Laboratory","The Necromancer","The Witch","Virulent Crown","everything is the same but u backflip on backflip","slay the spire mod where everything is the same but ironclad has a cowboy hat"],"gold_per_floor":[114,114,172,10,46,46,106,166,166,205,205,242,142,22,22,93,93,109,109,109,144,144,144,209,263,263,263,278,320,36,78,78,152,202,234,234,234,234,247,247,7,23,23,23,23,23],"floor_reached":45,"language":"ENG","playtime":2707,"items_purged":[],"score":811,"play_id":"fec00a76-909e-48a4-8e4b-35ebf0408062","local_time":"20210211165113","is_ascension_mode":true,"campfire_choices":[{"floor":6.0,"key":"REST"},{"floor":11.0,"key":"REST"},{"floor":15.0,"key":"REST"},{"floor":23.0,"key":"REST"},{"floor":27.0,"key":"REST"},{"floor":32.0,"key":"REST"},{"floor":40.0,"key":"REST"}],"circlet_count":0,"master_deck":["AscendersBane","Strike_B+1","Strike_B+1","Strike_B+1","Strike_B+1","Defend_B+1","Defend_B+1","Defend_B+1","Defend_B+1","Zap","Dualcast+1","HandOfGreed","Auto Shields+1","HandOfGreed+1","Stack","Ball Lightning+1","BootSequence","Defragment","Cold Snap","White Noise","Cold Snap","Leap","Ghostly","Apotheosis","Loop","Rainbow","Stack","Genetic Algorithm+1","Streamline+1","Cold Snap","Steam Power","Metamorphosis","Discovery","Sweeping Beam","Echo Form","conspire:SharedLibrary","Barrage","Ball Lightning","Electrodynamics","Seek","Parasite","Defragment"],"relics":["Cracked Core","Protect_Vest","Membership Card","War Paint","Nuclear Battery","hubris:Towel","Tiny Chest","Pantograph","hubris:Reverence","Cables","Tiny House","Bottled Lightning","Oddly Smooth Stone","Whetstone"],"acts_visited":["Exordium","TheCity","TheBeyond"],"potions_floor_usage":[],"damage_taken":[{"damage":0.0,"enemies":"Cultist","floor":1.0,"turns":3.0},{"damage":0.0,"enemies":"2 Louse","floor":5.0,"turns":2.0},{"damage":0.0,"enemies":"Small Slimes","floor":7.0,"turns":4.0},{"damage":0.0,"enemies":"2 Fungi Beasts","floor":8.0,"turns":4.0},{"damage":0.0,"enemies":"Blue Slaver","floor":10.0,"turns":3.0},{"damage":0.0,"enemies":"Gremlin Gang","floor":12.0,"turns":4.0},{"damage":33.0,"enemies":"The Guardian","floor":16.0,"turns":10.0},{"damage":0.0,"enemies":"Chosen","floor":18.0,"turns":6.0},{"damage":5.0,"enemies":"Spheric Guardian","floor":21.0,"turns":8.0},{"damage":6.0,"enemies":"Shelled Parasite and Fungi","floor":24.0,"turns":5.0},{"damage":24.0,"enemies":"Slavers","floor":25.0,"turns":7.0},{"damage":19.0,"enemies":"Snecko","floor":28.0,"turns":6.0},{"damage":4.0,"enemies":"Centurion and Healer","floor":29.0,"turns":8.0},{"damage":0.0,"enemies":"Cultist and Chosen","floor":31.0,"turns":8.0},{"damage":16.0,"enemies":"Collector","floor":33.0,"turns":12.0},{"damage":45.0,"enemies":"3 Darklings","floor":35.0,"turns":6.0},{"damage":0.0,"enemies":"Orb Walker","floor":39.0,"turns":3.0},{"damage":48,"enemies":"Writhing Mass","floor":42,"turns":7},{"damage":6,"enemies":"4 Shapes","floor":45,"turns":2}],"seed_played":"312423868083772572","potions_obtained":[{"floor":10.0,"key":"AttackPotion"},{"floor":16.0,"key":"blueLaboratory:HummingbirdPotion"},{"floor":21.0,"key":"hexamod:SoulburnPotion"},{"floor":25.0,"key":"blueLaboratory:ConsumingVoid"},{"floor":31.0,"key":"blueLaboratory:BottleOfVodka"},{"floor":34.0,"key":"blueLaboratory:EnragingPotion"}],"is_trial":false,"path_per_floor":["M","?","?","$","M","R","M","M","T","M","R","M","?","$","R","B",null,"M","?","?","M","T","R","M","E","T","R","M","M","$","M","R","B",null,"M","?","?","T","M","R","$","M","T","$","M"],"character_chosen":"DEFECT","items_purchased":["HandOfGreed","Auto Shields","Protect_Vest","HandOfGreed","Stack","Ball Lightning","Membership Card","Apotheosis","Loop","Metamorphosis","Discovery","Cables","Electrodynamics","Seek","Oddly Smooth Stone"],"campfire_rested":7,"item_purchase_floors":[0,0,0,0,0,0,4,14,14,30,30,30,41,41,41],"current_hp_per_floor":[43,22,22,22,22,43,43,43,43,43,64,64,64,64,71,38,63,63,63,63,58,58,71,65,41,41,62,43,39,39,39,60,55,72,27,27,27,27,27,49,49,1,1,1,0,0],"gold":23,"neow_bonus":"","is_daily":false,"chose_seed":false,"campfire_upgraded":0,"win_rate":0.0,"timestamp":1613080273,"path_taken":["M","?","?","$","M","R","M","M","T","M","R","M","?","$","R","BOSS","M","?","?","M","?","R","?","E","T","R","M","M","$","M","R","BOSS","M","?","?","?","?","R","$","M","T","$","M"],"items_purchased_type":["Card","Card","Relic","Card","Card","Card","Relic","Card","Card","Card","Card","Relic","Card","Card","Relic"],"build_version":"2020-12-22","purchased_purges":0,"victory":false,"max_hp_per_floor":[71,71,71,71,71,71,71,71,71,71,71,71,71,71,71,71,71,71,71,71,71,71,71,71,71,71,71,71,71,71,71,71,71,76,76,76,76,76,76,76,76,76,76,76,76,76],"card_choices":[{"not_picked":["Double Energy","Scrape"],"picked":"BootSequence","floor":1.0},{"not_picked":["Turbo","Ball Lightning"],"picked":"Defragment","floor":5.0},{"not_picked":["Go for the Eyes","Skim"],"picked":"Cold Snap","floor":7.0},{"not_picked":["Skim","Conserve Battery"],"picked":"White Noise","floor":8.0},{"not_picked":["All For One","Coolheaded"],"picked":"Cold Snap","floor":10.0},{"not_picked":["Ball Lightning","Cold Snap"],"picked":"Leap","floor":12.0},{"not_picked":["hubris:Prefetch","Reboot"],"picked":"Rainbow","floor":16.0},{"not_picked":["Auto Shields","Scrape"],"picked":"Stack","floor":18.0},{"not_picked":["conspire:Rain","Turbo"],"picked":"Genetic Algorithm","floor":21.0},{"not_picked":["Cold Snap","Leap"],"picked":"Streamline+1","floor":24.0},{"not_picked":["hubris:Ukulele","Capacitor"],"picked":"Steam","floor":25.0},{"not_picked":["Go for the Eyes","hubris:PowerSurge"],"picked":"Cold Snap","floor":28.0},{"not_picked":["Undo","hubris:PowerSurge"],"picked":"Steam Power","floor":29.0},{"not_picked":["Go for the Eyes","Recycle+1"],"picked":"Sweeping Beam","floor":31.0},{"not_picked":["Machine Learning","hubris:SpecializedCircuitry"],"picked":"Echo Form","floor":33.0},{"not_picked":["Turbo","Steam Power"],"picked":"conspire:SharedLibrary","floor":34.0},{"not_picked":["Rebound","BootSequence+1"],"picked":"Barrage","floor":35.0},{"not_picked":["Rebound","Genetic Algorithm"],"picked":"Ball Lightning","floor":39.0},{"not_picked":["Rebound","Tempest"],"picked":"Defragment","floor":42}],"player_experience":5549083,"relics_obtained":[{"floor":9.0,"key":"War Paint"},{"floor":22.0,"key":"Tiny Chest"},{"floor":25.0,"key":"Pantograph"},{"floor":26.0,"key":"hubris:Reverence"},{"floor":38.0,"key":"Bottled Lightning"},{"floor":43,"key":"Whetstone"}],"event_choices":[{"damage_healed":0.0,"max_hp_gain":0.0,"max_hp_loss":0.0,"gold_gain":0.0,"event_name":"Shining Light","player_choice":"Entered Light","floor":2.0,"gold_loss":0.0,"damage_taken":21.0,"cards_upgraded":["Strike_B","Dualcast"]},{"damage_healed":0.0,"max_hp_gain":0.0,"max_hp_loss":0.0,"gold_gain":58.0,"event_name":"Golden Wing","player_choice":"Gained Gold","floor":3.0,"gold_loss":0.0,"damage_taken":0.0},{"damage_healed":0.0,"max_hp_gain":0.0,"max_hp_loss":0.0,"gold_gain":0.0,"event_name":"conspire:LoneGhost","player_choice":"Argue","floor":13.0,"gold_loss":0.0,"damage_taken":0.0},{"damage_healed":0.0,"max_hp_gain":0.0,"max_hp_loss":0.0,"gold_gain":0.0,"event_name":"Back to Basics","player_choice":"Simplicity","floor":19.0,"gold_loss":0.0,"damage_taken":0.0,"cards_upgraded":["Strike_B","Strike_B","Strike_B","Defend_B","Defend_B","Defend_B"]},{"cards_removed":["Steam"],"damage_healed":0.0,"max_hp_gain":0.0,"max_hp_loss":0.0,"gold_gain":0.0,"event_name":"Falling","player_choice":"Removed Skill","floor":36.0,"gold_loss":0.0,"damage_taken":0.0}],"is_beta":false,"boss_relics":[{"not_picked":["energizedSpire:CursedPentagram","energizedSpire:MagnifyingGlass"],"picked":"Nuclear Battery"},{"not_picked":["Cursed Key","hubris:Backtick"],"picked":"Tiny House"}],"items_purged_floors":[],"is_endless":false,"potions_floor_spawned":[10,16,21,25,31],"killed_by":"4 Shapes","ascension_level":17}}