{"host":"sclo8dalokcsh435","time":1613041791,"event":{"mods":["BaseMod","Minty Spire (QoL Compilation)"],"gold_per_floor":[114,126,137,151,151,183,183,183,183],"floor_reached":8,"language":"ENG","playtime":437,"items_purged":[],"score":99,"play_id":"bd492594-60d0-4983-936e-342709690a00","local_time":"20210211120951","is_ascension_mode":true,"campfire_choices":[],"circlet_count":0,"master_deck":["AscendersBane","Strike_B","Strike_B","Strike_B","Strike_B","Defend_B","Defend_B","Defend_B","Defend_B","Zap","Dualcast","Gash","Coolheaded","Consume","Ball Lightning","Coolheaded","Go for the Eyes","Pain"],"relics":["Cracked Core","Frozen Egg 2","WarpedTongs"],"acts_visited":["Exordium"],"potions_floor_usage":[6,6,8],"damage_taken":[{"damage":6,"enemies":"Cultist","floor":1,"turns":4},{"damage":0,"enemies":"Jaw Worm","floor":2,"turns":4},{"damage":7,"enemies":"Small Slimes","floor":3,"turns":3},{"damage":8,"enemies":"Red Slaver","floor":4,"turns":4},{"damage":14,"enemies":"Gremlin Nob","floor":6,"turns":3},{"damage":35,"enemies":"3 Sentries","floor":8,"turns":6}],"seed_played":"2594464187765708757","potions_obtained":[{"floor":2,"key":"DuplicationPotion"},{"floor":4,"key":"FearPotion"},{"floor":6,"key":"AttackPotion"}],"is_trial":false,"path_per_floor":["M","M","M","M","?","E","?","E"],"character_chosen":"DEFECT","items_purchased":[],"campfire_rested":0,"item_purchase_floors":[],"current_hp_per_floor":[58,58,51,43,48,34,34,0,0],"gold":183,"neow_bonus":"THREE_CARDS","is_daily":false,"chose_seed":false,"campfire_upgraded":0,"win_rate":0.0,"timestamp":1613041791,"path_taken":["M","?","M","M","?","E","?","E"],"items_purchased_type":[],"build_version":"2020-12-22","purchased_purges":0,"victory":false,"max_hp_per_floor":[71,71,71,71,76,76,76,76,76],"card_choices":[{"not_picked":["Force Field","Consume"],"picked":"Gash","floor":0},{"not_picked":["Conserve Battery","Stack"],"picked":"Coolheaded","floor":1},{"not_picked":["FTL","Coolheaded"],"picked":"Consume","floor":2},{"not_picked":["Coolheaded","Steam Power"],"picked":"Ball Lightning","floor":3},{"not_picked":["All For One","Rebound"],"picked":"Coolheaded","floor":4},{"not_picked":["Barrage","Hologram"],"picked":"Go for the Eyes","floor":6}],"player_experience":426963,"relics_obtained":[{"floor":6,"key":"Frozen Egg 2"}],"event_choices":[{"damage_healed":0,"gold_gain":0,"player_choice":"Donut","damage_taken":0,"max_hp_gain":5,"max_hp_loss":0,"event_name":"Big Fish","floor":5,"gold_loss":0},{"damage_healed":0,"gold_gain":0,"player_choice":"Rummage","damage_taken":0,"relics_obtained":["WarpedTongs"],"max_hp_gain":0,"max_hp_loss":0,"event_name":"Accursed Blacksmith","floor":7,"gold_loss":0,"cards_obtained":["Pain"]}],"is_beta":false,"boss_relics":[],"items_purged_floors":[],"is_endless":false,"potions_floor_spawned":[2,4,6],"killed_by":"3 Sentries","ascension_level":14}}