{"host":"aapp7ew3jk5k1bvd","time":1613052251,"event":{"mods":["AchievementEnabler","BaseMod","Colored Map","Custom Start","Keyboard Shortcuts","Minty Spire (QoL Compilation)","Permanent Neow","Quick Restart","StSLib","SuperFastMode"],"gold_per_floor":[114,134,134,62,74,91,120,120,120,137,59,59,59,59,59,59,59],"floor_reached":16,"language":"KOR","playtime":407,"items_purged":[],"score":140,"play_id":"3182f864-c70c-438e-8f9e-de7f4217435d","local_time":"20210211230411","is_ascension_mode":true,"campfire_choices":[{"floor":13.0,"key":"REST"},{"floor":15.0,"key":"REST"}],"circlet_count":0,"master_deck":["Strike_P","Strike_P","Defend_P","Defend_P","Defend_P","Defend_P","Eruption+1","Vigilance","DeceiveReality","Crescendo","Adaptation","Judgement","MentalFortress"],"relics":["PureWater","Potion Belt","Ornamental Fan"],"acts_visited":["Exordium"],"potions_floor_usage":[],"damage_taken":[{"damage":0.0,"enemies":"Small Slimes","floor":1.0,"turns":2.0},{"damage":2.0,"enemies":"Cultist","floor":2.0,"turns":3.0},{"damage":2.0,"enemies":"2 Louse","floor":5.0,"turns":4.0},{"damage":0.0,"enemies":"Large Slime","floor":6.0,"turns":6.0},{"damage":34.0,"enemies":"Gremlin Nob","floor":7.0,"turns":4.0},{"damage":0.0,"enemies":"Exordium Wildlife","floor":10.0,"turns":3.0},{"damage":29,"enemies":"The Guardian","floor":16,"turns":13}],"seed_played":"-1726480486763070806","potions_obtained":[{"floor":5.0,"key":"Dexterity Potion"},{"floor":7.0,"key":"Energy Potion"},{"floor":10.0,"key":"Weak Potion"}],"is_trial":false,"path_per_floor":["M","M","?","$","M","M","E","?","T","M","$","?","R","$","R","B"],"character_chosen":"WATCHER","items_purchased":["Adaptation","MentalFortress"],"campfire_rested":2,"item_purchase_floors":[4,11],"current_hp_per_floor":[65,63,63,63,61,61,27,20,20,20,20,20,41,41,62,33,33],"gold":59,"neow_bonus":"UPGRADE_CARD","is_daily":false,"chose_seed":false,"campfire_upgraded":0,"win_rate":0.0,"timestamp":1613052251,"path_taken":["M","M","?","$","?","M","E","?","T","M","$","?","R","?","R","BOSS"],"items_purchased_type":["Card","Card"],"build_version":"2020-12-22","purchased_purges":0,"victory":false,"max_hp_per_floor":[72,72,72,72,72,72,72,72,72,72,72,72,72,72,72,72,72],"card_choices":[{"not_picked":["JustLucky","CutThroughFate","SignatureMove"],"picked":"SKIP","floor":1.0},{"not_picked":["WheelKick","ThirdEye"],"picked":"DeceiveReality","floor":2.0},{"not_picked":["Evaluate","Perseverance","CrushJoints"],"picked":"SKIP","floor":5.0},{"not_picked":["EmptyFist","FlyingSleeves","Meditate"],"picked":"SKIP","floor":6.0},{"not_picked":["WreathOfFlame","Wireheading"],"picked":"Judgement","floor":7.0},{"not_picked":["FlurryOfBlows","EmptyFist","SashWhip"],"picked":"SKIP","floor":10.0}],"player_experience":1354055,"relics_obtained":[{"floor":7.0,"key":"Potion Belt"},{"floor":9.0,"key":"Ornamental Fan"}],"event_choices":[{"damage_healed":0.0,"max_hp_gain":0.0,"max_hp_loss":0.0,"gold_gain":0.0,"cards_transformed":["Strike_P"],"event_name":"Transmorgrifier","player_choice":"Transformed","floor":3.0,"gold_loss":0.0,"damage_taken":0.0,"cards_obtained":["Crescendo"]},{"cards_removed":["Strike_P"],"damage_healed":0.0,"max_hp_gain":0.0,"max_hp_loss":0.0,"gold_gain":0.0,"event_name":"Golden Wing","player_choice":"Card Removal","floor":8.0,"gold_loss":0.0,"damage_taken":7.0},{"damage_healed":0.0,"max_hp_gain":0.0,"max_hp_loss":0.0,"gold_gain":0.0,"event_name":"Scrap Ooze","player_choice":"Fled","floor":12.0,"gold_loss":0.0,"damage_taken":0.0}],"is_beta":false,"boss_relics":[],"items_purged_floors":[],"is_endless":false,"potions_floor_spawned":[5,7,10],"killed_by":"The Guardian","ascension_level":8}}