{"host":"z2qbs5oitkx9dzyk","time":1613081199,"event":{"mods":["BaseMod","Colored Map","Colored Powertips","Minty Spire (QoL Compilation)"],"gold_per_floor":[114,114,114,114,114,150,1,1,26,26,41,64,88,107,107,107,107],"floor_reached":16,"language":"ENG","playtime":508,"items_purged":[],"score":100,"play_id":"523ca961-5323-4fc4-8fd1-5609e72606a5","local_time":"20210211160639","is_ascension_mode":false,"campfire_choices":[{"data":"Armaments","floor":8,"key":"SMITH"},{"floor":15,"key":"REST"}],"circlet_count":0,"master_deck":["Strike_R","Strike_R","Strike_R+1","Strike_R","Strike_R","Defend_R","Defend_R","Defend_R","Defend_R+1","Bash","Dramatic Entrance+1","Armaments+1","Injury","Ghostly Armor+1","Dramatic Entrance+1","Dual Wield+1","Clothesline"],"relics":["Burning Blood","Golden Idol","Pantograph","Toxic Egg 2","DollysMirror","Lantern"],"acts_visited":["Exordium"],"potions_floor_usage":[12,16],"damage_taken":[{"damage":4,"enemies":"2 Louse","floor":1,"turns":2},{"damage":56,"enemies":"3 Sentries","floor":6,"turns":15},{"damage":0,"enemies":"Small Slimes","floor":11,"turns":1},{"damage":1,"enemies":"Cultist","floor":12,"turns":3},{"damage":0,"enemies":"2 Fungi Beasts","floor":13,"turns":1},{"damage":0,"enemies":"3 Louse","floor":14,"turns":1},{"damage":80,"enemies":"The Guardian","floor":16,"turns":21}],"seed_played":"7685837165517854544","potions_obtained":[{"floor":1,"key":"Strength Potion"},{"floor":12,"key":"Weak Potion"},{"floor":14,"key":"LiquidMemories"}],"is_trial":false,"path_per_floor":["M","?","?","?","?","E","$","R","T","?","M","M","M","M","R","B"],"character_chosen":"IRONCLAD","items_purchased":["DollysMirror"],"campfire_rested":1,"item_purchase_floors":[7],"current_hp_per_floor":[80,80,80,80,73,23,23,23,23,7,13,18,24,30,54,0,0],"gold":107,"neow_bonus":"RANDOM_COLORLESS","is_daily":false,"chose_seed":false,"campfire_upgraded":1,"win_rate":0.0,"timestamp":1613081199,"path_taken":["M","?","?","?","?","E","?","R","T","?","M","?","M","M","R","BOSS"],"items_purchased_type":["Relic"],"build_version":"2020-12-22","purchased_purges":0,"victory":false,"max_hp_per_floor":[80,80,80,80,80,80,80,80,80,80,80,80,80,80,80,80,80],"card_choices":[{"not_picked":["Impatience","Swift Strike"],"picked":"Dramatic Entrance","floor":0},{"not_picked":["Sword Boomerang","Sever Soul"],"picked":"Armaments","floor":1},{"not_picked":["Cleave","Headbutt"],"picked":"Ghostly Armor+1","floor":6},{"not_picked":["Twin Strike","Headbutt"],"picked":"Dual Wield+1","floor":11},{"not_picked":["Cleave","Thunderclap","Reckless Charge"],"picked":"SKIP","floor":12},{"not_picked":["Headbutt","Fire Breathing"],"picked":"Clothesline","floor":13},{"not_picked":["Rupture","Body Slam","Clash"],"picked":"SKIP","floor":14}],"player_experience":401836,"relics_obtained":[{"floor":6,"key":"Toxic Egg 2"},{"floor":9,"key":"Lantern"}],"event_choices":[{"damage_healed":0,"gold_gain":0,"player_choice":"Grow","damage_taken":0,"max_hp_gain":0,"max_hp_loss":0,"event_name":"Living Wall","floor":2,"gold_loss":0,"cards_upgraded":["Dramatic Entrance"]},{"damage_healed":0,"gold_gain":0,"player_choice":"Take Wound","damage_taken":0,"relics_obtained":["Golden Idol"],"max_hp_gain":0,"max_hp_loss":0,"event_name":"Golden Idol","floor":3,"gold_loss":0,"cards_obtained":["Injury"]},{"damage_healed":0,"gold_gain":0,"player_choice":"Box","damage_taken":0,"relics_obtained":["Pantograph"],"max_hp_gain":0,"max_hp_loss":0,"event_name":"Big Fish","floor":4,"gold_loss":0,"cards_obtained":["Regret"]},{"cards_removed":["Regret"],"damage_healed":0,"gold_gain":0,"player_choice":"Card Removal","damage_taken":7,"max_hp_gain":0,"max_hp_loss":0,"event_name":"Golden Wing","floor":5,"gold_loss":0},{"damage_healed":0,"gold_gain":0,"player_choice":"Entered Light","damage_taken":16,"max_hp_gain":0,"max_hp_loss":0,"event_name":"Shining Light","floor":10,"gold_loss":0,"cards_upgraded":["Strike_R","Defend_R"]}],"is_beta":false,"boss_relics":[],"items_purged_floors":[],"is_endless":false,"potions_floor_spawned":[1,12,14],"killed_by":"The Guardian","ascension_level":0}}