{"host":"sc0o2qwpf9j16a4i","time":1613055991,"event":{"mods":["AchievementEnabler","BaseMod","BetterRewards","Block Reminder","Colored Map","Colored Powertips","Custom Start","Highlight Path","Minty Spire (QoL Compilation)","Relic Stats"],"gold_per_floor":[117,117,130,143,60,73,85,96,96,124,76,76,127,140,140,242,242,255,255,48,74,85,85,103,103,103,117,117,134,160,180,180,279,279,295,307,321,337,16,16,31,61,85,85,385,398,418,431,431,431],"floor_reached":51,"language":"ENG","playtime":1956,"items_purged":[],"score":857,"play_id":"90882cb4-9e0a-4f9a-945a-c7f14674106e","local_time":"20210211170631","daily_mods":["Heirloom","Uncertain Future","Binary"],"is_ascension_mode":false,"campfire_choices":[{"data":"Bash","floor":12,"key":"SMITH"},{"data":"1","floor":15,"key":"LIFT"},{"data":"2","floor":23,"key":"LIFT"},{"data":"3","floor":28,"key":"LIFT"},{"floor":32,"key":"REST"},{"floor":40,"key":"REST"},{"data":"Apotheosis","floor":44,"key":"SMITH"},{"data":"Battle Trance","floor":49,"key":"SMITH"}],"circlet_count":0,"master_deck":["Bash+1","Shrug It Off","Iron Wave","Sever Soul","Fire Breathing","Flex","Infernal Blade","Clothesline","Twin Strike","Impervious","Offering","Twin Strike","Entrench","Pummel","Flame Barrier","Combust","Intimidate","Blood for Blood","Battle Trance+1","Spot Weakness","Apotheosis+1","Seeing Red","Power Through+1","Clothesline+1","True Grit","Iron Wave","Inflame","Impervious","Shrug It Off","Impervious","CurseOfTheBell","Disarm+1","Body Slam","Blood for Blood+1","Feel No Pain","Metallicize+1","Body Slam","Inflame+1","Heavy Blade+1","Juggernaut+1","Dual Wield+1","Feel No Pain+1","Spot Weakness+1"],"relics":["Burning Blood","NlothsMask","Girya","Pandora\u0027s Box","Red Mask","Nloth\u0027s Gift","Eternal Feather","The Courier","Calling Bell","Potion Belt","Pantograph","Incense Burner","Membership Card","Frozen Egg 2","Ancient Tea Set","Orichalcum"],"acts_visited":["Exordium","TheCity","TheBeyond"],"potions_floor_usage":[10,16,16,18,33,33,41,42,47,47,50],"damage_taken":[{"damage":2,"enemies":"2 Louse","floor":1,"turns":3},{"damage":5,"enemies":"Cultist","floor":3,"turns":4},{"damage":0,"enemies":"Jaw Worm","floor":4,"turns":3},{"damage":30,"enemies":"Exordium Thugs","floor":6,"turns":8},{"damage":11,"enemies":"3 Louse","floor":7,"turns":3},{"damage":10,"enemies":"Red Slaver","floor":8,"turns":4},{"damage":18,"enemies":"Lagavulin","floor":10,"turns":5},{"damage":2,"enemies":"Looter","floor":14,"turns":3},{"damage":0,"enemies":"Slime Boss","floor":16,"turns":4},{"damage":11,"enemies":"Shell Parasite","floor":18,"turns":3},{"damage":26,"enemies":"Masked Bandits","floor":21,"turns":4},{"damage":6,"enemies":"Chosen","floor":22,"turns":3},{"damage":27,"enemies":"Sentry and Sphere","floor":24,"turns":4},{"damage":9,"enemies":"Snake Plant","floor":27,"turns":3},{"damage":14,"enemies":"Centurion and Healer","floor":29,"turns":4},{"damage":6,"enemies":"Book of Stabbing","floor":30,"turns":4},{"damage":17,"enemies":"Snecko","floor":31,"turns":4},{"damage":21,"enemies":"Champ","floor":33,"turns":9},{"damage":8,"enemies":"3 Shapes","floor":35,"turns":6},{"damage":6,"enemies":"Orb Walker","floor":36,"turns":4},{"damage":15,"enemies":"Writhing Mass","floor":37,"turns":9},{"damage":62,"enemies":"Maw","floor":38,"turns":8},{"damage":4,"enemies":"Transient","floor":41,"turns":5},{"damage":14,"enemies":"Nemesis","floor":42,"turns":9},{"damage":9,"enemies":"3 Darklings","floor":46,"turns":4},{"damage":25,"enemies":"Maw","floor":47,"turns":8},{"damage":7,"enemies":"Jaw Worm Horde","floor":48,"turns":5},{"damage":71,"enemies":"Awakened One","floor":50,"turns":14}],"seed_played":"1285284017386273818","potions_obtained":[{"floor":7,"key":"DistilledChaos"},{"floor":8,"key":"Fire Potion"},{"floor":14,"key":"SkillPotion"},{"floor":18,"key":"Dexterity Potion"},{"floor":22,"key":"SpeedPotion"},{"floor":29,"key":"Explosive Potion"},{"floor":35,"key":"PowerPotion"},{"floor":38,"key":"Energy Potion"},{"floor":41,"key":"SkillPotion"},{"floor":42,"key":"EssenceOfSteel"}],"is_trial":true,"path_per_floor":["M","?","M","M","$","M","M","M","T","E","$","R","?","M","R","B",null,"M","?","$","?","M","R","M","?","T","M","R","M","E","M","R","B",null,"M","M","M","M","$","R","M","E","T","R","?","M","M","M","R","B",null],"character_chosen":"IRONCLAD","items_purchased":["Fire Breathing","Flex","SteroidPotion","Apotheosis","Seeing Red","Membership Card","Feel No Pain","Frozen Egg 2","Metallicize+1","Body Slam","Inflame+1"],"campfire_rested":2,"item_purchase_floors":[5,5,11,20,20,39,39,39,39,39,39],"current_hp_per_floor":[80,80,80,80,80,56,51,47,47,35,35,35,35,39,39,45,80,75,75,75,55,55,55,34,34,34,31,46,38,38,27,66,51,80,78,78,69,13,13,58,60,52,52,76,76,73,54,53,77,15],"gold":431,"neow_bonus":"","is_daily":false,"chose_seed":false,"campfire_upgraded":3,"win_rate":0.0,"timestamp":1613055991,"path_taken":["M","?","M","M","$","M","M","M","T","E","?","R","?","M","R","BOSS","M","?","$","?","M","R","M","?","T","M","R","M","E","M","R","BOSS","M","?","M","M","$","R","M","E","T","R","?","?","M","M","R","BOSS"],"items_purchased_type":["Card","Card","Potion","Card","Card","Relic","Card","Relic","Card","Card","Card"],"build_version":"2020-12-22","purchased_purges":0,"victory":true,"max_hp_per_floor":[80,80,80,80,80,80,80,80,80,80,80,80,80,80,80,80,80,80,80,80,80,80,80,80,80,80,80,80,80,80,80,80,80,80,80,80,80,80,80,80,80,80,80,80,80,80,80,80,80,80],"relic_stats":{"counters":[28,147],"Pantograph":3,"Pandora\u0027s Box":["Offering","Twin Strike","Entrench","Pummel","Flame Barrier","Combust","Intimidate","Blood for Blood","Battle Trance"],"Eternal Feather":99,"Nloth\u0027s Gift":4,"Orichalcum":[48],"obtain_stats":[{"Potion Belt":34,"Girya":10,"Eternal Feather":26,"The Courier":30,"Incense Burner":34,"Frozen Egg 2":39,"Orichalcum":43,"Ancient Tea Set":42,"Burning Blood":0,"Calling Bell":34,"Pantograph":34,"Pandora\u0027s Box":17,"Red Mask":21,"Nloth\u0027s Gift":25,"Membership Card":39,"Unceasing Top":0,"NlothsMask":2},{"Potion Belt":18,"Girya":7,"Eternal Feather":13,"The Courier":16,"Incense Burner":18,"Frozen Egg 2":22,"Orichalcum":24,"Ancient Tea Set":24,"Burning Blood":0,"Calling Bell":18,"Pantograph":18,"Pandora\u0027s Box":9,"Red Mask":11,"Nloth\u0027s Gift":13,"Membership Card":22,"Unceasing Top":0,"NlothsMask":1},{"Potion Belt":75,"Girya":30,"Eternal Feather":51,"The Courier":62,"Incense Burner":75,"Frozen Egg 2":102,"Orichalcum":116,"Ancient Tea Set":116,"Burning Blood":0,"Calling Bell":75,"Pantograph":75,"Pandora\u0027s Box":37,"Red Mask":44,"Nloth\u0027s Gift":51,"Membership Card":102,"Unceasing Top":0,"NlothsMask":3}],"Burning Blood":157},"card_choices":[{"not_picked":["Havoc"],"picked":"Shrug It Off","floor":1},{"not_picked":["Body Slam"],"picked":"Iron Wave","floor":3},{"not_picked":["Havoc"],"picked":"Sever Soul","floor":4},{"not_picked":["Intimidate","Body Slam"],"picked":"SKIP","floor":6},{"not_picked":["Sword Boomerang"],"picked":"Infernal Blade","floor":7},{"not_picked":["Heavy Blade"],"picked":"Clothesline","floor":8},{"not_picked":["Exhume","Hemokinesis"],"picked":"SKIP","floor":10},{"not_picked":["Bloodletting"],"picked":"Twin Strike","floor":14},{"not_picked":["Offering"],"picked":"Impervious","floor":16},{"not_picked":["Pummel","Warcry"],"picked":"SKIP","floor":18},{"not_picked":["Armaments"],"picked":"Power Through+1","floor":21},{"not_picked":["Thunderclap"],"picked":"Clothesline+1","floor":22},{"not_picked":["Sword Boomerang"],"picked":"True Grit","floor":24},{"not_picked":["Wild Strike"],"picked":"Iron Wave","floor":27},{"not_picked":["Fiend Fire"],"picked":"Inflame","floor":29},{"not_picked":["Double Tap"],"picked":"Impervious","floor":30},{"not_picked":["Sever Soul+1"],"picked":"Shrug It Off","floor":31},{"not_picked":["Double Tap"],"picked":"Impervious","floor":33},{"not_picked":["Cleave+1"],"picked":"Disarm+1","floor":35},{"not_picked":["Havoc"],"picked":"Body Slam","floor":36},{"not_picked":["Pummel"],"picked":"Blood for Blood+1","floor":37},{"not_picked":["Flex","Carnage+1"],"picked":"SKIP","floor":38},{"not_picked":["Havoc"],"picked":"Heavy Blade+1","floor":41},{"not_picked":["Fiend Fire"],"picked":"Juggernaut+1","floor":42},{"not_picked":["Wild Strike+1"],"picked":"Dual Wield+1","floor":46},{"not_picked":["Perfected Strike"],"picked":"Feel No Pain+1","floor":47},{"not_picked":["Thunderclap"],"picked":"Spot Weakness+1","floor":48}],"player_experience":1336729,"relics_obtained":[{"floor":10,"key":"Girya"},{"floor":21,"key":"Red Mask"},{"floor":26,"key":"Eternal Feather"},{"floor":30,"key":"The Courier"},{"floor":34,"key":"Potion Belt"},{"floor":34,"key":"Pantograph"},{"floor":34,"key":"Incense Burner"},{"floor":42,"key":"Ancient Tea Set"},{"floor":43,"key":"Orichalcum"}],"event_choices":[{"damage_healed":0,"gold_gain":0,"player_choice":"Trade","damage_taken":0,"relics_obtained":["NlothsMask"],"max_hp_gain":0,"max_hp_loss":0,"event_name":"FaceTrader","floor":2,"gold_loss":0},{"damage_healed":0,"gold_gain":51,"player_choice":"Gained Gold","damage_taken":0,"max_hp_gain":0,"max_hp_loss":0,"event_name":"Golden Wing","floor":13,"gold_loss":0},{"damage_healed":0,"gold_gain":0,"player_choice":"Read","damage_taken":0,"max_hp_gain":0,"max_hp_loss":0,"event_name":"The Library","floor":19,"gold_loss":0,"cards_obtained":["Spot Weakness"]},{"damage_healed":0,"gold_gain":0,"player_choice":"Fought Bandits","damage_taken":0,"max_hp_gain":0,"max_hp_loss":0,"event_name":"Masked Bandits","floor":21,"gold_loss":0},{"damage_healed":0,"gold_gain":0,"player_choice":"Traded Relic","damage_taken":0,"relics_obtained":["Nloth\u0027s Gift"],"max_hp_gain":0,"max_hp_loss":0,"event_name":"N\u0027loth","floor":25,"relics_lost":["Unceasing Top"],"gold_loss":0},{"damage_healed":0,"gold_gain":300,"player_choice":"Gold","damage_taken":0,"max_hp_gain":0,"max_hp_loss":0,"event_name":"Wheel of Change","floor":45,"gold_loss":0}],"is_beta":false,"boss_relics":[{"not_picked":["Ectoplasm","Runic Cube"],"picked":"Pandora\u0027s Box"},{"not_picked":["Runic Dome","Black Star"],"picked":"Calling Bell"}],"items_purged_floors":[],"is_endless":false,"potions_floor_spawned":[7,8,14,18,22,29,30,35,38,41,42],"ascension_level":0}}