{"host":"wrdw6zkxuilnr6rg","time":1612669951,"event":{"mods":["BaseMod","Bestiary","Colored Powertips","Hermit","Highlight Path","Minty Spire (QoL Compilation)","Quick Restart","Relic Stats","StSLib"],"gold_per_floor":[117,392,405,185,196,196,228,239,239,239,99,99,99,129,129,202,202,212,231,250,265,265,300,300,329,329,355,10,10,10,21,21,21,21],"floor_reached":33,"language":"ENG","playtime":987,"items_purged":["Regret","Strike_P"],"score":635,"play_id":"2689022f-b73f-4b32-9275-92014e2ee058","local_time":"20210207065231","is_ascension_mode":true,"campfire_choices":[{"data":"Ragnarok","floor":6,"key":"SMITH"},{"data":"ThirdEye","floor":10,"key":"SMITH"},{"data":"Ragnarok","floor":12,"key":"SMITH"},{"data":"Vigilance","floor":15,"key":"SMITH"},{"floor":24,"key":"REST"},{"data":"TalkToTheHand","floor":29,"key":"SMITH"},{"data":"Defend_P","floor":32,"key":"SMITH"}],"circlet_count":0,"master_deck":["AscendersBane","Strike_P","Strike_P","Defend_P+1","Defend_P","Defend_P","Defend_P","Eruption+1","Vigilance+1","EmptyFist","Consecrate","Ragnarok+1","ThirdEye+1","Ragnarok+1","Sanctity+1","BowlingBash","InnerPeace+1","Wish+1","Swivel+1","Writhe","MentalFortress+1","EmptyBody+1","TalkToTheHand+1","Flash of Steel"],"relics":["PureWater","Eternal Feather","Toxic Egg 2","Ancient Tea Set","Busted Crown","Bronze Scales","CloakClasp","Pen Nib","Mummified Hand","MealTicket"],"acts_visited":["Exordium","TheCity"],"potions_floor_usage":[8,14,21,27,33,33],"damage_taken":[{"damage":2,"enemies":"Jaw Worm","floor":1,"turns":6},{"damage":10,"enemies":"Cultist","floor":3,"turns":3},{"damage":0,"enemies":"Small Slimes","floor":5,"turns":2},{"damage":0,"enemies":"Gremlin Nob","floor":7,"turns":2},{"damage":0,"enemies":"3 Louse","floor":8,"turns":1},{"damage":0,"enemies":"3 Sentries","floor":14,"turns":2},{"damage":1,"enemies":"Slime Boss","floor":16,"turns":7},{"damage":0,"enemies":"Spheric Guardian","floor":18,"turns":2},{"damage":12,"enemies":"Shell Parasite","floor":19,"turns":4},{"damage":0,"enemies":"Cultist and Chosen","floor":20,"turns":4},{"damage":0,"enemies":"Chosen and Byrds","floor":21,"turns":4},{"damage":30,"enemies":"Book of Stabbing","floor":23,"turns":6},{"damage":16,"enemies":"Gremlin Leader","floor":25,"turns":6},{"damage":15,"enemies":"Book of Stabbing","floor":27,"turns":5},{"damage":11,"enemies":"Centurion and Healer","floor":31,"turns":5},{"damage":55,"enemies":"Champ","floor":33,"turns":6}],"seed_played":"-8420143460492615565","potions_obtained":[{"floor":7,"key":"SteroidPotion"},{"floor":8,"key":"AttackPotion"},{"floor":20,"key":"DistilledChaos"},{"floor":21,"key":"Dexterity Potion"},{"floor":31,"key":"SkillPotion"}],"is_trial":false,"path_per_floor":["M","?","M","$","M","R","E","M","T","R","$","R","?","E","R","B",null,"M","M","M","M","?","E","R","E","T","E","$","R","?","M","R","B"],"character_chosen":"WATCHER","items_purchased":["Ragnarok","Ragnarok","Sanctity+1","TalkToTheHand","Flash of Steel","StancePotion"],"campfire_rested":1,"item_purchase_floors":[4,11,11,28,28,28],"current_hp_per_floor":[59,59,49,49,49,49,49,49,49,58,58,67,67,67,68,67,68,68,56,56,56,56,26,58,42,42,27,42,54,54,43,55,0,0],"gold":21,"neow_bonus":"UPGRADE_CARD","is_daily":false,"chose_seed":false,"campfire_upgraded":6,"win_rate":0.0,"timestamp":1612669951,"path_taken":["M","?","?","$","?","R","E","?","T","R","$","R","?","E","R","BOSS","M","M","M","M","?","E","R","E","T","E","$","R","?","M","R","BOSS"],"items_purchased_type":["Card","Card","Card","Card","Card","Potion"],"build_version":"2020-12-22","purchased_purges":2,"victory":false,"max_hp_per_floor":[68,68,68,68,68,68,68,68,68,68,68,68,68,68,68,68,68,68,68,68,68,68,68,68,68,68,68,68,68,68,68,68,68,68],"relic_stats":{"Busted Crown":16,"counters":[16,65],"Mummified Hand":[3],"Bronze Scales":[94],"Eternal Feather":55,"MealTicket":15,"Pen Nib":[2],"CloakClasp":[42],"obtain_stats":[{"Busted Crown":17,"Mummified Hand":26,"Bronze Scales":22,"Eternal Feather":7,"MealTicket":27,"Pen Nib":25,"CloakClasp":23,"PureWater":0,"Toxic Egg 2":9,"Ancient Tea Set":14},{"Busted Crown":7,"Mummified Hand":13,"Bronze Scales":11,"Eternal Feather":4,"MealTicket":14,"Pen Nib":13,"CloakClasp":12,"PureWater":0,"Toxic Egg 2":5,"Ancient Tea Set":6},{"Busted Crown":23,"Mummified Hand":49,"Bronze Scales":37,"Eternal Feather":13,"MealTicket":54,"Pen Nib":49,"CloakClasp":43,"PureWater":0,"Toxic Egg 2":14,"Ancient Tea Set":16}]},"card_choices":[{"not_picked":["CutThroughFate","EmptyBody"],"picked":"EmptyFist","floor":1},{"not_picked":["EmptyFist","Worship"],"picked":"Consecrate","floor":3},{"not_picked":["PathToVictory","Protect"],"picked":"ThirdEye","floor":7},{"not_picked":["Weave","BowlingBash"],"picked":"InnerPeace+1","floor":14},{"not_picked":["Vault+1","Scrawl+1"],"picked":"Wish+1","floor":16},{"not_picked":["BowlingBash"],"picked":"SKIP","floor":18},{"not_picked":["Weave+1"],"picked":"SKIP","floor":19},{"not_picked":["BowlingBash"],"picked":"SKIP","floor":20},{"not_picked":["BowlingBash"],"picked":"SKIP","floor":20},{"not_picked":[],"picked":"Swivel+1","floor":21},{"not_picked":[],"picked":"MentalFortress+1","floor":23},{"not_picked":[],"picked":"EmptyBody+1","floor":25},{"not_picked":["PathToVictory+1"],"picked":"SKIP","floor":27}],"player_experience":1516104,"relics_obtained":[{"floor":7,"key":"Eternal Feather"},{"floor":9,"key":"Toxic Egg 2"},{"floor":14,"key":"Ancient Tea Set"},{"floor":23,"key":"CloakClasp"},{"floor":25,"key":"Pen Nib"},{"floor":26,"key":"Mummified Hand"},{"floor":27,"key":"MealTicket"}],"event_choices":[{"damage_healed":0,"gold_gain":275,"player_choice":"Desecrate","damage_taken":0,"max_hp_gain":0,"max_hp_loss":0,"event_name":"Golden Shrine","floor":2,"gold_loss":0,"cards_obtained":["Regret"]},{"damage_healed":0,"gold_gain":0,"cards_transformed":["Strike_P"],"player_choice":"Change","damage_taken":0,"max_hp_gain":0,"max_hp_loss":0,"event_name":"Living Wall","floor":13,"gold_loss":0,"cards_obtained":["BowlingBash"]},{"damage_healed":0,"gold_gain":0,"player_choice":"Opened","damage_taken":0,"relics_obtained":["Bronze Scales"],"max_hp_gain":0,"max_hp_loss":0,"event_name":"The Mausoleum","floor":22,"gold_loss":0,"cards_obtained":["Writhe"]}],"is_beta":false,"boss_relics":[{"not_picked":["Tiny House","Fusion Hammer"],"picked":"Busted Crown"}],"items_purged_floors":[4,28],"is_endless":false,"potions_floor_spawned":[7,8,20,21,31],"killed_by":"Champ","ascension_level":15}}