{"host":"31s8hzukbhz1k6i6","time":1613019136,"event":{"mods":["AchievementEnabler","BaseMod","Bestiary","Colored Map","Filter the Spire","Minty Spire (QoL Compilation)","Relic Stats","ojb\u0027s Info Mod"],"gold_per_floor":[10,24,24,24,40,40,80,80,80,121,141,161,175,215,215,311,311,330,330,175,175,187,518,518,541,541,114,132,157,175,194,194,271,271,283,283,283,158,169,196,212,239,290,290,304,304,304,333,333,333,333,333,333,94,124,124],"floor_reached":57,"language":"ENG","playtime":3868,"items_purged":["Strike_G","Strike_G","Strike_G"],"score":3000,"play_id":"b3916d04-25f5-4f4c-aa0e-9d3c3c042894","local_time":"20210210205216","is_ascension_mode":true,"campfire_choices":[{"data":"Blade Dance","floor":6.0,"key":"SMITH"},{"floor":8.0,"key":"REST"},{"data":"Blade Dance","floor":15.0,"key":"SMITH"},{"data":"Wraith Form v2","floor":24.0,"key":"SMITH"},{"data":"Doppelganger","floor":32.0,"key":"SMITH"},{"data":"Wraith Form v2","floor":46.0,"key":"SMITH"},{"floor":49.0,"key":"RECALL"},{"data":"Phantasmal Killer","floor":53.0,"key":"SMITH"}],"circlet_count":0,"master_deck":["AscendersBane","Strike_G","Defend_G","Defend_G","Defend_G","Defend_G","Defend_G","Neutralize","Slice","Flying Knee","Blade Dance+1","Endless Agony","Doppelganger+1","Dagger Throw","Dash","Blade Dance+1","Cloak And Dagger","Wraith Form v2+1","Predator+1","Calculated Gamble","Outmaneuver+1","Terror","Blade Dance","Venomology","Blade Dance","Wraith Form v2+1","Accuracy+1","Acrobatics+1","Finisher","Phantasmal Killer+1","Noxious Fumes+1","Panache","Leg Sweep+1"],"relics":["Ring of the Snake","Lizard Tail","Bloody Idol","Ornamental Fan","Potion Belt","Paper Crane","WristBlade","Old Coin","Happy Flower","Mummified Hand","Bag of Preparation","Pocketwatch","SacredBark","Akabeko","CaptainsWheel","Pear","Thread and Needle"],"acts_visited":["Exordium","TheCity","TheBeyond","TheEnding"],"potions_floor_usage":[56,56,56,56,56,56,56,56],"damage_taken":[{"damage":1.0,"enemies":"2 Louse","floor":1.0,"turns":5.0},{"damage":1.0,"enemies":"Jaw Worm","floor":2.0,"turns":3.0},{"damage":1.0,"enemies":"Cultist","floor":5.0,"turns":3.0},{"damage":48.0,"enemies":"Gremlin Nob","floor":7.0,"turns":5.0},{"damage":19.0,"enemies":"3 Sentries","floor":10.0,"turns":9.0},{"damage":0.0,"enemies":"2 Fungi Beasts","floor":11.0,"turns":3.0},{"damage":1.0,"enemies":"Blue Slaver","floor":12.0,"turns":2.0},{"damage":0.0,"enemies":"Large Slime","floor":13.0,"turns":4.0},{"damage":6.0,"enemies":"Lagavulin","floor":14.0,"turns":3.0},{"damage":8.0,"enemies":"Slime Boss","floor":16.0,"turns":9.0},{"damage":0.0,"enemies":"Chosen","floor":18.0,"turns":2.0},{"damage":7.0,"enemies":"Shell Parasite","floor":22.0,"turns":2.0},{"damage":21.0,"enemies":"Book of Stabbing","floor":23.0,"turns":5.0},{"damage":16.0,"enemies":"Snake Plant","floor":28.0,"turns":3.0},{"damage":0.0,"enemies":"Gremlin Leader","floor":29.0,"turns":5.0},{"damage":0.0,"enemies":"Shelled Parasite and Fungi","floor":30.0,"turns":1.0},{"damage":0.0,"enemies":"Sentry and Sphere","floor":31.0,"turns":2.0},{"damage":3.0,"enemies":"Automaton","floor":33.0,"turns":5.0},{"damage":0.0,"enemies":"3 Darklings","floor":35.0,"turns":4.0},{"damage":9.0,"enemies":"3 Shapes","floor":39.0,"turns":7.0},{"damage":0.0,"enemies":"Reptomancer","floor":40.0,"turns":5.0},{"damage":0.0,"enemies":"Writhing Mass","floor":41.0,"turns":4.0},{"damage":5.0,"enemies":"Nemesis","floor":42.0,"turns":5.0},{"damage":1.0,"enemies":"Transient","floor":45.0,"turns":6.0},{"damage":0.0,"enemies":"Reptomancer","floor":48.0,"turns":2.0},{"damage":6.0,"enemies":"Time Eater","floor":50.0,"turns":6.0},{"damage":34.0,"enemies":"Awakened One","floor":51.0,"turns":9.0},{"damage":4.0,"enemies":"Shield and Spear","floor":55.0,"turns":6.0},{"damage":55,"enemies":"The Heart","floor":56,"turns":7}],"seed_played":"3920250560092209509","potions_obtained":[{"floor":10.0,"key":"CunningPotion"},{"floor":11.0,"key":"LiquidMemories"},{"floor":12.0,"key":"FearPotion"},{"floor":14.0,"key":"Explosive Potion"},{"floor":28.0,"key":"CunningPotion"},{"floor":29.0,"key":"Energy Potion"},{"floor":41.0,"key":"Energy Potion"}],"is_trial":false,"path_per_floor":["M","M","?","?","M","R","E","R","T","E","M","M","M","E","R","B",null,"M","?","$","?","M","E","R","T","T","$","M","E","M","M","R","B",null,"M","?","?","$","M","E","M","E","T","?","M","R","?","E","R","B","B",null,"R","$","E","B",null],"character_chosen":"THE_SILENT","items_purchased":["LiquidMemories","Bag of Preparation","Blade Dance","GhostInAJar","Panache","Explosive Potion"],"campfire_rested":1,"item_purchase_floors":[20,27,27,27,54,54],"current_hp_per_floor":[58,57,57,50,49,49,1,19,19,30,30,29,29,23,23,15,49,49,49,49,49,47,36,36,41,41,41,30,35,40,45,45,47,57,60,60,57,57,53,57,57,57,57,57,57,57,57,67,67,61,27,57,57,57,58,3],"gold":124,"neow_bonus":"ONE_RARE_RELIC","is_daily":false,"chose_seed":false,"campfire_upgraded":6,"win_rate":0.0,"timestamp":1613019136,"path_taken":["M","M","?","?","M","R","E","R","T","E","M","M","?","E","R","BOSS","M","?","$","?","M","E","R","?","T","$","M","E","?","M","R","BOSS","M","?","?","$","M","E","M","E","T","?","M","R","?","E","R","BOSS","BOSS","R","$","E","BOSS"],"items_purchased_type":["Potion","Relic","Card","Potion","Card","Potion"],"build_version":"2020-12-22","purchased_purges":3,"victory":true,"max_hp_per_floor":[66,66,60,60,60,60,60,60,60,60,60,60,60,60,60,60,60,60,60,60,60,60,60,60,60,60,60,60,60,60,60,60,60,60,60,60,57,57,57,57,57,57,57,57,57,57,57,67,67,67,67,67,67,67,67,67],"relic_stats":{"Lizard Tail":30,"Happy Flower":[25],"counters":[29,132],"Ornamental Fan":[512],"Mummified Hand":[35],"Bloody Idol":68,"Bag of Preparation":[32],"obtain_stats":[{"Potion Belt":10,"Pear":48,"Happy Flower":25,"Golden Idol":3,"SacredBark":34,"Thread and Needle":55,"Bag of Preparation":27,"Paper Crane":14,"Akabeko":40,"Old Coin":23,"Lizard Tail":0,"CaptainsWheel":42,"WristBlade":17,"Ornamental Fan":9,"Mummified Hand":26,"Bloody Idol":19,"Ring of the Snake":0,"Pocketwatch":29},{"Potion Belt":5,"Pear":25,"Happy Flower":13,"Golden Idol":2,"SacredBark":18,"Thread and Needle":28,"Bag of Preparation":13,"Paper Crane":9,"Akabeko":21,"Old Coin":13,"Lizard Tail":0,"CaptainsWheel":23,"WristBlade":10,"Ornamental Fan":4,"Mummified Hand":13,"Bloody Idol":11,"Ring of the Snake":0,"Pocketwatch":15},{"Potion Belt":25,"Pear":104,"Happy Flower":55,"Golden Idol":8,"SacredBark":71,"Thread and Needle":125,"Bag of Preparation":55,"Paper Crane":37,"Akabeko":87,"Old Coin":55,"Lizard Tail":0,"CaptainsWheel":96,"WristBlade":46,"Ornamental Fan":16,"Mummified Hand":55,"Bloody Idol":48,"Ring of the Snake":0,"Pocketwatch":63}],"Ring of the Snake":[58],"Pocketwatch":[37]},"card_choices":[{"not_picked":["Prepared","Heel Hook"],"picked":"Slice","floor":1.0},{"not_picked":["Dodge and Roll","PiercingWail"],"picked":"Flying Knee","floor":2.0},{"not_picked":["Distraction","Escape Plan"],"picked":"Blade Dance","floor":5.0},{"not_picked":["Outmaneuver","Deflect"],"picked":"Endless Agony","floor":7.0},{"not_picked":["Dagger Throw","Catalyst"],"picked":"Doppelganger","floor":10.0},{"not_picked":["Dodge and Roll","Deadly Poison"],"picked":"Dagger Throw","floor":11.0},{"not_picked":["PiercingWail","Sucker Punch"],"picked":"Dash","floor":12.0},{"not_picked":["Slice","Deflect"],"picked":"Blade Dance","floor":13.0},{"not_picked":["Prepared","A Thousand Cuts"],"picked":"Cloak And Dagger","floor":14.0},{"not_picked":["Storm of Steel","Tools of the Trade"],"picked":"Wraith Form v2","floor":16.0},{"not_picked":["Catalyst","Poisoned Stab"],"picked":"Predator+1","floor":18.0},{"not_picked":["Bane","PiercingWail"],"picked":"Outmaneuver+1","floor":22.0},{"not_picked":["Prepared","Flying Knee"],"picked":"Terror","floor":23.0},{"not_picked":["Quick Slash","Poisoned Stab","Prepared"],"picked":"SKIP","floor":28.0},{"not_picked":["Distraction","Corpse Explosion"],"picked":"Venomology","floor":29.0},{"not_picked":["Flying Knee","Outmaneuver+1"],"picked":"Blade Dance","floor":30.0},{"not_picked":["Setup","Flying Knee","Slice"],"picked":"SKIP","floor":31.0},{"not_picked":["Adrenaline","A Thousand Cuts"],"picked":"Wraith Form v2","floor":33.0},{"not_picked":["Underhanded Strike","Poisoned Stab","Blade Dance"],"picked":"SKIP","floor":35.0},{"not_picked":["Dodge and Roll","Caltrops"],"picked":"Accuracy+1","floor":39.0},{"not_picked":["Concentrate","Eviscerate"],"picked":"Acrobatics+1","floor":40.0},{"not_picked":["Outmaneuver","Blade Dance"],"picked":"Finisher","floor":41.0},{"not_picked":["Cloak And Dagger","Acrobatics","Dodge and Roll+1"],"picked":"SKIP","floor":42.0},{"not_picked":["Blade Dance","Poisoned Stab"],"picked":"Phantasmal Killer","floor":45.0},{"not_picked":["Dash","Distraction+1"],"picked":"Noxious Fumes+1","floor":48.0},{"not_picked":["Endless Agony+1","Blade Dance"],"picked":"Leg Sweep+1","floor":55.0}],"player_experience":213189,"relics_obtained":[{"floor":9.0,"key":"Ornamental Fan"},{"floor":10.0,"key":"Potion Belt"},{"floor":14.0,"key":"Paper Crane"},{"floor":23.0,"key":"Old Coin"},{"floor":25.0,"key":"Happy Flower"},{"floor":26.0,"key":"Mummified Hand"},{"floor":29.0,"key":"Pocketwatch"},{"floor":40.0,"key":"Akabeko"},{"floor":42.0,"key":"CaptainsWheel"},{"floor":48.0,"key":"Pear"},{"floor":55.0,"key":"Thread and Needle"}],"event_choices":[{"damage_healed":0.0,"max_hp_gain":0.0,"max_hp_loss":6.0,"gold_gain":0.0,"event_name":"Golden Idol","player_choice":"Lose Max HP","floor":3.0,"gold_loss":0.0,"damage_taken":0.0,"relics_obtained":["Golden Idol"]},{"cards_removed":["Strike_G"],"damage_healed":0.0,"max_hp_gain":0.0,"max_hp_loss":0.0,"gold_gain":0.0,"event_name":"Golden Wing","player_choice":"Card Removal","floor":4.0,"gold_loss":0.0,"damage_taken":7.0},{"damage_healed":0.0,"max_hp_gain":0.0,"max_hp_loss":0.0,"gold_gain":0.0,"event_name":"Forgotten Altar","player_choice":"Gave Idol","floor":19.0,"relics_lost":["Golden Idol"],"gold_loss":0.0,"damage_taken":0.0,"relics_obtained":["Bloody Idol"]},{"damage_healed":0.0,"max_hp_gain":0.0,"max_hp_loss":0.0,"gold_gain":0.0,"event_name":"The Library","player_choice":"Read","floor":21.0,"gold_loss":0.0,"damage_taken":0.0,"cards_obtained":["Calculated Gamble"]},{"damage_healed":0.0,"max_hp_gain":0.0,"max_hp_loss":0.0,"gold_gain":0.0,"event_name":"Tomb of Lord Red Mask","player_choice":"Ignored","floor":36.0,"gold_loss":0.0,"damage_taken":0.0},{"damage_healed":0.0,"max_hp_gain":0.0,"max_hp_loss":3.0,"gold_gain":0.0,"event_name":"Winding Halls","player_choice":"Max HP","floor":37.0,"gold_loss":0.0,"damage_taken":0.0},{"cards_removed":["Survivor"],"damage_healed":0.0,"max_hp_gain":0.0,"max_hp_loss":0.0,"gold_gain":0.0,"event_name":"Falling","player_choice":"Removed Skill","floor":44.0,"gold_loss":0.0,"damage_taken":0.0},{"damage_healed":0.0,"max_hp_gain":0.0,"max_hp_loss":0.0,"gold_gain":0.0,"event_name":"SensoryStone","player_choice":"Memory 1","floor":47.0,"gold_loss":0.0,"damage_taken":0.0}],"is_beta":false,"boss_relics":[{"not_picked":["Sozu","Philosopher\u0027s Stone"],"picked":"WristBlade"},{"not_picked":["Velvet Choker","Runic Dome"],"picked":"SacredBark"}],"items_purged_floors":[20,27,38],"is_endless":false,"potions_floor_spawned":[10,11,12,14,28,29,40,41],"ascension_level":20}}