{"host":"juqfttvdeykv99sc","time":1613006067,"event":{"mods":["BaseMod","Colored Map","Downfall","Minty Spire (QoL Compilation)","Rare Cards Sparkle","StSLib"],"gold_per_floor":[99,111,111,111,126,126,126,126,42,60,60,77,93,110,120,224,224,224,235,248,259,18,18,18,18,34,34,134,134,152,171,171,171,171],"floor_reached":32,"language":"ENG","playtime":2657,"items_purged":["Guardian:Strike_Guardian"],"score":236,"play_id":"6ffadba3-5bfa-49ce-95d7-99ffae683841","local_time":"20210210201427","is_ascension_mode":false,"campfire_choices":[{"data":"Guardian:TwinSlam","floor":1,"key":"SMITH"},{"data":"Guardian:WalkerClaw","floor":6,"key":"SMITH"},{"data":"Guardian:ShieldCharger","floor":8,"key":"SMITH"},{"data":"Guardian:Emergency","floor":11,"key":"SMITH"},{"data":"Guardian:Recover","floor":18,"key":"SMITH"},{"data":"Guardian:TimeSifter","floor":23,"key":"SMITH"},{"data":"Guardian:FastForward","floor":29,"key":"SMITH"}],"circlet_count":0,"master_deck":["Guardian:Strike_Guardian","Guardian:Strike_Guardian","Guardian:Defend_Guardian","Guardian:Defend_Guardian","Guardian:Defend_Guardian","Guardian:Defend_Guardian","Guardian:CurlUp","Guardian:TwinSlam+1","Guardian:ShieldCharger+1","Guardian:Gem_Red","Guardian:WalkerClaw+1","Guardian:StasisStrike","Guardian:Emergency+1","Guardian:SentryBeam","Guardian:FastForward","Guardian:Recover+1","Guardian:FastForward+1","Guardian:ChargeCore","Guardian:TimeSifter+1","Guardian:Emergency+1","Guardian:Recover","Guardian:Gem_White","Guardian:TemporalShield"],"relics":["Guardian:ModeShifter","Guardian:PickAxe","Pen Nib","bronze:MakeshiftBattery","Singing Bowl","White Beast Statue"],"acts_visited":["Exordium","TheCity"],"potions_floor_usage":[22,30],"damage_taken":[{"damage":0,"enemies":"Small Slimes","floor":2,"turns":4},{"damage":18,"enemies":"Small Slimes","floor":3,"turns":7},{"damage":0,"enemies":"Cultist","floor":5,"turns":4},{"damage":5,"enemies":"downfall:FleeingMerchant","floor":9,"turns":4},{"damage":0,"enemies":"Jaw Worm","floor":10,"turns":2},{"damage":4,"enemies":"3 Louse","floor":12,"turns":3},{"damage":5,"enemies":"Exordium Thugs","floor":13,"turns":2},{"damage":0,"enemies":"Blue Slaver","floor":14,"turns":3},{"damage":5,"enemies":"3 Louse","floor":15,"turns":2},{"damage":26,"enemies":"WA_ARCHETYPE_RETAIN","floor":16,"turns":8},{"damage":14,"enemies":"3 Byrds","floor":19,"turns":4},{"damage":0,"enemies":"Spheric Guardian","floor":20,"turns":3},{"damage":19,"enemies":"Cultist and Chosen","floor":21,"turns":8},{"damage":5,"enemies":"downfall:FleeingMerchant","floor":22,"turns":4},{"damage":27,"enemies":"Snake Plant","floor":26,"turns":3},{"damage":7,"enemies":"downfall:LadyInBlue","floor":28,"turns":8},{"damage":12,"enemies":"Centurion and Healer","floor":30,"turns":5},{"damage":5,"enemies":"Snecko","floor":31,"turns":5},{"damage":2,"enemies":"Cultist and Chosen","floor":32,"turns":3}],"seed_played":"348071690841909526","potions_obtained":[{"floor":5,"key":"Guardian:DefensiveModePotion"},{"floor":13,"key":"EssenceOfSteel"},{"floor":14,"key":"ColorlessPotion"},{"floor":28,"key":"Energy Potion"},{"floor":30,"key":"SmokeBomb"}],"is_trial":false,"path_per_floor":["R","M","?","?","M","R","T","R","$","M","R","M","M","M","M","B",null,"R","M","M","M","$","R","T","?","M","?","?","R","M","M","M"],"character_chosen":"GUARDIAN","items_purchased":["Guardian:Emergency","Guardian:TimeSifter"],"campfire_rested":0,"item_purchase_floors":[9,22],"current_hp_per_floor":[88,88,70,70,70,70,70,70,65,65,65,61,56,56,51,25,88,88,74,74,55,50,50,50,50,23,23,18,18,6,1,0,0,0],"gold":171,"neow_bonus":"TEN_PERCENT_HP_BONUS","is_daily":false,"chose_seed":false,"campfire_upgraded":7,"win_rate":0.0,"timestamp":1613006067,"path_taken":["R","M","?","?","?","R","T","R","$","M","R","M","M","M","M","BOSS","R","M","M","M","$","R","T","?","?","?","?","R","?","M","M"],"items_purchased_type":["Card","Card"],"build_version":"2020-12-22","purchased_purges":1,"victory":false,"max_hp_per_floor":[88,88,88,88,88,88,88,88,88,88,88,88,88,88,88,88,88,88,88,88,88,88,88,88,88,88,88,90,90,90,90,90,90,90],"card_choices":[{"not_picked":["Guardian:Gem_Green","Guardian:CrystalBeam"],"picked":"Guardian:ShieldCharger","floor":2},{"not_picked":["Guardian:Recover","Guardian:Clone"],"picked":"Guardian:WalkerClaw","floor":5},{"not_picked":["Guardian:Incinerate","Guardian:VentSteam"],"picked":"Guardian:StasisStrike","floor":9},{"not_picked":["Guardian:DonusPower","Guardian:PrimingBeam"],"picked":"Guardian:SentryBeam","floor":10},{"not_picked":["Guardian:Preprogram","Guardian:ShieldSpikes","Guardian:ChargeCore"],"picked":"SKIP","floor":12},{"not_picked":["Guardian:PrismaticBarrier","Guardian:Planning","Guardian:PiercingHide"],"picked":"SKIP","floor":13},{"not_picked":["Guardian:ChargeCore","Guardian:Suspension"],"picked":"Guardian:FastForward","floor":14},{"not_picked":["Guardian:RollAttack","Guardian:RefractedBeam"],"picked":"Guardian:Recover","floor":15},{"not_picked":["Guardian:Gem_Orange","Guardian:RevengeProtocol"],"picked":"Guardian:FastForward","floor":16},{"not_picked":["Guardian:RollAttack+1","Guardian:Gem_Red","Guardian:PrimingBeam"],"picked":"SKIP","floor":19},{"not_picked":["Guardian:WalkerClaw+1","Guardian:ShieldSpikes"],"picked":"Guardian:ChargeCore","floor":20},{"not_picked":["Guardian:WalkerClaw","Guardian:Gem_Cyan","Guardian:PrismaticBarrier+1"],"picked":"SKIP","floor":21},{"not_picked":["Guardian:Gem_Purple","Guardian:RefractedBeam+1","Guardian:PiercingHide"],"picked":"SKIP","floor":22},{"not_picked":["Guardian:ShieldSpikes+1","Guardian:Incinerate"],"picked":"Guardian:Recover","floor":26},{"not_picked":["Guardian:Emergency","Guardian:PiercingHide","Guardian:RefractedBeam"],"picked":"Singing Bowl","floor":28},{"not_picked":["Guardian:Gem_Green","Guardian:GuardianWhirl"],"picked":"Guardian:Gem_White","floor":30},{"not_picked":["Guardian:ShieldCharger","Guardian:Gem_Blue"],"picked":"Guardian:TemporalShield","floor":31}],"player_experience":94079,"relics_obtained":[{"floor":7,"key":"Pen Nib"},{"floor":24,"key":"Singing Bowl"},{"floor":28,"key":"White Beast Statue"}],"event_choices":[],"is_beta":false,"boss_relics":[{"not_picked":["Black Star","Snecko Eye"],"picked":"bronze:MakeshiftBattery"}],"items_purged_floors":[22],"is_endless":false,"potions_floor_spawned":[5,13,14,15,16,20,21,30,31],"killed_by":"Cultist and Chosen","ascension_level":0}}