{"host":"h4lp0eeso8a0ssq0","time":1613069619,"event":{"mods":["2.2 Compatiblity","AchievementEnabler","BaseMod","CapriCore","Colored Map","Minty Spire (QoL Compilation)","StSLib","SuperFastMode"],"gold_per_floor":[114,114,39,39,49,49,78,92,92,92,126,136,161,161,161,235,235,251,4,14,31,31,31,41,41,41],"floor_reached":25,"language":"KOR","playtime":562,"items_purged":["Strike_G"],"score":517,"play_id":"6663e724-58c2-44fe-9c1b-227ff8e29e9f","local_time":"20210212035339","is_ascension_mode":true,"campfire_choices":[{"data":"Predator","floor":6.0,"key":"SMITH"},{"data":"Choke","floor":10.0,"key":"SMITH"},{"data":"Deflect","floor":15.0,"key":"SMITH"},{"floor":23,"key":"REST"}],"circlet_count":0,"master_deck":["AscendersBane","Strike_G","Strike_G","Defend_G","Defend_G","Defend_G","Defend_G","Defend_G","Survivor","Neutralize","Predator+1","Reflex","Cloak And Dagger","Choke+1","Dagger Throw","Dagger Spray","Heel Hook","Deflect+1","Storm of Steel","Blade Dance","Blade Dance","Accuracy"],"relics":["Ring of the Snake","NeowsBlessing","Mango","StrikeDummy","Orichalcum","Letter Opener","Sozu","Ancient Tea Set"],"acts_visited":["Exordium","TheCity"],"potions_floor_usage":[],"damage_taken":[{"damage":0.0,"enemies":"Jaw Worm","floor":1.0,"turns":1.0},{"damage":0.0,"enemies":"Small Slimes","floor":5.0,"turns":1.0},{"damage":0.0,"enemies":"Gremlin Nob","floor":7.0,"turns":1.0},{"damage":1.0,"enemies":"Cultist","floor":8.0,"turns":3.0},{"damage":32.0,"enemies":"3 Sentries","floor":11.0,"turns":8.0},{"damage":0.0,"enemies":"Exordium Wildlife","floor":12.0,"turns":3.0},{"damage":2.0,"enemies":"Gremlin Nob","floor":13.0,"turns":3.0},{"damage":38.0,"enemies":"Slime Boss","floor":16.0,"turns":14.0},{"damage":5.0,"enemies":"2 Thieves","floor":18.0,"turns":2.0},{"damage":11.0,"enemies":"Chosen","floor":20.0,"turns":4.0},{"damage":41,"enemies":"Centurion and Healer","floor":21,"turns":5},{"damage":20,"enemies":"Snake Plant","floor":24,"turns":3},{"damage":4,"enemies":"Snecko","floor":25,"turns":4}],"seed_played":"8311349854545093395","potions_obtained":[{"floor":5.0,"key":"Fruit Juice"},{"floor":7.0,"key":"GhostInAJar"},{"floor":11.0,"key":"Strength Potion"},{"floor":16.0,"key":"AttackPotion"}],"is_trial":false,"path_per_floor":["M","?","?","$","M","R","E","M","T","R","E","M","E","?","R","B",null,"M","$","M","M","?","R","M","M"],"character_chosen":"THE_SILENT","items_purchased":["Ancient Tea Set"],"campfire_rested":1,"item_purchase_floors":[19],"current_hp_per_floor":[59,59,59,59,64,64,78,77,77,77,45,45,43,43,43,5,65,60,60,49,8,8,33,13,9,9],"gold":41,"neow_bonus":"THREE_ENEMY_KILL","is_daily":false,"chose_seed":false,"campfire_upgraded":3,"win_rate":0.0,"timestamp":1613069619,"path_taken":["M","?","?","?","M","R","E","M","T","R","E","M","E","?","R","BOSS","M","$","M","M","?","R","?","M"],"items_purchased_type":["Relic"],"build_version":"2020-12-22","purchased_purges":1,"victory":false,"max_hp_per_floor":[66,66,66,66,71,71,85,85,85,85,85,85,85,85,85,85,85,85,85,85,85,85,85,85,85,85],"card_choices":[{"not_picked":["Bane","Acrobatics"],"picked":"Predator","floor":1.0},{"not_picked":["Setup","Caltrops"],"picked":"Cloak And Dagger","floor":5.0},{"not_picked":["Flying Knee","Phantasmal Killer"],"picked":"Choke","floor":7.0},{"not_picked":["Bouncing Flask","Bane"],"picked":"Dagger Throw","floor":8.0},{"not_picked":["Skewer","Eviscerate"],"picked":"Dagger Spray","floor":11.0},{"not_picked":["Quick Slash","Deadly Poison"],"picked":"Heel Hook","floor":12.0},{"not_picked":["Infinite Blades","Distraction"],"picked":"Deflect","floor":13.0},{"not_picked":["Venomology","Tools of the Trade"],"picked":"Storm of Steel","floor":16.0},{"not_picked":["Eviscerate","Flying Knee"],"picked":"Blade Dance","floor":18.0},{"not_picked":["Deadly Poison","Setup"],"picked":"Blade Dance","floor":20.0},{"not_picked":["Poisoned Stab","Underhanded Strike","Dagger Spray"],"picked":"SKIP","floor":21},{"not_picked":["Dagger Spray","Envenom"],"picked":"Accuracy","floor":24}],"player_experience":223669,"relics_obtained":[{"floor":7.0,"key":"Mango"},{"floor":9.0,"key":"StrikeDummy"},{"floor":11.0,"key":"Orichalcum"},{"floor":13.0,"key":"Letter Opener"}],"event_choices":[{"damage_healed":0.0,"max_hp_gain":0.0,"max_hp_loss":0.0,"gold_gain":0.0,"cards_transformed":["Strike_G"],"event_name":"Living Wall","player_choice":"Change","floor":2.0,"gold_loss":0.0,"damage_taken":0.0,"cards_obtained":["Reflex"]},{"cards_removed":["Strike_G"],"damage_healed":0.0,"max_hp_gain":0.0,"max_hp_loss":0.0,"gold_gain":0.0,"event_name":"The Cleric","player_choice":"Card Removal","floor":3.0,"gold_loss":75.0,"damage_taken":0.0},{"damage_healed":0.0,"max_hp_gain":0.0,"max_hp_loss":0.0,"gold_gain":0.0,"event_name":"Shining Light","player_choice":"Ignored","floor":14.0,"gold_loss":0.0,"damage_taken":0.0},{"damage_healed":0,"gold_gain":0,"player_choice":"0 cards matched","damage_taken":0,"max_hp_gain":0,"max_hp_loss":0,"event_name":"Match and Keep!","floor":22,"gold_loss":0,"cards_obtained":[]}],"is_beta":false,"boss_relics":[{"not_picked":["Empty Cage","Runic Pyramid"],"picked":"Sozu"}],"items_purged_floors":[19],"is_endless":false,"potions_floor_spawned":[5,7,11,16,18],"killed_by":"Snecko","ascension_level":20}}