{"host":"85rg8sallz0lemh6","time":1613074020,"event":{"mods":["BaseMod","Bestiary","Colored Powertips","Highlight Path","Minty Spire (QoL Compilation)","Quick Restart"],"gold_per_floor":[111,111,111,123,96,127,137,137,209,227,261,261,261,286,286,387,387,401,419,432,522,536,568,582,582,582],"floor_reached":25,"language":"ENG","playtime":624,"items_purged":[],"score":333,"play_id":"9fd4789b-7bbf-49a5-9657-4532264abe3d","local_time":"20210211140700","is_ascension_mode":true,"campfire_choices":[{"data":"Dualcast","floor":8.0,"key":"SMITH"},{"data":"Zap","floor":13.0,"key":"SMITH"},{"data":"Doom and Gloom","floor":15.0,"key":"SMITH"}],"circlet_count":0,"master_deck":["Strike_B","Strike_B","Strike_B","Defend_B","Defend_B","Defend_B","Defend_B","Zap+1","Dualcast+1","Leap","Melter","Cold Snap","Doom and Gloom+1","Electrodynamics","Buffer","Conserve Battery+1","Self Repair"],"relics":["Cracked Core","NeowsBlessing","Bronze Scales","Pear","Calipers","Bird Faced Urn","Black Star","Dream Catcher","Regal Pillow"],"acts_visited":["Exordium","TheCity"],"potions_floor_usage":[23,23],"damage_taken":[{"damage":0.0,"enemies":"2 Louse","floor":1.0,"turns":1.0},{"damage":0.0,"enemies":"Small Slimes","floor":4.0,"turns":1.0},{"damage":0.0,"enemies":"Lagavulin","floor":6.0,"turns":1.0},{"damage":0.0,"enemies":"Cultist","floor":7.0,"turns":3.0},{"damage":11.0,"enemies":"Lots of Slimes","floor":10.0,"turns":4.0},{"damage":14.0,"enemies":"Gremlin Nob","floor":11.0,"turns":3.0},{"damage":10.0,"enemies":"3 Sentries","floor":14.0,"turns":3.0},{"damage":11.0,"enemies":"Slime Boss","floor":16.0,"turns":7.0},{"damage":25.0,"enemies":"2 Thieves","floor":18.0,"turns":3.0},{"damage":3.0,"enemies":"Shell Parasite","floor":19.0,"turns":4.0},{"damage":21.0,"enemies":"Snecko","floor":20.0,"turns":6.0},{"damage":24.0,"enemies":"Shelled Parasite and Fungi","floor":22.0,"turns":6.0},{"damage":28,"enemies":"Slavers","floor":23,"turns":3},{"damage":11,"enemies":"Snake Plant","floor":24,"turns":3},{"damage":14,"enemies":"Gremlin Leader","floor":25,"turns":4}],"seed_played":"-4839110449248647604","potions_obtained":[{"floor":7.0,"key":"FearPotion"},{"floor":11.0,"key":"Fruit Juice"},{"floor":14.0,"key":"GamblersBrew"},{"floor":18.0,"key":"DuplicationPotion"}],"is_trial":false,"path_per_floor":["M","?","?","M","$","E","M","R","T","M","E","$","R","E","R","B",null,"M","M","M","?","M","E","M","E"],"character_chosen":"DEFECT","items_purchased":["Cold Snap"],"campfire_rested":0,"item_purchase_floors":[5],"current_hp_per_floor":[75,75,75,75,75,75,75,75,85,74,65,65,65,55,55,46,90,67,68,60,48,37,13,4,0,0],"gold":582,"neow_bonus":"THREE_ENEMY_KILL","is_daily":false,"chose_seed":false,"campfire_upgraded":3,"win_rate":0.0,"timestamp":1613074020,"path_taken":["M","?","?","?","$","E","M","R","T","M","E","?","R","E","R","BOSS","M","M","M","?","M","E","M","E"],"items_purchased_type":["Card"],"build_version":"2020-12-22","purchased_purges":0,"victory":false,"max_hp_per_floor":[75,75,75,75,75,75,75,75,85,85,90,90,90,90,90,90,90,90,90,90,90,90,90,90,90,90],"card_choices":[{"not_picked":["Coolheaded","Conserve Battery"],"picked":"Leap","floor":1.0},{"not_picked":["Scrape","Conserve Battery"],"picked":"Melter","floor":4.0},{"not_picked":["Go for the Eyes","Turbo","Beam Cell"],"picked":"SKIP","floor":6.0},{"not_picked":["Redo","Stack","Compile Driver"],"picked":"SKIP","floor":7.0},{"not_picked":["Chaos","White Noise"],"picked":"Doom and Gloom","floor":10.0},{"not_picked":["Streamline","Recycle"],"picked":"Electrodynamics","floor":11.0},{"not_picked":["Sweeping Beam","Compile Driver","Conserve Battery"],"picked":"SKIP","floor":14.0},{"not_picked":["Reboot","Hyperbeam"],"picked":"Buffer","floor":16.0},{"not_picked":["Beam Cell","Turbo"],"picked":"Conserve Battery+1","floor":18.0},{"not_picked":["Hologram","Leap"],"picked":"Self Repair","floor":19.0},{"not_picked":["Steam","Beam Cell","Melter+1"],"picked":"SKIP","floor":20.0},{"not_picked":["Gash","Sunder","Electrodynamics"],"picked":"SKIP","floor":22.0},{"not_picked":["Streamline+1","Auto Shields","Hologram"],"picked":"SKIP","floor":23},{"not_picked":["Turbo+1","Hologram+1","Darkness"],"picked":"SKIP","floor":24}],"player_experience":96118,"relics_obtained":[{"floor":6.0,"key":"Bronze Scales"},{"floor":9.0,"key":"Pear"},{"floor":11.0,"key":"Calipers"},{"floor":14.0,"key":"Bird Faced Urn"},{"floor":23,"key":"Dream Catcher"},{"floor":23,"key":"Regal Pillow"}],"event_choices":[{"damage_healed":0.0,"max_hp_gain":0.0,"max_hp_loss":0.0,"gold_gain":0.0,"event_name":"The Cleric","player_choice":"Leave","floor":2.0,"gold_loss":0.0,"damage_taken":0.0},{"cards_removed":["Strike_B"],"damage_healed":0.0,"max_hp_gain":0.0,"max_hp_loss":0.0,"gold_gain":0.0,"event_name":"Purifier","player_choice":"Purged","floor":3.0,"gold_loss":0.0,"damage_taken":0.0},{"damage_healed":0.0,"max_hp_gain":0.0,"max_hp_loss":0.0,"gold_gain":90.0,"event_name":"Knowing Skull","player_choice":"GOLD ","floor":21.0,"potions_obtained":[],"gold_loss":0.0,"damage_taken":12.0,"cards_obtained":[]}],"is_beta":false,"boss_relics":[{"not_picked":["Busted Crown","Tiny House"],"picked":"Black Star"}],"items_purged_floors":[],"is_endless":false,"potions_floor_spawned":[7,11,14,18],"killed_by":"Gremlin Leader","ascension_level":3}}