{"host":"dscols65uipasqd2","time":1613025099,"event":{"mods":["2.2 Compatiblity","AchievementEnabler","Aspiration","BaseMod","Colored Powertips","Downfall","Energized Spire","GifTheSpireLib","Hermit","Hubris","Infinite Spire","JesterMod","Jorbs\u0027s Wanderer Trilogy","Marisa????????","Minty Spire (QoL Compilation)","Rare Cards Sparkle","Replay The Spire","StSLib","Stuff the Spire","The Cursed","The Disciple","The Hierophant","The Judge","The Jungle","The Runesmith","TheFirefly"],"gold_per_floor":[99,99,99,99,148,6,31,31,31,31,50,100,25,42,74,192,192,92,112,112,112,124,167,194,94,94,120,131,168,168,185,210,236,236,236],"floor_reached":33,"language":"ENG","playtime":1851,"items_purged":[],"score":434,"play_id":"dd5b243e-5bef-4489-8fe1-8feb40bae131","local_time":"20210211013139","is_ascension_mode":true,"campfire_choices":[{"floor":1,"key":"RECALL"},{"data":"infinitespire:TheBestDefense","floor":8,"key":"SMITH"},{"data":"sneckomod:GlitteringGambit","floor":10,"key":"SMITH"},{"floor":18,"key":"REST"},{"floor":25,"key":"REST"},{"floor":30,"key":"REST"}],"circlet_count":0,"master_deck":["sneckomod:Strike","sneckomod:Strike","sneckomod:Strike","sneckomod:Defend","sneckomod:Defend","sneckomod:Defend","sneckomod:TailWhip","sneckomod:SnekBite","sneckomod:Unknown","sneckomod:Unknown","sneckomod:UnendingSupply","StuffTheSpire:Innocence","hubris:Disease","Spreading Infection","infinitespire:TheBestDefense+1","sneckomod:UnknownBlock","Swift Strike","sneckomod:GlitteringGambit+1","sneckomod:ImprovisedAttack","sneckomod:UnknownDraw","sneckomod:UnknownClassRED","sneckomod:UnknownRarePower","sneckomod:Restock","sneckomod:UnknownVulnerable","sneckomod:UnknownStrength","sneckomod:SnakeSap+1","sneckomod:UnknownBlock+1","sneckomod:UnknownClassSLIMEBOUND","sneckomod:UnknownExhaust","sneckomod:UnknownExhaust","sneckomod:UnknownBoss","sneckomod:UnknownStrength","sneckomod:UnknownExhaust","sneckomod:IronFang","sneckomod:UnknownClassTHE_CHAMP_GRAY","sneckomod:UnknownClassTHE_BRONZE_AUTOMATON+1","sneckomod:MixItUp","sneckomod:UnknownStrength","sneckomod:UnknownUncommonPower+1","sneckomod:UnknownClassRUNESMITH_BEIGE","sneckomod:UnknownDraw","sneckomod:UnknownClassCHRONO_GOLD","sneckomod:SoulRoll","sneckomod:UnknownStrength","sneckomod:UnknownExhaust+1","sneckomod:UnknownUncommonPower","sneckomod:UnknownX","sneckomod:UnknownClassCULL_RED_COLOR","sneckomod:MasterEye+1","sneckomod:UnknownClassCHRONO_GOLD","hermit:GhostlyPresence","sneckomod:DiceBoulder","sneckomod:DefensiveFlair+1","sneckomod:UnknownDraw+1","Slimebound:SpikyOuterGoop"],"relics":["sneckomod:SneckoSoul","downfall:HeartsMalice","Pen Nib","Dream Catcher","energizedSpire:StickyHand","downfall:HeartBlessingRed","aspiration:RitualStick","downfall:HeartBlessingBlue"],"acts_visited":["Exordium","TheCity"],"potions_floor_usage":[12,14,16,16,16,27,27,27,29,32],"damage_taken":[{"damage":0,"enemies":"Cultist","floor":2,"turns":1},{"damage":0,"enemies":"downfall:FleeingMerchant","floor":6,"turns":1},{"damage":0,"enemies":"downfall:FleeingMerchant","floor":9,"turns":1},{"damage":2,"enemies":"Small Slimes","floor":11,"turns":4},{"damage":20,"enemies":"3 Sentries","floor":12,"turns":6},{"damage":5,"enemies":"downfall:FleeingMerchant","floor":13,"turns":4},{"damage":12,"enemies":"Jaw Worm","floor":14,"turns":4},{"damage":15,"enemies":"Red Slaver","floor":15,"turns":4},{"damage":23,"enemies":"SI_SHIV_ARCHETYPE","floor":16,"turns":10},{"damage":19,"enemies":"3 Byrds","floor":19,"turns":4},{"damage":20,"enemies":"Spheric Guardian","floor":22,"turns":5},{"damage":28,"enemies":"Snake Plant","floor":23,"turns":4},{"damage":0,"enemies":"Centurion and Healer","floor":27,"turns":2},{"damage":18,"enemies":"Sentry and Sphere","floor":28,"turns":5},{"damage":16,"enemies":"Shelled Parasite and Fungi","floor":29,"turns":5},{"damage":13,"enemies":"Centurion and Healer","floor":31,"turns":5},{"damage":24,"enemies":"Snecko","floor":32,"turns":4},{"damage":25,"enemies":"DF_ARCHETYPE_CLAW","floor":33,"turns":2}],"seed_played":"-1826029024536320425","potions_obtained":[{"floor":11,"key":"GamblersBrew"},{"floor":12,"key":"EssenceOfSteel"},{"floor":15,"key":"Block Potion"},{"floor":22,"key":"SpeedPotion"},{"floor":26,"key":"Dexterity Potion"},{"floor":26,"key":"SmokeBomb"},{"floor":28,"key":"Doom Potion"},{"floor":29,"key":"Energy Potion"}],"is_trial":false,"path_per_floor":["R","M","?","?","T","$","T","R","$","R","M","E","$","M","M","B",null,"R","M","?","?","M","M","T","R","?","M","M","M","R","M","M","B"],"character_chosen":"THE_SNECKO","items_purchased":["SkillPotion","Swift Strike","sneckomod:UnknownClassRED","ColorlessPotion"],"campfire_rested":3,"item_purchase_floors":[6,6,13,13],"current_hp_per_floor":[90,90,83,83,83,83,83,83,83,83,81,61,56,44,29,6,69,90,71,53,53,33,9,9,49,49,49,31,20,50,42,18,0,0,0],"gold":236,"neow_bonus":"THREE_ENEMY_KILL","is_daily":false,"chose_seed":false,"campfire_upgraded":2,"win_rate":0.0,"timestamp":1613025099,"path_taken":["R","M","?","?","?","$","T","R","$","R","?","E","?","M","M","BOSS","R","M","?","?","?","M","T","R","?","?","M","M","R","M","M","BOSS"],"items_purchased_type":["Potion","Card","Card","Potion"],"build_version":"2020-12-22","purchased_purges":0,"victory":false,"max_hp_per_floor":[90,90,90,90,90,90,90,90,90,90,90,90,90,90,90,90,90,90,90,90,90,90,90,90,100,100,100,100,100,100,105,105,105,105,105],"card_choices":[{"not_picked":["sneckomod:Memorize","sneckomod:UnknownClassPURPLE"],"picked":"sneckomod:UnendingSupply","floor":2},{"not_picked":["ReplayTheSpireMod:??????????????????????","infinitespire:NeuralNetwork"],"picked":"infinitespire:TheBestDefense","floor":4},{"not_picked":["sneckomod:UnknownClassGREEN","sneckomod:UnknownClassRUNESMITH_BEIGE"],"picked":"sneckomod:UnknownBlock","floor":6},{"not_picked":["sneckomod:Rotation","sneckomod:RainOfDice"],"picked":"sneckomod:GlitteringGambit","floor":9},{"not_picked":["sneckomod:DiceBoulder","sneckomod:UnknownStrike"],"picked":"sneckomod:ImprovisedAttack","floor":11},{"not_picked":["sneckomod:UnknownClassDEFAULT_GRAY_COLOR","sneckomod:Unknown1Cost"],"picked":"sneckomod:UnknownDraw","floor":12},{"not_picked":["sneckomod:UnknownClassBLUE","sneckomod:DiceBoulder"],"picked":"sneckomod:UnknownDexterity","floor":13},{"not_picked":["sneckomod:UnknownColorless","sneckomod:SoulRoll"],"picked":"sneckomod:UnknownRarePower","floor":14},{"not_picked":["sneckomod:UnknownClassDEFAULT_GRAY_COLOR","sneckomod:SoulRoll"],"picked":"sneckomod:UnknownUncommonPower","floor":15},{"not_picked":["sneckomod:Cheat","sneckomod:GlitteringGambit"],"picked":"sneckomod:Restock","floor":16},{"not_picked":["sneckomod:UnknownVulnerable","sneckomod:UnknownStrength"],"picked":"sneckomod:SnakeSap+1","floor":18},{"not_picked":["sneckomod:UnknownBlock+1","sneckomod:UnknownClassSLIMEBOUND"],"picked":"sneckomod:UnknownExhaust","floor":19},{"not_picked":["sneckomod:UnknownExhaust","sneckomod:IronFang"],"picked":"sneckomod:UnknownStrength","floor":22},{"not_picked":["sneckomod:UnknownClassTHE_CHAMP_GRAY","sneckomod:MixItUp"],"picked":"sneckomod:UnknownClassTHE_BRONZE_AUTOMATON+1","floor":23},{"not_picked":["sneckomod:UnknownStrength","sneckomod:UnknownClassRUNESMITH_BEIGE"],"picked":"sneckomod:UnknownUncommonPower+1","floor":25},{"not_picked":["sneckomod:Memorize","sneckomod:UnknownClassCHRONO_GOLD"],"picked":"sneckomod:UnknownDraw","floor":27},{"not_picked":["sneckomod:SoulRoll","sneckomod:Memorize"],"picked":"sneckomod:UnknownStrength","floor":28},{"not_picked":["sneckomod:UnknownUncommonPower","sneckomod:UnknownX"],"picked":"sneckomod:UnknownExhaust+1","floor":29},{"not_picked":["sneckomod:UnknownClassCULL_RED_COLOR","sneckomod:UnknownClassCHRONO_GOLD"],"picked":"sneckomod:MasterEye+1","floor":30},{"not_picked":["sneckomod:DiceBoulder","sneckomod:DefensiveFlair+1"],"picked":"sneckomod:UnknownDraw+1","floor":31},{"not_picked":["sneckomod:UnknownCommonSkill","sneckomod:DiceBoulder","sneckomod:UnknownStrength"],"picked":"SKIP","floor":32}],"player_experience":634446,"relics_obtained":[{"floor":7,"key":"Pen Nib"},{"floor":12,"key":"Dream Catcher"},{"floor":24,"key":"bronze:BronzeIdol"}],"event_choices":[],"is_beta":false,"boss_relics":[{"not_picked":["energizedSpire:CursedPentagram","Replay:Wanted Poster"],"picked":"energizedSpire:StickyHand"}],"items_purged_floors":[],"is_endless":false,"potions_floor_spawned":[11,12,15,22,28,29],"killed_by":"DF_ARCHETYPE_CLAW","ascension_level":5}}