{"host":"jhy70w0yh8dayqay","time":1613054299,"event":{"mods":["AchievementEnabler","BaseMod","Colored Map","Colored Powertips","DeckTracker","Minty Spire (QoL Compilation)","Permanent Neow","SuperFastMode"],"gold_per_floor":[120,148,167,19,48,48,86,86,156,182,191,210,246,275,284,393,393,417,417,417,445,544,553,47,75,75,75,75,90,117,132,132,241,268,280,180,195,195,218,218,246,246,324,324,134,194,194,213,213,213],"floor_reached":51,"language":"KOR","playtime":1734,"items_purged":["Strike_B","Dualcast","Defend_B"],"score":1049,"play_id":"31657a26-21fe-4ca9-91a8-b8ccf0bfb58c","local_time":"20210211233819","is_ascension_mode":true,"campfire_choices":[{"data":"Zap","floor":6,"key":"SMITH"},{"floor":11,"key":"REST"},{"floor":15,"key":"REST"},{"floor":23,"key":"REST"},{"data":"Defragment","floor":27,"key":"SMITH"},{"data":"Master of Strategy","floor":32,"key":"SMITH"},{"floor":40,"key":"REST"},{"floor":42,"key":"REST"},{"data":"Panacea","floor":44,"key":"SMITH"},{"floor":49,"key":"REST"}],"circlet_count":0,"master_deck":["AscendersBane","Defend_B","Defend_B","Defend_B","Zap+1","Glacier","Sweeping Beam","Compile Driver","Rebound","Gash","Conserve Battery","Cold Snap","Capacitor","Steam","Electrodynamics","Reinforced Body+1","Biased Cognition","Self Repair","Defragment+1","Panacea+1","Master of Strategy+1","Hologram","Amplify","Defragment","Coolheaded","Reboot","Redo+1","Streamline+1","Genetic Algorithm+1","Stack","Storm+1","Storm","White Noise","Chill+1"],"relics":["Cracked Core","CeramicFish","Dream Catcher","Unceasing Top","Meat on the Bone","Strawberry","Velvet Choker","Orrery","Bag of Marbles","Vajra","Astrolabe","InkBottle","Girya"],"acts_visited":["Exordium","TheCity","TheBeyond"],"potions_floor_usage":[7,10,13,13,33,46,50],"damage_taken":[{"damage":6,"enemies":"Cultist","floor":1,"turns":4},{"damage":2,"enemies":"2 Louse","floor":2,"turns":3},{"damage":0,"enemies":"Small Slimes","floor":3,"turns":2},{"damage":5,"enemies":"2 Fungi Beasts","floor":5,"turns":4},{"damage":16,"enemies":"Gremlin Nob","floor":7,"turns":3},{"damage":0,"enemies":"Looter","floor":10,"turns":1},{"damage":3,"enemies":"Red Slaver","floor":12,"turns":3},{"damage":11,"enemies":"3 Sentries","floor":13,"turns":5},{"damage":7,"enemies":"Exordium Wildlife","floor":14,"turns":4},{"damage":53,"enemies":"Hexaghost","floor":16,"turns":11},{"damage":13,"enemies":"Shell Parasite","floor":18,"turns":7},{"damage":15,"enemies":"Spheric Guardian","floor":21,"turns":4},{"damage":20,"enemies":"Snecko","floor":25,"turns":6},{"damage":22,"enemies":"Centurion and Healer","floor":29,"turns":6},{"damage":10,"enemies":"Chosen and Byrds","floor":31,"turns":6},{"damage":17,"enemies":"Automaton","floor":33,"turns":9},{"damage":41,"enemies":"3 Darklings","floor":35,"turns":4},{"damage":0,"enemies":"Orb Walker","floor":37,"turns":7},{"damage":61,"enemies":"Writhing Mass","floor":39,"turns":8},{"damage":26,"enemies":"Maw","floor":41,"turns":8},{"damage":44,"enemies":"2 Orb Walkers","floor":46,"turns":6},{"damage":20,"enemies":"Spire Growth","floor":48,"turns":4},{"damage":35,"enemies":"Donu and Deca","floor":50,"turns":6}],"seed_played":"-2378579561702596601","potions_obtained":[{"floor":3,"key":"LiquidMemories"},{"floor":8,"key":"Fire Potion"},{"floor":8,"key":"CultistPotion"},{"floor":10,"key":"SpeedPotion"},{"floor":18,"key":"Explosive Potion"},{"floor":29,"key":"FairyPotion"},{"floor":35,"key":"Block Potion"},{"floor":46,"key":"SkillPotion"}],"is_trial":false,"path_per_floor":["M","M","M","$","M","R","E","?","T","M","R","M","E","M","R","B",null,"M","?","?","M","?","R","$","M","T","R","?","M","T","M","R","B",null,"M","$","M","?","M","R","M","R","T","R","$","?","?","M","R","B",null],"character_chosen":"DEFECT","items_purchased":["Dream Catcher","Defragment","Panacea","Master of Strategy","Orrery","Storm"],"campfire_rested":6,"item_purchase_floors":[4,24,24,24,24,45],"current_hp_per_floor":[62,60,60,60,55,55,39,39,39,39,61,58,54,47,71,30,69,56,40,40,37,37,63,63,62,62,62,87,72,72,69,69,59,80,51,51,65,70,28,54,47,73,73,73,73,48,48,47,73,50],"gold":213,"neow_bonus":"RANDOM_COMMON_RELIC","is_daily":false,"chose_seed":false,"campfire_upgraded":4,"win_rate":0.0,"timestamp":1613054299,"path_taken":["M","M","M","?","M","R","E","?","T","M","R","?","E","M","R","BOSS","M","?","?","M","?","R","$","M","T","R","?","?","?","M","R","BOSS","M","$","M","?","M","R","?","R","T","R","$","?","?","?","R","BOSS"],"items_purchased_type":["Relic","Card","Card","Card","Relic","Card"],"build_version":"2020-12-22","purchased_purges":3,"victory":true,"max_hp_per_floor":[75,75,75,75,75,75,75,75,75,75,75,75,82,82,82,82,82,82,87,87,87,87,87,87,87,87,87,87,87,87,87,87,87,87,87,87,87,87,87,87,87,87,87,87,87,87,87,87,87,87],"card_choices":[{"not_picked":["Go for the Eyes","Capacitor"],"picked":"Glacier","floor":1},{"not_picked":["Beam Cell","Hologram"],"picked":"Sweeping Beam","floor":2},{"not_picked":["Biased Cognition","Stack"],"picked":"Streamline","floor":3},{"not_picked":["Barrage","Sweeping Beam"],"picked":"Compile Driver","floor":5},{"not_picked":["Go for the Eyes","All For One"],"picked":"Rebound","floor":7},{"not_picked":["Melter","Leap"],"picked":"Gash","floor":10},{"not_picked":["Barrage","Leap"],"picked":"Conserve Battery","floor":11},{"not_picked":["Aggregate","Stack","Barrage"],"picked":"SKIP","floor":12},{"not_picked":["Rebound","Machine Learning"],"picked":"Cold Snap","floor":13},{"not_picked":["Static Discharge","Turbo"],"picked":"Capacitor","floor":14},{"not_picked":["Redo","Chaos"],"picked":"Steam","floor":15},{"not_picked":["Creative AI","Biased Cognition"],"picked":"Electrodynamics","floor":16},{"not_picked":["Compile Driver","Cold Snap"],"picked":"Reinforced Body+1","floor":18},{"not_picked":["Sweeping Beam","Redo"],"picked":"Biased Cognition","floor":21},{"not_picked":["Conserve Battery","Rebound"],"picked":"Self Repair","floor":23},{"not_picked":["Cold Snap","Tempest"],"picked":"Hologram","floor":24},{"not_picked":["Streamline","Hello World"],"picked":"Amplify","floor":24},{"not_picked":["Cold Snap","Blizzard"],"picked":"Defragment","floor":24},{"not_picked":["Steam","Genetic Algorithm"],"picked":"Coolheaded","floor":25},{"not_picked":["Hologram","Redo","Streamline"],"picked":"SKIP","floor":29},{"not_picked":["Beam Cell","Sunder","Darkness"],"picked":"SKIP","floor":31},{"not_picked":["Hyperbeam","Buffer"],"picked":"Reboot","floor":33},{"not_picked":["Leap","Rebound","Recycle"],"picked":"SKIP","floor":35},{"not_picked":["Sweeping Beam+1","Rebound","Meteor Strike"],"picked":"SKIP","floor":37},{"not_picked":["Leap","Conserve Battery"],"picked":"Stack","floor":39},{"not_picked":["Coolheaded","Force Field+1"],"picked":"Storm+1","floor":41},{"not_picked":["Go for the Eyes","Double Energy"],"picked":"White Noise","floor":46},{"not_picked":["Stack+1","Cold Snap+1"],"picked":"Chill+1","floor":48}],"player_experience":483753,"relics_obtained":[{"floor":7,"key":"Unceasing Top"},{"floor":9,"key":"Meat on the Bone"},{"floor":13,"key":"Strawberry"},{"floor":26,"key":"Bag of Marbles"},{"floor":30,"key":"Vajra"},{"floor":43,"key":"InkBottle"},{"floor":46,"key":"Girya"}],"event_choices":[{"damage_healed":0,"gold_gain":0,"player_choice":"Got Potions","damage_taken":0,"max_hp_gain":0,"max_hp_loss":0,"event_name":"Lab","floor":8,"gold_loss":0},{"damage_healed":0,"gold_gain":0,"player_choice":"Shed Blood","damage_taken":21,"max_hp_gain":5,"max_hp_loss":0,"event_name":"Forgotten Altar","floor":19,"gold_loss":0},{"damage_healed":0,"gold_gain":0,"player_choice":"Ignored","damage_taken":0,"max_hp_gain":0,"max_hp_loss":0,"event_name":"Vampires","floor":20,"gold_loss":0},{"damage_healed":0,"gold_gain":99,"player_choice":"Stole From Cult","damage_taken":0,"max_hp_gain":0,"max_hp_loss":0,"event_name":"Nest","floor":22,"gold_loss":0},{"damage_healed":25,"gold_gain":0,"player_choice":"Full Heal","damage_taken":0,"max_hp_gain":0,"max_hp_loss":0,"event_name":"Wheel of Change","floor":28,"gold_loss":0},{"cards_removed":["Streamline"],"damage_healed":5,"gold_gain":0,"player_choice":"Offered Common","damage_taken":0,"max_hp_gain":0,"max_hp_loss":0,"event_name":"Bonfire Elementals","floor":38,"gold_loss":0},{"cards_removed":["Streamline"],"damage_healed":5,"gold_gain":0,"player_choice":"Offered Special","damage_taken":0,"max_hp_gain":0,"max_hp_loss":0,"event_name":"Bonfire Elementals","floor":38,"gold_loss":0},{"damage_healed":0,"gold_gain":0,"player_choice":"Fight","damage_taken":0,"max_hp_gain":0,"max_hp_loss":0,"event_name":"Mysterious Sphere","floor":46,"gold_loss":0},{"damage_healed":0,"gold_gain":0,"player_choice":"Bought 0 Potions","damage_taken":0,"max_hp_gain":0,"max_hp_loss":0,"event_name":"The Woman in Blue","floor":47,"gold_loss":0}],"is_beta":false,"boss_relics":[{"not_picked":["SlaversCollar","Runic Dome"],"picked":"Velvet Choker"},{"not_picked":["Fusion Hammer","Sozu"],"picked":"Astrolabe"}],"items_purged_floors":[24,36,45],"is_endless":false,"potions_floor_spawned":[3,10,12,18,29,31,35,37,39,46],"ascension_level":12}}