{"host":"28p8ce41sjwa6lzf","time":1613067415,"event":{"mods":["BaseMod","Bestiary","Colored Map","Colored Powertips","Dark Map","Highlight Path","Minty Spire (QoL Compilation)","Permanent Neow","Quick Restart","Random Character Button","Rare Cards Sparkle","Relic Stats","StSLib","Unceasing Turn Reminder"],"gold_per_floor":[416,38,54,65,78,78,78,78],"floor_reached":7,"language":"ENG","playtime":273,"items_purged":["Strike_B"],"score":86,"play_id":"9828a004-48ba-45e2-bb3c-9b3c06edfc44","local_time":"20210211121655","is_ascension_mode":true,"campfire_choices":[{"data":"Defragment","floor":6,"key":"SMITH"}],"circlet_count":0,"master_deck":["AscendersBane","Strike_B","Strike_B","Strike_B","Defend_B","Defend_B","Defend_B","Defend_B","Zap","Dualcast","Gash","Defragment+1","Cold Snap","Genetic Algorithm","Doom and Gloom","Capacitor"],"relics":["Cracked Core","Old Coin","Runic Capacitor"],"acts_visited":["Exordium"],"potions_floor_usage":[5],"damage_taken":[{"damage":1.0,"enemies":"Cultist","floor":1.0,"turns":3.0},{"damage":7.0,"enemies":"Small Slimes","floor":3.0,"turns":3.0},{"damage":1.0,"enemies":"Jaw Worm","floor":4.0,"turns":5.0},{"damage":4,"enemies":"Blue Slaver","floor":5,"turns":5},{"damage":80,"enemies":"Gremlin Nob","floor":7,"turns":6}],"seed_played":"3261218586589668927","potions_obtained":[{"floor":4.0,"key":"Dexterity Potion"}],"is_trial":false,"path_per_floor":["M","$","M","M","M","R","E"],"character_chosen":"DEFECT","items_purchased":["Runic Capacitor","Defragment","Cold Snap"],"campfire_rested":0,"item_purchase_floors":[2,2,2],"current_hp_per_floor":[63,63,56,55,51,51,0,0],"gold":78,"neow_bonus":"ONE_RARE_RELIC","is_daily":false,"chose_seed":false,"campfire_upgraded":1,"win_rate":0.0,"timestamp":1613067415,"path_taken":["M","$","M","M","M","R","E"],"items_purchased_type":["Relic","Card","Card"],"build_version":"2020-12-22","purchased_purges":1,"victory":false,"max_hp_per_floor":[64,64,64,64,64,64,64,64],"relic_stats":{"counters":[5,22],"obtain_stats":[{"Runic Capacitor":2,"Cracked Core":0,"Old Coin":0},{"Runic Capacitor":1,"Cracked Core":0,"Old Coin":0},{"Runic Capacitor":3,"Cracked Core":0,"Old Coin":0}]},"card_choices":[{"not_picked":["Barrage","Conserve Battery"],"picked":"Gash","floor":1.0},{"not_picked":["Fusion","Lockon"],"picked":"Genetic Algorithm","floor":3.0},{"not_picked":["Rebound","Lockon"],"picked":"Doom and Gloom","floor":4.0},{"not_picked":["Go for the Eyes","Sunder"],"picked":"Capacitor","floor":5}],"player_experience":1028755,"relics_obtained":[],"event_choices":[],"is_beta":false,"boss_relics":[],"items_purged_floors":[2],"is_endless":false,"potions_floor_spawned":[4],"killed_by":"Gremlin Nob","ascension_level":20}}