{"host":"5n1fl7z5i1vf7jan","time":1613027404,"event":{"mods":["BaseMod","Minty Spire (QoL Compilation)","Quick Restart","Relic Stats"],"gold_per_floor":[118,131,142,142,5,39,53,53,53],"floor_reached":8,"language":"ENG","playtime":244,"items_purged":[],"score":116,"play_id":"0c90163d-1dee-4556-bcff-26d0f3011b0a","local_time":"20210210231004","is_ascension_mode":true,"campfire_choices":[],"circlet_count":0,"master_deck":["AscendersBane","Strike_B","Strike_B","Strike_B","Defend_B","Defend_B","Defend_B","Defend_B","Zap","Dualcast","Compile Driver","Steam","Defragment","BootSequence","Dramatic Entrance","Genetic Algorithm","Leap"],"relics":["Cracked Core","MealTicket","Mummified Hand"],"acts_visited":["Exordium"],"potions_floor_usage":[8],"damage_taken":[{"damage":2,"enemies":"Cultist","floor":1,"turns":4},{"damage":4,"enemies":"2 Louse","floor":2,"turns":3},{"damage":8,"enemies":"Jaw Worm","floor":3,"turns":3},{"damage":21,"enemies":"Lagavulin","floor":6,"turns":8},{"damage":0,"enemies":"2 Fungi Beasts","floor":7,"turns":2},{"damage":44,"enemies":"Gremlin Nob","floor":8,"turns":3}],"seed_played":"4694200081349817374","potions_obtained":[{"floor":7,"key":"SteroidPotion"}],"is_trial":false,"path_per_floor":["M","M","M","?","$","E","M","E"],"character_chosen":"DEFECT","items_purchased":["BootSequence","Dramatic Entrance"],"campfire_rested":0,"item_purchase_floors":[5,5],"current_hp_per_floor":[62,58,50,43,58,37,37,0,0],"gold":53,"neow_bonus":"RANDOM_COMMON_RELIC","is_daily":false,"chose_seed":false,"campfire_upgraded":0,"win_rate":0.0,"timestamp":1613027404,"path_taken":["M","M","M","?","$","E","M","E"],"items_purchased_type":["Card","Card"],"build_version":"2020-12-22","purchased_purges":0,"victory":false,"max_hp_per_floor":[71,71,71,71,71,71,71,71,71],"relic_stats":{"counters":[6,23],"Mummified Hand":[1],"MealTicket":15,"obtain_stats":[{"Mummified Hand":6,"MealTicket":0,"Cracked Core":0},{"Mummified Hand":4,"MealTicket":0,"Cracked Core":0},{"Mummified Hand":18,"MealTicket":0,"Cracked Core":0}]},"card_choices":[{"not_picked":["Steam","Beam Cell"],"picked":"Compile Driver","floor":1},{"not_picked":["Turbo","Compile Driver"],"picked":"Steam","floor":2},{"not_picked":["Barrage","FTL"],"picked":"Defragment","floor":3},{"not_picked":["Steam","Redo"],"picked":"Genetic Algorithm","floor":6},{"not_picked":["Skim","Stack"],"picked":"Leap","floor":7}],"player_experience":339602,"relics_obtained":[{"floor":6,"key":"Mummified Hand"}],"event_choices":[{"cards_removed":["Strike_B"],"damage_healed":0,"gold_gain":0,"player_choice":"Card Removal","damage_taken":7,"max_hp_gain":0,"max_hp_loss":0,"event_name":"Golden Wing","floor":4,"gold_loss":0}],"is_beta":false,"boss_relics":[],"items_purged_floors":[],"is_endless":false,"potions_floor_spawned":[7],"killed_by":"Gremlin Nob","ascension_level":20}}