{"host":"Supernova","time":1613055499,"event":{"mods":["AchievementEnabler","BaseMod","Bestiary","Card Forge","Colored Map","Curses Come First","Highlight Path","Minty Spire (QoL Compilation)","Permanent Neow","Relic Sorter","Relic Stats","StSLib"],"gold_per_floor":[117,292,305,325,340,375,375,410,436,436,503,503,355,373,373,478,478,490,507,519,519,519,519,530,328,328,346,357,382,399,418,418,516,516,530,272,285,303,303,336,355,386,411,436,452,452,190,217,217,217],"floor_reached":51,"language":"ENG","playtime":2869,"items_purged":[],"score":1101,"play_id":"a875c1eb-7619-4346-95b5-6997e66b41a1","local_time":"20210211095819","is_ascension_mode":false,"campfire_choices":[{"data":"1","floor":7,"key":"LIFT"},{"data":"PathToVictory","floor":10,"key":"SMITH"},{"data":"2","floor":15,"key":"LIFT"},{"data":"PathToVictory","floor":23,"key":"SMITH"},{"data":"LikeWater","floor":32,"key":"SMITH"},{"data":"Scrawl","floor":46,"key":"SMITH"},{"data":"PathToVictory","floor":49,"key":"SMITH"}],"circlet_count":0,"master_deck":["Defend_P+1","Defend_P+1","Defend_P+1","Defend_P+1","Vigilance+1","PathToVictory+1","Evaluate+1","SignatureMove+1","PathToVictory+1","PathToVictory+1","PathToVictory+1","PathToVictory+1","LikeWater+1","PathToVictory+1","Sanctity+1","PathToVictory+1","Scrawl+1","EmptyBody+1","PanicButton+1","Deep Breath+1","PathToVictory+1","InnerPeace+1","LikeWater+1","PathToVictory+1","PathToVictory+1"],"relics":["Hammer of Thor","Anvil of the Gods","Seething Fire","Sozu","Girya","Omamori","Bag of Marbles","Lee\u0027s Waffle","VioletLotus","Art of War","Blue Candle","Whetstone","SlaversCollar","Pantograph","Damaru","The Courier","Orichalcum","Strawberry","DollysMirror","Bag of Preparation","Bronze Scales"],"acts_visited":["Exordium","TheCity","TheBeyond"],"potions_floor_usage":[],"damage_taken":[{"damage":2,"enemies":"Cultist","floor":1,"turns":3},{"damage":0,"enemies":"Small Slimes","floor":3,"turns":3},{"damage":1,"enemies":"Jaw Worm","floor":4,"turns":3},{"damage":8,"enemies":"Exordium Wildlife","floor":5,"turns":4},{"damage":0,"enemies":"Gremlin Nob","floor":6,"turns":2},{"damage":0,"enemies":"Lagavulin","floor":8,"turns":2},{"damage":0,"enemies":"Gremlin Gang","floor":14,"turns":3},{"damage":0,"enemies":"Slime Boss","floor":16,"turns":3},{"damage":0,"enemies":"Spheric Guardian","floor":18,"turns":2},{"damage":2,"enemies":"2 Thieves","floor":19,"turns":3},{"damage":0,"enemies":"Shelled Parasite and Fungi","floor":20,"turns":2},{"damage":0,"enemies":"3 Cultists","floor":24,"turns":3},{"damage":0,"enemies":"Snecko","floor":27,"turns":2},{"damage":0,"enemies":"Shelled Parasite and Fungi","floor":28,"turns":1},{"damage":14,"enemies":"Slavers","floor":29,"turns":3},{"damage":0,"enemies":"Centurion and Healer","floor":30,"turns":3},{"damage":0,"enemies":"3 Cultists","floor":31,"turns":3},{"damage":0,"enemies":"Champ","floor":33,"turns":5},{"damage":8,"enemies":"3 Shapes","floor":35,"turns":2},{"damage":2,"enemies":"Orb Walker","floor":37,"turns":2},{"damage":7,"enemies":"Sphere and 2 Shapes","floor":38,"turns":3},{"damage":0,"enemies":"Nemesis","floor":40,"turns":3},{"damage":2,"enemies":"Writhing Mass","floor":41,"turns":2},{"damage":0,"enemies":"Giant Head","floor":42,"turns":4},{"damage":0,"enemies":"Reptomancer","floor":44,"turns":3},{"damage":0,"enemies":"Spire Growth","floor":45,"turns":3},{"damage":0,"enemies":"Giant Head","floor":48,"turns":4},{"damage":5,"enemies":"Donu and Deca","floor":50,"turns":5}],"seed_played":"8846733823098301330","potions_obtained":[],"is_trial":false,"path_per_floor":["M","?","M","M","M","E","R","E","T","R","?","?","$","M","R","B",null,"M","M","M","?","?","R","M","$","T","M","M","E","M","M","R","B",null,"M","$","M","M","?","E","M","E","T","E","M","R","$","E","R","B",null],"character_chosen":"WATCHER","items_purchased":["Lee\u0027s Waffle","Art of War","PathToVictory","Pantograph","DollysMirror","Bag of Preparation","PathToVictory"],"campfire_rested":0,"item_purchase_floors":[13,25,25,36,47,47,47],"current_hp_per_floor":[70,70,70,69,61,61,61,61,61,61,61,66,84,84,84,84,84,84,82,82,82,82,82,82,82,82,82,82,68,68,68,68,68,84,76,76,74,67,57,57,55,55,55,62,62,62,62,62,62,82],"gold":217,"neow_bonus":"BOSS_RELIC","is_daily":false,"chose_seed":false,"campfire_upgraded":5,"win_rate":0.0,"timestamp":1613055499,"path_taken":["M","?","M","M","M","E","R","E","T","R","?","?","$","M","R","BOSS","M","M","M","?","?","R","?","$","T","M","M","E","M","M","R","BOSS","M","$","M","M","?","E","M","E","T","E","M","R","$","E","R","BOSS"],"items_purchased_type":["Relic","Relic","Card","Relic","Relic","Relic","Card"],"build_version":"2020-12-18","purchased_purges":0,"victory":true,"max_hp_per_floor":[72,72,72,72,72,72,72,72,72,72,72,77,84,84,84,84,84,84,84,84,84,84,84,84,84,84,84,84,84,84,84,84,84,84,84,84,84,84,84,84,84,84,84,91,91,91,91,91,91,91],"relic_stats":{"Sozu":3,"Lee\u0027s Waffle":18,"counters":[28,81],"Blue Candle":[0],"Pantograph":25,"Bronze Scales":[12],"VioletLotus":[1],"Art of War":[26],"Bag of Preparation":[4],"Whetstone":[],"Orichalcum":[6],"obtain_stats":[{"Girya":6,"Lee\u0027s Waffle":13,"Blue Candle":26,"Damaru":40,"Hammer of Thor":0,"The Courier":42,"Omamori":8,"Bag of Preparation":47,"Seething Fire":0,"Whetstone":29,"Orichalcum":43,"Sozu":0,"SlaversCollar":34,"Anvil of the Gods":0,"DollysMirror":47,"Pantograph":36,"Strawberry":44,"Bronze Scales":48,"VioletLotus":17,"Bag of Marbles":9,"Art of War":25,"PureWater":0},{"Girya":5,"Lee\u0027s Waffle":6,"Blue Candle":12,"Damaru":22,"Hammer of Thor":0,"The Courier":24,"Omamori":6,"Bag of Preparation":26,"Seething Fire":0,"Whetstone":15,"Orichalcum":24,"Sozu":0,"SlaversCollar":18,"Anvil of the Gods":0,"DollysMirror":26,"Pantograph":19,"Strawberry":25,"Bronze Scales":27,"VioletLotus":8,"Bag of Marbles":6,"Art of War":12,"PureWater":0},{"Girya":15,"Lee\u0027s Waffle":17,"Blue Candle":33,"Damaru":60,"Hammer of Thor":0,"The Courier":66,"Omamori":17,"Bag of Preparation":72,"Seething Fire":0,"Whetstone":39,"Orichalcum":66,"Sozu":0,"SlaversCollar":50,"Anvil of the Gods":0,"DollysMirror":72,"Pantograph":52,"Strawberry":69,"Bronze Scales":76,"VioletLotus":23,"Bag of Marbles":17,"Art of War":33,"PureWater":0}]},"card_choices":[{"not_picked":["TalkToTheHand","ClearTheMind"],"picked":"PathToVictory","floor":1},{"not_picked":["EmptyFist","CutThroughFate"],"picked":"TalkToTheHand","floor":3},{"not_picked":["WreathOfFlame","Adaptation"],"picked":"Evaluate","floor":4},{"not_picked":["LikeWater","Swivel"],"picked":"SignatureMove","floor":5},{"not_picked":["Consecrate","LikeWater"],"picked":"PathToVictory","floor":6},{"not_picked":["Brilliance","ClearTheMind"],"picked":"PathToVictory","floor":8},{"not_picked":["Consecrate","Prostrate","ClearTheMind"],"picked":"SKIP","floor":14},{"not_picked":["FollowUp+1","Halt+1","ThirdEye"],"picked":"SKIP","floor":18},{"not_picked":["Sanctity+1","Nirvana","BowlingBash"],"picked":"SKIP","floor":19},{"not_picked":["CutThroughFate+1","Establishment","Crescendo+1"],"picked":"SKIP","floor":20},{"not_picked":["Protect","ThirdEye"],"picked":"LikeWater","floor":24},{"not_picked":["JustLucky+1","Study","Evaluate"],"picked":"SKIP","floor":27},{"not_picked":["Protect","Swivel","MasterReality"],"picked":"SKIP","floor":28},{"not_picked":["WindmillStrike","Halt"],"picked":"Sanctity","floor":29},{"not_picked":["FlurryOfBlows","Crescendo","Blasphemy"],"picked":"SKIP","floor":30},{"not_picked":["ThirdEye","Wireheading"],"picked":"PathToVictory","floor":31},{"not_picked":["Establishment","Devotion"],"picked":"Scrawl","floor":33},{"not_picked":["Perseverance","Wallop"],"picked":"EmptyBody","floor":35},{"not_picked":["Nirvana","FollowUp+1","ThirdEye+1"],"picked":"SKIP","floor":37},{"not_picked":["CrushJoints+1","BowlingBash+1","JustLucky"],"picked":"SKIP","floor":38},{"not_picked":["Mind Blast","Discovery"],"picked":"PanicButton","floor":39},{"not_picked":["Discovery","Trip"],"picked":"Deep Breath","floor":39},{"not_picked":["MasterReality","ThirdEye+1"],"picked":"PathToVictory+1","floor":40},{"not_picked":["WheelKick+1","CutThroughFate","Halt"],"picked":"SKIP","floor":41},{"not_picked":["Blasphemy","Nirvana","FlyingSleeves+1"],"picked":"SKIP","floor":42},{"not_picked":["Prostrate","CutThroughFate","Protect"],"picked":"SKIP","floor":44},{"not_picked":["ThirdEye","Crescendo+1"],"picked":"InnerPeace","floor":45},{"not_picked":["Crescendo","Prostrate+1"],"picked":"PathToVictory","floor":48}],"player_experience":399474,"relics_obtained":[{"floor":6,"key":"Girya"},{"floor":8,"key":"Omamori"},{"floor":9,"key":"Bag of Marbles"},{"floor":26,"key":"Blue Candle"},{"floor":29,"key":"Whetstone"},{"floor":40,"key":"Damaru"},{"floor":42,"key":"The Courier"},{"floor":43,"key":"Orichalcum"},{"floor":44,"key":"Strawberry"},{"floor":48,"key":"Bronze Scales"}],"event_choices":[{"damage_healed":0,"gold_gain":175,"player_choice":"AGREE","damage_taken":0,"max_hp_gain":0,"max_hp_loss":0,"event_name":"Liars Game","floor":2,"gold_loss":0,"cards_obtained":["Doubt"]},{"damage_healed":0,"gold_gain":67,"player_choice":"Gained Gold","damage_taken":0,"max_hp_gain":0,"max_hp_loss":0,"event_name":"Golden Wing","floor":11,"gold_loss":0},{"damage_healed":0,"gold_gain":0,"player_choice":"Donut","damage_taken":0,"max_hp_gain":5,"max_hp_loss":0,"event_name":"Big Fish","floor":12,"gold_loss":0},{"damage_healed":0,"gold_gain":0,"player_choice":"Ignored","damage_taken":0,"max_hp_gain":0,"max_hp_loss":0,"event_name":"Ghosts","floor":21,"gold_loss":0},{"damage_healed":0,"gold_gain":0,"player_choice":"Ignored","damage_taken":0,"max_hp_gain":0,"max_hp_loss":0,"event_name":"Transmorgrifier","floor":22,"gold_loss":0},{"damage_healed":0,"gold_gain":0,"player_choice":"Memory 3","damage_taken":10,"max_hp_gain":0,"max_hp_loss":0,"event_name":"SensoryStone","floor":39,"gold_loss":0}],"is_beta":true,"boss_relics":[{"not_picked":["Runic Pyramid","Busted Crown"],"picked":"VioletLotus"},{"not_picked":["Cursed Key","Philosopher\u0027s Stone"],"picked":"SlaversCollar"}],"items_purged_floors":[],"is_endless":false,"potions_floor_spawned":[1,5,8,14,16,20,24,28,33,37,38,41,42,48],"ascension_level":0}}