{"host":"juvwyqk4ifq614bf","time":1613002213,"event":{"mods":["2.2 Compatiblity","Act Like it!","BaseMod","Better Altar","Better Match","Better Note","Better Sensory Stone","Better Third Choice","ChefMod","Conspire","Ekko","Friendly Minions","GifTheSpireLib","Hubris","Infinite Spire","Minty Spire (QoL Compilation)","Mirrors Mod","Replay The Spire","StSLib","Stuff the Spire","The Alterego","TheVelvet"],"gold_per_floor":[116,116,116,116,129,129,142,153,153,184,198,223,223,239,239,368,368,393,393,393,409,409,448,448,473,473,473,492,507,545,568,568,697,697,717,192,192,525,625,656,656,405,405,416,416,429,429,429,429,429,429,429,57,86,86,86],"floor_reached":55,"language":"ENG","playtime":4994,"items_purged":["chefmod:Defend","chefmod:Strike"],"score":795,"play_id":"6521b79f-2b26-4c75-952d-6b7adb4be048","local_time":"20210211011013","is_ascension_mode":false,"campfire_choices":[{"data":"chefmod:DinoKale","floor":6,"key":"SMITH"},{"data":"chefmod:HotSoup","floor":15,"key":"SMITH"},{"floor":24,"key":"RECALL"},{"data":"chefmod:CapreseSalad","floor":27,"key":"SMITH"},{"data":"chefmod:Defend","floor":32,"key":"PURGE"},{"floor":49,"key":"DIG"},{"data":"chefmod:Omelette","floor":52,"key":"SMITH"}],"circlet_count":0,"master_deck":["chefmod:Strike","chefmod:Strike","chefmod:Strike","chefmod:QuickThaw","chefmod:TodaysSpecial","chefmod:HotSoup+1","chefmod:DinoKale+1","chefmod:HotSoup","chefmod:IceCreamCone","chefmod:FryPan","chefmod:Sorbet","chefmod:IcePick","chefmod:SliceAndDice","chefmod:CapreseSalad+1","chefmod:Gelato+1","chefmod:FireUp+1","chefmod:AlooGobi+1","chefmod:BaoBuns+1","chefmod:TonkotsuRamen","chefmod:IcePick+1","chefmod:DinoKale+1","chefmod:SliceAndDice+1","chefmod:FrozenTuna+1","chefmod:FryPan+1","chefmod:FireUp+1","chefmod:LiquidNitrogen+1","chefmod:Granita+1","chefmod:Omelette+1","Doubt","chefmod:FryPan"],"relics":["chefmod:TrustyPot","Replay:Ringing Soul","Counterbalance","StuffTheSpire:NeowsTribute","infinitespire:PuzzleCube","Coffee Dripper","alterego_mod:SomeoneToFightFor","Replay:Multitool","Pear","Empty Cage","Mango","StuffTheSpire:Mouthbags","Garlic","Blue Doll","Pocketwatch","Ring of Panic","ReplayTheSpireMod:Ring of Collecting","Eternal Feather","Anchor","hubris:EmptyBottle","Snack Pack"],"acts_visited":["Exordium","TheCity","TheBeyond","TheEnding"],"potions_floor_usage":[10,12,18,18,23,29,30,30,35,37,46,50,54,54],"damage_taken":[{"damage":2,"enemies":"Small Slimes","floor":1,"turns":4},{"damage":0,"enemies":"Jaw Worm","floor":5,"turns":6},{"damage":1,"enemies":"Cultist","floor":7,"turns":3},{"damage":0,"enemies":"2 Fungi Beasts","floor":8,"turns":4},{"damage":22,"enemies":"3 Sentries","floor":10,"turns":10},{"damage":0,"enemies":"Exordium Wildlife","floor":11,"turns":2},{"damage":8,"enemies":"Gremlin Nob","floor":12,"turns":4},{"damage":12,"enemies":"Lots of Slimes","floor":14,"turns":4},{"damage":34,"enemies":"The Guardian","floor":16,"turns":10},{"damage":0,"enemies":"2 Thieves","floor":18,"turns":5},{"damage":8,"enemies":"Spheric Guardian","floor":21,"turns":4},{"damage":40,"enemies":"Book of Stabbing","floor":23,"turns":8},{"damage":17,"enemies":"Cultist and Chosen","floor":25,"turns":8},{"damage":29,"enemies":"Snecko","floor":28,"turns":8},{"damage":12,"enemies":"Shelled Parasite and Fungi","floor":29,"turns":9},{"damage":13,"enemies":"Slavers","floor":30,"turns":7},{"damage":8,"enemies":"Chosen and Byrds","floor":31,"turns":7},{"damage":54,"enemies":"Collector","floor":33,"turns":16},{"damage":10,"enemies":"Orb Walker","floor":35,"turns":4},{"damage":38,"enemies":"infinitespire:Three Voidlings","floor":37,"turns":4},{"damage":69,"enemies":"Nemesis","floor":40,"turns":11},{"damage":0,"enemies":"3 Shapes","floor":44,"turns":5},{"damage":31,"enemies":"Spire Growth","floor":46,"turns":5},{"damage":96,"enemies":"Time Eater","floor":50,"turns":17},{"damage":212,"enemies":"Shield and Spear","floor":54,"turns":14},{"damage":56,"enemies":"The Heart","floor":55,"turns":3}],"seed_played":"-7000492876689594203","potions_obtained":[{"floor":1,"key":"Fire Potion"},{"floor":10,"key":"DuplicationPotion"},{"floor":14,"key":"ColorlessPotion"},{"floor":16,"key":"chefmod:AntifreezePotion"},{"floor":21,"key":"GamblersBrew"},{"floor":25,"key":"Strength Potion"},{"floor":28,"key":"Energy Potion"},{"floor":29,"key":"Reflective Coating"},{"floor":33,"key":"Swift Potion"},{"floor":35,"key":"Fire Potion"},{"floor":44,"key":"Weak Potion"},{"floor":46,"key":"Regen Potion"}],"is_trial":false,"path_per_floor":["M","?","?","?","M","R","M","M","T","E","M","E","?","M","R","B",null,"M","?","?","M","?","E","R","M","T","R","M","M","E","M","R","B",null,"M","$","?","?","?","E","R","$","T","M","?","M","?","?","R","B",null,"R","$","E","B"],"character_chosen":"THE_CHEF","items_purchased":["Mango","StuffTheSpire:Mouthbags","Blue Doll","Anchor","hubris:EmptyBottle","Regen Potion"],"campfire_rested":0,"item_purchase_floors":[36,36,42,53,53,53],"current_hp_per_floor":[81,81,81,81,84,84,86,89,89,70,73,68,68,59,59,28,99,102,102,102,97,100,70,70,70,70,70,51,56,56,65,65,18,139,132,146,143,143,143,77,124,124,124,127,127,99,102,102,102,21,168,168,168,18,0,0],"gold":86,"neow_bonus":"TEN_PERCENT_HP_BONUS","is_daily":false,"chose_seed":false,"campfire_upgraded":4,"win_rate":0.0,"timestamp":1613002213,"path_taken":["M","?","?","?","M","R","?","M","T","E","M","E","?","M","R","BOSS","M","?","?","M","?","E","R","M","T","R","?","M","E","M","R","BOSS","M","$","?","?","?","E","R","$","T","?","?","?","?","?","R","BOSS","R","$","E","BOSS"],"items_purchased_type":["Relic","Relic","Relic","Relic","Relic","Potion"],"build_version":"2020-12-22","purchased_purges":2,"victory":false,"max_hp_per_floor":[83,83,83,83,86,86,89,92,92,95,98,101,93,96,96,99,99,102,102,102,105,108,111,111,114,114,114,117,120,133,136,136,139,139,142,156,156,156,156,159,159,159,159,162,162,165,168,168,168,168,168,168,168,171,171,171],"card_choices":[{"not_picked":["chefmod:Granita","chefmod:Sorbet"],"picked":"chefmod:HotSoup","floor":1},{"not_picked":["chefmod:OldCookbook","chefmod:IcePick"],"picked":"chefmod:DinoKale","floor":5},{"not_picked":["chefmod:Gelato","chefmod:FullCourseMeal"],"picked":"chefmod:HotSoup","floor":7},{"not_picked":["chefmod:DinoKale","chefmod:LocoMoco"],"picked":"chefmod:IceCreamCone","floor":8},{"not_picked":["chefmod:FreezeSolid","chefmod:LocoMoco"],"picked":"chefmod:FryPan","floor":10},{"not_picked":["chefmod:IcePick","chefmod:SaveForLater"],"picked":"chefmod:Sorbet","floor":11},{"not_picked":["chefmod:Sorbet","chefmod:CleanHouse"],"picked":"chefmod:IcePick","floor":12},{"not_picked":["chefmod:SaveForLater","chefmod:DeepFreeze"],"picked":"chefmod:SliceAndDice","floor":14},{"not_picked":["chefmod:OrderUp","chefmod:BananaSplit"],"picked":"chefmod:CapreseSalad","floor":16},{"not_picked":["chefmod:SaveForLater","chefmod:QuickChop"],"picked":"chefmod:Gelato+1","floor":18},{"not_picked":["chefmod:HotSoup","chefmod:Bruschetta"],"picked":"chefmod:FireUp+1","floor":21},{"not_picked":["chefmod:Defrost","chefmod:Chop"],"picked":"chefmod:AlooGobi+1","floor":23},{"not_picked":["chefmod:SliceAndDice+1","chefmod:TonkotsuRamen"],"picked":"chefmod:BaoBuns+1","floor":25},{"not_picked":["chefmod:Sorbet","chefmod:ColdSteel"],"picked":"chefmod:TonkotsuRamen","floor":28},{"not_picked":["chefmod:Escargot","chefmod:ColdSteel+1"],"picked":"chefmod:IcePick+1","floor":29},{"not_picked":["chefmod:LocoMoco+1","chefmod:BaoBuns"],"picked":"chefmod:DinoKale+1","floor":30},{"not_picked":["chefmod:FryPan","chefmod:FarmersMarket"],"picked":"chefmod:SliceAndDice+1","floor":31},{"not_picked":["chefmod:CapreseSalad","chefmod:OrderUp"],"picked":"chefmod:FrozenTuna","floor":33},{"not_picked":["chefmod:Granita","chefmod:HotSoup+1"],"picked":"chefmod:FryPan+1","floor":35},{"not_picked":["chefmod:FryPan","chefmod:Fillet"],"picked":"chefmod:LiquidNitrogen","floor":40},{"not_picked":["chefmod:Defrost+1","chefmod:FryPan"],"picked":"chefmod:Granita+1","floor":44},{"not_picked":["chefmod:AlooGobi","chefmod:LocoMoco+1"],"picked":"chefmod:Omelette","floor":46},{"not_picked":["chefmod:RaidPantry","chefmod:HotSoup"],"picked":"chefmod:FryPan","floor":54}],"player_experience":243174,"relics_obtained":[{"floor":3,"key":"Replay:Ringing Soul"},{"floor":9,"key":"Counterbalance"},{"floor":10,"key":"StuffTheSpire:NeowsTribute"},{"floor":12,"key":"infinitespire:PuzzleCube"},{"floor":23,"key":"Replay:Multitool"},{"floor":30,"key":"Pear"},{"floor":40,"key":"Garlic"},{"floor":43,"key":"Pocketwatch"},{"floor":47,"key":"Ring of Panic"},{"floor":47,"key":"ReplayTheSpireMod:Ring of Collecting"},{"floor":49,"key":"Eternal Feather"},{"floor":54,"key":"Snack Pack"}],"event_choices":[{"damage_healed":0,"gold_gain":0,"player_choice":"Leave","damage_taken":0,"max_hp_gain":0,"max_hp_loss":0,"event_name":"conspire:Investor","floor":2,"gold_loss":0},{"damage_healed":0,"gold_gain":0,"player_choice":"Bought 0 Potions","damage_taken":0,"max_hp_gain":0,"max_hp_loss":0,"event_name":"The Woman in Blue","floor":4,"gold_loss":0},{"damage_healed":0,"gold_gain":0,"player_choice":"Lose Max HP","damage_taken":0,"relics_obtained":["Golden Idol"],"max_hp_gain":0,"max_hp_loss":8,"event_name":"Golden Idol","floor":13,"gold_loss":0},{"cards_removed":["chefmod:Gelato"],"damage_healed":0,"gold_gain":0,"player_choice":"Give","damage_taken":0,"max_hp_gain":0,"max_hp_loss":0,"event_name":"betterNote:BetterNote","floor":19,"gold_loss":0,"cards_obtained":["None"]},{"damage_healed":0,"gold_gain":0,"player_choice":"Choice 2","damage_taken":0,"relics_obtained":["alterego_mod:SomeoneToFightFor"],"max_hp_gain":0,"max_hp_loss":0,"event_name":"Secret Garden","floor":20,"gold_loss":0},{"damage_healed":0,"gold_gain":0,"player_choice":"Copied","damage_taken":0,"max_hp_gain":0,"max_hp_loss":0,"event_name":"Duplicator","floor":22,"gold_loss":0,"cards_obtained":["chefmod:FireUp"]},{"damage_healed":0,"gold_gain":333,"player_choice":"Gave Idol","damage_taken":0,"max_hp_gain":0,"max_hp_loss":0,"event_name":"The Moai Head","floor":38,"relics_lost":["Golden Idol"],"gold_loss":0},{"damage_healed":0,"gold_gain":100,"player_choice":"Pray","damage_taken":0,"max_hp_gain":0,"max_hp_loss":0,"event_name":"Golden Shrine","floor":39,"gold_loss":0},{"damage_healed":0,"gold_gain":0,"player_choice":"Forge","damage_taken":0,"max_hp_gain":0,"max_hp_loss":0,"event_name":"Accursed Blacksmith","floor":45,"gold_loss":0,"cards_upgraded":["chefmod:LiquidNitrogen"]},{"damage_healed":0,"gold_gain":0,"player_choice":"Ignored","damage_taken":0,"max_hp_gain":0,"max_hp_loss":0,"event_name":"Tomb of Lord Red Mask","floor":48,"gold_loss":0}],"is_beta":false,"boss_relics":[{"not_picked":["Abe\u0027s Treasure","ChewingGum"],"picked":"Coffee Dripper"},{"not_picked":["hubris:CrackedHourglass","Replay:Bronze Core"],"picked":"Empty Cage"}],"items_purged_floors":[36,42],"is_endless":false,"potions_floor_spawned":[1,10,14,16,21,25,28,29,33,35,44,46],"killed_by":"The Heart","ascension_level":0}}