{"host":"4atjpfa3b4v97p31","time":1613041925,"event":{"mods":["AchievementEnabler","Act Like it!","BaseMod","BetterRewards","Colored Map","Downfall","Friendly Minions","Minty Spire (QoL Compilation)","Shop Mod","StSLib","The Animator"],"gold_per_floor":[125,200,125,142,153,153,191,191,214,243,418,444,461,474,474,574,574,539,301,312,262,276,276,276,276],"floor_reached":24,"language":"ZHS","playtime":3194,"items_purged":["Doubt"],"score":346,"play_id":"b2a7662f-36a2-4b7d-a2ec-8b64ad8e6213","local_time":"20210211191205","is_ascension_mode":true,"campfire_choices":[{"data":"animator:Shizu","floor":6.0,"key":"SMITH"},{"floor":15.0,"key":"REST"},{"data":"animator:Guren","floor":23,"key":"SMITH"}],"circlet_count":0,"master_deck":["animator:Strike_TenSura","animator:Defend_TenSura+1","animator:Strike","animator:Strike","animator:Strike","animator:Defend","animator:Defend+1","animator:Defend","animator:Benimaru","animator:Shuna","animator:Shizu+1","animator:Hitei+1","animator:Yuuichirou","animator:Aqua","animator:Kazuma","animator:Rimuru","animator:Azekura","animator:Guren+1","animator:YachiyoNanami","animator:Mikaela"],"relics":["animator:LivingPicture","animator:TheMissingPiece","HornCleat","Orichalcum","War Paint","bronze:MakeshiftBattery"],"acts_visited":["Exordium","TheCity"],"potions_floor_usage":[22],"damage_taken":[{"damage":0.0,"enemies":"Jaw Worm","floor":1.0,"turns":3.0},{"damage":0.0,"enemies":"Cultist","floor":4.0,"turns":4.0},{"damage":0.0,"enemies":"2 Louse","floor":5.0,"turns":2.0},{"damage":24.0,"enemies":"Gremlin Nob","floor":7.0,"turns":4.0},{"damage":16.0,"enemies":"3 Sentries","floor":10.0,"turns":7.0},{"damage":2.0,"enemies":"Looter","floor":13.0,"turns":3.0},{"damage":4.0,"enemies":"3 Louse","floor":14.0,"turns":3.0},{"damage":0.0,"enemies":"Hexaghost","floor":16.0,"turns":9.0},{"damage":29.0,"enemies":"2 Thieves","floor":18.0,"turns":5.0},{"damage":5.0,"enemies":"Shell Parasite","floor":20.0,"turns":5.0},{"damage":18,"enemies":"Snake Plant","floor":22,"turns":5},{"damage":15,"enemies":"Chosen and Byrds","floor":24,"turns":4}],"seed_played":"-7372533944553963161","potions_obtained":[{"floor":5.0,"key":"champ:CounterPotion"},{"floor":7.0,"key":"Swift Potion"},{"floor":14.0,"key":"FearPotion"},{"floor":16.0,"key":"Swift Potion"},{"floor":18.0,"key":"Strength Potion"},{"floor":20.0,"key":"Swift Potion"}],"is_trial":false,"path_per_floor":["M","?","$","M","M","R","E","?","T","E","?","T","M","M","R","B",null,"M","$","M","?","M","R","M"],"character_chosen":"THE_ANIMATOR","items_purchased":["animator:Hitei","animator:Guren"],"campfire_rested":1,"item_purchase_floors":[3,19],"current_hp_per_floor":[59,53,53,53,53,53,29,29,29,13,13,13,13,11,29,32,54,29,29,26,26,13,13,0,0],"gold":276,"neow_bonus":"THREE_RARE_CARDS","is_daily":false,"chose_seed":false,"campfire_upgraded":2,"win_rate":0.0,"timestamp":1613041925,"path_taken":["M","?","$","M","?","R","E","?","T","E","?","?","M","M","R","BOSS","M","$","M","?","?","R","M"],"items_purchased_type":["Card","Card"],"build_version":"2020-12-22","purchased_purges":1,"victory":false,"max_hp_per_floor":[60,60,60,60,60,60,60,60,60,60,60,60,60,60,60,61,61,61,61,61,61,62,62,62,62],"card_choices":[{"not_picked":["animator:AcuraShin","animator:ChaikaTrabant"],"picked":"animator:Shizu","floor":0.0},{"not_picked":["animator:DwarfShaman","animator:Guy","animator:YuiTsuruno"],"picked":"SKIP","floor":1.0},{"not_picked":["animator:AcuraTooru","animator:DwarfShaman","animator:Fredrika"],"picked":"SKIP","floor":4.0},{"not_picked":["animator:CowGirl","animator:Mitsurugi","animator:Shion"],"picked":"SKIP","floor":5.0},{"not_picked":["animator:Shinoa","animator:Shigure"],"picked":"animator:Yuuichirou","floor":7.0},{"not_picked":["animator:IrohaTamaki","animator:ZankiKiguchi"],"picked":"animator:Aqua","floor":10.0},{"not_picked":["animator:Vanir","animator:Emonzaemon","animator:Souei"],"picked":"SKIP","floor":13.0},{"not_picked":["animator:Layla","animator:Priestess"],"picked":"animator:Kazuma","floor":14.0},{"not_picked":["animator:ChaikaTrabant","animator:AcuraShin"],"picked":"animator:Rimuru","floor":16.0},{"not_picked":["animator:Emonzaemon","animator:UneriGinkaku"],"picked":"animator:Azekura","floor":18.0},{"not_picked":["animator:SayakaMiki+1","animator:Fredrika+1"],"picked":"animator:YachiyoNanami","floor":20.0},{"not_picked":["animator:Kazuma","animator:UneriGinkaku"],"picked":"animator:Mikaela","floor":22}],"player_experience":799961,"relics_obtained":[{"floor":7.0,"key":"HornCleat"},{"floor":9.0,"key":"Orichalcum"},{"floor":10.0,"key":"War Paint"}],"event_choices":[{"damage_healed":0.0,"max_hp_gain":0.0,"max_hp_loss":0.0,"gold_gain":75.0,"event_name":"FaceTrader","player_choice":"Touch","floor":2.0,"gold_loss":0.0,"damage_taken":6.0},{"damage_healed":0.0,"max_hp_gain":0.0,"max_hp_loss":0.0,"gold_gain":0.0,"event_name":"Living Wall","player_choice":"Grow","floor":8.0,"gold_loss":0.0,"damage_taken":0.0,"cards_upgraded":["animator:Hitei"]},{"damage_healed":0.0,"max_hp_gain":0.0,"max_hp_loss":0.0,"gold_gain":175.0,"event_name":"Liars Game","player_choice":"AGREE","floor":11.0,"gold_loss":0.0,"damage_taken":0.0,"cards_obtained":["Doubt"]},{"damage_healed":0.0,"max_hp_gain":0.0,"max_hp_loss":0.0,"gold_gain":0.0,"event_name":"The Joust","player_choice":"Bet on Owner","floor":21.0,"gold_loss":50.0,"damage_taken":0.0}],"is_beta":false,"boss_relics":[{"not_picked":["animator:RacePiece","animator:CursedBlade"],"picked":"bronze:MakeshiftBattery"}],"items_purged_floors":[19],"is_endless":false,"potions_floor_spawned":[5,7,14,16,18,20],"killed_by":"Chosen and Byrds","ascension_level":7}}