{"host":"Jitters","time":1613060057,"event":{"mods":["BaseMod","Curses Come First","Downfall","Minty Spire (QoL Compilation)","Quick Restart","Relic Stats","Reliquary","Shop Mod","Spicy Shops","Spire Arcade","StSLib"],"gold_per_floor":[99,116,131,131,143,143,143,173,273,286,316,329,254,254,254,254],"floor_reached":14,"language":"ENG","playtime":703,"items_purged":[],"score":110,"play_id":"b0e0fab4-a5df-4932-b64a-02ae0b0a6a55","local_time":"20210211111417","is_ascension_mode":true,"campfire_choices":[{"data":"Slimebound:Tackle","floor":1,"key":"SMITH"},{"data":"Slimebound:HauntingLick","floor":6,"key":"SMITH"}],"circlet_count":0,"master_deck":["Slimebound:Strike_Slimebound","Slimebound:Strike_Slimebound","Slimebound:Tackle+1","Slimebound:Defend_Slimebound","Slimebound:Defend_Slimebound","Slimebound:Defend_Slimebound","Slimebound:Defend_Slimebound","Slimebound:Split","Slimebound:CorrosiveSpit","Slimebound:FlameTackle","Slimebound:HauntingLick+1","Slimebound:RollThrough+1","Slimebound:Replication","Slimebound:MassRepurpose","Slimebound:LeechLife"],"relics":["Slimebound:AbsorbEndCombat","WarpedTongs","reliquary:Sideboard","Ornamental Fan","reliquary:FerryPass","Slimebound:GreedOozeRelic"],"acts_visited":["Exordium"],"potions_floor_usage":[2,2,8,9,11],"damage_taken":[{"damage":2,"enemies":"Small Slimes","floor":2,"turns":2},{"damage":4,"enemies":"Cultist","floor":3,"turns":3},{"damage":9,"enemies":"Jaw Worm","floor":5,"turns":3},{"damage":11,"enemies":"3 Sentries","floor":8,"turns":5},{"damage":27,"enemies":"downfall:Heads","floor":9,"turns":5},{"damage":0,"enemies":"2 Fungi Beasts","floor":10,"turns":2},{"damage":35,"enemies":"Gremlin Nob","floor":11,"turns":4},{"damage":8,"enemies":"Blue Slaver","floor":12,"turns":3},{"damage":27,"enemies":"3 Sentries","floor":14,"turns":4}],"seed_played":"-8973800779839316245","potions_obtained":[{"floor":0,"key":"SkillPotion"},{"floor":0,"key":"FairyPotion"},{"floor":0,"key":"Fire Potion"},{"floor":2,"key":"DistilledChaos"},{"floor":5,"key":"CultistPotion"},{"floor":10,"key":"DuplicationPotion"}],"is_trial":false,"path_per_floor":["R","M","M","?","M","R","T","E","?","M","E","M","?","E"],"character_chosen":"SLIMEBOUND","items_purchased":[],"campfire_rested":0,"item_purchase_floors":[],"current_hp_per_floor":[65,65,61,61,56,56,56,47,28,30,19,15,15,0,0,0],"gold":254,"neow_bonus":"THREE_SMALL_POTIONS","is_daily":false,"chose_seed":false,"campfire_upgraded":2,"win_rate":0.0,"timestamp":1613060057,"path_taken":["R","M","M","?","?","R","T","E","?","M","E","M","?","E"],"items_purchased_type":[],"build_version":"2020-11-17","purchased_purges":0,"victory":false,"max_hp_per_floor":[65,65,65,65,65,65,65,65,65,65,65,65,65,65,65,65],"relic_stats":{"counters":[9,31],"Ornamental Fan":[4],"obtain_stats":[{"Slimebound:GreedOozeRelic":13,"reliquary:Sideboard":7,"Ornamental Fan":8,"Slimebound:AbsorbEndCombat":0,"WarpedTongs":4,"reliquary:FerryPass":11},{"Slimebound:GreedOozeRelic":8,"reliquary:Sideboard":3,"Ornamental Fan":4,"Slimebound:AbsorbEndCombat":0,"WarpedTongs":2,"reliquary:FerryPass":7},{"Slimebound:GreedOozeRelic":27,"reliquary:Sideboard":8,"Ornamental Fan":13,"Slimebound:AbsorbEndCombat":0,"WarpedTongs":5,"reliquary:FerryPass":24}],"WarpedTongs":[26]},"card_choices":[{"not_picked":["Slimebound:Repurpose","Slimebound:SplitAcid"],"picked":"Slimebound:FlameTackle","floor":2},{"not_picked":["Slimebound:SplitMire","Slimebound:SamplingLick"],"picked":"Slimebound:HauntingLick","floor":3},{"not_picked":["Slimebound:SplitLeeching","Slimebound:Prepare"],"picked":"Slimebound:RollThrough","floor":5},{"not_picked":["Slimebound:PressTheAttack","Slimebound:BestDefense"],"picked":"Slimebound:Replication","floor":8},{"not_picked":["Slimebound:SplitLeeching","Slimebound:TongueLash"],"picked":"Slimebound:ViciousTackle","floor":9},{"not_picked":["Slimebound:HungryTackle","Slimebound:Gluttony"],"picked":"Slimebound:LeechLife","floor":10},{"not_picked":["Slimebound:SplitBruiser","Slimebound:SlimeBrawl"],"picked":"Slimebound:FinishingTackle","floor":11},{"not_picked":["Slimebound:LeechEnergy","Slimebound:SplitAcid"],"picked":"Slimebound:RainOfGoop","floor":12}],"player_experience":210378,"relics_obtained":[{"floor":7,"key":"reliquary:Sideboard"},{"floor":8,"key":"Ornamental Fan"},{"floor":11,"key":"reliquary:FerryPass"}],"event_choices":[{"damage_healed":0,"gold_gain":0,"player_choice":"Rummage","damage_taken":0,"relics_obtained":["WarpedTongs"],"max_hp_gain":0,"max_hp_loss":0,"event_name":"Accursed Blacksmith","floor":4,"gold_loss":0,"cards_obtained":["Pain"]}],"is_beta":true,"boss_relics":[],"items_purged_floors":[],"is_endless":false,"potions_floor_spawned":[2,5,10],"killed_by":"3 Sentries","ascension_level":2}}