{"host":"nlbr7nnijupf3yfg","time":1613004730,"event":{"mods":["AchievementEnabler","BaseMod","Colored Powertips","Hubris","Minty Spire (QoL Compilation)","Replay The Spire","StSLib","SuperFastMode"],"gold_per_floor":[118,128,128,128,303,312,342,342,342,342,342,367,367,398,398,502,502,513,202,217,231,249,249,266,266,318,336,336,354,365,365,365,365,365],"floor_reached":33,"language":"ENG","playtime":747,"items_purged":["Regret"],"score":559,"play_id":"6d213c82-44dd-4d56-bb56-78259f191e77","local_time":"20210210195210","is_ascension_mode":true,"campfire_choices":[{"floor":8,"key":"REST"},{"floor":11,"key":"REST"},{"floor":13,"key":"REST"},{"floor":23,"key":"REST"},{"floor":25,"key":"REST"},{"floor":28,"key":"REST"},{"floor":32,"key":"REST"}],"circlet_count":0,"master_deck":["Strike_R","Strike_R","Strike_R","Strike_R","Strike_R","Defend_R","Defend_R","Defend_R","Defend_R","Bash","Perfected Strike","Cleave","Doubt","Fire Breathing+1","ReplayTheSpireMod:IOU","ReplayTheSpireMod:IOU","ReplayTheSpireMod:IOU","ReplayTheSpireMod:IOU","ReplayTheSpireMod:IOU","ReplayTheSpireMod:IOU","ReplayTheSpireMod:IOU","Master of Strategy","Thunderclap","Pommel Strike","Uppercut","True Grit","Fiend Fire","Anger+1","Deep Breath","Secret Technique","Bandage Up","Mind Blast","Cleave+1","Shockwave+1","Reaper","Seeing Red"],"relics":["hubris:Backtick","Replay:Wax Seal","Blood Vial","hubris:64BitClover","Membership Card","StoneCalendar","Onion Ring","Potion Belt","Snack Pack","MealTicket","InkBottle","Black Star","Regal Pillow","ReplayTheSpireMod:ShopPack","Bag of Marbles","Omamori","ReplayTheSpireMod:TigerMarble","Nilry\u0027s Codex"],"acts_visited":["Exordium","TheCity"],"potions_floor_usage":[7,14,18,18,22,24,33,33,33,33],"damage_taken":[{"damage":7,"enemies":"Jaw Worm","floor":1,"turns":3},{"damage":0,"enemies":"Small Slimes","floor":2,"turns":3},{"damage":40,"enemies":"3 Sentries","floor":7,"turns":6},{"damage":16,"enemies":"Gremlin Nob","floor":12,"turns":3},{"damage":30,"enemies":"3 Sentries","floor":14,"turns":5},{"damage":26,"enemies":"Fading Forest","floor":16,"turns":11},{"damage":18,"enemies":"2 Thieves","floor":18,"turns":4},{"damage":26,"enemies":"Shell Parasite","floor":20,"turns":3},{"damage":28,"enemies":"Cultist and Chosen","floor":21,"turns":5},{"damage":23,"enemies":"Sentry and Sphere","floor":22,"turns":4},{"damage":42,"enemies":"3 Cultists","floor":24,"turns":6},{"damage":17,"enemies":"Snake Plant","floor":27,"turns":2},{"damage":40,"enemies":"Centurion and Healer","floor":29,"turns":5},{"damage":28,"enemies":"Sentry and Sphere","floor":30,"turns":4},{"damage":58,"enemies":"Collector","floor":33,"turns":5}],"seed_played":"-1774431665256444989","potions_obtained":[{"floor":7,"key":"SmokeBomb"},{"floor":12,"key":"CultistPotion"},{"floor":14,"key":"Block Potion"},{"floor":16,"key":"Venom Potion"},{"floor":22,"key":"BloodPotion"},{"floor":24,"key":"Languid Potion"}],"is_trial":false,"path_per_floor":["M","M","?","?","?","$","E","R","T","?","R","E","R","E","R","B",null,"M","$","M","M","M","R","M","R","T","M","R","M","M","?","R","B"],"character_chosen":"IRONCLAD","items_purchased":["Membership Card","Fire Breathing","StoneCalendar","Onion Ring","Toxic Potion","Energy Potion","LiquidBronze","Master of Strategy","Regal Pillow","ReplayTheSpireMod:ShopPack","Bag of Marbles","Deep Breath","SteroidPotion","BlessingOfTheForge"],"campfire_rested":7,"item_purchase_floors":[6,6,6,6,6,6,6,6,19,19,19,19,19,19],"current_hp_per_floor":[65,65,65,47,47,47,9,33,33,33,57,45,69,41,41,41,70,54,69,51,29,12,51,35,74,74,61,80,44,20,4,43,0,0],"gold":365,"neow_bonus":"BOSS_RELIC","is_daily":false,"chose_seed":false,"campfire_upgraded":0,"win_rate":0.0,"timestamp":1613004730,"path_taken":["M","M","?","?","?","$","E","R","T","?","R","E","R","E","R","BOSS","M","$","M","M","M","R","M","R","T","M","R","M","M","?","R","BOSS"],"items_purchased_type":["Relic","Card","Relic","Relic","Potion","Potion","Potion","Card","Relic","Relic","Relic","Card","Potion","Potion"],"build_version":"2020-12-22","purchased_purges":1,"victory":false,"max_hp_per_floor":[80,80,80,80,80,80,80,80,80,80,80,80,80,80,80,80,80,80,80,80,80,80,80,80,80,80,80,80,80,80,80,80,80,80],"card_choices":[{"not_picked":["Twin Strike","Thunderclap"],"picked":"Perfected Strike","floor":1},{"not_picked":["Run Through","ReplayTheSpireMod:LeadingStrike"],"picked":"Cleave","floor":2},{"not_picked":["Feel No Pain","Inflame"],"picked":"Thunderclap","floor":7},{"not_picked":["Reckless Charge","Power Through"],"picked":"Pommel Strike","floor":12},{"not_picked":["Perfected Strike","Evolve"],"picked":"Uppercut","floor":14},{"not_picked":["Corruption","Barricade"],"picked":"Fiend Fire","floor":16},{"not_picked":["Perfected Strike","Flex+1"],"picked":"Anger+1","floor":18},{"not_picked":["HandOfGreed","ReplayTheSpireMod:Necrogeddon"],"picked":"Secret Technique","floor":19},{"not_picked":["hubris:Insight","Midas Touch"],"picked":"Bandage Up","floor":19},{"not_picked":["Forethought","Impatience"],"picked":"Mind Blast","floor":19},{"not_picked":["Intimidate","hubris:ReadiedAction+1","Spot Weakness"],"picked":"SKIP","floor":20},{"not_picked":["True Grit","Wild Strike"],"picked":"Cleave+1","floor":21},{"not_picked":["ReplayTheSpireMod:Limb From Limb+1","Sword Boomerang"],"picked":"Shockwave+1","floor":22},{"not_picked":["Headbutt","ReplayTheSpireMod:Stacked"],"picked":"Reaper","floor":24},{"not_picked":["Body Slam","Disarm","Hemokinesis+1"],"picked":"SKIP","floor":27},{"not_picked":["Wild Strike","Havoc","Iron Wave"],"picked":"SKIP","floor":29},{"not_picked":["Havoc","Sentinel"],"picked":"Seeing Red","floor":30}],"player_experience":50180,"relics_obtained":[{"floor":7,"key":"Potion Belt"},{"floor":9,"key":"Snack Pack"},{"floor":12,"key":"MealTicket"},{"floor":14,"key":"InkBottle"},{"floor":26,"key":"Omamori"},{"floor":27,"key":"ReplayTheSpireMod:TigerMarble"},{"floor":31,"key":"Nilry\u0027s Codex"}],"event_choices":[{"damage_healed":0,"gold_gain":0,"player_choice":"Box","damage_taken":0,"relics_obtained":["Blood Vial"],"max_hp_gain":0,"max_hp_loss":0,"event_name":"Big Fish","floor":3,"gold_loss":0,"cards_obtained":["Regret"]},{"damage_healed":0,"gold_gain":0,"player_choice":"Success","damage_taken":18,"relics_obtained":["hubris:64BitClover"],"max_hp_gain":0,"max_hp_loss":0,"event_name":"Scrap Ooze","floor":4,"gold_loss":0},{"damage_healed":0,"gold_gain":175,"player_choice":"AGREE","damage_taken":0,"max_hp_gain":0,"max_hp_loss":0,"event_name":"Liars Game","floor":5,"gold_loss":0,"cards_obtained":["Doubt"]},{"damage_healed":0,"gold_gain":0,"player_choice":"Grow","damage_taken":0,"max_hp_gain":0,"max_hp_loss":0,"event_name":"Living Wall","floor":10,"gold_loss":0,"cards_upgraded":["Fire Breathing"]},{"damage_healed":0,"gold_gain":0,"player_choice":"Obtained Book","damage_taken":16,"max_hp_gain":0,"max_hp_loss":0,"event_name":"Cursed Tome","floor":31,"gold_loss":0}],"is_beta":false,"boss_relics":[{"not_picked":["Tiny House","Runic Cube"],"picked":"Black Star"}],"items_purged_floors":[6],"is_endless":false,"potions_floor_spawned":[7,12,14,16,22,24],"killed_by":"Collector","ascension_level":9}}