{"host":"36t3qd3wjvajtu1z","time":1613024745,"event":{"mods":["2.2 Compatiblity","AchievementEnabler","BaseMod","Bestiary","Block Reminder","Colored Powertips","Curses Come First","Highlight Path","Minty Spire (QoL Compilation)","Permanent Neow","Quick Restart","Random Character Button","Rare Cards Sparkle","Relic Stats","Slay-I","StSLib","Unknown Chances"],"gold_per_floor":[112,112,126,126,126,160,160,184,184,184,184,207,259,286,286,388,388,403,383,411,0,33,76,76,76,76,76,76,76],"floor_reached":28,"language":"ENG","playtime":1116,"items_purged":[],"score":488,"play_id":"423d387d-cbb6-43ef-8e85-7b0b7d4168ac","local_time":"20210210222545","is_ascension_mode":true,"campfire_choices":[{"data":"Clothesline","floor":7.0,"key":"SMITH"},{"data":"Hemokinesis","floor":11.0,"key":"SMITH"},{"data":"Bash","floor":15.0,"key":"SMITH"},{"data":"Feel No Pain","floor":24,"key":"SMITH"},{"data":"Burning Pact","floor":27,"key":"SMITH"}],"circlet_count":0,"master_deck":["AscendersBane","Strike_R","Strike_R","Strike_R","Strike_R","Defend_R","Defend_R","Defend_R","Defend_R","Bash+1","Hemokinesis+1","Metallicize","Clothesline+1","Burning Pact+1","Flex","Immolate","Hemokinesis+1","Feel No Pain+1","Sentinel+1","Disarm"],"relics":["Burning Blood","NeowsBlessing","CultistMask","Golden Idol","Matryoshka","CeramicFish","Oddly Smooth Stone","Lantern","Mark of Pain","Gremlin Horn","Juzu Bracelet","Ancient Tea Set","Mango"],"acts_visited":["Exordium","TheCity"],"potions_floor_usage":[20,23,23],"damage_taken":[{"damage":0.0,"enemies":"Cultist","floor":1.0,"turns":1.0},{"damage":0.0,"enemies":"2 Louse","floor":3.0,"turns":1.0},{"damage":0.0,"enemies":"3 Sentries","floor":6.0,"turns":2.0},{"damage":6.0,"enemies":"Jaw Worm","floor":8.0,"turns":3.0},{"damage":12.0,"enemies":"Large Slime","floor":12.0,"turns":7.0},{"damage":18.0,"enemies":"Gremlin Nob","floor":13.0,"turns":3.0},{"damage":5.0,"enemies":"2 Fungi Beasts","floor":14.0,"turns":3.0},{"damage":32.0,"enemies":"Slime Boss","floor":16.0,"turns":13.0},{"damage":4.0,"enemies":"Chosen","floor":18.0,"turns":4.0},{"damage":25,"enemies":"Shell Parasite","floor":20,"turns":5},{"damage":15,"enemies":"Cultist and Chosen","floor":22,"turns":4},{"damage":35,"enemies":"Slavers","floor":23,"turns":5},{"damage":38,"enemies":"Book of Stabbing","floor":28,"turns":5}],"seed_played":"5124366416089848569","potions_obtained":[{"floor":1.0,"key":"Strength Potion"},{"floor":6.0,"key":"ColorlessPotion"},{"floor":10.0,"key":"FairyPotion"},{"floor":13.0,"key":"Dexterity Potion"},{"floor":18.0,"key":"LiquidBronze"},{"floor":19.0,"key":"ColorlessPotion"}],"is_trial":false,"path_per_floor":["M","?","M","?","?","E","R","M","T","?","R","M","E","M","R","B",null,"M","?","M","$","M","E","R","?","T","R","E"],"character_chosen":"IRONCLAD","items_purchased":["Gremlin Horn","Feel No Pain","BloodPotion"],"campfire_rested":0,"item_purchase_floors":[21,21,21],"current_hp_per_floor":[74,74,75,49,42,48,48,48,48,48,48,42,30,31,31,28,63,65,65,46,46,37,23,23,23,37,37,0,0],"gold":76,"neow_bonus":"THREE_ENEMY_KILL","is_daily":false,"chose_seed":false,"campfire_upgraded":5,"win_rate":0.0,"timestamp":1613024745,"path_taken":["M","?","?","?","?","E","R","M","T","?","R","?","E","M","R","BOSS","M","?","M","?","M","E","R","?","T","R","E"],"items_purchased_type":["Relic","Card","Potion"],"build_version":"2020-12-22","purchased_purges":0,"victory":false,"max_hp_per_floor":[75,75,75,75,75,75,75,75,75,75,75,75,75,75,75,75,75,75,75,75,75,75,75,75,75,89,89,89,89],"relic_stats":{"Gremlin Horn":[3,3],"counters":[13,56],"Golden Idol":68,"CeramicFish":63,"Juzu Bracelet":1,"obtain_stats":[{"Lantern":13,"NeowsBlessing":0,"Gremlin Horn":21,"Golden Idol":4,"CeramicFish":9,"Oddly Smooth Stone":9,"Mango":26,"Juzu Bracelet":23,"Ancient Tea Set":26,"Burning Blood":0,"Matryoshka":6,"CultistMask":2,"Mark of Pain":17},{"Lantern":6,"NeowsBlessing":0,"Gremlin Horn":10,"Golden Idol":2,"CeramicFish":4,"Oddly Smooth Stone":4,"Mango":12,"Juzu Bracelet":12,"Ancient Tea Set":12,"Burning Blood":0,"Matryoshka":3,"CultistMask":1,"Mark of Pain":8},{"Lantern":17,"NeowsBlessing":0,"Gremlin Horn":42,"Golden Idol":2,"CeramicFish":7,"Oddly Smooth Stone":7,"Mango":51,"Juzu Bracelet":51,"Ancient Tea Set":51,"Burning Blood":0,"Matryoshka":4,"CultistMask":1,"Mark of Pain":33}],"Burning Blood":67},"card_choices":[{"not_picked":["Dark Embrace","Searing Blow"],"picked":"Hemokinesis","floor":1.0},{"not_picked":["Spot Weakness","Armaments"],"picked":"Metallicize","floor":3.0},{"not_picked":["Juggernaut","Dropkick"],"picked":"Clothesline","floor":6.0},{"not_picked":["Twin Strike","Sword Boomerang","Dark Embrace"],"picked":"SKIP","floor":8.0},{"not_picked":["Rampage","Wild Strike","Thunderclap"],"picked":"SKIP","floor":12.0},{"not_picked":["Havoc","Searing Blow"],"picked":"Burning Pact","floor":13.0},{"not_picked":["Pummel","Bloodletting"],"picked":"Flex","floor":14.0},{"not_picked":["Bludgeon","Juggernaut"],"picked":"Immolate","floor":16.0},{"not_picked":["Thunderclap","Havoc","Perfected Strike"],"picked":"SKIP","floor":18.0},{"not_picked":["Ghostly Armor","Clash"],"picked":"Hemokinesis+1","floor":20},{"not_picked":["Perfected Strike","Anger"],"picked":"Sentinel+1","floor":22},{"not_picked":["Havoc","Seeing Red"],"picked":"Disarm","floor":23}],"player_experience":484319,"relics_obtained":[{"floor":6.0,"key":"Matryoshka"},{"floor":9.0,"key":"CeramicFish"},{"floor":9.0,"key":"Oddly Smooth Stone"},{"floor":13.0,"key":"Lantern"},{"floor":23,"key":"Juzu Bracelet"},{"floor":26,"key":"Ancient Tea Set"},{"floor":26,"key":"Mango"}],"event_choices":[{"damage_healed":0.0,"max_hp_gain":0.0,"max_hp_loss":0.0,"gold_gain":0.0,"event_name":"FaceTrader","player_choice":"Trade","floor":2.0,"gold_loss":0.0,"damage_taken":0.0,"relics_obtained":["CultistMask"]},{"damage_healed":0.0,"max_hp_gain":0.0,"max_hp_loss":0.0,"gold_gain":0.0,"event_name":"Golden Idol","player_choice":"Take Damage","floor":4.0,"gold_loss":0.0,"damage_taken":26.0,"relics_obtained":["Golden Idol"]},{"cards_removed":["Strike_R"],"damage_healed":0.0,"max_hp_gain":0.0,"max_hp_loss":0.0,"gold_gain":0.0,"event_name":"Golden Wing","player_choice":"Card Removal","floor":5.0,"gold_loss":0.0,"damage_taken":7.0},{"damage_healed":0.0,"max_hp_gain":0.0,"max_hp_loss":0.0,"gold_gain":0.0,"event_name":"Lab","player_choice":"Got Potions","floor":10.0,"gold_loss":0.0,"damage_taken":0.0},{"damage_healed":0.0,"max_hp_gain":0.0,"max_hp_loss":0.0,"gold_gain":0.0,"event_name":"The Woman in Blue","player_choice":"Bought 1 Potion","floor":19.0,"gold_loss":0.0,"damage_taken":0.0}],"is_beta":false,"boss_relics":[{"not_picked":["Sozu","Coffee Dripper"],"picked":"Mark of Pain"}],"items_purged_floors":[],"is_endless":false,"potions_floor_spawned":[1,6,12,13,18],"killed_by":"Book of Stabbing","ascension_level":16}}