{"host":"k5fgrtcqzqosfxt0","time":1613024319,"event":{"mods":["Act Like it!","Aspiration","BaseMod","Downfall","Gensokyo","Minty Spire (QoL Compilation)","StSLib","TestMod","UnlockEverythingMod"],"gold_per_floor":[119,89,109,124,124,124,140,140,140,180,180,180,200,207,207],"floor_reached":14,"language":"ZHS","playtime":383,"items_purged":[],"score":180,"play_id":"4e702197-5711-41e8-90f3-06bb6b5c0532","local_time":"20210211141839","is_ascension_mode":true,"campfire_choices":[{"data":"Neutralize","floor":6.0,"key":"SMITH"},{"data":"Escape Plan","floor":8.0,"key":"SMITH"},{"floor":11.0,"key":"RECALL"}],"circlet_count":0,"master_deck":["AscendersBane","Strike_G","Strike_G","Defend_G","Defend_G","Defend_G","Defend_G","Survivor","Neutralize+1","Flechettes+1","Infinite Blades+1","Dodge and Roll+1","Escape Plan+1","Bullet Time","Acrobatics"],"relics":["testmod-TestBox","testmod-Acrobat","Astrolabe","testmod-Justice","Bottled Lightning"],"acts_visited":["Exordium"],"potions_floor_usage":[14],"damage_taken":[{"damage":1.0,"enemies":"Small Slimes","floor":1.0,"turns":3.0},{"damage":0.0,"enemies":"Cultist","floor":3.0,"turns":4.0},{"damage":0.0,"enemies":"Jaw Worm","floor":4.0,"turns":4.0},{"damage":0.0,"enemies":"Looter","floor":7.0,"turns":3.0},{"damage":15.0,"enemies":"Lagavulin","floor":10.0,"turns":8.0},{"damage":7.0,"enemies":"Lots of Slimes","floor":13.0,"turns":3.0},{"damage":49,"enemies":"Gremlin Nob","floor":14,"turns":4}],"seed_played":"-4166867296006275874","potions_obtained":[{"floor":2.0,"key":"LiquidMemories"},{"floor":2.0,"key":"Explosive Potion"}],"is_trial":false,"path_per_floor":["M","?","M","M","T","R","M","R","T","E","R","?","M","E"],"character_chosen":"THE_SILENT","items_purchased":[],"campfire_rested":0,"item_purchase_floors":[],"current_hp_per_floor":[58,58,58,58,58,58,58,58,58,43,43,43,36,0,0],"gold":207,"neow_bonus":"BOSS_RELIC","is_daily":false,"chose_seed":false,"campfire_upgraded":2,"win_rate":0.0,"timestamp":1613024319,"path_taken":["M","?","M","?","?","R","M","R","T","E","R","?","?","E"],"items_purchased_type":[],"build_version":"2020-12-22","purchased_purges":0,"victory":false,"max_hp_per_floor":[66,66,66,66,66,66,66,66,66,66,66,66,66,66,66],"card_choices":[{"not_picked":["Dodge and Roll","Outmaneuver","PiercingWail"],"picked":"SKIP","floor":1.0},{"not_picked":["Infinite Blades","Deadly Poison"],"picked":"Escape Plan","floor":3.0},{"not_picked":["Deflect","Crippling Poison","Catalyst"],"picked":"SKIP","floor":4.0},{"not_picked":["Quick Slash","Sucker Punch","Setup"],"picked":"SKIP","floor":7.0},{"not_picked":["Poisoned Stab","Dash","Unload"],"picked":"SKIP","floor":10.0},{"not_picked":["Backflip","Deadly Poison"],"picked":"Acrobatics","floor":13.0}],"player_experience":643440,"relics_obtained":[{"floor":9.0,"key":"testmod-Justice"},{"floor":10.0,"key":"Bottled Lightning"}],"event_choices":[{"damage_healed":0.0,"max_hp_gain":0.0,"max_hp_loss":0.0,"gold_gain":0.0,"event_name":"The Woman in Blue","player_choice":"Bought 2 Potions","floor":2.0,"gold_loss":0.0,"damage_taken":0.0},{"damage_healed":0.0,"max_hp_gain":0.0,"max_hp_loss":0.0,"gold_gain":0.0,"cards_transformed":["Strike_G"],"event_name":"Transmorgrifier","player_choice":"Transformed","floor":12.0,"gold_loss":0.0,"damage_taken":0.0,"cards_obtained":["Bullet Time"]}],"is_beta":false,"boss_relics":[],"items_purged_floors":[],"is_endless":false,"potions_floor_spawned":[3,4,7],"killed_by":"Gremlin Nob","ascension_level":20}}