{"host":"1bzbl1adcbkdzqlf","time":1613012295,"event":{"mods":["BaseMod","Minty Spire (QoL Compilation)","Slay the Relics Exporter"],"gold_per_floor":[112,122,141,159,159,195,195,195,195,229,249,174,187,187,187,187,187],"floor_reached":16,"language":"ENG","playtime":1212,"items_purged":["Strike_R"],"score":284,"play_id":"a9750ae8-9347-425d-b721-0b1edf776c95","local_time":"20210210205815","is_ascension_mode":true,"campfire_choices":[{"floor":8,"key":"REST"},{"floor":15,"key":"REST"}],"circlet_count":0,"master_deck":["AscendersBane","Strike_R+1","Strike_R+1","Strike_R","Strike_R","Defend_R","Defend_R","Defend_R","Defend_R","Bash","Pommel Strike","Thunderclap","Sword Boomerang","Cleave","Whirlwind","Shrug It Off","Armaments","Dark Embrace"],"relics":["Burning Blood","Golden Idol","Toy Ornithopter","Blood Vial","Meat on the Bone","Boot"],"acts_visited":["Exordium"],"potions_floor_usage":[10,10,13],"damage_taken":[{"damage":1,"enemies":"Cultist","floor":1,"turns":3},{"damage":1,"enemies":"Small Slimes","floor":2,"turns":3},{"damage":7,"enemies":"Jaw Worm","floor":3,"turns":3},{"damage":4,"enemies":"Red Slaver","floor":4,"turns":4},{"damage":24,"enemies":"Gremlin Nob","floor":6,"turns":4},{"damage":40,"enemies":"Lagavulin","floor":10,"turns":5},{"damage":7,"enemies":"2 Fungi Beasts","floor":11,"turns":2},{"damage":11,"enemies":"Looter","floor":13,"turns":2}],"seed_played":"-8137589512644901026","potions_obtained":[{"floor":1,"key":"Swift Potion"},{"floor":4,"key":"Ancient Potion"},{"floor":11,"key":"PowerPotion"},{"floor":13,"key":"FairyPotion"}],"is_trial":false,"path_per_floor":["M","M","M","M","?","E","?","R","T","E","M","$","M","?","R","B"],"character_chosen":"IRONCLAD","items_purchased":[],"campfire_rested":2,"item_purchase_floors":[],"current_hp_per_floor":[72,77,76,78,54,36,17,45,45,23,36,36,50,47,75,0,0],"gold":187,"neow_bonus":"TWENTY_PERCENT_HP_BONUS","is_daily":false,"chose_seed":false,"campfire_upgraded":0,"win_rate":0.0,"timestamp":1613012295,"path_taken":["M","M","M","?","?","E","?","R","T","E","M","?","?","?","R","BOSS"],"items_purchased_type":[],"build_version":"2020-12-22","purchased_purges":1,"victory":false,"max_hp_per_floor":[96,96,96,96,96,96,96,96,96,96,96,96,96,96,96,96,96],"card_choices":[{"not_picked":["Rampage","Anger"],"picked":"Pommel Strike","floor":1},{"not_picked":["Fire Breathing","Disarm"],"picked":"Thunderclap","floor":2},{"not_picked":["Thunderclap","Flex"],"picked":"Sword Boomerang","floor":3},{"not_picked":["Wild Strike","Hemokinesis"],"picked":"Cleave","floor":4},{"not_picked":["Flex","Entrench"],"picked":"Whirlwind","floor":6},{"not_picked":["Dual Wield","Twin Strike"],"picked":"Shrug It Off","floor":10},{"not_picked":["Second Wind","Entrench"],"picked":"Armaments","floor":11},{"not_picked":["Blood for Blood","Warcry"],"picked":"Dark Embrace","floor":13}],"player_experience":428709,"relics_obtained":[{"floor":6,"key":"Toy Ornithopter"},{"floor":9,"key":"Blood Vial"},{"floor":10,"key":"Meat on the Bone"}],"event_choices":[{"damage_healed":0,"gold_gain":0,"player_choice":"Take Damage","damage_taken":24,"relics_obtained":["Golden Idol"],"max_hp_gain":0,"max_hp_loss":0,"event_name":"Golden Idol","floor":5,"gold_loss":0},{"damage_healed":0,"gold_gain":0,"player_choice":"Entered Light","damage_taken":19,"max_hp_gain":0,"max_hp_loss":0,"event_name":"Shining Light","floor":7,"gold_loss":0,"cards_upgraded":["Strike_R","Strike_R"]},{"damage_healed":0,"gold_gain":0,"player_choice":"Success","damage_taken":3,"relics_obtained":["Boot"],"max_hp_gain":0,"max_hp_loss":0,"event_name":"Scrap Ooze","floor":14,"gold_loss":0}],"is_beta":false,"boss_relics":[],"items_purged_floors":[12],"is_endless":false,"potions_floor_spawned":[1,4,11,13],"killed_by":"The Guardian","ascension_level":12}}