{"host":"x7u3amoxy3d4heu5","time":1613077595,"event":{"mods":["BaseMod","Colored Map","DeckTracker","Hermit","Hubris","Infinite Spire","Marisa????????","Minty Spire (QoL Compilation)","Quick Restart","Replay The Spire","StSLib","The Cursed","The IronCluck","The Jungle","The Servant 0.9.4","The Wild Card","Unceasing Turn Reminder","slay the spire mod where everything is the same but ironclad has a cowboy hat"],"gold_per_floor":[17,31,31,79,79,79,119,48,74,74,93,110,135,171,171,270,270,287,238,163,6,28,68,68,96,144,144,144,185,185,185,185,309,309,357,357,414,482,491,491],"floor_reached":39,"language":"ENG","playtime":3411,"items_purged":[],"score":627,"play_id":"e962584a-48d6-4ed0-b949-06b22aaa1066","local_time":"20210211140635","is_ascension_mode":true,"campfire_choices":[{"data":"hermit:OverwhelmingPower","floor":6,"key":"SMITH"},{"data":"hermit:Glare","floor":6,"key":"SMITH"},{"floor":10,"key":"REST"},{"data":"hermit:Brawl","floor":24,"key":"SMITH"},{"data":"hermit:Adapt","floor":24,"key":"SMITH"},{"data":"infinitespire:Gouge","floor":28,"key":"SMITH"},{"data":"hermit:Determination","floor":28,"key":"SMITH"},{"floor":30,"key":"REST"},{"floor":32,"key":"REST"}],"circlet_count":0,"master_deck":["hermit:Strike_Hermit","hermit:Strike_Hermit","hermit:Strike_Hermit","hermit:Strike_Hermit","hermit:Defend_Hermit","hermit:Defend_Hermit","hermit:Defend_Hermit","hermit:Snapshot","hermit:Covet","hermit:OverwhelmingPower+1","hermit:ShadowCloak+1","hermit:Glare+1","Regret","hermit:Gestalt","hermit:Determination+1","hermit:Vantage","hermit:LowProfile","hermit:Virtue","hermit:Dissolve","hermit:Adapt+1","hermit:Scavenge","hermit:ShadowCloak","hermit:Brawl+1","hermit:Deadeye","hermit:ShadowCloak+1","Writhe","hubris:Greed","infinitespire:Gouge+1","hubris:Greed","hubris:Greed","hermit:Ricochet+1","hermit:Brawl","hermit:FatalDesire","hubris:Greed","hermit:Misfire+1","Replay:Fractal Strike","hubris:Greed","hubris:Greed","hermit:CalledShot","hubris:Greed","hubris:Greed","hermit:Manifest+1"],"relics":["hermit:Momento","Replay:Arrowhead","Replay:Wax Seal","Replay:Bandana","Bird Faced Urn","infinitespire:Beetle Shell","hubris:RunicObelisk","MealTicket","Potion Belt","Vajra","hermit:BartenderGlass","Chemical X"],"acts_visited":["Exordium","TheCity","TheBeyond"],"potions_floor_usage":[16,16,16,29,35,35,37,37,39,39,39,39],"damage_taken":[{"damage":0,"enemies":"Small Slimes","floor":1,"turns":3},{"damage":9,"enemies":"Jaw Worm","floor":2,"turns":3},{"damage":34,"enemies":"Gremlin Nob","floor":7,"turns":5},{"damage":3,"enemies":"2 Louse","floor":11,"turns":3},{"damage":8,"enemies":"Blue Slaver","floor":12,"turns":5},{"damage":10,"enemies":"Exordium Wildlife","floor":13,"turns":4},{"damage":39,"enemies":"3 Sentries","floor":14,"turns":17},{"damage":38,"enemies":"Slime Boss","floor":16,"turns":18},{"damage":10,"enemies":"Chosen","floor":18,"turns":8},{"damage":25,"enemies":"2 Thieves","floor":19,"turns":4},{"damage":13,"enemies":"Snecko","floor":22,"turns":9},{"damage":12,"enemies":"Replay:Snechameleon","floor":23,"turns":8},{"damage":41,"enemies":"3 Cultists","floor":25,"turns":7},{"damage":20,"enemies":"Cultist and Chosen","floor":29,"turns":11},{"damage":69,"enemies":"Automaton","floor":33,"turns":9},{"damage":53,"enemies":"3 Shapes","floor":35,"turns":7},{"damage":47,"enemies":"3 Darklings","floor":37,"turns":8},{"damage":6,"enemies":"Maw","floor":38,"turns":8}],"seed_played":"-4563711186036139493","potions_obtained":[{"floor":11,"key":"GamblersBrew"},{"floor":12,"key":"ColorlessPotion"},{"floor":13,"key":"PowerPotion"},{"floor":16,"key":"Languid Potion"},{"floor":18,"key":"SteroidPotion"},{"floor":23,"key":"Swift Potion"},{"floor":29,"key":"Strength Potion"},{"floor":35,"key":"AttackPotion"},{"floor":37,"key":"PowerPotion"}],"is_trial":false,"path_per_floor":["M","M","?","T","?","R","E","$","T","R","M","M","M","E","R_BF","B",null,"M","M","?","$","M","E","R","M","T","?","R","M","R","?","R","B",null,"M","AVR","M","M","M"],"character_chosen":"HERMIT","items_purchased":["hermit:Determination","MealTicket"],"campfire_rested":3,"item_purchase_floors":[8,21],"current_hp_per_floor":[75,66,66,66,59,59,25,25,25,47,48,46,42,9,31,1,75,67,50,50,50,47,47,47,18,18,18,18,12,34,34,56,3,75,36,36,7,19,0,0],"gold":491,"neow_bonus":"THREE_RARE_CARDS","is_daily":false,"chose_seed":false,"campfire_upgraded":6,"win_rate":0.0,"timestamp":1613077595,"path_taken":["M","M","?","?","?","R","E","?","T","R","?","M","M","E","R_BF","BOSS","M","M","?","$","M","E","R","M","T","?","R","M","R","?","R","BOSS","M","AVR","?","M","M"],"items_purchased_type":["Card","Relic"],"build_version":"2020-12-22","purchased_purges":0,"victory":false,"max_hp_per_floor":[75,75,75,75,75,75,75,75,75,75,75,75,75,75,75,75,75,75,75,75,75,75,75,75,75,75,75,75,75,75,75,75,75,75,75,75,75,75,75,75],"card_choices":[{"not_picked":["hermit:Purgatory","hermit:RoundhouseKick"],"picked":"hermit:OverwhelmingPower","floor":0},{"not_picked":["hermit:Enervate","hermit:ItchyTrigger"],"picked":"hermit:ShadowCloak","floor":1},{"not_picked":["hermit:Desperado","hermit:Vantage"],"picked":"hermit:Glare","floor":2},{"not_picked":["hermit:Desperado","hermit:Roughhouse"],"picked":"hermit:Gestalt","floor":7},{"not_picked":["hermit:Ricochet","hermit:Headshot"],"picked":"hermit:Vantage","floor":11},{"not_picked":["hermit:Roulette","hermit:BodyArmor"],"picked":"hermit:LowProfile","floor":12},{"not_picked":["hermit:Quickdraw","hermit:Glare"],"picked":"hermit:Virtue","floor":13},{"not_picked":["hermit:FullyLoaded","hermit:Enervate"],"picked":"hermit:Dissolve","floor":14},{"not_picked":["hermit:EternalForm","hermit:DeadOrAlive"],"picked":"hermit:Adapt","floor":16},{"not_picked":["hermit:Dive","hermit:Misfire+1"],"picked":"hermit:Scavenge","floor":18},{"not_picked":["hermit:PistolWhip","hermit:Combo+1"],"picked":"hermit:ShadowCloak","floor":19},{"not_picked":["hermit:Ricochet","hermit:Vantage"],"picked":"hermit:Brawl","floor":22},{"not_picked":["hermit:Maintenance","hermit:Malice"],"picked":"hermit:Deadeye","floor":23},{"not_picked":["hermit:DeadOrAlive","hermit:LowProfile"],"picked":"hermit:ShadowCloak+1","floor":25},{"not_picked":["infinitespire:Execution","infinitespire:SealOfDarkness+"],"picked":"infinitespire:Gouge","floor":27},{"not_picked":["hermit:GoldenBullet+1","hermit:HighCaliber"],"picked":"hermit:Ricochet+1","floor":29},{"not_picked":["hermit:Purgatory","hermit:DeadOrAlive"],"picked":"hermit:FatalDesire","floor":33},{"not_picked":["hermit:LowProfile+1","hermit:Roulette+1"],"picked":"hermit:Misfire+1","floor":35},{"not_picked":["hermit:LowProfile+1","hermit:Vantage+1"],"picked":"hermit:CalledShot","floor":37},{"not_picked":["hermit:SprayPray+1","hermit:Gestalt+1"],"picked":"hermit:Manifest+1","floor":38}],"player_experience":564693,"relics_obtained":[{"floor":4,"key":"Replay:Wax Seal"},{"floor":7,"key":"Bird Faced Urn"},{"floor":14,"key":"infinitespire:Beetle Shell"},{"floor":23,"key":"Potion Belt"},{"floor":26,"key":"Vajra"}],"event_choices":[{"damage_healed":0,"gold_gain":0,"player_choice":"Box","damage_taken":0,"relics_obtained":["Replay:Arrowhead"],"max_hp_gain":0,"max_hp_loss":0,"event_name":"Big Fish","floor":3,"gold_loss":0,"cards_obtained":["Regret"]},{"damage_healed":0,"gold_gain":0,"player_choice":"Success","damage_taken":7,"relics_obtained":["Replay:Bandana"],"max_hp_gain":0,"max_hp_loss":0,"event_name":"Scrap Ooze","floor":5,"gold_loss":0},{"cards_removed":["hermit:Defend_Hermit"],"damage_healed":0,"gold_gain":0,"player_choice":"Gave Gold","damage_taken":0,"max_hp_gain":0,"max_hp_loss":0,"event_name":"Beggar","floor":20,"gold_loss":75},{"damage_healed":0,"gold_gain":0,"player_choice":"1 cards matched","damage_taken":0,"max_hp_gain":0,"max_hp_loss":0,"event_name":"Match and Keep!","floor":31,"gold_loss":0,"cards_obtained":["hermit:Brawl"]}],"is_beta":false,"boss_relics":[{"not_picked":["Coffee Dripper","Black Star"],"picked":"hubris:RunicObelisk"},{"not_picked":["Sozu","hermit:DentedPlate"],"picked":"hermit:BartenderGlass"}],"items_purged_floors":[],"is_endless":false,"potions_floor_spawned":[11,12,13,16,18,23,29,35,37],"killed_by":"4 Shapes","ascension_level":2}}