{"host":"iilsbsc0nnz3b4nr","time":1613081855,"event":{"mods":["BaseMod","Downfall","Hubris","Infinite Spire","Minty Spire (QoL Compilation)","Shade Mod","Shedinja","StSLib","??????REMEMod"],"gold_per_floor":[99,99,114,129,129,159,159,189,89,104,119,134,134,139,154,154,154,154],"floor_reached":16,"language":"ENG","playtime":1327,"items_purged":[],"score":162,"play_id":"50c75359-a4be-4eca-b86a-9bef9f6c8f86","local_time":"20210211171735","daily_mods":["Shiny","Uncertain Future","DeadlyEvents"],"is_ascension_mode":false,"campfire_choices":[{"floor":1,"key":"RECALL"},{"data":"bronze:AlphaBuild","floor":9,"key":"SMITH"},{"data":"bronze:InfiniteLoop","floor":13,"key":"SMITH"}],"circlet_count":0,"master_deck":["hubris:InfiniteBlow+246","bronze:TinkerersToolbox","bronze:Library","bronze:BurnOut","bronze:Break","bronze:CleanCode","bronze:HardenedForm","bronze:ThunderWave","bronze:SpaghettiCode","bronze:RecursiveStrike","bronze:AlphaBuild+1","bronze:Virus","bronze:Format","bronze:InfiniteLoop+1","bronze:Verify","bronze:Mutator","bronze:Assembly","bronze:ShipIt","bronze:FindAndReplace","bronze:HyperBeam","bronze:Constructor","bronze:BuggyMess","bronze:BronzeOrb","bronze:Deprecate","bronze:Philosophize","bronze:GetLatest","bronze:Iterate","bronze:WhirlingStrike","bronze:FineTuning","bronze:SpaghettiCode","bronze:BugBarrage","bronze:DelayedSlice","bronze:OilSpill","bronze:Overheat"],"relics":["bronze:BronzeCore","REME_ComplimentaryCards","bronze:BottledCode","hubris:Towel","Prayer Wheel","Bottled Lightning","Nunchaku","downfall:HeartBlessingRed","hubris:PeanutButter"],"acts_visited":["Exordium"],"potions_floor_usage":[16,16],"damage_taken":[{"damage":0,"enemies":"2 Louse","floor":3,"turns":2},{"damage":0,"enemies":"Jaw Worm","floor":4,"turns":1},{"damage":13,"enemies":"3 Sentries","floor":6,"turns":4},{"damage":0,"enemies":"Lagavulin","floor":8,"turns":1},{"damage":0,"enemies":"Cultist","floor":10,"turns":2},{"damage":0,"enemies":"Exordium Wildlife","floor":11,"turns":3},{"damage":0,"enemies":"Looter","floor":12,"turns":1},{"damage":10,"enemies":"downfall:FleeingMerchant","floor":14,"turns":4},{"damage":26,"enemies":"Large Slime","floor":15,"turns":6},{"damage":14,"enemies":"Hexaghost","floor":16,"turns":7}],"seed_played":"-587577638262706789","potions_obtained":[{"floor":3,"key":"CultistPotion"},{"floor":8,"key":"BlessingOfTheForge"},{"floor":12,"key":"EssenceOfSteel"}],"is_trial":false,"path_per_floor":["R","?","M","M","?","E","T","E","R","M","M","M","R","$","M","B"],"character_chosen":"THE_AUTOMATON","items_purchased":["bronze:DelayedSlice","hubris:PeanutButter"],"campfire_rested":0,"item_purchase_floors":[14,14],"current_hp_per_floor":[70,60,60,60,60,47,47,47,47,47,47,47,47,37,11,0,0,0],"gold":154,"neow_bonus":"","is_daily":true,"chose_seed":false,"campfire_upgraded":2,"win_rate":0.0,"timestamp":1613081855,"path_taken":["R","?","M","M","?","?","T","E","R","M","M","M","R","$","M","BOSS"],"items_purchased_type":["Card","Relic"],"build_version":"2020-12-22","purchased_purges":0,"victory":false,"max_hp_per_floor":[70,60,60,60,60,60,60,60,60,60,60,60,60,60,60,60,60,60],"card_choices":[{"not_picked":["bronze:FineTuning","bronze:Boost"],"picked":"bronze:Constructor","floor":3},{"not_picked":["bronze:ClassDefault","bronze:BitShift","bronze:Frontload"],"picked":"SKIP","floor":4},{"not_picked":["bronze:Overload","bronze:Separator"],"picked":"bronze:BuggyMess","floor":6},{"not_picked":["bronze:Separator","bronze:Shield"],"picked":"bronze:BronzeOrb","floor":8},{"not_picked":["bronze:Shield","bronze:Allocate"],"picked":"bronze:Deprecate","floor":10},{"not_picked":["bronze:InfiniteBeams","bronze:Return"],"picked":"bronze:Philosophize","floor":10},{"not_picked":["bronze:RecursiveStrike","bronze:BitShift"],"picked":"bronze:GetLatest","floor":11},{"not_picked":["bronze:Overload","bronze:Boost"],"picked":"bronze:Iterate","floor":11},{"not_picked":["bronze:Separator","bronze:Iterate"],"picked":"bronze:WhirlingStrike","floor":12},{"not_picked":["bronze:DelayedGuard","bronze:FollowUp"],"picked":"bronze:FineTuning","floor":12},{"not_picked":["bronze:CleanCode","bronze:Overload"],"picked":"bronze:BugBarrage","floor":14},{"not_picked":["bronze:NullPointer","bronze:Separator"],"picked":"bronze:OilSpill","floor":15},{"not_picked":["bronze:MaxOutput","bronze:ChosenStrike"],"picked":"bronze:Overheat","floor":15}],"player_experience":223762,"relics_obtained":[{"floor":6,"key":"Prayer Wheel"},{"floor":7,"key":"Bottled Lightning"},{"floor":8,"key":"Nunchaku"}],"event_choices":[],"is_beta":false,"boss_relics":[],"items_purged_floors":[],"is_endless":false,"potions_floor_spawned":[3,8,12],"killed_by":"Hexaghost","ascension_level":0}}