{"host":"kg61lsvem4dxoat8","time":1613020578,"event":{"mods":["AchievementEnabler","BaseMod","Better Altar","Better Match","Better Sensory Stone","Better Skull","Block Reminder","Highlight Path","Minty Spire (QoL Compilation)","Quick Restart","Rare Cards Sparkle","Relic Sorter","Relic Stats","StSLib","Synergy Search","slay the spire mod where everything is the same but ironclad has a cowboy hat"],"gold_per_floor":[115,115,115,126,39,73,73,98,125,158,158,171,171,171],"floor_reached":13,"language":"ENG","playtime":263,"items_purged":[],"score":189,"play_id":"5e00ef37-0550-4324-a166-d585d2e40d26","local_time":"20210211131618","is_ascension_mode":true,"campfire_choices":[{"data":"Dropkick","floor":11,"key":"SMITH"}],"circlet_count":0,"master_deck":["AscendersBane","Strike_R","Strike_R","Strike_R","Strike_R","Strike_R","Defend_R","Defend_R","Defend_R","Defend_R","Bash","Dropkick+1","Shrug It Off","Dramatic Entrance","Inflame"],"relics":["Burning Blood","NeowsBlessing","Bronze Scales","NlothsMask","Pantograph","The Courier"],"acts_visited":["Exordium"],"potions_floor_usage":[4,10,10],"damage_taken":[{"damage":0,"enemies":"Small Slimes","floor":1,"turns":1},{"damage":0,"enemies":"Cultist","floor":4,"turns":1},{"damage":0,"enemies":"Gremlin Nob","floor":6,"turns":1},{"damage":37,"enemies":"3 Sentries","floor":8,"turns":9},{"damage":34,"enemies":"Gremlin Nob","floor":10,"turns":5},{"damage":4,"enemies":"Jaw Worm","floor":12,"turns":3},{"damage":34,"enemies":"3 Sentries","floor":13,"turns":5}],"seed_played":"6169919117035261985","potions_obtained":[{"floor":1,"key":"BlessingOfTheForge"},{"floor":3,"key":"Strength Potion"},{"floor":3,"key":"SteroidPotion"},{"floor":4,"key":"Fruit Juice"}],"is_trial":false,"path_per_floor":["M","?","?","M","$","E","?","E","T","E","R","M","E"],"character_chosen":"IRONCLAD","items_purchased":["Dramatic Entrance"],"campfire_rested":0,"item_purchase_floors":[5],"current_hp_per_floor":[78,83,83,90,90,90,90,59,59,31,31,33,0,0],"gold":171,"neow_bonus":"THREE_ENEMY_KILL","is_daily":false,"chose_seed":false,"campfire_upgraded":1,"win_rate":0.0,"timestamp":1613020578,"path_taken":["M","?","?","?","$","E","?","E","T","E","R","M","E"],"items_purchased_type":["Card"],"build_version":"2020-12-22","purchased_purges":0,"victory":false,"max_hp_per_floor":[80,85,85,90,90,90,90,90,90,90,90,90,90,90],"relic_stats":{"counters":[7,25],"Bronze Scales":[51],"Pantograph":0,"obtain_stats":[{"NeowsBlessing":0,"Bronze Scales":6,"Pantograph":8,"The Courier":10,"Burning Blood":0,"NlothsMask":7},{"NeowsBlessing":0,"Bronze Scales":3,"Pantograph":4,"The Courier":5,"Burning Blood":0,"NlothsMask":3},{"NeowsBlessing":0,"Bronze Scales":3,"Pantograph":12,"The Courier":17,"Burning Blood":0,"NlothsMask":3}],"Burning Blood":26},"card_choices":[{"not_picked":["Sentinel","Fire Breathing"],"picked":"Dropkick","floor":1},{"not_picked":["Pommel Strike","True Grit"],"picked":"Shrug It Off","floor":4},{"not_picked":["Wild Strike","Clash","True Grit"],"picked":"SKIP","floor":6},{"not_picked":["Clash","Havoc","Reckless Charge"],"picked":"SKIP","floor":8},{"not_picked":["Armaments","Heavy Blade","Cleave"],"picked":"SKIP","floor":10},{"not_picked":["Clash","Twin Strike"],"picked":"Inflame","floor":12}],"player_experience":1461585,"relics_obtained":[{"floor":6,"key":"Bronze Scales"},{"floor":8,"key":"Pantograph"},{"floor":10,"key":"The Courier"}],"event_choices":[{"damage_healed":0,"gold_gain":0,"player_choice":"Donut","damage_taken":0,"max_hp_gain":5,"max_hp_loss":0,"event_name":"Big Fish","floor":2,"gold_loss":0},{"damage_healed":0,"gold_gain":0,"player_choice":"Got Potions","damage_taken":0,"max_hp_gain":0,"max_hp_loss":0,"event_name":"Lab","floor":3,"gold_loss":0},{"damage_healed":0,"gold_gain":0,"player_choice":"Trade","damage_taken":0,"relics_obtained":["NlothsMask"],"max_hp_gain":0,"max_hp_loss":0,"event_name":"FaceTrader","floor":7,"gold_loss":0}],"is_beta":false,"boss_relics":[],"items_purged_floors":[],"is_endless":false,"potions_floor_spawned":[1,4],"killed_by":"3 Sentries","ascension_level":10}}