{"host":"j2aqywwzai0xbcib","time":1613027275,"event":{"mods":["AchievementEnabler","Astrologer","Bartender","BaseMod","Bestiary","Better Altar","Better Sensory Stone","Better Third Choice","ChefMod","Colored Map","Colored Powertips","Conspire","Downfall","Halation","Hermit","Hubris","Infinite Spire","Mad Scientist","Mathematician","Minty Spire (QoL Compilation)","Quick Restart","Rare Cards Sparkle","Relic Stats","Reliquary","Replay The Spire","Robot Space Explorer","Somnambulant","Spicy Shops","Spikes Relics","StSLib","The Blackbeard","The Elementalist","The Gatherer","The Hayseed","The Necromancer","The Witch"],"gold_per_floor":[113,15,33,33,49,75,75,21,70,105,205,223,223,236,236,336,336,325,28,44,44,62,62,62,62,62],"floor_reached":25,"language":"DUT","playtime":2365,"items_purged":[],"score":211,"play_id":"3e573f8b-57ad-4aad-a2ce-7284cc8e8b9e","local_time":"20210211080755","is_ascension_mode":false,"campfire_choices":[{"floor":7,"key":"REST"},{"floor":13,"key":"REST"},{"floor":15,"key":"REST"},{"floor":23,"key":"REST"}],"circlet_count":0,"master_deck":["Strike_G","Strike_G","Strike_G","Strike_G","Strike_G","Defend_G","Defend_G","Defend_G","Defend_G","Defend_G","Survivor","Neutralize","Bouncing Flask","Bane","Cloak And Dagger","hubris:TrickCloak","hubris:SlightOfHand","A Thousand Cuts","Slice","Prepared","Corpse Explosion","Heel Hook+1","Well Laid Plans","Heel Hook","Skewer+1"],"relics":["Ring of the Snake","ReplayTheSpireMod:Lightbulb","Blue Candle","Replay:Bottled Steam","Replay:Baseball","hubris:Zylophone","Sandwich","Ninja Scroll","halation:PinkSoulGem"],"acts_visited":["Exordium","TheCity"],"potions_floor_usage":[6,12,12,16,20,25],"damage_taken":[{"damage":0,"enemies":"Cultist","floor":1,"turns":5},{"damage":1,"enemies":"2 Louse","floor":3,"turns":3},{"damage":6,"enemies":"conspire:RoseBush","floor":5,"turns":2},{"damage":38,"enemies":"3 Sentries","floor":6,"turns":11},{"damage":36,"enemies":"Gremlin Nob","floor":10,"turns":4},{"damage":5,"enemies":"Lots of Slimes","floor":12,"turns":3},{"damage":8,"enemies":"Blue Slaver","floor":14,"turns":4},{"damage":24,"enemies":"Hexaghost","floor":16,"turns":9},{"damage":8,"enemies":"2 Thieves","floor":18,"turns":4},{"damage":22,"enemies":"3 Byrds","floor":20,"turns":5},{"damage":10,"enemies":"Snecko","floor":22,"turns":5},{"damage":65,"enemies":"Gremlin Leader","floor":25,"turns":5}],"seed_played":"-2465386863952538778","potions_obtained":[{"floor":0,"key":"Block Potion"},{"floor":0,"key":"DuplicationPotion"},{"floor":0,"key":"Explosive Potion"},{"floor":1,"key":"Regen Potion"},{"floor":10,"key":"LiquidMemories"},{"floor":12,"key":"Regen Potion"},{"floor":14,"key":"Energy Potion"}],"is_trial":false,"path_per_floor":["M","$","M","?","M","E","R","$","T","E","?","M","R","M","R","B",null,"M","$","M","?","M","R","?","E"],"character_chosen":"THE_SILENT","items_purchased":["ReplayTheSpireMod:Lightbulb","hubris:SlightOfHand","Ninja Scroll","Well Laid Plans"],"campfire_rested":4,"item_purchase_floors":[2,8,19,19],"current_hp_per_floor":[70,70,69,64,58,35,56,56,56,20,20,15,36,28,49,25,70,62,62,40,40,30,51,51,0,0],"gold":62,"neow_bonus":"THREE_SMALL_POTIONS","is_daily":false,"chose_seed":false,"campfire_upgraded":0,"win_rate":0.0,"timestamp":1613027275,"path_taken":["M","$","?","?","M","E","R","$","T","E","?","?","R","M","R","BOSS","M","$","?","?","M","R","?","E"],"items_purchased_type":["Relic","Card","Relic","Card"],"build_version":"2020-12-22","purchased_purges":0,"victory":false,"max_hp_per_floor":[70,70,70,70,70,70,70,70,70,70,70,70,70,70,70,70,70,70,70,70,70,70,70,70,70,70],"relic_stats":{"counters":[12,60],"Blue Candle":[0],"obtain_stats":[{"hubris:Zylophone":10,"Sandwich":17,"Replay:Baseball":9,"Ninja Scroll":19,"Blue Candle":4,"ReplayTheSpireMod:Lightbulb":2,"halation:PinkSoulGem":21,"Ring of the Snake":0,"Replay:Bottled Steam":6},{"hubris:Zylophone":5,"Sandwich":8,"Replay:Baseball":4,"Ninja Scroll":9,"Blue Candle":2,"ReplayTheSpireMod:Lightbulb":1,"halation:PinkSoulGem":10,"Ring of the Snake":0,"Replay:Bottled Steam":4},{"hubris:Zylophone":25,"Sandwich":41,"Replay:Baseball":21,"Ninja Scroll":45,"Blue Candle":8,"ReplayTheSpireMod:Lightbulb":5,"halation:PinkSoulGem":50,"Ring of the Snake":0,"Replay:Bottled Steam":21}],"Ring of the Snake":[24]},"card_choices":[{"not_picked":["Underhanded Strike","Prepared"],"picked":"Bouncing Flask","floor":1},{"not_picked":["Hidden Blade","PiercingWail"],"picked":"Bane","floor":3},{"not_picked":["Hidden Blade","Dagger Spray"],"picked":"Cloak And Dagger","floor":5},{"not_picked":["Dash","Cloak And Dagger"],"picked":"hubris:TrickCloak","floor":6},{"not_picked":["Draining Mist","Outmaneuver"],"picked":"A Thousand Cuts","floor":10},{"not_picked":["Outmaneuver","Skewer"],"picked":"Slice","floor":12},{"not_picked":["hubris:SlightOfHand","hubris:Counter"],"picked":"Prepared","floor":14},{"not_picked":["Adrenaline","Burst"],"picked":"Corpse Explosion","floor":16},{"not_picked":["Hidden Blade","Masterful Stab"],"picked":"Heel Hook+1","floor":18},{"not_picked":["Concentrate","Hidden Blade"],"picked":"Heel Hook","floor":20},{"not_picked":["Acrobatics+1","Backflip"],"picked":"Skewer+1","floor":22}],"player_experience":414880,"relics_obtained":[{"floor":6,"key":"Replay:Bottled Steam"},{"floor":9,"key":"Replay:Baseball"},{"floor":10,"key":"hubris:Zylophone"}],"event_choices":[{"damage_healed":0,"gold_gain":100,"player_choice":"Gold","damage_taken":0,"max_hp_gain":0,"max_hp_loss":0,"event_name":"Wheel of Change","floor":11,"gold_loss":0}],"is_beta":false,"boss_relics":[{"not_picked":["halation:Prosthetics","conspire:SpecialSausage"],"picked":"Sandwich"}],"items_purged_floors":[],"is_endless":false,"potions_floor_spawned":[1,3,10,12,14],"killed_by":"Gremlin Leader","ascension_level":0}}