{"host":"4pckc3u5mqcilakq","time":1613077362,"event":{"mods":["AchievementEnabler","BaseMod","Bestiary","Colored Map","Colored Powertips","Highlight Path","Minty Spire (QoL Compilation)","Quick Restart","Relic Stats"],"gold_per_floor":[110,110,125,141,165,496,517,517,517,561,561,561,561],"floor_reached":12,"language":"ENG","playtime":404,"items_purged":[],"score":113,"play_id":"d0eb9104-1ad6-4e0e-9a15-9cea78062adc","local_time":"20210212000242","is_ascension_mode":true,"campfire_choices":[{"floor":8,"key":"REST"}],"circlet_count":0,"master_deck":["Strike_B","Strike_B","Strike_B","Strike_B","Defend_B","Defend_B","Defend_B","Defend_B","Zap","Dualcast","Cold Snap","Melter","Chaos","Ball Lightning","Cold Snap","Streamline","Fission+1"],"relics":["Philosopher\u0027s Stone","Golden Idol","Old Coin","Pen Nib","Regal Pillow"],"acts_visited":["Exordium"],"potions_floor_usage":[6,7,10,12],"damage_taken":[{"damage":8,"enemies":"Jaw Worm","floor":1,"turns":3},{"damage":9,"enemies":"Small Slimes","floor":3,"turns":3},{"damage":7,"enemies":"2 Louse","floor":4,"turns":2},{"damage":10,"enemies":"Looter","floor":5,"turns":3},{"damage":17,"enemies":"3 Sentries","floor":6,"turns":4},{"damage":3,"enemies":"2 Fungi Beasts","floor":7,"turns":2},{"damage":12,"enemies":"Lagavulin","floor":10,"turns":5},{"damage":13,"enemies":"Gremlin Nob","floor":12,"turns":2}],"seed_played":"2008264944667977140","potions_obtained":[{"floor":3,"key":"FocusPotion"},{"floor":5,"key":"Weak Potion"},{"floor":6,"key":"Dexterity Potion"},{"floor":10,"key":"Swift Potion"}],"is_trial":false,"path_per_floor":["M","?","M","M","M","E","M","R","T","E","?","E"],"character_chosen":"DEFECT","items_purchased":[],"campfire_rested":1,"item_purchase_floors":[],"current_hp_per_floor":[67,49,40,33,23,6,3,25,25,13,13,0,0],"gold":561,"neow_bonus":"BOSS_RELIC","is_daily":false,"chose_seed":false,"campfire_upgraded":0,"win_rate":0.0,"timestamp":1613077362,"path_taken":["M","?","M","M","M","E","M","R","T","E","?","E"],"items_purchased_type":[],"build_version":"2020-12-22","purchased_purges":0,"victory":false,"max_hp_per_floor":[75,75,75,75,75,75,75,75,75,75,75,75,75],"relic_stats":{"Regal Pillow":0,"counters":[8,24],"Golden Idol":30,"Pen Nib":[2],"obtain_stats":[{"Regal Pillow":10,"Golden Idol":2,"Philosopher\u0027s Stone":0,"Pen Nib":9,"Cracked Core":0,"Old Coin":6},{"Regal Pillow":7,"Golden Idol":1,"Philosopher\u0027s Stone":0,"Pen Nib":6,"Cracked Core":0,"Old Coin":5},{"Regal Pillow":22,"Golden Idol":3,"Philosopher\u0027s Stone":0,"Pen Nib":17,"Cracked Core":0,"Old Coin":15}]},"card_choices":[{"not_picked":["Stack","Hologram"],"picked":"Cold Snap","floor":1},{"not_picked":["Compile Driver","Conserve Battery"],"picked":"Melter","floor":3},{"not_picked":["Streamline","Stack"],"picked":"Chaos","floor":4},{"not_picked":["Gash","Creative AI"],"picked":"Ball Lightning","floor":5},{"not_picked":["Electrodynamics","Leap"],"picked":"Cold Snap","floor":6},{"not_picked":["Rebound","Go for the Eyes"],"picked":"Streamline","floor":7},{"not_picked":["Skim","Lockon"],"picked":"Fission","floor":10}],"player_experience":260051,"relics_obtained":[{"floor":6,"key":"Old Coin"},{"floor":9,"key":"Pen Nib"},{"floor":10,"key":"Regal Pillow"}],"event_choices":[{"damage_healed":0,"gold_gain":0,"player_choice":"Take Damage","damage_taken":18,"relics_obtained":["Golden Idol"],"max_hp_gain":0,"max_hp_loss":0,"event_name":"Golden Idol","floor":2,"gold_loss":0},{"damage_healed":0,"gold_gain":0,"player_choice":"Grow","damage_taken":0,"max_hp_gain":0,"max_hp_loss":0,"event_name":"Living Wall","floor":11,"gold_loss":0,"cards_upgraded":["Fission"]}],"is_beta":false,"boss_relics":[],"items_purged_floors":[],"is_endless":false,"potions_floor_spawned":[3,5,6,10],"killed_by":"Gremlin Nob","ascension_level":5}}