{"host":"p4v0hquynnreu717","time":1613021707,"event":{"mods":["BaseMod","Better Vampires","DeckTracker","Googly Eyes","Minty Spire (QoL Compilation)","Quick Restart","StSLib","SuperFastMode"],"gold_per_floor":[17,33,46,46,100,100,140,140,166,166,197,216,229,229,229,328,328,372,372,422,422,118,118,182,182,182,182,223,223,280,324,324,429,429,471,136,176,217,292,292,394,458,458,458,190,190,270,355,355,415,415,415,61,94,94],"floor_reached":56,"language":"ZHS","playtime":5444,"items_purged":["Strike_P","Strike_P","Strike_P","Strike_P"],"score":1934,"play_id":"5faa80ca-1fa9-450d-b220-5628505ffa8e","local_time":"20210211133507","is_ascension_mode":true,"campfire_choices":[{"data":"Eruption","floor":6.0,"key":"SMITH"},{"data":"Study","floor":8.0,"key":"SMITH"},{"data":"SandsOfTime","floor":10.0,"key":"SMITH"},{"data":"Ragnarok","floor":15.0,"key":"SMITH"},{"data":"Wish","floor":23.0,"key":"SMITH"},{"data":"TalkToTheHand","floor":25.0,"key":"SMITH"},{"data":"Adaptation","floor":29.0,"key":"SMITH"},{"floor":32.0,"key":"RECALL"},{"data":"Fasting2","floor":40.0,"key":"SMITH"},{"data":"Wish","floor":44.0,"key":"SMITH"},{"data":"DeusExMachina","floor":46.0,"key":"SMITH"},{"data":"Vigilance","floor":49.0,"key":"SMITH"},{"data":"Evaluate","floor":52.0,"key":"SMITH"}],"circlet_count":0,"master_deck":["AscendersBane","Defend_P+1","Defend_P+1","Eruption+1","Vigilance+1","Study+1","SandsOfTime+1","Evaluate+1","Ragnarok+1","Wish+1","Adaptation+1","TalkToTheHand+1","FearNoEvil+1","DeusExMachina+1","Crescendo+1","Fasting2+1","Wish+1","MasterReality"],"relics":["PureWater","Bloody Idol","Boot","War Paint","Happy Flower","Sundial","Calling Bell","Bag of Preparation","Mummified Hand","CloakClasp","PreservedInsect","Tiny Chest","Juzu Bracelet","VioletLotus","OrangePellets","Gambling Chip","CeramicFish","TeardropLocket","TheAbacus","Ginger","Art of War"],"acts_visited":["Exordium","TheCity","TheBeyond","TheEnding"],"potions_floor_usage":[55,55],"damage_taken":[{"damage":0.0,"enemies":"2 Louse","floor":1.0,"turns":2.0},{"damage":0.0,"enemies":"Jaw Worm","floor":2.0,"turns":5.0},{"damage":1.0,"enemies":"Cultist","floor":3.0,"turns":3.0},{"damage":22.0,"enemies":"Lagavulin","floor":7.0,"turns":6.0},{"damage":10.0,"enemies":"Gremlin Nob","floor":11.0,"turns":3.0},{"damage":2.0,"enemies":"Large Slime","floor":12.0,"turns":4.0},{"damage":2.0,"enemies":"Blue Slaver","floor":13.0,"turns":4.0},{"damage":4.0,"enemies":"Hexaghost","floor":16.0,"turns":6.0},{"damage":0.0,"enemies":"Chosen","floor":18.0,"turns":6.0},{"damage":12.0,"enemies":"2 Thieves","floor":20.0,"turns":4.0},{"damage":0.0,"enemies":"Gremlin Leader","floor":24.0,"turns":5.0},{"damage":8.0,"enemies":"Snake Plant","floor":28.0,"turns":4.0},{"damage":8.0,"enemies":"Book of Stabbing","floor":30.0,"turns":4.0},{"damage":7.0,"enemies":"Centurion and Healer","floor":31.0,"turns":5.0},{"damage":3.0,"enemies":"Collector","floor":33.0,"turns":5.0},{"damage":2.0,"enemies":"3 Shapes","floor":35.0,"turns":4.0},{"damage":8.0,"enemies":"3 Darklings","floor":37.0,"turns":4.0},{"damage":3.0,"enemies":"4 Shapes","floor":38.0,"turns":3.0},{"damage":16.0,"enemies":"Spire Growth","floor":39.0,"turns":4.0},{"damage":38.0,"enemies":"2 Orb Walkers","floor":41.0,"turns":4.0},{"damage":0.0,"enemies":"Reptomancer","floor":42.0,"turns":3.0},{"damage":21.0,"enemies":"Writhing Mass","floor":47.0,"turns":5.0},{"damage":1.0,"enemies":"Mind Bloom Boss Battle","floor":48.0,"turns":3.0},{"damage":50.0,"enemies":"Awakened One","floor":50.0,"turns":8.0},{"damage":8.0,"enemies":"Shield and Spear","floor":54.0,"turns":2.0},{"damage":49,"enemies":"The Heart","floor":55,"turns":4}],"seed_played":"3624554356369086927","potions_obtained":[{"floor":7.0,"key":"BlessingOfTheForge"},{"floor":11.0,"key":"FearPotion"},{"floor":16.0,"key":"EntropicBrew"},{"floor":28.0,"key":"SkillPotion"},{"floor":33.0,"key":"StancePotion"},{"floor":37.0,"key":"BottledMiracle"},{"floor":39.0,"key":"Ancient Potion"},{"floor":54.0,"key":"PowerPotion"}],"is_trial":false,"path_per_floor":["M","M","M","?","T","R","E","R","T","R","E","M","M","?","R","B",null,"M","?","M","?","$","R","E","R","T","?","M","R","E","M","R","B",null,"M","$","M","M","M","R","?","E","T","R","$","R","M","?","R","B",null,"R","$","E","B",null],"character_chosen":"WATCHER","items_purchased":["PreservedInsect","TalkToTheHand","Fasting2","OrangePellets","TheAbacus","MasterReality","DuplicationPotion"],"campfire_rested":0,"item_purchase_floors":[22,22,36,36,45,53,53],"current_hp_per_floor":[61,61,60,60,60,60,38,38,38,38,28,26,24,24,24,20,52,52,52,40,40,40,40,40,40,40,40,42,42,44,47,47,54,60,62,62,59,62,61,61,34,44,44,44,44,44,38,52,52,12,50,50,55,52,3],"gold":94,"neow_bonus":"REMOVE_TWO","is_daily":false,"chose_seed":false,"campfire_upgraded":12,"win_rate":0.0,"timestamp":1613021707,"path_taken":["M","M","M","?","?","R","E","R","T","R","E","M","?","?","R","BOSS","M","?","M","?","$","R","E","R","T","?","M","R","E","M","R","BOSS","M","$","M","M","M","R","?","E","T","R","$","R","M","?","R","BOSS","R","$","E","BOSS"],"items_purchased_type":["Relic","Card","Card","Relic","Relic","Card","Potion"],"build_version":"2020-12-22","purchased_purges":4,"victory":true,"max_hp_per_floor":[68,68,68,62,62,62,62,62,62,62,62,62,62,62,62,62,62,62,62,62,62,62,62,62,62,62,62,62,62,62,62,62,62,62,62,62,62,62,62,62,62,62,62,62,62,62,62,62,62,62,62,62,62,62,62],"card_choices":[{"not_picked":["Halt","JustLucky"],"picked":"Study","floor":1.0},{"not_picked":["Conclude","Worship"],"picked":"SandsOfTime","floor":2.0},{"not_picked":["Meditate","Perseverance","EmptyFist"],"picked":"SKIP","floor":3.0},{"not_picked":["FollowUp","EmptyBody","Meditate"],"picked":"SKIP","floor":7.0},{"not_picked":["Worship","Consecrate","Prostrate"],"picked":"SKIP","floor":11.0},{"not_picked":["CrushJoints","EmptyFist"],"picked":"Evaluate","floor":12.0},{"not_picked":["PathToVictory","ThirdEye"],"picked":"Ragnarok","floor":13.0},{"not_picked":["Establishment","Alpha"],"picked":"Wish","floor":16.0},{"not_picked":["PathToVictory","SandsOfTime","ClearTheMind"],"picked":"SKIP","floor":18.0},{"not_picked":["Prostrate","FlyingSleeves","EmptyFist"],"picked":"SKIP","floor":20.0},{"not_picked":["Wireheading","EmptyBody","FollowUp"],"picked":"SKIP","floor":24.0},{"not_picked":["WaveOfTheHand+1","Prostrate","FollowUp"],"picked":"SKIP","floor":28.0},{"not_picked":["Consecrate","ConjureBlade","CarveReality"],"picked":"SKIP","floor":30.0},{"not_picked":["PathToVictory","SashWhip+1"],"picked":"FearNoEvil+1","floor":31.0},{"not_picked":["Devotion","Judgement"],"picked":"DeusExMachina","floor":33.0},{"not_picked":["Halt+1","Consecrate+1"],"picked":"Crescendo+1","floor":35.0},{"not_picked":["FollowUp+1","EmptyBody+1","CrushJoints+1"],"picked":"SKIP","floor":37.0},{"not_picked":["Nirvana+1","Consecrate"],"picked":"Wish","floor":38.0},{"not_picked":["Protect","Collect","EmptyBody"],"picked":"SKIP","floor":39.0},{"not_picked":["Indignation","BowlingBash","ConjureBlade"],"picked":"SKIP","floor":42.0},{"not_picked":["FlyingSleeves","EmptyBody","Halt"],"picked":"SKIP","floor":47.0},{"not_picked":["Meditate+1","CutThroughFate","Halt"],"picked":"SKIP","floor":54.0}],"player_experience":827498,"relics_obtained":[{"floor":5.0,"key":"Boot"},{"floor":7.0,"key":"War Paint"},{"floor":9.0,"key":"Happy Flower"},{"floor":11.0,"key":"Sundial"},{"floor":17.0,"key":"Bag of Preparation"},{"floor":17.0,"key":"Mummified Hand"},{"floor":17.0,"key":"CloakClasp"},{"floor":24.0,"key":"Tiny Chest"},{"floor":30.0,"key":"Juzu Bracelet"},{"floor":41.0,"key":"Gambling Chip"},{"floor":42.0,"key":"CeramicFish"},{"floor":43.0,"key":"TeardropLocket"},{"floor":48.0,"key":"Ginger"},{"floor":54.0,"key":"Art of War"}],"event_choices":[{"damage_healed":0.0,"max_hp_gain":0.0,"max_hp_loss":6.0,"gold_gain":0.0,"event_name":"Golden Idol","player_choice":"Lose Max HP","floor":4.0,"gold_loss":0.0,"damage_taken":0.0,"relics_obtained":["Golden Idol"]},{"damage_healed":0.0,"max_hp_gain":0.0,"max_hp_loss":0.0,"gold_gain":0.0,"event_name":"Scrap Ooze","player_choice":"Fled","floor":14.0,"gold_loss":0.0,"damage_taken":0.0},{"damage_healed":0.0,"max_hp_gain":0.0,"max_hp_loss":0.0,"gold_gain":0.0,"event_name":"Ghosts","player_choice":"Ignored","floor":19.0,"gold_loss":0.0,"damage_taken":0.0},{"damage_healed":0.0,"max_hp_gain":0.0,"max_hp_loss":0.0,"gold_gain":0.0,"event_name":"The Library","player_choice":"Read","floor":21.0,"gold_loss":0.0,"damage_taken":0.0,"cards_obtained":["Adaptation"]},{"damage_healed":0.0,"max_hp_gain":0.0,"max_hp_loss":0.0,"gold_gain":0.0,"event_name":"Forgotten Altar","player_choice":"Gave Idol","floor":27.0,"relics_lost":["Golden Idol"],"gold_loss":0.0,"damage_taken":0.0,"relics_obtained":["Bloody Idol"]},{"damage_healed":0.0,"max_hp_gain":0.0,"max_hp_loss":0.0,"gold_gain":0.0,"event_name":"Mysterious Sphere","player_choice":"Fight","floor":41.0,"gold_loss":0.0,"damage_taken":0.0},{"damage_healed":0.0,"max_hp_gain":0.0,"max_hp_loss":0.0,"gold_gain":0.0,"event_name":"MindBloom","player_choice":"Fight","floor":48.0,"gold_loss":0.0,"damage_taken":0.0}],"is_beta":false,"boss_relics":[{"not_picked":["Tiny House","Black Star"],"picked":"Calling Bell"},{"not_picked":["Sozu","Cursed Key"],"picked":"VioletLotus"}],"items_purged_floors":[22,36,45,53],"is_endless":false,"potions_floor_spawned":[7,11,12,13,16,28,30,33,37,39,42,47,54],"ascension_level":15}}