{"host":"s6xp7bbqy5sa00x4","time":1613057943,"event":{"mods":["BaseMod","BetterRewards","Downfall","Hermit","Infinite Spire","Marisa????????","Minty Spire (QoL Compilation)","Remilia??????","Replay The Spire","Shop Mod","StSLib","The Hierophant","The Poker Player","The Runesmith","The Servant 0.9.4"],"gold_per_floor":[116,116,163,212,261,261,308,308,308,300,300],"floor_reached":10,"language":"ENG","playtime":625,"items_purged":[],"score":60,"play_id":"9decc595-2a13-4734-92cd-f9120a67a232","local_time":"20210211103903","is_ascension_mode":false,"campfire_choices":[{"floor":6,"key":"RECALL"},{"floor":8,"key":"REST"}],"circlet_count":0,"master_deck":["hierophant:Strike_Hierophant","hierophant:Strike_Hierophant","hierophant:Strike_Hierophant","hierophant:Strike_Hierophant","hierophant:Punish","hierophant:Defend_Hierophant","hierophant:Defend_Hierophant","hierophant:Defend_Hierophant","hierophant:Defend_Hierophant","hierophant:ChurchCoffers","hierophant:RustyCrate","hierophant:Doubloon","hierophant:Doubloon","Injury","hierophant:DisplayOfPower","hierophant:FieryStrike","hierophant:RepressedViolence","hierophant:OrnateBuckler"],"relics":["hierophant:PropheticMaskRelic","Golden Idol"],"acts_visited":["Exordium"],"potions_floor_usage":[10],"damage_taken":[{"damage":0,"enemies":"Small Slimes","floor":1,"turns":2},{"damage":6,"enemies":"Jaw Worm","floor":3,"turns":3},{"damage":16,"enemies":"Cultist","floor":4,"turns":5},{"damage":21,"enemies":"Exordium Wildlife","floor":5,"turns":5},{"damage":18,"enemies":"Red Slaver","floor":7,"turns":4},{"damage":65,"enemies":"Gremlin Nob","floor":10,"turns":5}],"seed_played":"7085042606418123212","potions_obtained":[{"floor":1,"key":"hexamod:SoulburnPotion"},{"floor":3,"key":"Reflective Coating"},{"floor":7,"key":"LiquidBronze"}],"is_trial":false,"path_per_floor":["M","?","M","M","M","R","M","R","T","E"],"character_chosen":"HIEROPHANT","items_purchased":[],"campfire_rested":1,"item_purchase_floors":[],"current_hp_per_floor":[82,82,76,60,39,39,21,45,45,0,0],"gold":300,"neow_bonus":"TEN_PERCENT_HP_BONUS","is_daily":false,"chose_seed":false,"campfire_upgraded":0,"win_rate":0.0,"timestamp":1613057943,"path_taken":["M","?","M","M","M","R","M","R","T","E"],"items_purchased_type":[],"build_version":"2020-12-22","purchased_purges":0,"victory":false,"max_hp_per_floor":[82,82,82,82,82,82,82,82,82,82,82],"card_choices":[{"not_picked":["hierophant:Shelter","hierophant:OrnateBuckler"],"picked":"hierophant:RustyCrate","floor":1},{"not_picked":["hierophant:RepressedViolence","hierophant:Racketeering"],"picked":"hierophant:DisplayOfPower","floor":3},{"not_picked":["hierophant:RepressedViolence","hierophant:OrnateBuckler"],"picked":"hierophant:FieryStrike","floor":4},{"not_picked":["hierophant:HammerAndAnvil","hierophant:RustyCrate"],"picked":"hierophant:RepressedViolence","floor":5},{"not_picked":["hierophant:Patience","hierophant:RepressedViolence"],"picked":"hierophant:OrnateBuckler","floor":7}],"player_experience":393822,"relics_obtained":[],"event_choices":[{"damage_healed":0,"gold_gain":0,"player_choice":"Take Wound","damage_taken":0,"relics_obtained":["Golden Idol"],"max_hp_gain":0,"max_hp_loss":0,"event_name":"Golden Idol","floor":2,"gold_loss":0,"cards_obtained":["Injury"]}],"is_beta":false,"boss_relics":[],"items_purged_floors":[],"is_endless":false,"potions_floor_spawned":[1,3,7],"killed_by":"Gremlin Nob","ascension_level":0}}