{"host":"8anmd7ibyxevnonj","time":1613045545,"event":{"mods":["BaseMod","Curses Come First","Downfall","Minty Spire (QoL Compilation)","StSLib"],"gold_per_floor":[99,109,127,227,245,245,245,245,263,263,263,413,413,429,447,542,542,542,557,571,583,271,286,286,114,127,127,140,149,149,163,182,280,280,280,293,293,311,311,322,322,322,322,347,347,347,347,347],"floor_reached":46,"language":"ENG","playtime":2674,"items_purged":[],"score":519,"play_id":"69ab38af-13e5-40e8-b21d-b0e763c86a12","local_time":"20210211131225","is_ascension_mode":false,"campfire_choices":[{"data":"hexamod:Sear","floor":1,"key":"SMITH"},{"data":"hexamod:SuperheatedStrike","floor":6,"key":"SMITH"},{"data":"hexamod:SuperheatedStrike","floor":8,"key":"SMITH"},{"data":"hexamod:RainOfEmbers","floor":11,"key":"SMITH"},{"data":"hexamod:PowerFromBeyond","floor":13,"key":"SMITH"},{"data":"hexamod:FlamesFromBeyond","floor":18,"key":"SMITH"},{"floor":35,"key":"RECALL"}],"circlet_count":0,"master_deck":["hexamod:Strike","hexamod:Strike","hexamod:Strike","hexamod:Strike","hexamod:Defend","hexamod:Defend","hexamod:Defend","hexamod:Defend","hexamod:Sear+1","hexamod:Float","hexamod:SuperheatedStrike+1","hexamod:SuperheatedStrike+1","hexamod:PowerFromBeyond+1","hexamod:RainOfEmbers+1","downfall:Icky","hexamod:ShieldOfDarkness","hexamod:FlamesFromBeyond+1","hexamod:ApocalypseNow","hexamod:HauntingEcho+1","hexamod:PowerFromBeyond","hexamod:SpectersWail+1","hexamod:Hexaguard+1","hexamod:SpectersWail+1","hexamod:StepThrough","hexamod:ApocalypseNow","hexamod:FastForward+1","hexamod:RecurringNightmare+1","hexamod:ExtraCrispy","hexamod:Incineration+1","hexamod:TimeOfNeed","hexamod:WildfireWeapon","hexamod:RetreatToShadows+1","hexamod:BurningTouch+1","hexamod:ThermalTransfer+1","expansioncontent:AwakenDeath","hexamod:PhantomCloak+1"],"relics":["hexamod:UnbrokenSoul","HornCleat","Gambling Chip","Blood Vial","Potion Belt","Eternal Feather","ClockworkSouvenir","NlothsMask","Shuriken","Fusion Hammer","Sundial","Pen Nib"],"acts_visited":["Exordium","TheCity","TheBeyond"],"potions_floor_usage":[32,33,33,40,44,46,46],"damage_taken":[{"damage":1,"enemies":"Cultist","floor":2,"turns":4},{"damage":8,"enemies":"Jaw Worm","floor":3,"turns":4},{"damage":0,"enemies":"Small Slimes","floor":5,"turns":3},{"damage":7,"enemies":"Gremlin Gang","floor":9,"turns":4},{"damage":2,"enemies":"Blue Slaver","floor":14,"turns":2},{"damage":0,"enemies":"Lots of Slimes","floor":15,"turns":4},{"damage":22,"enemies":"IC_STATUS_ARCHETYPE","floor":16,"turns":5},{"damage":2,"enemies":"Shell Parasite","floor":19,"turns":4},{"damage":10,"enemies":"Chosen and Byrds","floor":20,"turns":4},{"damage":7,"enemies":"Centurion and Healer","floor":21,"turns":3},{"damage":0,"enemies":"downfall:FleeingMerchant","floor":22,"turns":4},{"damage":0,"enemies":"Snecko","floor":23,"turns":3},{"damage":0,"enemies":"downfall:FleeingMerchant","floor":25,"turns":4},{"damage":8,"enemies":"Shelled Parasite and Fungi","floor":26,"turns":3},{"damage":13,"enemies":"Snake Plant","floor":28,"turns":3},{"damage":0,"enemies":"downfall:FleeingMerchant","floor":29,"turns":3},{"damage":2,"enemies":"Centurion and Healer","floor":31,"turns":5},{"damage":4,"enemies":"3 Cultists","floor":32,"turns":3},{"damage":29,"enemies":"SI_MIRROR_ARCHETYPE","floor":33,"turns":6},{"damage":6,"enemies":"Orb Walker","floor":36,"turns":3},{"damage":14,"enemies":"3 Darklings","floor":38,"turns":3},{"damage":9,"enemies":"Transient","floor":40,"turns":5},{"damage":22,"enemies":"Giant Head","floor":44,"turns":7},{"damage":40,"enemies":"Nemesis","floor":46,"turns":3}],"seed_played":"5952675764125112047","potions_obtained":[{"floor":2,"key":"champ:CounterPotion"},{"floor":3,"key":"LiquidBronze"},{"floor":14,"key":"PowerPotion"},{"floor":16,"key":"LiquidBronze"},{"floor":23,"key":"Strength Potion"},{"floor":26,"key":"AttackPotion"},{"floor":28,"key":"EssenceOfSteel"},{"floor":32,"key":"bronze:BurnAndBuffPotion"},{"floor":36,"key":"Explosive Potion"},{"floor":37,"key":"downfall:CursedFountainPotion"},{"floor":40,"key":"Weak Potion"}],"is_trial":false,"path_per_floor":["R","M","M","?","M","R","T","R","M","T","R","?","R","M","M","B",null,"R","M","M","M","$","M","T","$","M","?","M","$","?","M","M","B",null,"R","M","?","M","?","M","T","T","?","E","?","E"],"character_chosen":"THE_SPIRIT","items_purchased":["Blood Vial","Potion Belt","ClockworkSouvenir","hexamod:ExtraCrispy","Shuriken"],"campfire_rested":0,"item_purchase_floors":[22,22,25,29,29],"current_hp_per_floor":[77,76,68,68,68,68,68,68,61,61,61,61,61,59,59,37,77,77,75,65,58,58,60,60,62,56,56,45,47,47,47,45,18,77,77,71,71,59,59,52,52,52,52,32,32,0,0,0],"gold":347,"neow_bonus":"TEN_PERCENT_HP_BONUS","is_daily":false,"chose_seed":false,"campfire_upgraded":6,"win_rate":0.0,"timestamp":1613045545,"path_taken":["R","M","M","?","M","R","T","R","?","?","R","?","R","M","M","BOSS","R","M","M","M","$","M","T","$","M","?","M","?","?","?","M","BOSS","R","M","?","?","?","M","T","?","?","E","?","E"],"items_purchased_type":["Relic","Relic","Relic","Card","Relic"],"build_version":"2020-12-13","purchased_purges":0,"victory":false,"max_hp_per_floor":[77,77,77,77,77,77,77,77,77,77,77,77,77,77,77,77,77,77,77,77,77,77,77,77,77,77,77,77,77,77,77,77,77,77,77,77,77,77,77,77,77,77,77,77,77,77,77,77],"card_choices":[{"not_picked":["hexamod:GhostOfSpireFuture","hexamod:SpectersWail"],"picked":"hexamod:SuperheatedStrike","floor":2},{"not_picked":["hexamod:StepThrough","hexamod:RadiantFlame"],"picked":"hexamod:SuperheatedStrike","floor":3},{"not_picked":["hexamod:BacktrackSmack","hexamod:SpectralAdrenaline"],"picked":"hexamod:PowerFromBeyond","floor":5},{"not_picked":["hexamod:NightmareGuise","hexamod:Firestarter"],"picked":"hexamod:RainOfEmbers","floor":9},{"not_picked":["hexamod:NightmareGuise","hexamod:RetreatToShadows"],"picked":"hexamod:ShieldOfDarkness","floor":14},{"not_picked":["hexamod:RetreatToShadows","hexamod:BurningTouch"],"picked":"hexamod:FlamesFromBeyond","floor":15},{"not_picked":["hexamod:SearingWound","hexamod:FlameSwitch"],"picked":"hexamod:ApocalypseNow","floor":16},{"not_picked":["hexamod:Hexaguard+1","hexamod:Haunt"],"picked":"hexamod:HauntingEcho+1","floor":19},{"not_picked":["hexamod:Rewind","hexamod:SwordOfDarkness"],"picked":"hexamod:PowerFromBeyond","floor":20},{"not_picked":["hexamod:FourthSeal","hexamod:RainOfEmbers"],"picked":"hexamod:SpectersWail+1","floor":21},{"not_picked":["hexamod:SwordOfDarkness+1","hexamod:Rewind"],"picked":"hexamod:Hexaguard+1","floor":22},{"not_picked":["hexamod:ThirdSeal","hexamod:SpectralAdrenaline"],"picked":"hexamod:SpectersWail+1","floor":23},{"not_picked":["hexamod:NightmareGuise","hexamod:Firestarter"],"picked":"hexamod:StepThrough","floor":25},{"not_picked":["hexamod:SpectersWail","hexamod:HauntingEcho+1"],"picked":"hexamod:ApocalypseNow","floor":26},{"not_picked":["hexamod:HeatMetal","hexamod:ShieldOfDarkness"],"picked":"hexamod:FastForward+1","floor":28},{"not_picked":["hexamod:SwordOfDarkness","hexamod:EtherealExpedition+1"],"picked":"hexamod:RecurringNightmare+1","floor":29},{"not_picked":["hexamod:PhantomCloak","hexamod:BacktrackSmack"],"picked":"hexamod:Incineration+1","floor":31},{"not_picked":["hexamod:SpectersWail","hexamod:EtherealExpedition"],"picked":"hexamod:TimeOfNeed","floor":32},{"not_picked":["hexamod:FlameSwitch","hexamod:SearingWound"],"picked":"hexamod:WildfireWeapon","floor":33},{"not_picked":["hexamod:GhostShield+1","hexamod:SwordOfDarkness"],"picked":"hexamod:RetreatToShadows+1","floor":36},{"not_picked":["hexamod:ThermalTransfer","hexamod:HauntingEcho"],"picked":"hexamod:BurningTouch+1","floor":38},{"not_picked":["hexamod:NightmareGuise","hexamod:BacktrackSmack+1"],"picked":"hexamod:ThermalTransfer+1","floor":40},{"not_picked":["expansioncontent:LastStand","expansioncontent:PolyBeam"],"picked":"expansioncontent:AwakenDeath","floor":43},{"not_picked":["hexamod:HeatCrush+1","hexamod:InspiringFlames+1"],"picked":"hexamod:PhantomCloak+1","floor":44}],"player_experience":113441,"relics_obtained":[{"floor":7,"key":"HornCleat"},{"floor":10,"key":"Gambling Chip"},{"floor":24,"key":"Eternal Feather"},{"floor":42,"key":"Sundial"},{"floor":44,"key":"Pen Nib"}],"event_choices":[{"damage_healed":0,"gold_gain":0,"player_choice":"Trade","damage_taken":0,"relics_obtained":["NlothsMask"],"max_hp_gain":0,"max_hp_loss":0,"event_name":"FaceTrader","floor":27,"gold_loss":0},{"damage_healed":0,"gold_gain":0,"player_choice":"Ignored","damage_taken":0,"max_hp_gain":0,"max_hp_loss":0,"event_name":"NoteForYourself","floor":30,"gold_loss":0}],"is_beta":false,"boss_relics":[{"not_picked":["Velvet Choker","Busted Crown"],"picked":"hexamod:UnbrokenSoul"},{"not_picked":["Runic Pyramid","Snecko Eye"],"picked":"Fusion Hammer"}],"items_purged_floors":[],"is_endless":false,"potions_floor_spawned":[2,3,14,16,19,23,26,28,32,36,40],"killed_by":"Nemesis","ascension_level":0}}