{"host":"z2qbs5oitkx9dzyk","time":1613067312,"event":{"mods":["BaseMod","Colored Map","Colored Powertips","Minty Spire (QoL Compilation)"],"gold_per_floor":[115,194,194,205,48,80,80,109,109,109,284,298,298,373,373,474,474,494,494,512,522,91,108,108,125,148,148,159,173,173,183,183,283,283,295,307,331,354,384,396,30,44,98,112,112,122,136,153,153,153,153],"floor_reached":50,"language":"ENG","playtime":2645,"items_purged":["Strike_R","Doubt"],"score":510,"play_id":"7c5d84da-fcf1-4a0d-a59c-81a0ab4aba20","local_time":"20210211121512","is_ascension_mode":false,"campfire_choices":[{"data":"Madness","floor":7.0,"key":"SMITH"},{"data":"Anger","floor":10.0,"key":"SMITH"},{"data":"Rage","floor":13.0,"key":"SMITH"},{"data":"Armaments","floor":15.0,"key":"SMITH"},{"data":"Metallicize","floor":24.0,"key":"SMITH"},{"data":"Limit Break","floor":30.0,"key":"SMITH"},{"data":"Spot Weakness","floor":32.0,"key":"SMITH"},{"floor":40.0,"key":"REST"},{"floor":49.0,"key":"RECALL"}],"circlet_count":0,"master_deck":["Defend_R","Defend_R","Defend_R","Defend_R","Bash","Anger+1","Disarm","Madness+1","Rage+1","Metallicize+1","Armaments+1","Limit Break+1","Fiend Fire+1","Wild Strike+1","Infernal Blade+1","Iron Wave+1","Dark Embrace+1","Feel No Pain+1","Spot Weakness+1","Pummel","Demon Form+1","CurseOfTheBell","Feel No Pain+1","Flame Barrier+1","Ghostly Armor+1","Inflame+1","Limit Break","Demon Form+1","Writhe","Parasite","Bloodletting+1","Sword Boomerang+1"],"relics":["Burning Blood","Nunchaku","Eternal Feather","Oddly Smooth Stone","Regal Pillow","Kunai","Astrolabe","Frozen Egg 2","Calling Bell","MawBank","Darkstone Periapt","Bird Faced Urn","Strange Spoon","Smiling Mask"],"acts_visited":["Exordium","TheCity","TheBeyond"],"potions_floor_usage":[50,50],"damage_taken":[{"damage":1.0,"enemies":"Cultist","floor":1.0,"turns":4.0},{"damage":0.0,"enemies":"2 Louse","floor":4.0,"turns":2.0},{"damage":30.0,"enemies":"Gremlin Nob","floor":6.0,"turns":4.0},{"damage":38.0,"enemies":"Lagavulin","floor":8.0,"turns":8.0},{"damage":0.0,"enemies":"Small Slimes","floor":12.0,"turns":4.0},{"damage":27.0,"enemies":"The Guardian","floor":16.0,"turns":13.0},{"damage":0.0,"enemies":"Chosen","floor":18.0,"turns":5.0},{"damage":5.0,"enemies":"Shell Parasite","floor":20.0,"turns":6.0},{"damage":17.0,"enemies":"Centurion and Healer","floor":21.0,"turns":11.0},{"damage":14.0,"enemies":"Shelled Parasite and Fungi","floor":23.0,"turns":6.0},{"damage":17.0,"enemies":"Snake Plant","floor":25.0,"turns":6.0},{"damage":14.0,"enemies":"Sentry and Sphere","floor":28.0,"turns":5.0},{"damage":11.0,"enemies":"Shelled Parasite and Fungi","floor":29.0,"turns":5.0},{"damage":8.0,"enemies":"3 Cultists","floor":31.0,"turns":5.0},{"damage":59.0,"enemies":"Automaton","floor":33.0,"turns":9.0},{"damage":4.0,"enemies":"3 Darklings","floor":35.0,"turns":2.0},{"damage":5.0,"enemies":"Orb Walker","floor":37.0,"turns":3.0},{"damage":52.0,"enemies":"Jaw Worm Horde","floor":38.0,"turns":7.0},{"damage":15.0,"enemies":"Sphere and 2 Shapes","floor":39.0,"turns":5.0},{"damage":33.0,"enemies":"4 Shapes","floor":42.0,"turns":15.0},{"damage":28.0,"enemies":"Maw","floor":44.0,"turns":8.0},{"damage":39.0,"enemies":"3 Darklings","floor":46.0,"turns":6.0},{"damage":14.0,"enemies":"Writhing Mass","floor":47.0,"turns":7.0},{"damage":25.0,"enemies":"Maw","floor":48.0,"turns":7.0},{"damage":96,"enemies":"Donu and Deca","floor":50,"turns":9}],"seed_played":"-5308217080516626834","potions_obtained":[{"floor":1.0,"key":"EntropicBrew"},{"floor":12.0,"key":"ColorlessPotion"},{"floor":16.0,"key":"SmokeBomb"},{"floor":18.0,"key":"Dexterity Potion"},{"floor":25.0,"key":"AttackPotion"},{"floor":31.0,"key":"SteroidPotion"},{"floor":33.0,"key":"AttackPotion"},{"floor":37.0,"key":"Swift Potion"},{"floor":39.0,"key":"FearPotion"},{"floor":42.0,"key":"PowerPotion"}],"is_trial":false,"path_per_floor":["M","T","?","M","$","E","R","E","T","R","?","M","R","?","R","B",null,"M","?","M","M","$","M","R","M","T","?","M","M","R","M","R","B",null,"M","?","M","M","M","R","$","M","T","M","?","M","M","M","R","B"],"character_chosen":"IRONCLAD","items_purchased":["Madness","Frozen Egg 2","Feel No Pain+1","Strange Spoon","Inflame+1","Limit Break"],"campfire_rested":1,"item_purchase_floors":[5,22,22,41,41,41],"current_hp_per_floor":[80,80,73,79,79,55,61,29,29,35,35,41,50,39,48,27,80,80,80,80,69,69,61,70,59,59,59,51,46,58,56,68,15,80,80,80,80,38,35,80,80,61,61,51,77,54,62,57,75,0,0],"gold":153,"neow_bonus":"RANDOM_COMMON_RELIC","is_daily":false,"chose_seed":false,"campfire_upgraded":7,"win_rate":0.0,"timestamp":1613067312,"path_taken":["M","?","?","M","$","E","R","E","T","R","?","M","R","?","R","BOSS","M","?","M","M","$","?","R","M","T","?","M","M","R","M","R","BOSS","M","?","M","M","M","R","$","M","T","M","?","M","M","M","R","BOSS"],"items_purchased_type":["Card","Relic","Card","Relic","Card","Card"],"build_version":"2020-12-22","purchased_purges":2,"victory":false,"max_hp_per_floor":[80,80,80,80,80,80,80,80,80,80,80,80,80,80,80,80,80,80,80,80,80,80,80,80,80,80,80,80,80,80,80,80,80,80,80,80,80,80,80,80,80,80,80,80,86,86,92,92,92,92,92],"card_choices":[{"not_picked":["Seeing Red","Flex"],"picked":"Anger","floor":1.0},{"not_picked":["Uppercut","Twin Strike"],"picked":"Disarm","floor":4.0},{"not_picked":["Power Through","Havoc"],"picked":"Rage","floor":6.0},{"not_picked":["Flame Barrier","Shrug It Off"],"picked":"Metallicize","floor":8.0},{"not_picked":["Twin Strike","Havoc"],"picked":"Armaments","floor":12.0},{"not_picked":["Berserk","Offering"],"picked":"Limit Break","floor":16.0},{"not_picked":["Fire Breathing","Heavy Blade"],"picked":"Iron Wave+1","floor":18.0},{"not_picked":["True Grit","Twin Strike","Thunderclap"],"picked":"SKIP","floor":20.0},{"not_picked":["Dual Wield","Body Slam"],"picked":"Dark Embrace+1","floor":21.0},{"not_picked":["Twin Strike","Iron Wave","Rupture+1"],"picked":"SKIP","floor":23.0},{"not_picked":["Wild Strike","Cleave","Body Slam"],"picked":"SKIP","floor":25.0},{"not_picked":["Thunderclap","Heavy Blade"],"picked":"Spot Weakness","floor":28.0},{"not_picked":["Headbutt+1","Uppercut"],"picked":"Inflame+1","floor":29.0},{"not_picked":["Thunderclap","Sever Soul"],"picked":"Pummel","floor":31.0},{"not_picked":["Immolate","Bludgeon"],"picked":"Demon Form+1","floor":33.0},{"not_picked":["Twin Strike","Reckless Charge"],"picked":"Feel No Pain+1","floor":37.0},{"not_picked":["Clothesline+1","Clash+1"],"picked":"Flame Barrier+1","floor":38.0},{"not_picked":["Whirlwind+1","Searing Blow"],"picked":"Ghostly Armor+1","floor":39.0},{"not_picked":["Dark Embrace+1","Iron Wave+1"],"picked":"Demon Form+1","floor":42.0},{"not_picked":["Iron Wave","Sword Boomerang","Clash+1"],"picked":"SKIP","floor":44.0},{"not_picked":["Perfected Strike","Ghostly Armor","Dark Embrace+1"],"picked":"SKIP","floor":46.0},{"not_picked":["Havoc","Berserk+1"],"picked":"Bloodletting+1","floor":47.0},{"not_picked":["Sever Soul","Pommel Strike+1"],"picked":"Sword Boomerang+1","floor":48.0}],"player_experience":385917,"relics_obtained":[{"floor":2.0,"key":"Eternal Feather"},{"floor":6.0,"key":"Oddly Smooth Stone"},{"floor":8.0,"key":"Regal Pillow"},{"floor":9.0,"key":"Kunai"},{"floor":34.0,"key":"MawBank"},{"floor":34.0,"key":"Darkstone Periapt"},{"floor":34.0,"key":"Bird Faced Urn"},{"floor":43.0,"key":"Smiling Mask"}],"event_choices":[{"cards_removed":["Strike_R"],"damage_healed":0.0,"max_hp_gain":0.0,"max_hp_loss":0.0,"gold_gain":0.0,"event_name":"Golden Wing","player_choice":"Card Removal","floor":3.0,"gold_loss":0.0,"damage_taken":7.0},{"damage_healed":0.0,"max_hp_gain":0.0,"max_hp_loss":0.0,"gold_gain":175.0,"event_name":"Liars Game","player_choice":"AGREE","floor":11.0,"gold_loss":0.0,"damage_taken":0.0,"cards_obtained":["Doubt"]},{"damage_healed":0.0,"max_hp_gain":0.0,"max_hp_loss":0.0,"gold_gain":75.0,"event_name":"World of Goop","player_choice":"Gather Gold","floor":14.0,"gold_loss":0.0,"damage_taken":11.0},{"damage_healed":0.0,"max_hp_gain":0.0,"max_hp_loss":0.0,"gold_gain":0.0,"event_name":"NoteForYourself","player_choice":"Ignored","floor":19.0,"gold_loss":0.0,"damage_taken":0.0},{"damage_healed":0.0,"max_hp_gain":0.0,"max_hp_loss":0.0,"gold_gain":0.0,"event_name":"Match and Keep!","player_choice":"0 cards matched","floor":27.0,"gold_loss":0.0,"damage_taken":0.0,"cards_obtained":[]},{"cards_removed":["Inflame"],"damage_healed":0.0,"max_hp_gain":0.0,"max_hp_loss":0.0,"gold_gain":0.0,"event_name":"Falling","player_choice":"Removed Power","floor":36.0,"gold_loss":0.0,"damage_taken":0.0},{"damage_healed":20.0,"max_hp_gain":0.0,"max_hp_loss":0.0,"gold_gain":0.0,"event_name":"Winding Halls","player_choice":"Writhe","floor":45.0,"gold_loss":0.0,"damage_taken":0.0,"cards_obtained":["Writhe"]}],"is_beta":false,"boss_relics":[{"not_picked":["SlaversCollar","Busted Crown"],"picked":"Astrolabe"},{"not_picked":["Fusion Hammer","Black Star"],"picked":"Calling Bell"}],"items_purged_floors":[5,22],"is_endless":false,"potions_floor_spawned":[1,12,16,18,25,31,33,37,39,42],"killed_by":"Donu and Deca","ascension_level":0}}