{"host":"uc8wz0q199a7d901","time":1613038509,"event":{"mods":["2.2 Compatiblity","BaseMod","Colored Map","DeckTracker","Highlight Path","Minty Spire (QoL Compilation)","Permanent Neow","Quick Restart","SuperFastMode"],"gold_per_floor":[118,118,143,143,159,159,231,571,571,584,635,658,673,127,127,127,127],"floor_reached":16,"language":"KOR","playtime":565,"items_purged":["Strike_G"],"score":204,"play_id":"de027d66-771c-4899-bebe-45626e57eed8","local_time":"20210211191509","is_ascension_mode":true,"campfire_choices":[{"data":"Envenom","floor":6.0,"key":"SMITH"},{"floor":15.0,"key":"REST"}],"circlet_count":0,"master_deck":["AscendersBane","Strike_G","Strike_G","Strike_G","Defend_G","Defend_G","Defend_G","Defend_G","Survivor","Neutralize","Envenom+1","Predator","Dagger Spray","Prepared","Distraction","Corpse Explosion","Choke","PiercingWail","Discovery","Dodge and Roll"],"relics":["Ring of the Snake","Golden Idol","Old Coin","Incense Burner","Potion Belt","Bottled Tornado"],"acts_visited":["Exordium"],"potions_floor_usage":[],"damage_taken":[{"damage":16.0,"enemies":"Small Slimes","floor":1.0,"turns":6.0},{"damage":0.0,"enemies":"2 Louse","floor":3.0,"turns":3.0},{"damage":3.0,"enemies":"Jaw Worm","floor":5.0,"turns":5.0},{"damage":28.0,"enemies":"Gremlin Nob","floor":8.0,"turns":4.0},{"damage":2.0,"enemies":"Red Slaver","floor":10.0,"turns":4.0},{"damage":4.0,"enemies":"Looter","floor":12.0,"turns":3.0},{"damage":2.0,"enemies":"3 Louse","floor":13.0,"turns":2.0},{"damage":23,"enemies":"Hexaghost","floor":16,"turns":8}],"seed_played":"8123293041241102068","potions_obtained":[{"floor":1.0,"key":"PowerPotion"},{"floor":10.0,"key":"DistilledChaos"}],"is_trial":false,"path_per_floor":["M","?","M","?","M","R","?","E","T","M","T","M","M","$","R","B"],"character_chosen":"THE_SILENT","items_purchased":["Bottled Tornado","FearPotion","Discovery","Dodge and Roll"],"campfire_rested":1,"item_purchase_floors":[14,14,14,14],"current_hp_per_floor":[43,43,43,43,40,40,40,12,12,10,10,6,4,4,22,0,0],"gold":127,"neow_bonus":"TRANSFORM_CARD","is_daily":false,"chose_seed":false,"campfire_upgraded":1,"win_rate":0.0,"timestamp":1613038509,"path_taken":["M","?","M","?","M","R","?","E","T","M","?","M","M","$","R","BOSS"],"items_purchased_type":["Relic","Potion","Card","Card"],"build_version":"2020-12-22","purchased_purges":1,"victory":false,"max_hp_per_floor":[66,60,60,60,60,60,60,60,60,60,60,60,60,60,60,60,60],"card_choices":[{"not_picked":["Backflip","Flying Knee"],"picked":"Predator","floor":1.0},{"not_picked":["Skewer","PiercingWail"],"picked":"Dagger Spray","floor":3.0},{"not_picked":["Predator","PiercingWail"],"picked":"Distraction","floor":5.0},{"not_picked":["Flying Knee","Sucker Punch","Underhanded Strike"],"picked":"SKIP","floor":8.0},{"not_picked":["Well Laid Plans","Acrobatics"],"picked":"Corpse Explosion","floor":10.0},{"not_picked":["Flying Knee","Cloak And Dagger"],"picked":"Choke","floor":12.0},{"not_picked":["Poisoned Stab","Masterful Stab"],"picked":"PiercingWail","floor":13.0}],"player_experience":741129,"relics_obtained":[{"floor":8.0,"key":"Old Coin"},{"floor":9.0,"key":"Incense Burner"},{"floor":11.0,"key":"Potion Belt"}],"event_choices":[{"damage_healed":0.0,"max_hp_gain":0.0,"max_hp_loss":6.0,"gold_gain":0.0,"event_name":"Golden Idol","player_choice":"Lose Max HP","floor":2.0,"gold_loss":0.0,"damage_taken":0.0,"relics_obtained":["Golden Idol"]},{"damage_healed":0.0,"max_hp_gain":0.0,"max_hp_loss":0.0,"gold_gain":0.0,"cards_transformed":["Defend_G"],"event_name":"Living Wall","player_choice":"Change","floor":4.0,"gold_loss":0.0,"damage_taken":0.0,"cards_obtained":["Prepared"]},{"damage_healed":0.0,"max_hp_gain":0.0,"max_hp_loss":0.0,"gold_gain":72.0,"event_name":"Golden Wing","player_choice":"Gained Gold","floor":7.0,"gold_loss":0.0,"damage_taken":0.0}],"is_beta":false,"boss_relics":[],"items_purged_floors":[14],"is_endless":false,"potions_floor_spawned":[1,10],"killed_by":"Hexaghost","ascension_level":20}}