{"host":"17trt2gvjgnh9jmc","time":1613071519,"event":{"mods":["AchievementEnabler","BaseMod","Bestiary","Colored Map","Minty Spire (QoL Compilation)","Relic Stats"],"gold_per_floor":[118,135,135,147,159,188,188,188,243,243,243],"floor_reached":10,"language":"ENG","playtime":1208,"items_purged":[],"score":71,"play_id":"c274406d-65d7-4581-84ca-248cd7e20700","local_time":"20210211202519","is_ascension_mode":true,"campfire_choices":[{"floor":8,"key":"REST"}],"circlet_count":0,"master_deck":["Strike_P","Strike_P","Strike_P","Strike_P","Defend_P","Defend_P","Defend_P","Defend_P","Eruption","Vigilance","Nirvana","JustLucky","Regret","Nirvana","InnerPeace","Brilliance","Injury"],"relics":["PureWater","Bird Faced Urn","Mummified Hand","Bronze Scales","Golden Idol","Bag of Marbles"],"acts_visited":["Exordium"],"potions_floor_usage":[5,6],"damage_taken":[{"damage":4,"enemies":"Small Slimes","floor":1,"turns":3},{"damage":2,"enemies":"2 Louse","floor":2,"turns":4},{"damage":1,"enemies":"Jaw Worm","floor":4,"turns":2},{"damage":6,"enemies":"Exordium Wildlife","floor":5,"turns":4},{"damage":52,"enemies":"3 Sentries","floor":6,"turns":11},{"damage":33,"enemies":"Lagavulin","floor":10,"turns":3}],"seed_played":"-7884715757542574392","potions_obtained":[{"floor":1,"key":"Dexterity Potion"},{"floor":4,"key":"Weak Potion"},{"floor":6,"key":"DistilledChaos"}],"is_trial":false,"path_per_floor":["M","M","?","M","M","E","?","R","T","E"],"character_chosen":"WATCHER","items_purchased":[],"campfire_rested":1,"item_purchase_floors":[],"current_hp_per_floor":[61,61,61,62,60,12,12,31,31,0,0],"gold":243,"neow_bonus":"ONE_RARE_RELIC","is_daily":false,"chose_seed":false,"campfire_upgraded":0,"win_rate":0.0,"timestamp":1613071519,"path_taken":["M","M","?","M","M","E","?","R","T","E"],"items_purchased_type":[],"build_version":"2020-12-22","purchased_purges":0,"victory":false,"max_hp_per_floor":[65,65,65,65,65,65,65,65,65,65,65],"relic_stats":{"counters":[6,27],"Mummified Hand":[6],"Golden Idol":0,"Bird Faced Urn":[14],"Bronze Scales":[0],"obtain_stats":[{"Mummified Hand":3,"Golden Idol":7,"Bird Faced Urn":0,"Bronze Scales":6,"Bag of Marbles":9,"PureWater":0},{"Mummified Hand":2,"Golden Idol":5,"Bird Faced Urn":0,"Bronze Scales":5,"Bag of Marbles":5,"PureWater":0},{"Mummified Hand":7,"Golden Idol":24,"Bird Faced Urn":0,"Bronze Scales":24,"Bag of Marbles":24,"PureWater":0}]},"card_choices":[{"not_picked":["SandsOfTime","Crescendo"],"picked":"Nirvana","floor":1},{"not_picked":["Evaluate","Weave"],"picked":"JustLucky","floor":2},{"not_picked":["Evaluate","EmptyBody"],"picked":"Nirvana","floor":4},{"not_picked":["FlyingSleeves","Halt"],"picked":"InnerPeace","floor":5},{"not_picked":["Protect","SashWhip"],"picked":"Brilliance","floor":6}],"player_experience":444391,"relics_obtained":[{"floor":6,"key":"Bronze Scales"},{"floor":9,"key":"Bag of Marbles"}],"event_choices":[{"damage_healed":0,"gold_gain":0,"player_choice":"Box","damage_taken":0,"relics_obtained":["Mummified Hand"],"max_hp_gain":0,"max_hp_loss":0,"event_name":"Big Fish","floor":3,"gold_loss":0,"cards_obtained":["Regret"]},{"damage_healed":0,"gold_gain":0,"player_choice":"Take Wound","damage_taken":0,"relics_obtained":["Golden Idol"],"max_hp_gain":0,"max_hp_loss":0,"event_name":"Golden Idol","floor":7,"gold_loss":0,"cards_obtained":["Injury"]}],"is_beta":false,"boss_relics":[],"items_purged_floors":[],"is_endless":false,"potions_floor_spawned":[1,4,6],"killed_by":"Lagavulin","ascension_level":1}}