{"host":"rw1trt79hfpl7pom","time":1613045769,"event":{"mods":["BaseMod","Bestiary","Colored Map","Minty Spire (QoL Compilation)","Relic Stats","StSLib","SuperFastMode"],"gold_per_floor":[116,116,32,44,44,71,71,71,71,71,87,87,87],"floor_reached":12,"language":"ENG","playtime":171,"items_purged":[],"score":202,"play_id":"2b02a526-f3a6-426e-bc65-9cae7be021c7","local_time":"20210211041609","is_ascension_mode":true,"campfire_choices":[{"data":"Corpse Explosion","floor":7.0,"key":"SMITH"},{"data":"Well Laid Plans","floor":10.0,"key":"SMITH"}],"circlet_count":0,"master_deck":["AscendersBane","Strike_G","Strike_G","Strike_G","Strike_G","Strike_G","Defend_G","Defend_G+1","Defend_G","Defend_G","Defend_G","Survivor","Neutralize","Blade Dance+1","Well Laid Plans+1","Cloak And Dagger","Corpse Explosion+1"],"relics":["Ring of the Snake","NeowsBlessing","War Paint","The Courier"],"acts_visited":["Exordium"],"potions_floor_usage":[12],"damage_taken":[{"damage":0.0,"enemies":"Jaw Worm","floor":1.0,"turns":1.0},{"damage":0.0,"enemies":"2 Louse","floor":4.0,"turns":1.0},{"damage":0.0,"enemies":"3 Sentries","floor":6.0,"turns":1.0},{"damage":0.0,"enemies":"Cultist","floor":11.0,"turns":4.0},{"damage":76,"enemies":"Gremlin Nob","floor":12,"turns":5}],"seed_played":"6172622182182066059","potions_obtained":[{"floor":1.0,"key":"Explosive Potion"}],"is_trial":false,"path_per_floor":["M","?","$","M","?","E","R","?","T","R","M","E"],"character_chosen":"THE_SILENT","items_purchased":["Well Laid Plans"],"campfire_rested":0,"item_purchase_floors":[3],"current_hp_per_floor":[59,59,59,59,59,59,59,64,64,64,64,0,0],"gold":87,"neow_bonus":"THREE_ENEMY_KILL","is_daily":false,"chose_seed":false,"campfire_upgraded":2,"win_rate":0.0,"timestamp":1613045769,"path_taken":["M","?","$","M","?","E","R","?","T","R","M","E"],"items_purchased_type":["Card"],"build_version":"2020-12-22","purchased_purges":0,"victory":false,"max_hp_per_floor":[66,66,66,66,66,66,66,71,71,71,71,71,71],"relic_stats":{"counters":[5,12],"War Paint":["Blade Dance","Defend_G"],"obtain_stats":[{"NeowsBlessing":0,"The Courier":9,"War Paint":6,"Ring of the Snake":0},{"NeowsBlessing":0,"The Courier":3,"War Paint":3,"Ring of the Snake":0},{"NeowsBlessing":0,"The Courier":3,"War Paint":3,"Ring of the Snake":0}],"Ring of the Snake":[10]},"card_choices":[{"not_picked":["Bouncing Flask","Flying Knee"],"picked":"Blade Dance","floor":1.0},{"not_picked":["Backflip","Poisoned Stab"],"picked":"Cloak And Dagger","floor":4.0},{"not_picked":["Skewer","Catalyst"],"picked":"Corpse Explosion","floor":6.0},{"not_picked":["Tactician","Poisoned Stab","Prepared"],"picked":"SKIP","floor":11.0}],"player_experience":2688113,"relics_obtained":[{"floor":6.0,"key":"War Paint"},{"floor":9.0,"key":"The Courier"}],"event_choices":[{"damage_healed":0.0,"max_hp_gain":0.0,"max_hp_loss":0.0,"gold_gain":0.0,"event_name":"Liars Game","player_choice":"Ignored","floor":2.0,"gold_loss":0.0,"damage_taken":0.0},{"damage_healed":0.0,"max_hp_gain":0.0,"max_hp_loss":0.0,"gold_gain":0.0,"event_name":"The Cleric","player_choice":"Leave","floor":5.0,"gold_loss":0.0,"damage_taken":0.0},{"damage_healed":0.0,"max_hp_gain":5.0,"max_hp_loss":0.0,"gold_gain":0.0,"event_name":"Big Fish","player_choice":"Donut","floor":8.0,"gold_loss":0.0,"damage_taken":0.0}],"is_beta":false,"boss_relics":[],"items_purged_floors":[],"is_endless":false,"potions_floor_spawned":[1],"killed_by":"Gremlin Nob","ascension_level":20}}