{"host":"og6lam4kt3nibbw0","time":1613067405,"event":{"mods":["AchievementEnabler","BaseMod","Colored Map","DeckTracker","Highlight Path","Keyboard Shortcuts","Minty Spire (QoL Compilation)","Permanent Neow","Quick Restart","StSLib","SuperFastMode"],"gold_per_floor":[13,13,88,101,81,113,128,73,73,90,90,102,102,122,122,122,122],"floor_reached":16,"language":"KOR","playtime":388,"items_purged":[],"score":204,"play_id":"f0d94aa2-b726-429d-b89d-68e35d26324b","local_time":"20210212031645","is_ascension_mode":true,"campfire_choices":[{"data":"Biased Cognition","floor":11.0,"key":"SMITH"},{"floor":15.0,"key":"REST"}],"circlet_count":0,"master_deck":["AscendersBane","Strike_B","Strike_B","Strike_B","Defend_B","Defend_B","Defend_B","Defend_B","Zap","Dualcast","Biased Cognition+1","Blizzard","Compile Driver","Glacier","BootSequence","Cold Snap","Leap","Static Discharge","Seek"],"relics":["Cracked Core","HornCleat","Mummified Hand","Tiny Chest"],"acts_visited":["Exordium"],"potions_floor_usage":[16],"damage_taken":[{"damage":7.0,"enemies":"2 Louse","floor":1.0,"turns":2.0},{"damage":7.0,"enemies":"Jaw Worm","floor":4.0,"turns":2.0},{"damage":25.0,"enemies":"Lagavulin","floor":6.0,"turns":6.0},{"damage":0.0,"enemies":"Small Slimes","floor":7.0,"turns":4.0},{"damage":0.0,"enemies":"Exordium Thugs","floor":10.0,"turns":4.0},{"damage":0.0,"enemies":"Exordium Wildlife","floor":12.0,"turns":3.0},{"damage":0.0,"enemies":"Large Slime","floor":14.0,"turns":8.0},{"damage":40,"enemies":"Hexaghost","floor":16,"turns":11}],"seed_played":"-47939920505261519","potions_obtained":[{"floor":4.0,"key":"Strength Potion"},{"floor":5.0,"key":"BlessingOfTheForge"},{"floor":10.0,"key":"Fruit Juice"},{"floor":12.0,"key":"SkillPotion"}],"is_trial":false,"path_per_floor":["M","?","?","M","?","E","M","$","T","M","R","M","?","M","R","B"],"character_chosen":"DEFECT","items_purchased":["Cold Snap"],"campfire_rested":1,"item_purchase_floors":[8],"current_hp_per_floor":[57,57,46,39,39,14,14,14,14,14,14,14,9,14,36,0,0],"gold":122,"neow_bonus":"THREE_RARE_CARDS","is_daily":false,"chose_seed":false,"campfire_upgraded":1,"win_rate":0.0,"timestamp":1613067405,"path_taken":["M","?","?","?","?","E","M","?","T","?","R","M","?","M","R","BOSS"],"items_purchased_type":["Card"],"build_version":"2020-12-22","purchased_purges":0,"victory":false,"max_hp_per_floor":[71,71,71,71,71,71,71,71,71,71,71,71,71,76,76,76,76],"card_choices":[{"not_picked":["Core Surge","Echo Form"],"picked":"Biased Cognition","floor":0.0},{"not_picked":["Steam","Go for the Eyes"],"picked":"Blizzard","floor":1.0},{"not_picked":["Sweeping Beam","BootSequence"],"picked":"Compile Driver","floor":4.0},{"not_picked":["Hologram","Barrage"],"picked":"Glacier","floor":6.0},{"not_picked":["Streamline","Aggregate"],"picked":"BootSequence","floor":7.0},{"not_picked":["Compile Driver","Genetic Algorithm"],"picked":"Leap","floor":10.0},{"not_picked":["Reinforced Body","Cold Snap"],"picked":"Static Discharge","floor":12.0},{"not_picked":["Chaos","Beam Cell"],"picked":"Seek","floor":14.0}],"player_experience":717098,"relics_obtained":[{"floor":6.0,"key":"HornCleat"},{"floor":9.0,"key":"Mummified Hand"}],"event_choices":[{"cards_removed":["Strike_B"],"damage_healed":0.0,"max_hp_gain":0.0,"max_hp_loss":0.0,"gold_gain":0.0,"event_name":"Living Wall","player_choice":"Forget","floor":2.0,"gold_loss":0.0,"damage_taken":0.0},{"damage_healed":0.0,"max_hp_gain":0.0,"max_hp_loss":0.0,"gold_gain":75.0,"event_name":"World of Goop","player_choice":"Gather Gold","floor":3.0,"gold_loss":0.0,"damage_taken":11.0},{"damage_healed":0.0,"max_hp_gain":0.0,"max_hp_loss":0.0,"gold_gain":0.0,"event_name":"The Woman in Blue","player_choice":"Bought 1 Potion","floor":5.0,"gold_loss":0.0,"damage_taken":0.0},{"damage_healed":0.0,"max_hp_gain":0.0,"max_hp_loss":0.0,"gold_gain":0.0,"event_name":"Scrap Ooze","player_choice":"Success","floor":13.0,"gold_loss":0.0,"damage_taken":5.0,"relics_obtained":["Tiny Chest"]}],"is_beta":false,"boss_relics":[],"items_purged_floors":[],"is_endless":false,"potions_floor_spawned":[4,10,12],"killed_by":"Hexaghost","ascension_level":20}}