{"host":"gx0eaykdm4uo16qn","time":1613051415,"event":{"mods":["BaseMod","GifTheSpireLib","Minty Spire (QoL Compilation)","StSLib"],"gold_per_floor":[109,128,145,221,238,238,266,266,266,278,278,290,316,336,336,434,434,445,445,18,18,30,30,45,45,94,120,120,147,160,180,180,180,180],"floor_reached":33,"language":"ENG","playtime":2742,"items_purged":["Writhe"],"score":299,"play_id":"adc11bd3-a59a-46b6-86ec-01b7e1982067","local_time":"20210211135015","is_ascension_mode":false,"campfire_choices":[{"data":"Self Repair","floor":6,"key":"SMITH"},{"data":"Auto Shields","floor":8,"key":"SMITH"},{"data":"Multi-Cast","floor":11,"key":"SMITH"},{"data":"Sunder","floor":15,"key":"SMITH"},{"data":"RitualDagger","floor":23,"key":"SMITH"},{"floor":28,"key":"REST"},{"data":"Static Discharge","floor":32,"key":"SMITH"}],"circlet_count":0,"master_deck":["Zap","Dualcast","Self Repair+1","Ball Lightning","Turbo","Chill","Auto Shields+1","Multi-Cast+1","Leap","Sunder+1","Compile Driver","Reboot","White Noise","Compile Driver","Steam+1","Rainbow+1","Tempest","Stack","Hologram","Hello World","Streamline","Steam Power","Panacea","Melter","RitualDagger+1","Steam+1","Doom and Gloom+1","Static Discharge+1","Auto Shields","Coolheaded","Consume+1","Compile Driver"],"relics":["Cracked Core","NeowsBlessing","Meat on the Bone","Bottled Lightning","Ornamental Fan","Juzu Bracelet","Pandora\u0027s Box","Torii","War Paint","Dream Catcher","Lantern","Bird Faced Urn"],"acts_visited":["Exordium","TheCity"],"potions_floor_usage":[16,16,29,29,33,33],"damage_taken":[{"damage":0,"enemies":"Cultist","floor":1,"turns":1},{"damage":0,"enemies":"Jaw Worm","floor":2,"turns":1},{"damage":0,"enemies":"2 Louse","floor":3,"turns":1},{"damage":9,"enemies":"2 Fungi Beasts","floor":5,"turns":3},{"damage":17,"enemies":"3 Sentries","floor":7,"turns":9},{"damage":8,"enemies":"Exordium Wildlife","floor":10,"turns":5},{"damage":8,"enemies":"Looter","floor":12,"turns":3},{"damage":4,"enemies":"Gremlin Nob","floor":13,"turns":4},{"damage":0,"enemies":"Exordium Thugs","floor":14,"turns":4},{"damage":69,"enemies":"Hexaghost","floor":16,"turns":12},{"damage":33,"enemies":"2 Thieves","floor":18,"turns":4},{"damage":1,"enemies":"Chosen","floor":22,"turns":5},{"damage":0,"enemies":"Sentry and Sphere","floor":24,"turns":6},{"damage":27,"enemies":"Slavers","floor":27,"turns":4},{"damage":31,"enemies":"Gremlin Leader","floor":29,"turns":7},{"damage":0,"enemies":"3 Cultists","floor":30,"turns":4},{"damage":23,"enemies":"Centurion and Healer","floor":31,"turns":8},{"damage":65,"enemies":"Collector","floor":33,"turns":8}],"seed_played":"8396647845097873522","potions_obtained":[{"floor":1,"key":"BlessingOfTheForge"},{"floor":7,"key":"Fruit Juice"},{"floor":14,"key":"ColorlessPotion"},{"floor":16,"key":"EssenceOfDarkness"},{"floor":27,"key":"PowerPotion"},{"floor":31,"key":"AttackPotion"}],"is_trial":false,"path_per_floor":["M","M","M","T","M","R","E","R","T","M","R","M","E","M","R","B",null,"M","?","$","?","M","R","M","?","T","E","R","E","M","M","R","B"],"character_chosen":"DEFECT","items_purchased":["Steam Power","War Paint","Panacea","Melter"],"campfire_rested":1,"item_purchase_floors":[20,20,20,20],"current_hp_per_floor":[75,75,75,75,66,66,59,59,59,61,61,63,69,75,75,33,80,57,57,57,51,60,60,70,55,55,50,75,44,46,51,51,0,0],"gold":180,"neow_bonus":"THREE_ENEMY_KILL","is_daily":false,"chose_seed":false,"campfire_upgraded":6,"win_rate":0.0,"timestamp":1613051415,"path_taken":["M","M","M","?","M","R","E","R","T","M","R","M","E","M","R","BOSS","M","?","$","?","M","R","M","?","T","E","R","E","M","M","R","BOSS"],"items_purchased_type":["Card","Relic","Card","Card"],"build_version":"2020-12-22","purchased_purges":1,"victory":false,"max_hp_per_floor":[75,75,75,75,75,75,75,75,75,75,75,75,75,75,75,80,80,80,80,80,80,80,80,80,85,85,85,85,85,85,85,85,85,85],"card_choices":[{"not_picked":["Compile Driver","Steam"],"picked":"Self Repair","floor":1},{"not_picked":["Turbo","Reprogram"],"picked":"Ball Lightning","floor":2},{"not_picked":["Reprogram","Redo"],"picked":"Turbo","floor":3},{"not_picked":["Stack","Go for the Eyes"],"picked":"Chill","floor":5},{"not_picked":["Go for the Eyes","Aggregate"],"picked":"Auto Shields","floor":7},{"not_picked":["BootSequence","Sweeping Beam"],"picked":"Multi-Cast","floor":10},{"not_picked":["Doom and Gloom","Go for the Eyes"],"picked":"Leap","floor":12},{"not_picked":["Self Repair","Lockon"],"picked":"Sunder","floor":13},{"not_picked":["Chill","Chaos"],"picked":"Compile Driver","floor":14},{"not_picked":["Rainbow","Machine Learning"],"picked":"Reboot","floor":16},{"not_picked":["Compile Driver+1","Barrage+1"],"picked":"Streamline","floor":18},{"not_picked":["Stack","Gash+1"],"picked":"Steam+1","floor":22},{"not_picked":["Chill","Stack"],"picked":"Doom and Gloom+1","floor":24},{"not_picked":["Heatsinks+1","Turbo+1"],"picked":"Static Discharge","floor":27},{"not_picked":["Melter+1","Gash"],"picked":"Auto Shields","floor":28},{"not_picked":["Loop","Steam"],"picked":"Coolheaded","floor":29},{"not_picked":["Rip and Tear","BootSequence+1"],"picked":"Consume+1","floor":30},{"not_picked":["Redo","Meteor Strike"],"picked":"Compile Driver","floor":31}],"player_experience":58320,"relics_obtained":[{"floor":4,"key":"Meat on the Bone"},{"floor":7,"key":"Bottled Lightning"},{"floor":9,"key":"Ornamental Fan"},{"floor":13,"key":"Juzu Bracelet"},{"floor":26,"key":"Dream Catcher"},{"floor":27,"key":"Lantern"},{"floor":29,"key":"Bird Faced Urn"}],"event_choices":[{"damage_healed":0,"gold_gain":0,"player_choice":"Opened","damage_taken":0,"relics_obtained":["Torii"],"max_hp_gain":0,"max_hp_loss":0,"event_name":"The Mausoleum","floor":19,"gold_loss":0,"cards_obtained":["Writhe"]},{"damage_healed":0,"gold_gain":0,"player_choice":"Joined the Cult","damage_taken":6,"max_hp_gain":0,"max_hp_loss":0,"event_name":"Nest","floor":21,"gold_loss":0,"cards_obtained":["RitualDagger"]},{"damage_healed":0,"gold_gain":0,"player_choice":"Shed Blood","damage_taken":20,"max_hp_gain":5,"max_hp_loss":0,"event_name":"Forgotten Altar","floor":25,"gold_loss":0}],"is_beta":false,"boss_relics":[{"not_picked":["Empty Cage","Philosopher\u0027s Stone"],"picked":"Pandora\u0027s Box"}],"items_purged_floors":[20],"is_endless":false,"potions_floor_spawned":[1,7,14,16,27,31],"killed_by":"Collector","ascension_level":0}}