{"host":"eya4veotfj2c6je8","time":1613072030,"event":{"mods":["2.2 Compatiblity","AchievementEnabler","BaseMod","BetterRewards","Colored Map","Downfall","Hermit","Hubris","Infinite Spire","Jorbs\u0027s Wanderer Trilogy","Marisa????????","Minty Spire (QoL Compilation)","Replay The Spire","Shop Mod","StSLib","Td1madao Mod","The Animator","The Construct","The Cursed","The Disciple","The Hierophant","The Mystic","The Runesmith","The Servant 0.9.4"],"gold_per_floor":[99,119,129,54,64,77,101,51,69,19,47,66,76,76,92,196,196,146,160,160,160,174,274,274,299,319,330,180,190,140,167,179,179,179,179],"floor_reached":33,"language":"ENG","playtime":4530,"items_purged":[],"score":393,"play_id":"ff614990-c906-433b-ad52-9c49da5412c1","local_time":"20210211133350","is_ascension_mode":false,"campfire_choices":[{"floor":1.0,"key":"DIG"},{"data":"Slimebound:Equalize","floor":8.0,"key":"SMITH"},{"floor":10.0,"key":"REST"},{"floor":18.0,"key":"DIG"},{"data":"Slimebound:Repurpose","floor":28,"key":"SMITH"},{"floor":30,"key":"RECALL"}],"circlet_count":0,"master_deck":["Slimebound:Tackle","Slimebound:Defend_Slimebound","Slimebound:Defend_Slimebound","Slimebound:Defend_Slimebound","Slimebound:Defend_Slimebound","Slimebound:Split","Slimebound:CorrosiveSpit","Spreading Infection","Slimebound:LevelUp","Slimebound:ItLooksTasty","Slimebound:SpikyOuterGoop","Slimebound:BestDefense","Slimebound:AcidTongue","Slimebound:PressTheAttack","Slimebound:SplitLeeching","Slimebound:Equalize+1","Pot Of Greed","Pot Of Greed","Slimebound:SplitBruiser","Slimebound:LivingWall","Slimebound:ProtectTheBoss","Slimebound:SlimeSpikes","Slimebound:SplitBruiser","Pot Of Greed","Slimebound:Equalize","Slimebound:MassFeed","Slimebound:SamplingLick","Slimebound:LeadByExample","Slimebound:PrepareCrush","Slimebound:HauntingLick+1","Slimebound:SamplingLick","Bite","Bite","Bite","Bite","Bite","Slimebound:Grow","Slimebound:GoopSpray","Slimebound:FormOfPuddle","Slimebound:DisruptingSlam","Slimebound:SlimeSpikes+1","Slimebound:SamplingLick","Slimebound:Repurpose+1","Slimebound:LeadByExample+1","Slimebound:TongueLash+1","Slimebound:LeadByExample+1","Slimebound:ProtectTheBoss+1","Slimebound:FormOfPuddle","Pot Of Greed","Slimebound:Repurpose"],"relics":["Slimebound:AbsorbEndCombat","Calipers","Prayer Wheel","Slimebound:GreedOozeRelic","Grinning Jar","Bag of Marbles","ChewingGum","Replay:Baseball","White Beast Statue","infinitespire:FocusingShard","Frozen Egg 2","downfall:HeartBlessingGreen","Shovel"],"acts_visited":["Exordium","TheCity"],"potions_floor_usage":[23,25,25,25,27,29,31,32,33,33],"damage_taken":[{"damage":4.0,"enemies":"2 Louse","floor":2.0,"turns":3.0},{"damage":7.0,"enemies":"Small Slimes","floor":3.0,"turns":4.0},{"damage":8.0,"enemies":"Cultist","floor":5.0,"turns":4.0},{"damage":18.0,"enemies":"Blue Slaver","floor":6.0,"turns":4.0},{"damage":16.0,"enemies":"3 Louse","floor":9.0,"turns":3.0},{"damage":19.0,"enemies":"Lagavulin","floor":11.0,"turns":6.0},{"damage":13.0,"enemies":"Large Slime","floor":12.0,"turns":4.0},{"damage":8.0,"enemies":"Lots of Slimes","floor":13.0,"turns":3.0},{"damage":0.0,"enemies":"Red Slaver","floor":15.0,"turns":3.0},{"damage":31.0,"enemies":"WA_ARCHETYPE_RETAIN","floor":16.0,"turns":5.0},{"damage":11,"enemies":"3 Byrds","floor":19,"turns":3},{"damage":10,"enemies":"Chosen","floor":22,"turns":4},{"damage":8,"enemies":"downfall:LadyInBlue","floor":23,"turns":8},{"damage":8,"enemies":"Gremlin Leader","floor":25,"turns":4},{"damage":12,"enemies":"Snecko","floor":26,"turns":6},{"damage":0,"enemies":"Snake Plant","floor":27,"turns":3},{"damage":3,"enemies":"Centurion and Healer","floor":29,"turns":5},{"damage":14,"enemies":"Replay:Snechameleon","floor":31,"turns":4},{"damage":17,"enemies":"Shelled Parasite and Fungi","floor":32,"turns":3},{"damage":67,"enemies":"IC_MUSHROOM_ARCHETYPE","floor":33,"turns":8}],"seed_played":"1647300456969668872","potions_obtained":[{"floor":2.0,"key":"ColorlessPotion"},{"floor":3.0,"key":"SkillPotion"},{"floor":6.0,"key":"Elixir"},{"floor":12.0,"key":"SpeedPotion"},{"floor":15.0,"key":"CultistPotion"},{"floor":23,"key":"Fire Potion"},{"floor":23,"key":"Toxic Potion"},{"floor":23,"key":"Adrenaline Potion"},{"floor":25,"key":"Block Potion"},{"floor":26,"key":"Swift Potion"},{"floor":27,"key":"Venom Potion"},{"floor":29,"key":"Cursed Concoction"},{"floor":31,"key":"hexamod:SoulburnPotion"},{"floor":32,"key":"LiquidBronze"}],"is_trial":false,"path_per_floor":["R_BF","M","M","?","M","M","T","R","M","R","E","M","M","?","M","B",null,"R_BF","M","?","?","M","?","T","E","M","M","R","M","R","E","M","B"],"character_chosen":"SLIMEBOUND","items_purchased":[],"campfire_rested":1,"item_purchase_floors":[],"current_hp_per_floor":[65,61,60,60,54,40,40,40,26,45,42,43,39,58,58,44,65,65,60,60,45,41,43,43,45,45,45,45,44,44,33,32,0,0,0],"gold":179,"neow_bonus":"ONE_RARE_RELIC","is_daily":false,"chose_seed":false,"campfire_upgraded":2,"win_rate":0.0,"timestamp":1613072030,"path_taken":["R_BF","M","M","?","M","M","T","R","M","R","E","M","M","?","M","BOSS","R_BF","M","?","?","M","?","T","E","?","M","R","M","R","E","M","BOSS"],"items_purchased_type":[],"build_version":"2020-12-22","purchased_purges":0,"victory":false,"max_hp_per_floor":[65,65,65,65,65,65,65,65,65,65,65,65,65,65,65,65,65,65,65,65,45,45,45,45,45,45,45,45,45,45,45,45,45,45,45],"card_choices":[{"not_picked":["Slimebound:SlimeBarrage","Slimebound:SplitMire"],"picked":"Slimebound:LevelUp","floor":2.0},{"not_picked":["Slimebound:HauntingLick","Slimebound:BestDefense"],"picked":"Slimebound:ItLooksTasty","floor":2.0},{"not_picked":["Slimebound:RollThrough","Slimebound:RejuvenatingLick"],"picked":"Slimebound:SpikyOuterGoop","floor":3.0},{"not_picked":["Slimebound:Nibble","Slimebound:PressTheAttack"],"picked":"Slimebound:BestDefense","floor":3.0},{"not_picked":["Slimebound:Nibble","Slimebound:SplitBruiser"],"picked":"Slimebound:AcidTongue","floor":5.0},{"not_picked":["Slimebound:Replication","Slimebound:HauntingLick"],"picked":"Slimebound:PressTheAttack","floor":5.0},{"not_picked":["Slimebound:PrepareCrush","Slimebound:LevelUp"],"picked":"Slimebound:SplitLeeching","floor":6.0},{"not_picked":["Slimebound:FinishingTackle","Slimebound:FlameTackle"],"picked":"Slimebound:Equalize","floor":6.0},{"not_picked":["Slimebound:ComboTackle","Slimebound:SlimeBrawl"],"picked":"Slimebound:SplitBruiser","floor":9.0},{"not_picked":["Slimebound:Nibble","Slimebound:Equalize"],"picked":"Slimebound:LivingWall","floor":9.0},{"not_picked":["Slimebound:HauntingLick","Slimebound:SplitLeeching"],"picked":"Slimebound:ProtectTheBoss","floor":11.0},{"not_picked":["Slimebound:SlimeBrawl","Slimebound:SplitBruiser"],"picked":"Slimebound:SlimeSpikes","floor":12.0},{"not_picked":["Slimebound:ServeAndProtect","Slimebound:TongueLash"],"picked":"Slimebound:SplitBruiser","floor":12.0},{"not_picked":["Slimebound:SplitLeeching","Slimebound:BestDefense"],"picked":"Slimebound:Equalize","floor":13.0},{"not_picked":["Slimebound:Gluttony","Slimebound:FinishingTackle"],"picked":"Slimebound:MassFeed","floor":13.0},{"not_picked":["Slimebound:ServeAndProtect","Slimebound:Prepare"],"picked":"Slimebound:SamplingLick","floor":15.0},{"not_picked":["Slimebound:LivingWall","Slimebound:Gluttony"],"picked":"Slimebound:LeadByExample","floor":15.0},{"not_picked":["Slimebound:SelfFormingGoo","Slimebound:RallyTheTroops"],"picked":"Slimebound:PrepareCrush","floor":16.0},{"not_picked":["Slimebound:SplitMire","Slimebound:GoopTackle+1"],"picked":"Slimebound:HauntingLick+1","floor":19},{"not_picked":["Slimebound:SplitLeeching","Slimebound:SplitBruiser"],"picked":"Slimebound:SamplingLick","floor":19},{"not_picked":["Slimebound:AcidTongue","Slimebound:SplitBruiser"],"picked":"Slimebound:Grow","floor":22},{"not_picked":["Slimebound:SplitAcid","Slimebound:SplitBruiser"],"picked":"Slimebound:GoopSpray","floor":22},{"not_picked":["Slimebound:SplitMire","Slimebound:SamplingLick"],"picked":"Slimebound:FormOfPuddle","floor":23},{"not_picked":["Slimebound:WasteNot","Slimebound:LivingWall"],"picked":"Slimebound:DisruptingSlam","floor":25},{"not_picked":["Slimebound:LeechingTouch","Slimebound:Grow+1"],"picked":"Slimebound:SlimeSpikes+1","floor":26},{"not_picked":["Slimebound:ItLooksTasty+1","Slimebound:LivingWall"],"picked":"Slimebound:SamplingLick","floor":26},{"not_picked":["Slimebound:SplitBruiser","Slimebound:GoopSpray+1"],"picked":"Slimebound:Repurpose","floor":27},{"not_picked":["Slimebound:SlimeBrawl","Slimebound:Replication"],"picked":"Slimebound:LeadByExample+1","floor":27},{"not_picked":["Slimebound:HauntingLick","Slimebound:FormOfPuddle"],"picked":"Slimebound:TongueLash+1","floor":29},{"not_picked":["Slimebound:PressTheAttack","Slimebound:SlimeTap"],"picked":"Slimebound:LeadByExample+1","floor":29},{"not_picked":["Slimebound:FinishingTackle+1","Slimebound:WasteNot"],"picked":"Slimebound:ProtectTheBoss+1","floor":31},{"not_picked":["Slimebound:GoopTackle","Slimebound:Prepare"],"picked":"Slimebound:FormOfPuddle","floor":32},{"not_picked":["Slimebound:Nibble","Slimebound:HauntingLick+1"],"picked":"Slimebound:Repurpose","floor":32}],"player_experience":308263,"relics_obtained":[{"floor":1.0,"key":"Prayer Wheel"},{"floor":7.0,"key":"Grinning Jar"},{"floor":11.0,"key":"Bag of Marbles"},{"floor":18.0,"key":"Replay:Baseball"},{"floor":23,"key":"White Beast Statue"},{"floor":24,"key":"infinitespire:FocusingShard"},{"floor":25,"key":"Frozen Egg 2"},{"floor":31,"key":"Shovel"}],"event_choices":[{"damage_healed":0,"gold_gain":0,"player_choice":"Ignored","damage_taken":0,"max_hp_gain":0,"max_hp_loss":0,"event_name":"Ghosts","floor":20,"gold_loss":0},{"damage_healed":0,"gold_gain":0,"player_choice":"Became a vampire","damage_taken":0,"max_hp_gain":0,"max_hp_loss":20,"event_name":"Vampires","floor":21,"gold_loss":0,"cards_obtained":["Bite","Bite","Bite","Bite","Bite"]}],"is_beta":false,"boss_relics":[{"not_picked":["ReplayTheSpireMod:DimensionalGlitch","Pandora\u0027s Box"],"picked":"ChewingGum"}],"items_purged_floors":[],"is_endless":false,"potions_floor_spawned":[2,3,6,12,15,25,26,27,29,31,32],"killed_by":"IC_MUSHROOM_ARCHETYPE","ascension_level":0}}