{"host":"qp7xs8nuzfsyommi","time":1613059415,"event":{"mods":["2.2 Compatiblity","BaseMod","Colored Powertips","DeckTracker","Highlight Path","Minty Spire (QoL Compilation)","Permanent Neow","Quick Restart","StSLib"],"gold_per_floor":[114,125,143,154,165,165,165],"floor_reached":6,"language":"ENG","playtime":383,"items_purged":[],"score":80,"play_id":"9f282233-5700-4949-a7c5-4be9f608d261","local_time":"20210211110335","is_ascension_mode":true,"campfire_choices":[],"circlet_count":0,"master_deck":["AscendersBane","Strike_B","Strike_B","Strike_B","Strike_B","Defend_B","Defend_B","Defend_B","Defend_B","Zap","Dualcast","CurseOfTheBell","Undo","Go for the Eyes","White Noise"],"relics":["Calling Bell","Oddly Smooth Stone","Singing Bowl","Shovel"],"acts_visited":["Exordium"],"potions_floor_usage":[6],"damage_taken":[{"damage":5.0,"enemies":"Cultist","floor":1.0,"turns":4.0},{"damage":2.0,"enemies":"2 Louse","floor":2.0,"turns":4.0},{"damage":1.0,"enemies":"Jaw Worm","floor":3.0,"turns":4.0},{"damage":48.0,"enemies":"Exordium Thugs","floor":4.0,"turns":10.0},{"damage":1.0,"enemies":"Red Slaver","floor":5.0,"turns":5.0},{"damage":15,"enemies":"Lagavulin","floor":6,"turns":8}],"seed_played":"4883062230607063842","potions_obtained":[{"floor":2.0,"key":"SkillPotion"},{"floor":5.0,"key":"LiquidMemories"}],"is_trial":false,"path_per_floor":["M","M","M","M","M","E"],"character_chosen":"DEFECT","items_purchased":[],"campfire_rested":0,"item_purchase_floors":[],"current_hp_per_floor":[61,59,60,12,11,0,0],"gold":165,"neow_bonus":"BOSS_RELIC","is_daily":false,"chose_seed":false,"campfire_upgraded":0,"win_rate":0.0,"timestamp":1613059415,"path_taken":["M","M","?","M","M","E"],"items_purchased_type":[],"build_version":"2020-12-22","purchased_purges":0,"victory":false,"max_hp_per_floor":[73,73,75,75,75,75,75],"card_choices":[{"not_picked":["Barrage","Leap","Rebound"],"picked":"Singing Bowl","floor":1.0},{"not_picked":["Double Energy","Cold Snap"],"picked":"Undo","floor":2.0},{"not_picked":["Rebound","Meteor Strike","Heatsinks"],"picked":"Singing Bowl","floor":3.0},{"not_picked":["Lockon","Redo"],"picked":"Go for the Eyes","floor":4.0},{"not_picked":["Cold Snap","Undo"],"picked":"White Noise","floor":5.0}],"player_experience":1859600,"relics_obtained":[{"floor":0.0,"key":"Oddly Smooth Stone"},{"floor":0.0,"key":"Singing Bowl"},{"floor":0.0,"key":"Shovel"}],"event_choices":[],"is_beta":false,"boss_relics":[],"items_purged_floors":[],"is_endless":false,"potions_floor_spawned":[2,5],"killed_by":"Lagavulin","ascension_level":20}}