{"host":"5inz41fcnifmg6v2","time":1613031513,"event":{"mods":["BaseMod","Downfall","Minty Spire (QoL Compilation)","Reliquary","Replay The Spire","StSLib"],"gold_per_floor":[99,119,135,150,150,196,196,196,207,15,15,30,30,58,76,171,171,71,91,9,26,126,138,183,183,183,183],"floor_reached":25,"language":"ZHS","playtime":3400,"items_purged":["Regret"],"score":253,"play_id":"e2ab9696-25db-4c21-9c83-8a9118db6cc8","local_time":"20210211161833","is_ascension_mode":false,"campfire_choices":[{"data":"Slimebound:CorrosiveSpit","floor":1,"key":"SMITH"},{"floor":8,"key":"RECALL"},{"floor":13,"key":"REST"},{"floor":18,"key":"REST"}],"circlet_count":0,"master_deck":["Slimebound:Strike_Slimebound","Slimebound:Strike_Slimebound","Slimebound:Tackle","Slimebound:Defend_Slimebound","Slimebound:Defend_Slimebound","Slimebound:Defend_Slimebound","Slimebound:Defend_Slimebound","Slimebound:Split","Slimebound:CorrosiveSpit+1","Slimebound:SlimeTap","Slimebound:GoopSpray","Slimebound:ViciousTackle","Slimebound:MegaLick","Slimebound:AcidTongue","CommonCold","Slimebound:RainOfGoop+1","Slimebound:ProtectTheBoss","Slimebound:FormOfPuddle+1","Slimebound:Chomp","Slimebound:PrepareCrush+1","Slimebound:RollThrough","Slimebound:SlimeBarrage+1","Slimebound:ViciousTackle+1","Slimebound:Gluttony","Slimebound:MassFeed","Slimebound:GrowthPunch","Slimebound:Schlurp+1"],"relics":["Slimebound:AbsorbEndCombat","Dream Catcher","ReplayTheSpireMod:TigerMarble","ReplayTheSpireMod:CursedCoin","Toxic Egg 2","Pen Nib","ChewingGum","downfall:HeartBlessingRed","downfall:CloakOfManyFaces","CultistMask","FaceOfCleric","NlothsMask","GremlinMask","SsserpentHead"],"acts_visited":["Exordium","TheCity"],"potions_floor_usage":[16],"damage_taken":[{"damage":2,"enemies":"2 Louse","floor":2,"turns":2},{"damage":9,"enemies":"Jaw Worm","floor":3,"turns":3},{"damage":4,"enemies":"Cultist","floor":4,"turns":4},{"damage":5,"enemies":"Exordium Wildlife","floor":9,"turns":3},{"damage":5,"enemies":"downfall:FleeingMerchant","floor":10,"turns":4},{"damage":12,"enemies":"3 Louse","floor":12,"turns":3},{"damage":0,"enemies":"Lagavulin","floor":14,"turns":4},{"damage":4,"enemies":"Lots of Slimes","floor":15,"turns":4},{"damage":28,"enemies":"IC_STATUS_ARCHETYPE","floor":16,"turns":8},{"damage":25,"enemies":"Shell Parasite","floor":19,"turns":5},{"damage":10,"enemies":"downfall:FleeingMerchant","floor":20,"turns":4},{"damage":19,"enemies":"Spheric Guardian","floor":21,"turns":4},{"damage":7,"enemies":"downfall:FaceTrader","floor":22,"turns":5},{"damage":36,"enemies":"Snake Plant","floor":23,"turns":4},{"damage":10,"enemies":"Centurion and Healer","floor":25,"turns":2}],"seed_played":"335878467611204583","potions_obtained":[{"floor":3,"key":"Reflective Coating"},{"floor":12,"key":"Toxic Potion"},{"floor":14,"key":"BlessingOfTheForge"},{"floor":15,"key":"EssenceOfSteel"},{"floor":22,"key":"SteroidPotion"}],"is_trial":false,"path_per_floor":["R","M","M","M","?","T","T","R","M","$","?","M","R","E","M","B",null,"R","M","$","M","?","M","T","M"],"character_chosen":"SLIMEBOUND","items_purchased":["ReplayTheSpireMod:CursedCoin","Toxic Egg 2","Slimebound:Gluttony"],"campfire_rested":2,"item_purchase_floors":[10,10,20],"current_hp_per_floor":[71,71,62,62,62,62,62,62,59,62,62,54,71,71,70,50,71,71,52,50,35,36,3,3,0,0,0],"gold":183,"neow_bonus":"TEN_PERCENT_HP_BONUS","is_daily":false,"chose_seed":false,"campfire_upgraded":1,"win_rate":0.0,"timestamp":1613031513,"path_taken":["R","M","M","M","?","?","T","R","?","$","?","M","R","E","M","BOSS","R","M","$","M","?","M","T","M"],"items_purchased_type":["Relic","Relic","Card"],"build_version":"2020-12-22","purchased_purges":1,"victory":false,"max_hp_per_floor":[71,71,71,71,71,71,71,71,71,71,71,71,71,71,71,71,71,71,71,71,71,71,72,72,72,72,72],"card_choices":[{"not_picked":["Slimebound:FinishingTackle","Slimebound:SplitBruiser"],"picked":"Slimebound:SlimeTap","floor":2},{"not_picked":["Slimebound:HauntingLick","Slimebound:SplitMire"],"picked":"Slimebound:GoopSpray","floor":3},{"not_picked":["Slimebound:Prepare","Slimebound:PressTheAttack"],"picked":"Slimebound:ViciousTackle","floor":4},{"not_picked":["Slimebound:FlameTackle","Slimebound:SamplingLick"],"picked":"Slimebound:MegaLick","floor":9},{"not_picked":["Slimebound:GoopSpray","Slimebound:SplitAcid"],"picked":"Slimebound:AcidTongue","floor":10},{"not_picked":["Slimebound:LeechEnergy","Slimebound:SplitLeeching+1"],"picked":"Slimebound:RainOfGoop+1","floor":12},{"not_picked":["Slimebound:SlimeSlap","Slimebound:SlimeSpikes+1"],"picked":"Slimebound:ProtectTheBoss","floor":13},{"not_picked":["Slimebound:SplitMire+1","Slimebound:RejuvenatingLick+1"],"picked":"Slimebound:FormOfPuddle+1","floor":14},{"not_picked":["Slimebound:SplitBruiser+1","Slimebound:ComboTackle"],"picked":"Slimebound:Chomp","floor":15},{"not_picked":["Slimebound:FirmFortitude+1","Slimebound:SlimeSlap"],"picked":"Slimebound:PrepareCrush+1","floor":16},{"not_picked":["Slimebound:LeechingTouch","Slimebound:GoopTackle"],"picked":"Slimebound:RollThrough","floor":18},{"not_picked":["Slimebound:HauntingLick+1","Slimebound:LivingWall+1"],"picked":"Slimebound:SlimeBarrage+1","floor":19},{"not_picked":["Slimebound:ForwardTackle","Slimebound:FlameTackle+1"],"picked":"Slimebound:ViciousTackle+1","floor":20},{"not_picked":["Slimebound:DisruptingSlam","Slimebound:Repurpose+1"],"picked":"Slimebound:MassFeed","floor":21},{"not_picked":["Slimebound:ItLooksTasty","Slimebound:LivingWall+1"],"picked":"Slimebound:GrowthPunch","floor":22},{"not_picked":["Slimebound:SlimeTap+1","Slimebound:SamplingLick+1"],"picked":"Slimebound:Schlurp+1","floor":23}],"player_experience":77481,"relics_obtained":[{"floor":7,"key":"ReplayTheSpireMod:TigerMarble"},{"floor":14,"key":"Pen Nib"},{"floor":22,"key":"downfall:CloakOfManyFaces"}],"event_choices":[{"damage_healed":0,"gold_gain":0,"player_choice":"Box","damage_taken":0,"relics_obtained":["Dream Catcher"],"max_hp_gain":0,"max_hp_loss":0,"event_name":"Big Fish","floor":5,"gold_loss":0,"cards_obtained":["Regret"]}],"is_beta":false,"boss_relics":[{"not_picked":["Replay:Wanted Poster","Abe\u0027s Treasure"],"picked":"ChewingGum"}],"items_purged_floors":[10],"is_endless":false,"potions_floor_spawned":[3,12,14,15,22],"killed_by":"Centurion and Healer","ascension_level":0}}