{"host":"lx2ngef1mcpp0cnu","time":1613038923,"event":{"mods":["2.2 Compatiblity","Aspiration","Astrologer","BaseMod","Better Note","BetterRewards","Colored Map","Custom Start","Downfall","Googly Eyes","GungeonMod","Highlight Path","Mad Scientist","Marisa????????","Minty Spire (QoL Compilation)","Potionbrewer","READ ME - Guardian Mod","Shop Mod","Somnambulant","StSLib","SuperFastMode","Td1madao Mod","The Bug Knight","The Construct","The Cursed","The Disciple","The Hierophant","The Judge","The Necromancer","The Saiyan","The Servant 0.9.4","[IsaacMod]????","thorton"],"gold_per_floor":[112,127,138,138,313,338,15,15,15,49,49,79,79,161,161,264,264,276,303,317,317,336,336,349,384,384,401,421,431,37,55,55,157,157,177,196,496,514,526,554,776,804,827,867,885,885,885,359,359,359,359,359,26,55,55],"floor_reached":56,"language":"ENG","playtime":2776,"items_purged":["Doubt","Strike_C","Defend_C"],"score":1896,"play_id":"86a8b094-c934-4829-8059-8925fb66748a","local_time":"20210211052203","is_ascension_mode":true,"campfire_choices":[{"floor":8,"key":"RECALL"},{"data":"Bandage Up","floor":11,"key":"SMITH"},{"data":"Optimization","floor":13,"key":"SMITH"},{"data":"Bugfix","floor":15,"key":"SMITH"},{"data":"Retrieval Recycling","floor":23,"key":"SMITH"},{"data":"Black Contract","floor":32,"key":"SMITH"},{"floor":46,"key":"REST"},{"floor":49,"key":"REST"},{"floor":52,"key":"REST"}],"circlet_count":0,"master_deck":["Strike_C","Strike_C","Strike_C","Defend_C","Defend_C","Defend_C","Knight Kick","Chip","Rupture","Floating Swing Kick","Backup","Three Hit","Winding Magic","Fire Up","Black Warm Hole","Black Contract","Paralysis","Black Contract+1","Cooling Song","Bandage Up+1","Bugfix+1","Optimization+1","Retrieval Recycling+1","Furious","New Defend Magic","Ruin Defend","Fire Blade+1","Reflection Mechanism","Cooling Song+1","Here Defend Chip","Defend System","Load Balancing","Ruin Defend","Fire Blade+1","Sub Weapons+1","Sub Weapons+1","Cursed Blade","De Ware Chip+1","Fixing","Fixing+1","Gravity Defend","Furious","Load Balancing","Pod Laser","Here Defend Chip+1","Thunder Jump+1","Here Defend Chip","Black Hand+1","Fire Up+1","New Defend Magic","Here Defend Chip+1","Lore+1","Afterwards+1","Memory Alloy","Break Into+1","Black Warm Hole","Energy Supply+1","Panache","Here Defend Chip","Fire Blade","Flash of Steel","Here Defend Chip","Violence","Cursed Blade","Winding Magic"],"relics":["Apod","HushsDoor","TheBean","Mercury Hourglass","SatanicBible","Prayer Wheel","DoctorsRemote","Bird Faced Urn","DollysMirror","Bottled Lightning","DemoMod:Antibody","Mummified Hand","MagicMushroom","Red Mask","Lizard Tail","DemoMod:PoisonVial","thethorton:BrokenCalculator","Bag of Preparation","Fusion Hammer","DemoMod:Metronome","Vajra","Happy Flower","aspiration:FetidBarrel","DemoMod:ClearGuonStone"],"acts_visited":["Exordium","TheCity","TheBeyond","TheEnding"],"potions_floor_usage":[10,16,19,33,38,39,50],"damage_taken":[{"damage":1,"enemies":"Jaw Worm","floor":1,"turns":3},{"damage":0,"enemies":"Small Slimes","floor":2,"turns":2},{"damage":0,"enemies":"2 Louse","floor":3,"turns":2},{"damage":0,"enemies":"HollowMod:MossKnight","floor":6,"turns":2},{"damage":0,"enemies":"Lagavulin","floor":10,"turns":3},{"damage":7,"enemies":"3 Sentries","floor":12,"turns":4},{"damage":0,"enemies":"Slime Boss","floor":16,"turns":5},{"damage":0,"enemies":"3 Byrds","floor":18,"turns":2},{"damage":1,"enemies":"Masked Bandits","floor":19,"turns":2},{"damage":0,"enemies":"2 Thieves","floor":20,"turns":2},{"damage":4,"enemies":"Snake Plant","floor":22,"turns":3},{"damage":0,"enemies":"Centurion and Healer","floor":24,"turns":6},{"damage":0,"enemies":"Book of Stabbing","floor":25,"turns":4},{"damage":4,"enemies":"Chosen and Byrds","floor":27,"turns":5},{"damage":0,"enemies":"Snecko","floor":28,"turns":4},{"damage":0,"enemies":"3 Cultists","floor":29,"turns":3},{"damage":0,"enemies":"Centurion and Healer","floor":31,"turns":5},{"damage":0,"enemies":"Champ","floor":33,"turns":7},{"damage":0,"enemies":"3 Darklings","floor":35,"turns":3},{"damage":0,"enemies":"Orb Walker","floor":36,"turns":2},{"damage":5,"enemies":"Writhing Mass","floor":38,"turns":4},{"damage":0,"enemies":"Spire Growth","floor":39,"turns":3},{"damage":0,"enemies":"Reptomancer","floor":40,"turns":5},{"damage":0,"enemies":"Giant Head","floor":42,"turns":8},{"damage":3,"enemies":"Maw","floor":44,"turns":6},{"damage":0,"enemies":"4 Shapes","floor":45,"turns":3},{"damage":5,"enemies":"Awakened One","floor":50,"turns":11},{"damage":0,"enemies":"Shield and Spear","floor":54,"turns":3},{"damage":1,"enemies":"The Heart","floor":55,"turns":6}],"seed_played":"2203500742899247146","potions_obtained":[{"floor":6,"key":"LiquidMemories"},{"floor":10,"key":"SpeedPotion"},{"floor":18,"key":"hexamod:SoulburnPotion"},{"floor":20,"key":"LiquidBronze"},{"floor":27,"key":"DuplicationPotion"},{"floor":35,"key":"SteroidPotion"},{"floor":38,"key":"potionbrewer:NoxiousPotion"},{"floor":42,"key":"sneckomod:MuddlingPotion"}],"is_trial":false,"path_per_floor":["M","M","M","?","?","E","$","R","T","E","R","E","R","T","R","B",null,"M","?","M","?","M","R","M","E","T","M","M","M","$","M","R","B",null,"M","M","?","M","M","E","?","E","T","M","M","R","?","$","R","B",null,"R","$","E","B",null],"character_chosen":"TD1MADAO_CLASS","items_purchased":["Mercury Hourglass","SatanicBible","Black Contract","Paralysis","DollysMirror","Cooling Song","Bandage Up","SkillPotion","PowerPotion","Furious","New Defend Magic","thethorton:BrokenCalculator","Bag of Preparation","Load Balancing","Pod Laser","aspiration:FetidBarrel","Here Defend Chip","Fire Blade","Flash of Steel","Here Defend Chip","Violence","EssenceOfSteel","Cursed Blade"],"campfire_rested":3,"item_purchase_floors":[0,0,7,7,7,7,7,7,7,17,17,30,30,34,34,48,48,48,48,53,53,53,53],"current_hp_per_floor":[59,59,59,52,52,52,52,52,52,56,56,55,55,55,55,63,70,70,69,70,70,70,70,70,70,70,66,70,70,70,70,70,70,64,64,64,64,59,64,64,64,64,64,64,64,64,64,64,64,64,64,64,64,64,64],"gold":55,"neow_bonus":"","is_daily":false,"chose_seed":false,"campfire_upgraded":5,"win_rate":0.0,"timestamp":1613038923,"path_taken":["M","M","M","?","?","E","?","R","T","E","R","E","R","?","R","BOSS","M","?","M","?","M","R","M","E","T","M","M","M","$","M","R","BOSS","M","M","?","M","?","E","?","E","T","M","M","R","?","$","R","BOSS","R","$","E","BOSS"],"items_purchased_type":["Relic","Relic","Card","Card","Relic","Card","Card","Potion","Potion","Card","Card","Relic","Relic","Card","Card","Relic","Card","Card","Card","Card","Card","Potion","Card"],"build_version":"2020-12-22","purchased_purges":3,"victory":true,"max_hp_per_floor":[70,70,70,70,70,70,70,70,70,70,70,70,70,70,70,70,70,70,70,70,70,70,70,70,70,70,70,70,70,70,70,70,70,64,64,64,64,64,64,64,64,64,64,64,64,64,64,64,64,64,64,64,64,64,64],"card_choices":[{"not_picked":[],"picked":"Bomb","floor":0},{"not_picked":["Floating Swing Kick","Oblique Hack"],"picked":"Rupture","floor":1},{"not_picked":["Rupture","Load Balancing"],"picked":"Floating Swing Kick","floor":1},{"not_picked":["Gravity Defend","Reinforcement Parts"],"picked":"Backup","floor":2},{"not_picked":["Fire Up","Sudden Beat"],"picked":"Three Hit","floor":2},{"not_picked":["Oblique Hack","Sudden Beat"],"picked":"Winding Magic","floor":3},{"not_picked":["Cursed Blade","Light Attack"],"picked":"Fire Up","floor":3},{"not_picked":["Sudden Beat","Afterwards"],"picked":"Black Warm Hole","floor":6},{"not_picked":["Sub Weapons","Resistance"],"picked":"Bugfix","floor":10},{"not_picked":["Winding Magic","Sudden Beat"],"picked":"Optimization","floor":12},{"not_picked":["Memory Alloy","Moon Tear"],"picked":"Retrieval Recycling","floor":16},{"not_picked":["Light Attack","Fire Up"],"picked":"Ruin Defend","floor":18},{"not_picked":["Black Dance","Here Defend Chip"],"picked":"Fire Blade+1","floor":18},{"not_picked":["Sudden Beat+1","Twin Teeth"],"picked":"Reflection Mechanism","floor":19},{"not_picked":["Recovery Mechanism+1","Memory Alloy"],"picked":"Cooling Song+1","floor":20},{"not_picked":["Twin Teeth","Oblique Hack"],"picked":"Here Defend Chip","floor":20},{"not_picked":["Perfect Defend","Three Hit"],"picked":"Load Balancing","floor":22},{"not_picked":["Machining+1","Here Defend Chip"],"picked":"Ruin Defend","floor":22},{"not_picked":["Lore","Gravity Defend"],"picked":"Fire Blade+1","floor":24},{"not_picked":["Machining+1","Bugfix"],"picked":"Sub Weapons+1","floor":24},{"not_picked":["Preloading","Paralysis"],"picked":"Sub Weapons+1","floor":25},{"not_picked":["Winding Magic","Fire Up"],"picked":"Cursed Blade","floor":27},{"not_picked":["Resistance","Floating Swing Kick+1"],"picked":"De Ware Chip+1","floor":27},{"not_picked":["Cursed Blade","Reinforcement Parts"],"picked":"Fixing","floor":28},{"not_picked":["Light Attack","Cursed Blade","Reflection Mechanism"],"picked":"SKIP","floor":28},{"not_picked":["Here Defend Chip","Floating Even"],"picked":"Fixing+1","floor":29},{"not_picked":["Light Attack","Twin Teeth","Three Hit"],"picked":"SKIP","floor":29},{"not_picked":["Fixing","Pod Fire"],"picked":"Gravity Defend","floor":31},{"not_picked":["Money Cant Rescue","Black Execution","Floating Swing Kick"],"picked":"SKIP","floor":31},{"not_picked":["Bursts","Backup"],"picked":"Furious","floor":33},{"not_picked":["Light Attack+1","Black Dance"],"picked":"Here Defend Chip+1","floor":35},{"not_picked":["Bugfix","Fire Up+1"],"picked":"Thunder Jump+1","floor":35},{"not_picked":["Provocative","Black Shadow"],"picked":"Here Defend Chip","floor":36},{"not_picked":["Winding Magic+1","Thunder Jump+1"],"picked":"Black Hand+1","floor":36},{"not_picked":["Thunder Jump","White Contract"],"picked":"Fire Up+1","floor":38},{"not_picked":["Weapon Shift","Twin Teeth"],"picked":"New Defend Magic","floor":38},{"not_picked":["Sudden Beat","Pod Fire+1"],"picked":"Here Defend Chip+1","floor":39},{"not_picked":["Sudden Beat+1","Money Cant Rescue+1"],"picked":"Lore+1","floor":39},{"not_picked":["Data Freezing","Twin Teeth"],"picked":"Afterwards+1","floor":40},{"not_picked":["Bugfix","Break Into+1"],"picked":"Memory Alloy","floor":42},{"not_picked":["Provocative","Fixing"],"picked":"Break Into+1","floor":44},{"not_picked":["Light Attack+1","Rupture","Awareness"],"picked":"SKIP","floor":44},{"not_picked":["Light Attack+1","Rupture","Awareness"],"picked":"SKIP","floor":44},{"not_picked":["Paralysis+1","Load Balancing"],"picked":"Black Warm Hole","floor":45},{"not_picked":["Twin Teeth","Floating Swing Kick"],"picked":"Energy Supply+1","floor":45},{"not_picked":["The Bomb","Bandage Up"],"picked":"Panache","floor":47},{"not_picked":["Machining+1","Floating Swing Kick"],"picked":"Winding Magic","floor":54}],"player_experience":587076,"relics_obtained":[{"floor":6,"key":"Bird Faced Urn"},{"floor":10,"key":"Bottled Lightning"},{"floor":12,"key":"DemoMod:Antibody"},{"floor":14,"key":"Mummified Hand"},{"floor":19,"key":"Red Mask"},{"floor":25,"key":"Lizard Tail"},{"floor":26,"key":"DemoMod:PoisonVial"},{"floor":40,"key":"DemoMod:Metronome"},{"floor":42,"key":"DemoMod:WeirdEgg"},{"floor":43,"key":"Happy Flower"},{"floor":54,"key":"DemoMod:ClearGuonStone"}],"event_choices":[{"damage_healed":0,"gold_gain":0,"player_choice":"Success","damage_taken":7,"relics_obtained":["DoctorsRemote"],"max_hp_gain":0,"max_hp_loss":0,"event_name":"Scrap Ooze","floor":4,"gold_loss":0},{"damage_healed":0,"gold_gain":175,"player_choice":"AGREE","damage_taken":0,"max_hp_gain":0,"max_hp_loss":0,"event_name":"Liars Game","floor":5,"gold_loss":0,"cards_obtained":["Doubt"]},{"damage_healed":0,"gold_gain":0,"player_choice":"Fought Bandits","damage_taken":0,"max_hp_gain":0,"max_hp_loss":0,"event_name":"Masked Bandits","floor":19,"gold_loss":0},{"damage_healed":0,"gold_gain":0,"player_choice":"Read","damage_taken":0,"max_hp_gain":0,"max_hp_loss":0,"event_name":"The Library","floor":21,"gold_loss":0,"cards_obtained":["Defend System"]},{"damage_healed":0,"gold_gain":222,"player_choice":"Wore Mask","damage_taken":0,"max_hp_gain":0,"max_hp_loss":0,"event_name":"Tomb of Lord Red Mask","floor":41,"gold_loss":0},{"damage_healed":0,"gold_gain":0,"player_choice":"Memory 1","damage_taken":0,"max_hp_gain":0,"max_hp_loss":0,"event_name":"SensoryStone","floor":47,"gold_loss":0}],"is_beta":false,"boss_relics":[{"not_picked":["bronze:MakeshiftBattery","aspiration:RitualDagger"],"picked":"MagicMushroom"},{"not_picked":[]},{"not_picked":["aspiration:RunicSpoon","SlaversCollar"],"picked":"Fusion Hammer"},{"not_picked":[]}],"items_purged_floors":[7,30,48],"is_endless":false,"potions_floor_spawned":[6,10,18,20,24,27,35,38,42],"ascension_level":1}}