{"host":"vyjryxuuuxkt43k4","time":1613009336,"event":{"mods":["AchievementEnabler","BaseMod","Colored Map","DeckTracker","Keyboard Shortcuts","Minty Spire (QoL Compilation)","Permanent Neow","Quick Restart","StSLib","SuperFastMode","everything is the same but u backflip on backflip"],"gold_per_floor":[114,114,129,148,148,148,176,176,176,176,209,209,239,255,255,332,332,344,355,355,355,370,9,9,9,9],"floor_reached":25,"language":"KOR","playtime":1168,"items_purged":["Strike_G"],"score":418,"play_id":"d90ff1c6-334e-473d-985e-30dfdff58a4f","local_time":"20210211110856","is_ascension_mode":true,"campfire_choices":[{"data":"Neutralize","floor":6.0,"key":"SMITH"},{"data":"Dagger Spray","floor":8.0,"key":"SMITH"},{"data":"Die Die Die","floor":10.0,"key":"SMITH"},{"floor":12.0,"key":"REST"},{"data":"Terror","floor":15.0,"key":"SMITH"}],"circlet_count":0,"master_deck":["AscendersBane","Strike_G","Defend_G","Defend_G","Defend_G","Defend_G","Defend_G","Survivor","Neutralize+1","Crippling Poison+1","Dagger Spray+1","Terror+1","Bane","Die Die Die+1","PiercingWail","Reflex","Dagger Throw","After Image","Catalyst+1"],"relics":["Ring of the Snake","Odd Mushroom","Nunchaku","Singing Bowl","Cursed Key","Eternal Feather","Nloth\u0027s Gift"],"acts_visited":["Exordium","TheCity"],"potions_floor_usage":[],"damage_taken":[{"damage":4.0,"enemies":"Small Slimes","floor":1.0,"turns":4.0},{"damage":0.0,"enemies":"2 Louse","floor":3.0,"turns":2.0},{"damage":5.0,"enemies":"Jaw Worm","floor":4.0,"turns":5.0},{"damage":8.0,"enemies":"The Mushroom Lair","floor":7.0,"turns":3.0},{"damage":18.0,"enemies":"Gremlin Nob","floor":11.0,"turns":4.0},{"damage":1.0,"enemies":"Lagavulin","floor":13.0,"turns":5.0},{"damage":0.0,"enemies":"3 Louse","floor":14.0,"turns":1.0},{"damage":30.0,"enemies":"Hexaghost","floor":16.0,"turns":11.0},{"damage":14.0,"enemies":"2 Thieves","floor":18.0,"turns":3.0},{"damage":11.0,"enemies":"Shell Parasite","floor":19.0,"turns":4.0},{"damage":22.0,"enemies":"Chosen and Byrds","floor":22.0,"turns":7.0},{"damage":8,"enemies":"Sentry and Sphere","floor":25,"turns":2}],"seed_played":"7726340587554200616","potions_obtained":[{"floor":4.0,"key":"GhostInAJar"},{"floor":7.0,"key":"PowerPotion"},{"floor":11.0,"key":"Dexterity Potion"},{"floor":16.0,"key":"FearPotion"}],"is_trial":false,"path_per_floor":["M","?","M","M","?","R","?","R","T","R","E","R","E","M","R","B",null,"M","M","?","?","M","$","?","M"],"character_chosen":"THE_SILENT","items_purchased":["Eternal Feather"],"campfire_rested":1,"item_purchase_floors":[23],"current_hp_per_floor":[55,55,55,50,43,43,35,35,35,35,17,36,35,35,35,5,51,39,28,28,28,8,8,8,0,0],"gold":9,"neow_bonus":"TRANSFORM_CARD","is_daily":false,"chose_seed":false,"campfire_upgraded":4,"win_rate":0.0,"timestamp":1613009336,"path_taken":["M","?","M","M","?","R","?","R","T","R","E","R","E","M","R","BOSS","M","M","?","?","M","$","?","M"],"items_purchased_type":["Relic"],"build_version":"2020-12-22","purchased_purges":1,"victory":false,"max_hp_per_floor":[66,66,66,66,66,66,66,66,66,66,66,66,66,66,66,66,66,68,68,68,68,70,70,70,70,70],"card_choices":[{"not_picked":["Blade Dance","Blur"],"picked":"Dagger Spray","floor":1.0},{"not_picked":["Concentrate","Dagger Spray"],"picked":"Terror","floor":3.0},{"not_picked":["Prepared","Cloak And Dagger"],"picked":"Bane","floor":4.0},{"not_picked":["Deadly Poison","Backflip"],"picked":"Die Die Die","floor":7.0},{"not_picked":["Bane","Distraction"],"picked":"PiercingWail","floor":11.0},{"not_picked":["Dodge and Roll","Slice"],"picked":"Reflex","floor":13.0},{"not_picked":["Endless Agony","Dodge and Roll"],"picked":"Dagger Throw","floor":14.0},{"not_picked":["Adrenaline","A Thousand Cuts"],"picked":"After Image","floor":16.0},{"not_picked":["Endless Agony","Reflex","Concentrate"],"picked":"Singing Bowl","floor":18.0},{"not_picked":["Quick Slash","PiercingWail"],"picked":"Catalyst+1","floor":19.0},{"not_picked":["Catalyst","Bane","Slice+1"],"picked":"Singing Bowl","floor":22.0}],"player_experience":914720,"relics_obtained":[{"floor":7.0,"key":"Odd Mushroom"},{"floor":9.0,"key":"Bottled Flame"},{"floor":11.0,"key":"Nunchaku"},{"floor":13.0,"key":"Singing Bowl"}],"event_choices":[{"damage_healed":0.0,"max_hp_gain":0.0,"max_hp_loss":0.0,"gold_gain":0.0,"event_name":"Living Wall","player_choice":"Grow","floor":2.0,"gold_loss":0.0,"damage_taken":0.0,"cards_upgraded":["Crippling Poison"]},{"cards_removed":["Strike_G"],"damage_healed":0.0,"max_hp_gain":0.0,"max_hp_loss":0.0,"gold_gain":0.0,"event_name":"Golden Wing","player_choice":"Card Removal","floor":5.0,"gold_loss":0.0,"damage_taken":7.0},{"damage_healed":0.0,"max_hp_gain":0.0,"max_hp_loss":0.0,"gold_gain":0.0,"event_name":"Mushrooms","player_choice":"Fought Mushrooms","floor":7.0,"gold_loss":0.0,"damage_taken":0.0},{"cards_removed":["Strike_G"],"damage_healed":0.0,"max_hp_gain":0.0,"max_hp_loss":0.0,"gold_gain":0.0,"event_name":"Back to Basics","player_choice":"Elegance","floor":20.0,"gold_loss":0.0,"damage_taken":0.0},{"damage_healed":0.0,"max_hp_gain":0.0,"max_hp_loss":0.0,"gold_gain":0.0,"event_name":"Ghosts","player_choice":"Ignored","floor":21.0,"gold_loss":0.0,"damage_taken":0.0},{"damage_healed":0.0,"max_hp_gain":0.0,"max_hp_loss":0.0,"gold_gain":0.0,"event_name":"N\u0027loth","player_choice":"Traded Relic","floor":24.0,"relics_lost":["Bottled Flame"],"gold_loss":0.0,"damage_taken":0.0,"relics_obtained":["Nloth\u0027s Gift"]}],"is_beta":false,"boss_relics":[{"not_picked":["SacredBark","Coffee Dripper"],"picked":"Cursed Key"}],"items_purged_floors":[23],"is_endless":false,"potions_floor_spawned":[4,7,11,16],"killed_by":"Sentry and Sphere","ascension_level":20}}