{"host":"p4v0hquynnreu717","time":1613041204,"event":{"mods":["BaseMod","Better Vampires","DeckTracker","Googly Eyes","Minty Spire (QoL Compilation)","Quick Restart","StSLib","SuperFastMode"],"gold_per_floor":[110,110,130,130,16,16,41,41,41,41,56,56,68,68,68,145,145,163,175,175,194,40,40,59,90,114,114,126,126,146,180,180,180,180],"floor_reached":33,"language":"ZHS","playtime":2330,"items_purged":["Strike_R"],"score":499,"play_id":"0bde0929-c35f-431a-9ed6-96e3ec7cc792","local_time":"20210211190004","is_ascension_mode":true,"campfire_choices":[{"data":"Rupture","floor":6.0,"key":"SMITH"},{"data":"Battle Trance","floor":8.0,"key":"SMITH"},{"data":"Madness","floor":10.0,"key":"SMITH"},{"data":"Disarm","floor":12.0,"key":"SMITH"},{"data":"Evolve","floor":15.0,"key":"SMITH"},{"data":"True Grit","floor":23.0,"key":"SMITH"},{"floor":27.0,"key":"REST"},{"floor":29.0,"key":"REST"},{"data":"Rupture","floor":32.0,"key":"SMITH"}],"circlet_count":0,"master_deck":["AscendersBane","Strike_R+1","Defend_R+1","Defend_R","Defend_R","Bash","Madness+1","Shrug It Off","Rupture+1","Battle Trance+1","Disarm+1","Evolve+1","Brutality","Heavy Blade+1","Blood for Blood+1","Second Wind+1","Hemokinesis","True Grit+1","Seeing Red","Sword Boomerang","Blur+1","Rupture+1"],"relics":["Burning Blood","Pen Nib","Astrolabe","PrismaticShard","Self Forming Clay","Tiny Chest","Sundial"],"acts_visited":["Exordium","TheCity"],"potions_floor_usage":[33],"damage_taken":[{"damage":0.0,"enemies":"Small Slimes","floor":1.0,"turns":3.0},{"damage":6.0,"enemies":"Jaw Worm","floor":3.0,"turns":5.0},{"damage":37.0,"enemies":"3 Sentries","floor":7.0,"turns":12.0},{"damage":0.0,"enemies":"Cultist","floor":11.0,"turns":3.0},{"damage":0.0,"enemies":"Red Slaver","floor":13.0,"turns":4.0},{"damage":28.0,"enemies":"The Guardian","floor":16.0,"turns":16.0},{"damage":10.0,"enemies":"Shell Parasite","floor":18.0,"turns":4.0},{"damage":19.0,"enemies":"2 Thieves","floor":19.0,"turns":4.0},{"damage":11.0,"enemies":"Snake Plant","floor":21.0,"turns":4.0},{"damage":9.0,"enemies":"Cultist and Chosen","floor":24.0,"turns":6.0},{"damage":22.0,"enemies":"Gremlin Leader","floor":25.0,"turns":5.0},{"damage":35.0,"enemies":"Centurion and Healer","floor":28.0,"turns":5.0},{"damage":8.0,"enemies":"Snecko","floor":30.0,"turns":5.0},{"damage":21.0,"enemies":"Slavers","floor":31.0,"turns":5.0},{"damage":0,"enemies":"Collector","floor":33,"turns":3}],"seed_played":"-4984117376107623733","potions_obtained":[{"floor":3.0,"key":"Energy Potion"},{"floor":18.0,"key":"AttackPotion"},{"floor":21.0,"key":"BlessingOfTheForge"},{"floor":30.0,"key":"Strength Potion"}],"is_trial":false,"path_per_floor":["M","?","M","?","$","R","E","R","T","R","M","R","M","$","R","B",null,"M","M","?","M","$","R","M","E","T","R","M","R","M","E","R","B"],"character_chosen":"IRONCLAD","items_purchased":["Rupture","PrismaticShard"],"campfire_rested":2,"item_purchase_floors":[5,22],"current_hp_per_floor":[74,74,74,51,51,51,20,20,20,20,26,26,32,32,32,10,59,55,42,42,37,37,37,34,18,18,40,11,33,31,16,16,16,16],"gold":180,"neow_bonus":"RANDOM_COLORLESS","is_daily":false,"chose_seed":false,"campfire_upgraded":7,"win_rate":0.0,"timestamp":1613041204,"path_taken":["M","?","M","?","?","R","E","R","T","R","M","R","M","?","R","BOSS","M","M","?","?","$","R","M","E","T","R","M","R","M","E","R","BOSS"],"items_purchased_type":["Card","Relic"],"build_version":"2020-12-22","purchased_purges":1,"victory":false,"max_hp_per_floor":[75,75,75,75,75,75,75,75,75,75,75,75,75,75,75,75,75,75,75,75,75,75,75,75,75,75,75,75,75,75,75,75,75,75],"card_choices":[{"not_picked":["Dramatic Entrance","Enlightenment"],"picked":"Madness","floor":0.0},{"not_picked":["Pummel","Clash"],"picked":"Shrug It Off","floor":1.0},{"not_picked":["Thunderclap","Wild Strike","Heavy Blade"],"picked":"SKIP","floor":3.0},{"not_picked":["Double Tap","Entrench"],"picked":"Battle Trance","floor":7.0},{"not_picked":["Dual Wield","Second Wind"],"picked":"Disarm","floor":11.0},{"not_picked":["Thunderclap","Cleave"],"picked":"Evolve","floor":13.0},{"not_picked":["Bludgeon","Exhume"],"picked":"Brutality","floor":16.0},{"not_picked":["Clothesline","Iron Wave","Body Slam"],"picked":"SKIP","floor":18.0},{"not_picked":["Flex+1","Battle Trance"],"picked":"Hemokinesis","floor":19.0},{"not_picked":["Warcry","Flex","Battle Trance"],"picked":"SKIP","floor":21.0},{"not_picked":["ClearTheMind","Setup"],"picked":"Sword Boomerang","floor":24.0},{"not_picked":["Darkness","Static Discharge","Heavy Blade"],"picked":"SKIP","floor":25.0},{"not_picked":["Pommel Strike","Flying Knee"],"picked":"Blur+1","floor":28.0},{"not_picked":["Steam","Deep Breath"],"picked":"Rupture","floor":30.0},{"not_picked":["Shrug It Off","WreathOfFlame","CutThroughFate"],"picked":"SKIP","floor":31.0},{"not_picked":["Shrug It Off","WreathOfFlame","CutThroughFate"],"picked":"SKIP","floor":31.0}],"player_experience":836229,"relics_obtained":[{"floor":7.0,"key":"Pen Nib"},{"floor":25.0,"key":"Self Forming Clay"},{"floor":26.0,"key":"Tiny Chest"},{"floor":31.0,"key":"Sundial"}],"event_choices":[{"cards_removed":["Strike_R"],"damage_healed":0.0,"max_hp_gain":0.0,"max_hp_loss":0.0,"gold_gain":0.0,"event_name":"Living Wall","player_choice":"Forget","floor":2.0,"gold_loss":0.0,"damage_taken":0.0},{"damage_healed":0.0,"max_hp_gain":0.0,"max_hp_loss":0.0,"gold_gain":0.0,"event_name":"Shining Light","player_choice":"Entered Light","floor":4.0,"gold_loss":0.0,"damage_taken":23.0,"cards_upgraded":["Defend_R","Strike_R"]},{"damage_healed":0.0,"max_hp_gain":0.0,"max_hp_loss":0.0,"gold_gain":0.0,"event_name":"Match and Keep!","player_choice":"2 cards matched","floor":20.0,"gold_loss":0.0,"damage_taken":0.0,"cards_obtained":["True Grit","Seeing Red"]}],"is_beta":false,"boss_relics":[{"not_picked":["Ectoplasm","Empty Cage"],"picked":"Astrolabe"}],"items_purged_floors":[5],"is_endless":false,"potions_floor_spawned":[3,18,21,30],"killed_by":"Collector","ascension_level":15}}