{"host":"gaqyve1328ta0etl","time":1613072421,"event":{"mods":["BaseMod","Colored Map","Colored Powertips","Duelist Mod","Googly Eyes","Hero for Fun","Minty Spire (QoL Compilation)","Shop Mod","StSLib","SuperFastMode","The Hierophant","The Runesmith"],"gold_per_floor":[142,99,111,36,36,36,54,65,65,91,91,125,125,150,150,253,253,265,265,309,321,321,321,336,364,364,384,384,384,400,147,147,246,246,263,274,274,294,34,34,47,64,64,74,0,0,32,42,42,42],"floor_reached":51,"language":"ENG","playtime":13405,"items_purged":["theDuelist:Sparks","theDuelist:CastleWalls","theDuelist:ScrapFactory+1"],"score":1235,"play_id":"042b59e0-1ab7-41f1-a554-6600d2a496e3","local_time":"20210211114021","is_ascension_mode":true,"campfire_choices":[{"data":"theDuelist:YamiForm","floor":6,"key":"SMITH"},{"data":"theDuelist:DarkSparks","floor":11,"key":"SMITH"},{"data":"theDuelist:PsychicShockwave","floor":13,"key":"SMITH"},{"data":"theDuelist:RainbowNeos","floor":15,"key":"SMITH"},{"data":"theDuelist:MillenniumScorpion","floor":23,"key":"SMITH"},{"floor":29,"key":"REST"},{"data":"theDuelist:MillenniumScorpion","floor":32,"key":"SMITH"},{"data":"theDuelist:RainbowKuriboh","floor":40,"key":"SMITH"},{"floor":46,"key":"REST"},{"floor":49,"key":"REST"}],"circlet_count":0,"master_deck":["theDuelist:PsychicShockwave+1","theDuelist:DarkSparks+1","theDuelist:YamiForm+1","theDuelist:MillenniumScorpion+1","theDuelist:RainbowNeos+1","theDuelist:MillenniumScorpion+1","theDuelist:MillenniumScorpion+1","theDuelist:FinalFlame+1","theDuelist:MillenniumScorpion+1","theDuelist:RainbowKuriboh+1"],"relics":["theDuelist:MillenniumPuzzle","theDuelist:CardPoolRelic","theDuelist:CardPoolBasicRelic","theDuelist:BoosterPackPoolRelic","theDuelist:CardPoolAddRelic","theDuelist:CardPoolMinusRelic","theDuelist:CardPoolSaveRelic","theDuelist:CardPoolOptionsRelic","Snake Skull","theDuelist:Monsterbox","Paper Crane","Lantern","theDuelist:MerchantNecklace","Torii","theDuelist:GamblerChip","MutagenicStrength","theDuelist:NamelessWarRelicB","Pantograph","Regal Pillow","Nilry\u0027s Codex","Vajra","Busted Crown","Strawberry","Red Mask","theDuelist:MillenniumRod"],"acts_visited":["Exordium","TheCity","TheBeyond"],"potions_floor_usage":[12,16,18,25,33,50],"damage_taken":[{"damage":0,"enemies":"Small Slimes","floor":1,"turns":3},{"damage":0,"enemies":"Jaw Worm","floor":3,"turns":3},{"damage":0,"enemies":"2 Louse","floor":7,"turns":1},{"damage":1,"enemies":"Red Slaver","floor":8,"turns":3},{"damage":0,"enemies":"Lagavulin","floor":10,"turns":4},{"damage":0,"enemies":"3 Sentries","floor":12,"turns":3},{"damage":0,"enemies":"Gremlin Nob","floor":14,"turns":3},{"damage":0,"enemies":"Hexaghost","floor":16,"turns":5},{"damage":1,"enemies":"2 Thieves","floor":18,"turns":3},{"damage":6,"enemies":"Shell Parasite","floor":21,"turns":4},{"damage":0,"enemies":"Cultist and Chosen","floor":24,"turns":3},{"damage":6,"enemies":"Book of Stabbing","floor":25,"turns":3},{"damage":0,"enemies":"3 Cultists","floor":27,"turns":3},{"damage":0,"enemies":"Chosen and Byrds","floor":30,"turns":3},{"damage":0,"enemies":"Automaton","floor":33,"turns":6},{"damage":0,"enemies":"Orb Walker","floor":35,"turns":3},{"damage":0,"enemies":"3 Darklings","floor":36,"turns":2},{"damage":0,"enemies":"Transient","floor":38,"turns":5},{"damage":0,"enemies":"Spire Growth","floor":41,"turns":3},{"damage":1,"enemies":"Jaw Worm Horde","floor":42,"turns":2},{"damage":0,"enemies":"Maw","floor":44,"turns":3},{"damage":0,"enemies":"Giant Head","floor":47,"turns":4},{"damage":0,"enemies":"Sphere and 2 Shapes","floor":48,"turns":4},{"damage":1,"enemies":"Awakened One","floor":50,"turns":5}],"seed_played":"3264553866400599389","potions_obtained":[{"floor":3,"key":"Fire Potion"},{"floor":10,"key":"theDuelist:TokenPotion"},{"floor":12,"key":"theDuelist:BottledKuriboh"},{"floor":14,"key":"theDuelist:DebuffFuryPotion"},{"floor":18,"key":"theDuelist:SealedPackB"},{"floor":22,"key":"Explosive Potion"},{"floor":27,"key":"theDuelist:BottledKuriboh"},{"floor":41,"key":"PowerPotion"},{"floor":42,"key":"theDuelist:FlamingBottle"}],"is_trial":false,"path_per_floor":["M","?","M","$","?","R","M","M","T","E","R","E","R","E","R","B",null,"M","?","?","M","?","R","M","E","T","M","?","R","M","$","R","B",null,"M","M","?","M","$","R","M","M","T","M","?","R","E","M","R","B",null],"character_chosen":"THE_DUELIST","items_purchased":["theDuelist:Monsterbox","Vajra","theDuelist:MillenniumShield"],"campfire_rested":3,"item_purchase_floors":[4,31,39],"current_hp_per_floor":[72,72,72,72,65,65,65,64,64,64,64,64,64,64,64,64,76,75,75,74,68,68,68,68,62,62,62,46,74,74,74,74,74,74,74,74,74,74,74,74,74,73,80,80,80,81,81,81,81,80],"gold":42,"neow_bonus":"RANDOM_COMMON_RELIC","is_daily":false,"chose_seed":false,"campfire_upgraded":7,"win_rate":0.0,"timestamp":1613072421,"path_taken":["M","?","M","$","?","R","M","M","T","E","R","E","R","E","R","BOSS","M","?","?","M","?","R","M","E","T","?","?","R","M","$","R","BOSS","M","M","?","M","$","R","M","M","T","M","?","R","E","M","R","BOSS"],"items_purchased_type":["Relic","Relic","Card"],"build_version":"2020-12-22","purchased_purges":3,"victory":true,"max_hp_per_floor":[80,80,80,80,80,80,80,80,80,80,80,80,80,80,80,80,80,80,80,74,74,74,74,74,74,74,74,74,74,74,74,74,74,74,74,74,74,74,74,74,74,74,81,81,81,81,81,81,81,81],"card_choices":[{"not_picked":["theDuelist:WhiteHowling","theDuelist:Graverobber","theDuelist:PowerWall","theDuelist:CrystalRaigeki"],"picked":"theDuelist:PsychicShockwave","floor":1},{"not_picked":["theDuelist:SwordsRevealing","theDuelist:GravityLash"],"picked":"theDuelist:YamiForm","floor":3},{"not_picked":["theDuelist:SpellShatteringArrow","theDuelist:MeteorDestruction","theDuelist:Hinotama","theDuelist:LightningVortex"],"picked":"theDuelist:RainbowNeos","floor":7},{"not_picked":["theDuelist:CombinationAttack","theDuelist:Invigoration","theDuelist:WhiteMagicalHat","theDuelist:Eva","theDuelist:LegendarySword"],"picked":"SKIP","floor":8},{"not_picked":["theDuelist:DestroyerGolem","theDuelist:GraniteLoyalist","theDuelist:MillenniumGolem","theDuelist:PowerGiant","theDuelist:RainbowOverdragon"],"picked":"SKIP","floor":10},{"not_picked":["theDuelist:WhiteHowling","theDuelist:PsychicShockwave","theDuelist:Graverobber","theDuelist:SilverApples","theDuelist:PowerWall"],"picked":"SKIP","floor":12},{"not_picked":["theDuelist:BigFire","theDuelist:GilfordLegend","theDuelist:LightningVortex","theDuelist:MudragonSwamp","theDuelist:WingedKuriboh"],"picked":"SKIP","floor":14},{"not_picked":["theDuelist:MudragonSwamp+1","theDuelist:LabyrinthWall","theDuelist:EvilswarmHeliotrope","theDuelist:LightningVortex+1","theDuelist:GemElephant"],"picked":"SKIP","floor":18},{"not_picked":["theDuelist:ClearKuriboh","theDuelist:EarthquakeGiant","theDuelist:WormWarlord","theDuelist:GauntletWarrior+1","theDuelist:MillenniumGolem"],"picked":"SKIP","floor":21},{"not_picked":["theDuelist:StarBlast","theDuelist:Wildfire","theDuelist:GravityLash"],"picked":"SKIP","floor":24},{"not_picked":["theDuelist:CombinationAttack","theDuelist:BigFire","theDuelist:StarBlast","theDuelist:SpiralSpearStrike","theDuelist:AncientGearFist"],"picked":"SKIP","floor":25},{"not_picked":["theDuelist:DoubleTool","theDuelist:CombinationAttack","theDuelist:SpiritHarp","theDuelist:Tuningware","theDuelist:MagicalStone"],"picked":"SKIP","floor":27},{"not_picked":["theDuelist:SilentDoom+1","theDuelist:GravityLash","theDuelist:Mathematician"],"picked":"SKIP","floor":30},{"not_picked":["theDuelist:RainbowNeos","theDuelist:KamionTimelord","theDuelist:Eva","theDuelist:RainbowOverdragon"],"picked":"theDuelist:RainbowKuriboh","floor":33},{"not_picked":["theDuelist:SpellShatteringArrow","theDuelist:DarkFactory+1","theDuelist:GravityAxe+1"],"picked":"SKIP","floor":35},{"not_picked":["theDuelist:MagnumShield+2","theDuelist:FluteKuriboh","theDuelist:SparkBlaster+1"],"picked":"SKIP","floor":36},{"not_picked":["theDuelist:EarthEffigy","theDuelist:GiantSoldierSteel+1","theDuelist:PotDichotomy+1"],"picked":"SKIP","floor":38},{"not_picked":["theDuelist:YamiForm","theDuelist:LightningBlade+1","theDuelist:AmuletAmbition+1"],"picked":"SKIP","floor":41},{"not_picked":["theDuelist:ForbiddenLance+1","theDuelist:GauntletWarrior","theDuelist:GilfordLegend+1"],"picked":"SKIP","floor":42},{"not_picked":["theDuelist:MeteorDestruction","theDuelist:RainbowNeos+1","theDuelist:PowerKaishin"],"picked":"SKIP","floor":44},{"not_picked":["theDuelist:SpellShatteringArrow","theDuelist:ElectromagneticShield+1","theDuelist:DoubleTool"],"picked":"SKIP","floor":47},{"not_picked":["theDuelist:AncientGearFist","theDuelist:OnslaughtFireKings","theDuelist:SwordDeepSeated"],"picked":"SKIP","floor":48}],"player_experience":2119295,"relics_obtained":[{"floor":9,"key":"Paper Crane"},{"floor":10,"key":"Lantern"},{"floor":12,"key":"theDuelist:MerchantNecklace"},{"floor":14,"key":"Torii"},{"floor":25,"key":"Pantograph"},{"floor":26,"key":"Regal Pillow"},{"floor":28,"key":"Nilry\u0027s Codex"},{"floor":43,"key":"Strawberry"},{"floor":47,"key":"theDuelist:MillenniumRod"}],"event_choices":[{"damage_healed":0,"gold_gain":0,"player_choice":"Left Gold","damage_taken":0,"max_hp_gain":0,"max_hp_loss":0,"event_name":"World of Goop","floor":2,"gold_loss":43},{"cards_removed":["theDuelist:CastleWalls"],"damage_healed":0,"gold_gain":0,"player_choice":"Card Removal","damage_taken":7,"max_hp_gain":0,"max_hp_loss":0,"event_name":"Golden Wing","floor":5,"gold_loss":0},{"damage_healed":0,"gold_gain":0,"player_choice":"Inject Mutagens","damage_taken":0,"relics_obtained":["MutagenicStrength"],"max_hp_gain":0,"max_hp_loss":0,"event_name":"Drug Dealer","floor":19,"gold_loss":0},{"total_magic_score":52,"gold_gain":250,"greed_reward":1,"duelist":true,"damage_taken":0,"relics_obtained":["theDuelist:NamelessWarRelicB"],"points":3,"war_reward":2,"max_hp_gain":0,"max_hp_loss":6,"spent_points":{"magic":0,"greed":1,"war":2,"power":0,"hunger":0},"event_name":"Nameless Tomb","floor":20,"gold_loss":206,"cards_obtained":[]},{"damage_healed":0,"gold_gain":0,"player_choice":"Got Potions","damage_taken":0,"max_hp_gain":0,"max_hp_loss":0,"event_name":"Lab","floor":22,"gold_loss":0},{"damage_healed":0,"gold_gain":0,"player_choice":"Obtained Book","damage_taken":16,"max_hp_gain":0,"max_hp_loss":0,"event_name":"Cursed Tome","floor":28,"gold_loss":0},{"damage_healed":0,"gold_gain":0,"player_choice":"Leave","duelist":true,"damage_taken":0,"max_hp_gain":0,"max_hp_loss":0,"event_name":"Card Trader","floor":37,"gold_loss":0},{"damage_healed":0,"gold_gain":0,"player_choice":"Paid","damage_taken":0,"relics_obtained":["Red Mask"],"max_hp_gain":0,"max_hp_loss":0,"event_name":"Tomb of Lord Red Mask","floor":45,"gold_loss":74}],"is_beta":false,"boss_relics":[{"not_picked":["theDuelist:HauntedRelic","Velvet Choker"],"picked":"theDuelist:GamblerChip"},{"not_picked":["Philosopher\u0027s Stone","theDuelist:ElectricKey"],"picked":"Busted Crown"}],"items_purged_floors":[4,31,39],"is_endless":false,"potions_floor_spawned":[3,10,12,14,18,27,30,41,42,44,47],"ascension_level":6}}