{"host":"3d7yvplr5ovcyppx","time":1613062559,"event":{"mods":["AchievementEnabler","BaseMod","Hermit","Jorbs\u0027s Wanderer Trilogy","Minty Spire (QoL Compilation)","Quick Restart","Somnambulant","StSLib","The Cursed","The Disciple","The Servant 0.9.4"],"gold_per_floor":[118,130,205,219,239,267,292,317,317,329,343,343,343],"floor_reached":12,"language":"ENG","playtime":460,"items_purged":[],"score":97,"play_id":"6e3962fc-c977-4437-abe0-db2bd653878a","local_time":"20210211222559","is_ascension_mode":true,"campfire_choices":[],"circlet_count":0,"master_deck":["Strike_B","Strike_B","Strike_B","Strike_B","Defend_B","Defend_B","Defend_B","Defend_B","Zap","Dualcast","Lockon","Gash","Storm","Sweeping Beam","Darkness","Meteor Strike","Aggregate","Rip and Tear"],"relics":["Cracked Core","Lantern","Dream Catcher","Boot","Gremlin Horn"],"acts_visited":["Exordium"],"potions_floor_usage":[6,8,12],"damage_taken":[{"damage":1,"enemies":"Jaw Worm","floor":1,"turns":3},{"damage":1,"enemies":"Cultist","floor":2,"turns":3},{"damage":6,"enemies":"2 Louse","floor":4,"turns":2},{"damage":11,"enemies":"2 Fungi Beasts","floor":5,"turns":4},{"damage":40,"enemies":"Lagavulin","floor":6,"turns":7},{"damage":9,"enemies":"Gremlin Nob","floor":8,"turns":4},{"damage":1,"enemies":"Exordium Thugs","floor":10,"turns":3},{"damage":0,"enemies":"3 Louse","floor":11,"turns":2},{"damage":9,"enemies":"3 Sentries","floor":12,"turns":1}],"seed_played":"8678161288412116822","potions_obtained":[{"floor":1,"key":"Dexterity Potion"},{"floor":4,"key":"Weak Potion"},{"floor":11,"key":"DuplicationPotion"}],"is_trial":false,"path_per_floor":["M","M","?","M","M","E","T","E","T","M","M","E"],"character_chosen":"DEFECT","items_purchased":[],"campfire_rested":0,"item_purchase_floors":[],"current_hp_per_floor":[81,80,69,63,52,12,12,3,3,2,2,0,0],"gold":343,"neow_bonus":"TEN_PERCENT_HP_BONUS","is_daily":false,"chose_seed":false,"campfire_upgraded":0,"win_rate":0.0,"timestamp":1613062559,"path_taken":["M","M","?","M","M","E","?","E","T","?","M","E"],"items_purchased_type":[],"build_version":"2020-12-22","purchased_purges":0,"victory":false,"max_hp_per_floor":[82,82,82,82,82,82,82,82,82,82,82,82,82],"card_choices":[{"not_picked":["Reinforced Body","Recycle"],"picked":"Lockon","floor":1},{"not_picked":["Steam","Ball Lightning"],"picked":"Gash","floor":2},{"not_picked":["Steam","Fusion"],"picked":"Storm","floor":4},{"not_picked":["Barrage","Double Energy"],"picked":"Sweeping Beam","floor":5},{"not_picked":["Coolheaded","Compile Driver"],"picked":"Darkness","floor":6},{"not_picked":["FTL","Reprogram"],"picked":"Meteor Strike","floor":8},{"not_picked":["Undo","Coolheaded"],"picked":"Aggregate","floor":10},{"not_picked":["Beam Cell","Self Repair"],"picked":"Rip and Tear","floor":11}],"player_experience":29116,"relics_obtained":[{"floor":6,"key":"Lantern"},{"floor":7,"key":"Dream Catcher"},{"floor":8,"key":"Boot"},{"floor":9,"key":"Gremlin Horn"}],"event_choices":[{"damage_healed":0,"gold_gain":75,"player_choice":"Gather Gold","damage_taken":11,"max_hp_gain":0,"max_hp_loss":0,"event_name":"World of Goop","floor":3,"gold_loss":0}],"is_beta":false,"boss_relics":[],"items_purged_floors":[],"is_endless":false,"potions_floor_spawned":[1,4,11],"killed_by":"3 Sentries","ascension_level":1}}