{"host":"e8rlfedn69rz2s07","time":1613082464,"event":{"mods":["AchievementEnabler","BaseMod","Minty Spire (QoL Compilation)","Permanent Neow","Relic Stats"],"gold_per_floor":[115,129,141,153,172,207,207,235,235,235,248,248,275,9,9,83,383,397,409,36,36,55,55,55],"floor_reached":23,"language":"ENG","playtime":808,"items_purged":["Pain"],"score":426,"play_id":"c5bb5efd-7ec4-4996-80e0-fc3d0a9545c3","local_time":"20210212002744","is_ascension_mode":true,"campfire_choices":[{"floor":7.0,"key":"REST"},{"floor":12.0,"key":"REST"},{"floor":15.0,"key":"RECALL"}],"circlet_count":0,"master_deck":["AscendersBane","Strike_G","Strike_G","Strike_G","Strike_G","Strike_G","Defend_G+1","Defend_G+1","Defend_G","Defend_G","Defend_G","Survivor","Neutralize","Dagger Throw","Bouncing Flask","Dagger Spray","Bane","Bane","Backflip","Bouncing Flask","Apotheosis","Footwork+1","Adrenaline","CurseOfTheBell","Catalyst+1","Deadly Poison+1","Well Laid Plans+1","Backflip","Master of Strategy","Calculated Gamble"],"relics":["Fusion Hammer","Smiling Mask","Frozen Egg 2","War Paint","WarpedTongs","Bag of Marbles","Calling Bell","Orichalcum","Eternal Feather","Old Coin"],"acts_visited":["Exordium","TheCity"],"potions_floor_usage":[23,23],"damage_taken":[{"damage":0.0,"enemies":"Jaw Worm","floor":1.0,"turns":4.0},{"damage":1.0,"enemies":"Cultist","floor":2.0,"turns":3.0},{"damage":6.0,"enemies":"Small Slimes","floor":3.0,"turns":3.0},{"damage":0.0,"enemies":"Blue Slaver","floor":4.0,"turns":3.0},{"damage":5.0,"enemies":"3 Louse","floor":5.0,"turns":4.0},{"damage":25.0,"enemies":"Lagavulin","floor":6.0,"turns":7.0},{"damage":6.0,"enemies":"Gremlin Nob","floor":8.0,"turns":3.0},{"damage":1.0,"enemies":"2 Fungi Beasts","floor":11.0,"turns":3.0},{"damage":25.0,"enemies":"Lagavulin","floor":13.0,"turns":7.0},{"damage":5.0,"enemies":"Hexaghost","floor":16.0,"turns":9.0},{"damage":0.0,"enemies":"Chosen","floor":18.0,"turns":4.0},{"damage":20.0,"enemies":"2 Thieves","floor":19.0,"turns":4.0},{"damage":16.0,"enemies":"Chosen and Byrds","floor":22.0,"turns":5.0},{"damage":25,"enemies":"Slavers","floor":23,"turns":3}],"seed_played":"-5975886254279346077","potions_obtained":[{"floor":3.0,"key":"Swift Potion"},{"floor":4.0,"key":"LiquidBronze"},{"floor":16.0,"key":"SteroidPotion"},{"floor":18.0,"key":"Dexterity Potion"}],"is_trial":false,"path_per_floor":["M","M","M","M","M","E","R","E","T","?","M","R","E","$","R","B",null,"M","M","$","?","M","E"],"character_chosen":"THE_SILENT","items_purchased":["Apotheosis","Footwork+1","Well Laid Plans+1","Backflip","Master of Strategy"],"campfire_rested":2,"item_purchase_floors":[14,14,20,20,20],"current_hp_per_floor":[59,58,52,52,47,22,41,35,35,35,34,53,28,28,28,23,55,55,35,35,35,19,0,0],"gold":55,"neow_bonus":"BOSS_RELIC","is_daily":false,"chose_seed":false,"campfire_upgraded":0,"win_rate":0.0,"timestamp":1613082464,"path_taken":["M","M","M","M","M","E","R","E","T","?","?","R","E","$","R","BOSS","M","M","$","?","M","E"],"items_purchased_type":["Card","Card","Card","Card","Card"],"build_version":"2020-12-22","purchased_purges":1,"victory":false,"max_hp_per_floor":[66,66,66,66,66,66,66,66,66,66,66,66,66,66,66,66,66,66,66,66,66,66,66,66],"relic_stats":{"counters":[14,62],"Eternal Feather":0,"War Paint":["Defend_G","Defend_G"],"Orichalcum":[48],"Smiling Mask":25,"obtain_stats":[{"Calling Bell":17,"Eternal Feather":17,"Fusion Hammer":0,"Bag of Marbles":13,"Frozen Egg 2":8,"War Paint":9,"Orichalcum":17,"Smiling Mask":6,"Ring of the Snake":0,"WarpedTongs":10,"Old Coin":17},{"Calling Bell":10,"Eternal Feather":10,"Fusion Hammer":0,"Bag of Marbles":9,"Frozen Egg 2":7,"War Paint":7,"Orichalcum":10,"Smiling Mask":6,"Ring of the Snake":0,"WarpedTongs":7,"Old Coin":10},{"Calling Bell":46,"Eternal Feather":46,"Fusion Hammer":0,"Bag of Marbles":37,"Frozen Egg 2":27,"War Paint":27,"Orichalcum":46,"Smiling Mask":24,"Ring of the Snake":0,"WarpedTongs":27,"Old Coin":46}],"WarpedTongs":[22]},"card_choices":[{"not_picked":["Catalyst","Outmaneuver"],"picked":"Dagger Throw","floor":1.0},{"not_picked":["Backflip","Dagger Throw"],"picked":"Bouncing Flask","floor":2.0},{"not_picked":["Underhanded Strike","Tactician"],"picked":"Dagger Spray","floor":3.0},{"not_picked":["All Out Attack","Outmaneuver"],"picked":"Bane","floor":4.0},{"not_picked":["Accuracy","Underhanded Strike","Prepared"],"picked":"SKIP","floor":5.0},{"not_picked":["Acrobatics","Flechettes"],"picked":"Bane","floor":6.0},{"not_picked":["Sucker Punch","Masterful Stab","Storm of Steel"],"picked":"SKIP","floor":8.0},{"not_picked":["Deflect","Accuracy+1"],"picked":"Backflip","floor":11.0},{"not_picked":["Expertise","Acrobatics"],"picked":"Bouncing Flask","floor":13.0},{"not_picked":["Venomology","Doppelganger"],"picked":"Adrenaline","floor":16.0},{"not_picked":["Crippling Poison","Blade Dance"],"picked":"Catalyst+1","floor":18.0},{"not_picked":["Dodge and Roll","Setup"],"picked":"Deadly Poison+1","floor":19.0},{"not_picked":["Quick Slash","Cloak And Dagger"],"picked":"Calculated Gamble","floor":22.0}],"player_experience":1078657,"relics_obtained":[{"floor":6.0,"key":"Smiling Mask"},{"floor":8.0,"key":"Frozen Egg 2"},{"floor":9.0,"key":"War Paint"},{"floor":13.0,"key":"Bag of Marbles"},{"floor":17.0,"key":"Orichalcum"},{"floor":17.0,"key":"Eternal Feather"},{"floor":17.0,"key":"Old Coin"}],"event_choices":[{"damage_healed":0.0,"max_hp_gain":0.0,"max_hp_loss":0.0,"gold_gain":0.0,"event_name":"Accursed Blacksmith","player_choice":"Rummage","floor":10.0,"gold_loss":0.0,"damage_taken":0.0,"relics_obtained":["WarpedTongs"],"cards_obtained":["Pain"]},{"damage_healed":0.0,"max_hp_gain":0.0,"max_hp_loss":0.0,"gold_gain":0.0,"event_name":"The Mausoleum","player_choice":"Ignored","floor":21.0,"gold_loss":0.0,"damage_taken":0.0}],"is_beta":false,"boss_relics":[{"not_picked":["Coffee Dripper","Tiny House"],"picked":"Calling Bell"}],"items_purged_floors":[20],"is_endless":false,"potions_floor_spawned":[3,4,5,16,18,22],"killed_by":"Slavers","ascension_level":20}}