{"host":"pjgcdp3h1plnbocs","time":1613005241,"event":{"mods":["AchievementEnabler","BaseMod","Colored Map","Downfall","Highlight Path","Minty Spire (QoL Compilation)","StSLib"],"gold_per_floor":[112,62,62,73,73,105,124,141,141,173,173,189,189,218,218,314,314,331,331,345,11,24,53,53,85,85,119,119,136,136,165,165,265,265,283,263,84,104,120,150,150,184,184,214,228,243,105,105,105,105,105],"floor_reached":50,"language":"ENG","playtime":2639,"items_purged":["downfall:Malfunctioning","downfall:Aged"],"score":1080,"play_id":"ece82497-1cc5-4410-8e55-745723923b04","local_time":"20210211020040","is_ascension_mode":true,"campfire_choices":[{"data":"A Thousand Cuts","floor":11.0,"key":"SMITH"},{"data":"Burst","floor":13.0,"key":"SMITH"},{"floor":15.0,"key":"REST"},{"floor":24.0,"key":"REST"},{"data":"Noxious Fumes","floor":28.0,"key":"SMITH"},{"floor":32.0,"key":"REST"},{"floor":41,"key":"RECALL"},{"floor":49,"key":"REST"}],"circlet_count":0,"master_deck":["AscendersBane","Strike_G","Strike_G","Strike_G","Strike_G","Defend_G","Defend_G","Defend_G","Defend_G","Defend_G","Survivor","Neutralize","Deadly Poison","Backflip","Deadly Poison","Acrobatics","Burst+1","A Thousand Cuts+1","Crippling Poison","Corpse Explosion","Well Laid Plans+1","Noxious Fumes+1","Backflip+1","Adrenaline+1","Cloak And Dagger+1"],"relics":["Ring of the Snake","NeowsBlessing","Paper Crane","Anchor","Bag of Marbles","Strawberry","Blood Vial","Cursed Key","Toxic Egg 2","Kunai","The Courier","Slimebound:StickyStick","Ornamental Fan","Philosopher\u0027s Stone","TwistedFunnel","Frozen Egg 2","Mercury Hourglass","Singing Bowl","Vajra"],"acts_visited":["Exordium","TheCity","TheBeyond"],"potions_floor_usage":[44,50,50,50],"damage_taken":[{"damage":0.0,"enemies":"2 Louse","floor":1.0,"turns":1.0},{"damage":0.0,"enemies":"Jaw Worm","floor":4.0,"turns":1.0},{"damage":0.0,"enemies":"Lagavulin","floor":6.0,"turns":1.0},{"damage":2.0,"enemies":"Small Slimes","floor":7.0,"turns":4.0},{"damage":0.0,"enemies":"Exordium Wildlife","floor":8.0,"turns":7.0},{"damage":23.0,"enemies":"Gremlin Nob","floor":10.0,"turns":4.0},{"damage":2.0,"enemies":"Gremlin Gang","floor":12.0,"turns":6.0},{"damage":23.0,"enemies":"3 Sentries","floor":14.0,"turns":9.0},{"damage":34.0,"enemies":"Hexaghost","floor":16.0,"turns":10.0},{"damage":0.0,"enemies":"3 Byrds","floor":18.0,"turns":3.0},{"damage":1.0,"enemies":"Spheric Guardian","floor":20.0,"turns":4.0},{"damage":15.0,"enemies":"Snake Plant","floor":22.0,"turns":5.0},{"damage":6.0,"enemies":"Book of Stabbing","floor":23.0,"turns":7.0},{"damage":27.0,"enemies":"Gremlin Leader","floor":25.0,"turns":7.0},{"damage":9.0,"enemies":"Slavers","floor":27.0,"turns":3.0},{"damage":7.0,"enemies":"Centurion and Healer","floor":29.0,"turns":5.0},{"damage":0.0,"enemies":"Book of Stabbing","floor":31.0,"turns":6.0},{"damage":41.0,"enemies":"Collector","floor":33.0,"turns":8.0},{"damage":10.0,"enemies":"Orb Walker","floor":35.0,"turns":4.0},{"damage":0.0,"enemies":"3 Shapes","floor":38.0,"turns":3.0},{"damage":3,"enemies":"Spire Growth","floor":39,"turns":5},{"damage":7,"enemies":"Giant Head","floor":40,"turns":8},{"damage":14,"enemies":"Nemesis","floor":42,"turns":7},{"damage":5,"enemies":"Giant Head","floor":44,"turns":8},{"damage":2,"enemies":"Jaw Worm Horde","floor":45,"turns":3},{"damage":36,"enemies":"4 Shapes","floor":46,"turns":3},{"damage":55,"enemies":"Time Eater","floor":50,"turns":11}],"seed_played":"-4975159902858938478","potions_obtained":[{"floor":7.0,"key":"LiquidMemories"},{"floor":8.0,"key":"SkillPotion"},{"floor":10.0,"key":"EssenceOfSteel"},{"floor":12.0,"key":"LiquidMemories"},{"floor":25.0,"key":"Fire Potion"},{"floor":29.0,"key":"champ:CounterPotion"},{"floor":31.0,"key":"DuplicationPotion"},{"floor":35.0,"key":"LiquidBronze"},{"floor":36.0,"key":"DistilledChaos"},{"floor":39,"key":"Weak Potion"},{"floor":46,"key":"Swift Potion"}],"is_trial":false,"path_per_floor":["M","?","?","M","T","E","M","M","T","E","R","M","R","E","R","B",null,"M","?","M","$","M","E","R","E","T","E","R","M","?","E","R","B",null,"M","?","$","M","M","E","R","E","T","E","M","M","$","?","R","B"],"character_chosen":"THE_SILENT","items_purchased":["Toxic Egg 2","Noxious Fumes","Backflip+1","TwistedFunnel","DuplicationPotion"],"campfire_rested":4,"item_purchase_floors":[21,21,21,37,47],"current_hp_per_floor":[63,63,63,63,63,63,61,61,61,45,45,43,43,20,43,11,61,63,49,50,50,37,33,57,32,32,25,25,20,20,22,46,7,63,55,55,55,57,56,51,51,39,39,38,40,8,8,8,34,0,0],"gold":105,"neow_bonus":"THREE_ENEMY_KILL","is_daily":false,"chose_seed":false,"campfire_upgraded":3,"win_rate":0.0,"timestamp":1613005240,"path_taken":["M","?","?","M","?","E","M","M","T","E","R","M","R","E","R","BOSS","M","?","M","$","M","E","R","E","T","E","R","M","?","E","R","BOSS","M","?","$","?","M","E","R","E","T","E","M","M","$","?","R","BOSS"],"items_purchased_type":["Relic","Card","Card","Relic","Potion"],"build_version":"2020-12-22","purchased_purges":2,"victory":false,"max_hp_per_floor":[70,70,70,70,70,70,70,70,70,77,77,77,77,77,77,77,77,77,82,82,82,82,82,82,82,82,82,82,82,82,82,82,82,82,82,82,82,82,82,82,82,82,82,84,86,88,88,88,88,88,88],"card_choices":[{"not_picked":["Outmaneuver","Cloak And Dagger"],"picked":"Deadly Poison","floor":1.0},{"not_picked":["Sucker Punch","Flying Knee"],"picked":"Backflip","floor":4.0},{"not_picked":["Slice","Prepared"],"picked":"Deadly Poison","floor":6.0},{"not_picked":["Cloak And Dagger","Dagger Spray"],"picked":"Acrobatics","floor":7.0},{"not_picked":["Deadly Poison","Flying Knee"],"picked":"Burst","floor":8.0},{"not_picked":["Bane","Flying Knee"],"picked":"A Thousand Cuts","floor":10.0},{"not_picked":["Dagger Throw","Slice","PiercingWail"],"picked":"SKIP","floor":12.0},{"not_picked":["All Out Attack","Concentrate"],"picked":"Crippling Poison","floor":14.0},{"not_picked":["Tools of the Trade","Malaise"],"picked":"Corpse Explosion","floor":16.0},{"not_picked":["Masterful Stab","Blade Dance"],"picked":"Well Laid Plans+1","floor":18.0},{"not_picked":["Dodge and Roll","Deflect","Acrobatics"],"picked":"SKIP","floor":20.0},{"not_picked":["Dagger Throw+1","Reflex+1","Slice"],"picked":"SKIP","floor":22.0},{"not_picked":["Riddle With Holes+1","Dash","Finisher"],"picked":"SKIP","floor":23.0},{"not_picked":["Backflip+1","Flechettes+1","Endless Agony+1"],"picked":"SKIP","floor":25.0},{"not_picked":["Outmaneuver+1","Distraction+1"],"picked":"Adrenaline+1","floor":27.0},{"not_picked":["Underhanded Strike+1","Noxious Fumes","Dagger Spray"],"picked":"SKIP","floor":29.0},{"not_picked":["Prepared+1","Poisoned Stab+1"],"picked":"Cloak And Dagger+1","floor":31.0},{"not_picked":["Calculated Gamble+1","Noxious Fumes","Bane"],"picked":"SKIP","floor":35.0},{"not_picked":["PiercingWail+1","Backflip+1","Leg Sweep+1"],"picked":"SKIP","floor":38},{"not_picked":["Dagger Spray","Acrobatics+1","Outmaneuver+1"],"picked":"SKIP","floor":39},{"not_picked":["Eviscerate","Bouncing Flask+1","Blade Dance+1"],"picked":"SKIP","floor":40},{"not_picked":["Distraction+1","Noxious Fumes+1","Grand Finale"],"picked":"SKIP","floor":42},{"not_picked":["Quick Slash","Endless Agony+1","Leg Sweep+1"],"picked":"Singing Bowl","floor":44},{"not_picked":["Quick Slash","Flying Knee+1","Outmaneuver+1"],"picked":"Singing Bowl","floor":45},{"not_picked":["Unload","Sucker Punch+1","Acrobatics+1"],"picked":"Singing Bowl","floor":46}],"player_experience":229056,"relics_obtained":[{"floor":5.0,"key":"Paper Crane"},{"floor":6.0,"key":"Anchor"},{"floor":9.0,"key":"Bag of Marbles"},{"floor":10.0,"key":"Strawberry"},{"floor":14.0,"key":"Blood Vial"},{"floor":23.0,"key":"Kunai"},{"floor":25.0,"key":"The Courier"},{"floor":27.0,"key":"Slimebound:StickyStick"},{"floor":31.0,"key":"Ornamental Fan"},{"floor":40,"key":"Frozen Egg 2"},{"floor":42,"key":"Mercury Hourglass"},{"floor":43,"key":"Singing Bowl"},{"floor":44,"key":"Vajra"}],"event_choices":[{"cards_removed":["Strike_G"],"damage_healed":0.0,"max_hp_gain":0.0,"max_hp_loss":0.0,"gold_gain":0.0,"event_name":"The Cleric","player_choice":"Card Removal","floor":2.0,"gold_loss":50.0,"damage_taken":0.0},{"damage_healed":0.0,"max_hp_gain":0.0,"max_hp_loss":0.0,"gold_gain":0.0,"event_name":"Liars Game","player_choice":"Ignored","floor":3.0,"gold_loss":0.0,"damage_taken":0.0},{"damage_healed":0.0,"max_hp_gain":5.0,"max_hp_loss":0.0,"gold_gain":0.0,"event_name":"Forgotten Altar","player_choice":"Shed Blood","floor":19.0,"gold_loss":0.0,"damage_taken":19.0},{"damage_healed":0.0,"max_hp_gain":0.0,"max_hp_loss":0.0,"gold_gain":0.0,"event_name":"The Woman in Blue","player_choice":"Bought 1 Potion","floor":36.0,"gold_loss":0.0,"damage_taken":0.0},{"damage_healed":0,"gold_gain":0,"player_choice":"0 cards matched","damage_taken":0,"max_hp_gain":0,"max_hp_loss":0,"event_name":"Match and Keep!","floor":48,"gold_loss":0,"cards_obtained":[]}],"is_beta":false,"boss_relics":[{"not_picked":["Snecko Eye","Astrolabe"],"picked":"Cursed Key"},{"not_picked":["expansioncontent:StudyCardRelic","SacredBark"],"picked":"Philosopher\u0027s Stone"}],"items_purged_floors":[37,47],"is_endless":false,"potions_floor_spawned":[7,8,10,12,16,20,25,29,31,35,39,42,46],"killed_by":"Time Eater","ascension_level":10}}