{"host":"mi0eibewekhugwl1","time":1613030445,"event":{"mods":["AchievementEnabler","BaseMod","Colored Map","Colored Powertips","DeckTracker","Keyboard Shortcuts","Minty Spire (QoL Compilation)","Quick Restart","Rare Cards Sparkle","Relic Stats","StSLib","SuperFastMode","everything is the same but u backflip on backflip"],"gold_per_floor":[111,261,336,413,428,428,446,126,178,196,214,239,44,64,64,136,136,155,126,142,53,53,53,67,67,142,142,192,192,209,1,1,1,1],"floor_reached":33,"language":"KOR","playtime":732,"items_purged":["Doubt","Strike_G"],"score":574,"play_id":"64d28e36-2276-4b66-b164-a197d4fd0ce9","local_time":"20210211170045","is_ascension_mode":true,"campfire_choices":[{"data":"Deadly Poison","floor":6,"key":"SMITH"},{"floor":15,"key":"REST"},{"floor":23,"key":"REST"},{"floor":25,"key":"REST"},{"data":"Apotheosis","floor":32,"key":"SMITH"}],"circlet_count":0,"master_deck":["AscendersBane","Strike_G","Strike_G","Strike_G","Strike_G","Defend_G","Defend_G","Defend_G","Defend_G","Defend_G","Survivor","Neutralize","Masterful Stab","Deadly Poison+1","Poisoned Stab","Burst","Well Laid Plans","Escape Plan","Noxious Fumes","Escape Plan","Leg Sweep","Calculated Gamble","Adrenaline","Acrobatics","Blur","Venomology","Tactician","Writhe","Decay","Ghostly","Ghostly","Ghostly","Backflip","Apotheosis+1"],"relics":["Ring of the Snake","NeowsBlessing","Akabeko","Odd Mushroom","Cursed Key","Mercury Hourglass"],"acts_visited":["Exordium","TheCity"],"potions_floor_usage":[12,19,20,24,33],"damage_taken":[{"damage":0,"enemies":"Jaw Worm","floor":1,"turns":1},{"damage":0,"enemies":"2 Louse","floor":5,"turns":1},{"damage":0,"enemies":"Small Slimes","floor":7,"turns":1},{"damage":4,"enemies":"Blue Slaver","floor":10,"turns":4},{"damage":17,"enemies":"Large Slime","floor":11,"turns":7},{"damage":24,"enemies":"The Mushroom Lair","floor":12,"turns":5},{"damage":0,"enemies":"3 Louse","floor":14,"turns":3},{"damage":0,"enemies":"The Guardian","floor":16,"turns":9},{"damage":9,"enemies":"Shell Parasite","floor":18,"turns":5},{"damage":1,"enemies":"2 Thieves","floor":19,"turns":4},{"damage":43,"enemies":"3 Cultists","floor":20,"turns":7},{"damage":15,"enemies":"Snecko","floor":24,"turns":8},{"damage":6,"enemies":"Centurion and Healer","floor":30,"turns":10},{"damage":23,"enemies":"Champ","floor":33,"turns":15}],"seed_played":"3306542776550060392","potions_obtained":[{"floor":7,"key":"Energy Potion"},{"floor":10,"key":"EssenceOfSteel"},{"floor":24,"key":"EssenceOfSteel"}],"is_trial":false,"path_per_floor":["M","?","?","T","M","R","M","$","T","M","M","?","$","M","R","B",null,"M","M","M","$","?","R","M","R","T","?","?","?","M","$","R","B"],"character_chosen":"THE_SILENT","items_purchased":["Burst","Well Laid Plans","Leg Sweep","Energy Potion","Tactician","Apotheosis"],"campfire_rested":3,"item_purchase_floors":[8,8,13,13,21,31],"current_hp_per_floor":[59,59,48,48,48,48,48,48,48,44,27,3,3,3,22,22,55,46,45,2,2,2,21,6,25,25,25,25,25,19,19,19,0,0],"gold":1,"neow_bonus":"THREE_ENEMY_KILL","is_daily":false,"chose_seed":false,"campfire_upgraded":2,"win_rate":0.0,"timestamp":1613030445,"path_taken":["M","?","?","?","M","R","M","$","T","M","M","?","?","M","R","BOSS","M","M","M","$","?","R","M","R","T","?","?","?","M","$","R","BOSS"],"items_purchased_type":["Card","Card","Card","Potion","Card","Card"],"build_version":"2020-12-22","purchased_purges":2,"victory":false,"max_hp_per_floor":[66,66,66,66,66,66,66,66,66,66,66,66,66,66,66,66,66,66,66,66,66,66,66,66,66,66,66,66,33,33,33,33,33,33],"relic_stats":{"counters":[14,79],"Cursed Key":1,"obtain_stats":[{"NeowsBlessing":0,"Odd Mushroom":12,"Cursed Key":17,"Akabeko":9,"Ring of the Snake":0,"Mercury Hourglass":26},{"NeowsBlessing":0,"Odd Mushroom":6,"Cursed Key":8,"Akabeko":3,"Ring of the Snake":0,"Mercury Hourglass":12},{"NeowsBlessing":0,"Odd Mushroom":19,"Cursed Key":31,"Akabeko":3,"Ring of the Snake":0,"Mercury Hourglass":55}],"Ring of the Snake":[28],"Mercury Hourglass":[45]},"card_choices":[{"not_picked":["Bane","Distraction"],"picked":"Masterful Stab","floor":1},{"not_picked":["Bane","Acrobatics"],"picked":"Deadly Poison","floor":5},{"not_picked":["Backflip","Flying Knee"],"picked":"Poisoned Stab","floor":7},{"not_picked":["Masterful Stab","Backflip"],"picked":"Escape Plan","floor":10},{"not_picked":["PiercingWail","Sucker Punch"],"picked":"Noxious Fumes","floor":11},{"not_picked":["Eviscerate","Accuracy"],"picked":"Escape Plan","floor":12},{"not_picked":["Poisoned Stab","Burst"],"picked":"Calculated Gamble","floor":14},{"not_picked":["Night Terror","Malaise"],"picked":"Adrenaline","floor":16},{"not_picked":["Dodge and Roll","Backflip"],"picked":"Acrobatics","floor":18},{"not_picked":["Quick Slash","Bane"],"picked":"Blur","floor":19},{"not_picked":["Cloak And Dagger+1","Slice+1"],"picked":"Venomology","floor":20},{"not_picked":["Blade Dance","Concentrate","Underhanded Strike+1"],"picked":"SKIP","floor":24},{"not_picked":["Bane","Slice"],"picked":"Backflip","floor":30}],"player_experience":1795732,"relics_obtained":[{"floor":9,"key":"Akabeko"},{"floor":12,"key":"Odd Mushroom"},{"floor":26,"key":"Mercury Hourglass"}],"event_choices":[{"damage_healed":0,"gold_gain":150,"player_choice":"AGREE","damage_taken":0,"max_hp_gain":0,"max_hp_loss":0,"event_name":"Liars Game","floor":2,"gold_loss":0,"cards_obtained":["Doubt"]},{"damage_healed":0,"gold_gain":75,"player_choice":"Gather Gold","damage_taken":11,"max_hp_gain":0,"max_hp_loss":0,"event_name":"World of Goop","floor":3,"gold_loss":0},{"damage_healed":0,"gold_gain":0,"player_choice":"Fought Mushrooms","damage_taken":0,"max_hp_gain":0,"max_hp_loss":0,"event_name":"Mushrooms","floor":12,"gold_loss":0},{"damage_healed":0,"gold_gain":0,"player_choice":"Ignored","damage_taken":0,"max_hp_gain":0,"max_hp_loss":0,"event_name":"The Mausoleum","floor":22,"gold_loss":0},{"damage_healed":0,"gold_gain":0,"player_choice":"Smashed Altar","damage_taken":0,"max_hp_gain":0,"max_hp_loss":0,"event_name":"Forgotten Altar","floor":27,"gold_loss":0,"cards_obtained":["Decay"]},{"damage_healed":0,"gold_gain":50,"player_choice":"Stole From Cult","damage_taken":0,"max_hp_gain":0,"max_hp_loss":0,"event_name":"Nest","floor":28,"gold_loss":0},{"damage_healed":0,"gold_gain":0,"player_choice":"Became a Ghost","damage_taken":0,"max_hp_gain":0,"max_hp_loss":33,"event_name":"Ghosts","floor":29,"gold_loss":0,"cards_obtained":["Ghostly","Ghostly","Ghostly"]}],"is_beta":false,"boss_relics":[{"not_picked":["Ectoplasm","Runic Dome"],"picked":"Cursed Key"}],"items_purged_floors":[8,13],"is_endless":false,"potions_floor_spawned":[7,10,14,18,24],"killed_by":"Champ","ascension_level":20}}