{"host":"17xjy7b7ubl548g2","time":1613007939,"event":{"mods":["2.2 Compatiblity","Act Like it!","Aspiration","Astrologer","Bard","BaseMod","Challenge The Spire","ChefMod","Colored Map","Colored Powertips","Conspire","Elementarium","Energized Spire","Gensokyo","GifTheSpireLib","Halation","Hallownest","Hermit","Hubris","Jedi Mod","Jorbs\u0027s Wanderer Trilogy","Marisa（霧雨　魔理沙）","Marked Mod","Menagerie","Minty Spire (QoL Compilation)","Permanent Neow","Reliquary","Robot Space Explorer","Spicy Shops","Spire Arcade","StSLib","Stuff the Spire","The Blue Laboratory","The Bug Knight","The Construct","The Disciple","The Hayseed","The Hierophant","The Runesmith","The Sage","TheFirefly"],"gold_per_floor":[112,112,112,40,53,53,53,67,67,67,99,99,127,141,141,243,243,258,8,8,8,8,8,8,8,8,8,8,8,8,8,8,8,8,8,8,8,8,8,8,8,8,8,8,8,8,8,8,8,8],"floor_reached":51,"language":"ENG","playtime":3726,"items_purged":["thefirefly:Strike"],"score":1152,"play_id":"a89f960f-b397-4fd0-921a-a91c9dc5cd46","local_time":"20210210204539","is_ascension_mode":true,"campfire_choices":[{"data":"thefirefly:StealthMode","floor":6,"key":"SMITH"},{"data":"thefirefly:Prominence","floor":10,"key":"SMITH"},{"data":"thefirefly:Nova","floor":12,"key":"SMITH"},{"data":"thefirefly:CoveringFire","floor":15,"key":"SMITH"},{"data":"thefirefly:LaserMail","floor":23,"key":"SMITH"},{"data":"thefirefly:ShieldGenerator","floor":30,"key":"SMITH"},{"data":"thefirefly:ShieldGenerator","floor":32,"key":"SMITH"},{"data":"thefirefly:Defend","floor":40,"key":"SMITH"},{"data":"thefirefly:HyperspaceAssault","floor":45,"key":"SMITH"},{"data":"thefirefly:IonizedBarrier","floor":49,"key":"SMITH"}],"circlet_count":0,"master_deck":["thefirefly:Defend+1","thefirefly:Defend","thefirefly:Defend","thefirefly:StealthMode+1","thefirefly:Nova+1","thefirefly:Boost","thefirefly:CoveringFire+1","thefirefly:Prominence+1","thefirefly:CoveringFire","thefirefly:DecoyShot","thefirefly:DecoyShot","thefirefly:Boost","thefirefly:HyperspaceAssault+1","thefirefly:ShieldGenerator+1","thefirefly:LaserMail+1","thefirefly:Flight","thefirefly:ShieldGenerator+1","thefirefly:IonizedBarrier+1","thefirefly:FlakCannon+1","thefirefly:LaserBarrage+1","thefirefly:AlphaStrike+1","thefirefly:ShieldGenerator+1","Hallownest:curseDreamersLament","Skewer+1","Strike_G+1","jedi:studypoison","thefirefly:DecoyShot+1","thefirefly:Bombardment+1"],"relics":["thefirefly:StealthSystem","reliquary:PartyBalloon","reliquary:BoilingFlask","Juzu Bracelet","conspire:SlowCooker","jedi:ominousloannote","Molten Egg 2","Lantern","Gensokyo:ChorusOfJoy","hubris:ToyBattleship","Tiny Chest","reliquary:IridiumChain","StuffTheSpire:Experiment12","Cursed Key","Gensokyo:DualWield","jedi:purplefairy","reliquary:Firecrackers","reliquary:QuartzCube"],"acts_visited":["Exordium","Gensokyo:Gensokyo","Gensokyo:Gensokyoer"],"potions_floor_usage":[11,13,14,27,29,50,50],"damage_taken":[{"damage":0.0,"enemies":"Gensokyo:Gryphon","floor":1.0,"turns":4.0},{"damage":0,"enemies":"Gensokyo:3_Fairies","floor":5,"turns":4},{"damage":0,"enemies":"Gensokyo:Python","floor":8,"turns":2},{"damage":5,"enemies":"Gensokyo:Mamizou","floor":11,"turns":4},{"damage":1,"enemies":"Gensokyo:Aya","floor":13,"turns":6},{"damage":0,"enemies":"Gensokyo:2_Rabbits","floor":14,"turns":3},{"damage":22,"enemies":"Gensokyo:Kokoro","floor":16,"turns":11},{"damage":0,"enemies":"Gensokyo:2_Gloops","floor":18,"turns":4},{"damage":0,"enemies":"Gensokyo:Chomper","floor":24,"turns":4},{"damage":0,"enemies":"Gensokyo:Tenshi","floor":27,"turns":6},{"damage":8,"enemies":"Gensokyo:Monolith_and_Dog","floor":28,"turns":3},{"damage":26,"enemies":"Gensokyo:Koishi","floor":29,"turns":9},{"damage":0,"enemies":"Gensokyo:Reisen","floor":31,"turns":5},{"damage":4,"enemies":"Gensokyo:Kaguya","floor":33,"turns":10},{"damage":24,"enemies":"Gensokyo:3_Boulders","floor":35,"turns":5},{"damage":7,"enemies":"Gensokyo:Kasen","floor":44,"turns":6},{"damage":3,"enemies":"Gensokyo:Doremy","floor":47,"turns":6},{"damage":0,"enemies":"Gensokyo:3_Bats","floor":48,"turns":3},{"damage":0,"enemies":"Gensokyo:Yuyuko","floor":50,"turns":5}],"seed_played":"-765506014900107520","potions_obtained":[{"floor":5,"key":"DistilledChaos"},{"floor":8,"key":"blueLaboratory:SavagePotion"},{"floor":13,"key":"Fruit Juice"},{"floor":14,"key":"SpeedPotion"},{"floor":27,"key":"SkillPotion"},{"floor":31,"key":"blueLaboratory:Moonshine"},{"floor":44,"key":"AttackPotion"},{"floor":47,"key":"blueLaboratory:HeartbeatPotion"},{"floor":48,"key":"blueLaboratory:ImpenetrablePotion"}],"is_trial":false,"path_per_floor":["M","?","?","$","M","R","?","M","T","R","E","R","E","M","R","B",null,"M","$","?","$","?","R","M","COS","T","E","M","E","R","E","R","B",null,"M","?","?","$","T","R","?","$","T","E","R","COS","E","M","R","B",null],"character_chosen":"THE_FIREFLY","items_purchased":["thefirefly:CoveringFire","jedi:ominousloannote","Molten Egg 2","Lantern","thefirefly:LaserMail","thefirefly:Flight"],"campfire_rested":0,"item_purchase_floors":[4,19,19,19,19,19],"current_hp_per_floor":[50,50,55,55,55,55,55,55,55,55,50,50,49,54,54,32,53,53,53,53,53,53,53,53,53,53,53,45,19,19,19,19,15,49,25,25,25,25,25,60,60,60,60,53,54,54,51,51,56,56],"gold":8,"neow_bonus":"ONE_RANDOM_RARE_CARD","is_daily":false,"chose_seed":false,"campfire_upgraded":10,"win_rate":0.0,"timestamp":1613007939,"path_taken":["M","?","?","$","?","R","?","M","T","R","E","R","E","M","R","BOSS","M","$","?","?","?","R","M","COS","T","E","M","E","R","E","R","BOSS","M","?","?","?","?","R","?","?","T","E","R","COS","E","M","R","BOSS"],"items_purchased_type":["Card","Relic","Relic","Relic","Card","Card"],"build_version":"2020-12-22","purchased_purges":1,"victory":true,"max_hp_per_floor":[55,55,55,55,55,55,55,55,55,55,55,55,55,60,60,60,60,60,60,60,60,60,60,60,60,60,60,60,60,60,60,60,60,60,60,60,60,60,60,60,60,60,60,60,60,60,60,60,60,60],"card_choices":[{"not_picked":["thefirefly:StoredPower","thefirefly:Distort"],"picked":"thefirefly:Boost","floor":1.0},{"not_picked":["thefirefly:EnergyShield","thefirefly:SoulStrike"],"picked":"thefirefly:Prominence","floor":5},{"not_picked":["thefirefly:EMP","thefirefly:PhantomStrike"],"picked":"thefirefly:CoveringFire","floor":8},{"not_picked":["thefirefly:Teleport","thefirefly:Flight"],"picked":"thefirefly:DecoyShot","floor":11},{"not_picked":["thefirefly:ErraticMotions","thefirefly:Rend"],"picked":"thefirefly:DecoyShot","floor":13},{"not_picked":["thefirefly:ArtillleryBeam","thefirefly:Ruminate"],"picked":"thefirefly:Boost","floor":14},{"not_picked":["thefirefly:EphemeronForm","thefirefly:LustForEternity"],"picked":"thefirefly:HyperspaceAssault","floor":16},{"not_picked":["thefirefly:EvasiveManeuver+1","thefirefly:StoredPower"],"picked":"thefirefly:ShieldGenerator","floor":18},{"not_picked":["thefirefly:Rend+1","thefirefly:Ruminate","thefirefly:PotentAmmunition"],"picked":"SKIP","floor":24},{"not_picked":["thefirefly:RollBack","thefirefly:Preload"],"picked":"thefirefly:IonizedBarrier","floor":27},{"not_picked":["thefirefly:EvasiveManeuver+1","thefirefly:RollBack"],"picked":"thefirefly:FlakCannon+1","floor":28},{"not_picked":["thefirefly:Prominence","thefirefly:SteadyAim"],"picked":"thefirefly:LaserBarrage+1","floor":29},{"not_picked":["thefirefly:StoredPower","thefirefly:Exile","thefirefly:EvasiveManeuver+1"],"picked":"SKIP","floor":31},{"not_picked":["thefirefly:BoltzmannBrain","thefirefly:HyperspaceAssault"],"picked":"thefirefly:AlphaStrike+1","floor":33},{"not_picked":["thefirefly:CoveringFire+1","thefirefly:Pacify+1"],"picked":"thefirefly:ShieldGenerator+1","floor":35},{"not_picked":["thefirefly:InterceptingShot+1","thefirefly:RollBack+1"],"picked":"thefirefly:DecoyShot+1","floor":44},{"not_picked":["thefirefly:Boost","thefirefly:InterceptingShot+1"],"picked":"thefirefly:Bombardment+1","floor":47},{"not_picked":["thefirefly:Distort+1","thefirefly:Flight","thefirefly:ErraticMotions"],"picked":"SKIP","floor":48}],"player_experience":2060871,"relics_obtained":[{"floor":9,"key":"reliquary:PartyBalloon"},{"floor":11,"key":"reliquary:BoilingFlask"},{"floor":13,"key":"Juzu Bracelet"},{"floor":26,"key":"hubris:ToyBattleship"},{"floor":27,"key":"Tiny Chest"},{"floor":29,"key":"reliquary:IridiumChain"},{"floor":31,"key":"StuffTheSpire:Experiment12"},{"floor":39,"key":"jedi:purplefairy"},{"floor":44,"key":"reliquary:Firecrackers"},{"floor":47,"key":"reliquary:QuartzCube"}],"event_choices":[{"damage_healed":0.0,"max_hp_gain":0.0,"max_hp_loss":0.0,"gold_gain":0.0,"event_name":"conspire:Investor","player_choice":"Leave","floor":2.0,"gold_loss":0.0,"damage_taken":0.0}],"is_beta":false,"boss_relics":[{"not_picked":["Runic Pyramid","Tiny House"],"picked":"conspire:SlowCooker"},{"not_picked":["thefirefly:UpgradedSystem","aspiration:RunesmithSkillbook"],"picked":"Cursed Key"}],"items_purged_floors":[19],"is_endless":false,"potions_floor_spawned":[5,8,13,14,27,31,44,47,48],"ascension_level":9}}