{"host":"27c7lqff1bu0ydoz","time":1613029681,"event":{"mods":["AchievementEnabler","Act Like it!","Aspiration","BaseMod","Block Reminder","CapriCore","Conspire","Energized Spire","Friendly Minions","Gensokyo","GifTheSpireLib","Hubris","Infinite Spire","Koishi","Marisa????????","Minty Spire (QoL Compilation)","Reimu??????","Remilia??????","Replay The Spire","StSLib","The Immortal","yUi"],"gold_per_floor":[109,121,138,29,45,45,120,120,143,161,161,187,199,229,229,229,229],"floor_reached":16,"language":"ENG","playtime":1710,"items_purged":[],"score":129,"play_id":"25e6ab1e-1a17-4c8c-a9d0-b068d8b466ac","local_time":"20210211084801","is_ascension_mode":true,"campfire_choices":[{"floor":6,"key":"REST"},{"data":"Body Slam","floor":8,"key":"SMITH"},{"data":"ReplayTheSpireMod:Stacked","floor":11,"key":"SMITH"},{"floor":15,"key":"REST"}],"circlet_count":0,"master_deck":["Strike_R","Strike_R","Strike_R","Strike_R","Strike_R","Defend_R","Defend_R","Defend_R","Defend_R","Bash","Thunderclap","Dual Wield","Body Slam+1","Evolve+1","Twin Strike","ReplayTheSpireMod:Stacked+1","Sword Boomerang","Run Through","Flame Barrier","ClearTheMind"],"relics":["Burning Blood","aspiration:Nostalgia","Replay:M_StaffOfTheSnake","Blue Doll","Pen Nib","PreservedInsect"],"acts_visited":["Exordium"],"potions_floor_usage":[3,13,16],"damage_taken":[{"damage":10,"enemies":"Cultist","floor":1,"turns":4},{"damage":7,"enemies":"Small Slimes","floor":2,"turns":4},{"damage":14,"enemies":"infinitespire:Voidling","floor":3,"turns":4},{"damage":19,"enemies":"Blue Slaver","floor":5,"turns":4},{"damage":2,"enemies":"2 Fungi Beasts","floor":10,"turns":4},{"damage":31,"enemies":"3 Sentries","floor":12,"turns":11},{"damage":19,"enemies":"Gremlin Gang","floor":13,"turns":4},{"damage":13,"enemies":"Replay:BlueRogue","floor":14,"turns":6},{"damage":32,"enemies":"The Guardian","floor":16,"turns":5}],"seed_played":"-2236465096719983397","potions_obtained":[{"floor":2,"key":"SkillPotion"},{"floor":5,"key":"SkillPotion"},{"floor":10,"key":"SneckoOil"},{"floor":12,"key":"Milkshake"}],"is_trial":false,"path_per_floor":["M","M","M","$","M","R","?","R","T","M","R","E","M","E","R","B"],"character_chosen":"IRONCLAD","items_purchased":["Evolve+1","Twin Strike"],"campfire_rested":2,"item_purchase_floors":[4,4],"current_hp_per_floor":[76,75,67,67,54,78,70,70,70,74,74,49,36,29,53,21,21],"gold":229,"neow_bonus":"NOSTALGIA","is_daily":false,"chose_seed":false,"campfire_upgraded":2,"win_rate":0.0,"timestamp":1613029681,"path_taken":["M","?","M","$","M","R","?","R","T","M","R","E","M","E","R","BOSS"],"items_purchased_type":["Card","Card"],"build_version":"2020-12-22","purchased_purges":0,"victory":false,"max_hp_per_floor":[80,80,80,80,80,80,80,80,80,80,80,80,80,80,80,80,80],"card_choices":[{"not_picked":["Dagger Throw","Warcry"],"picked":"Thunderclap","floor":1},{"not_picked":["Heavy Blade","Night Terror"],"picked":"Dual Wield","floor":2},{"not_picked":["Carnage","Nirvana"],"picked":"Body Slam","floor":3},{"not_picked":["Clash","Heavy Blade"],"picked":"ReplayTheSpireMod:Stacked","floor":5},{"not_picked":["Clash","Hemokinesis"],"picked":"Sword Boomerang","floor":10},{"not_picked":["Bloodletting","Thunderclap"],"picked":"Run Through","floor":12},{"not_picked":["Pommel Strike","Heavy Blade"],"picked":"Flame Barrier","floor":13},{"not_picked":["Replay:Undeath\u0027s Touch","Heavy Blade"],"picked":"ClearTheMind","floor":14}],"player_experience":281821,"relics_obtained":[{"floor":9,"key":"Blue Doll"},{"floor":12,"key":"Pen Nib"},{"floor":14,"key":"PreservedInsect"}],"event_choices":[{"damage_healed":0,"gold_gain":75,"player_choice":"Touch","damage_taken":8,"max_hp_gain":0,"max_hp_loss":0,"event_name":"FaceTrader","floor":7,"gold_loss":0}],"is_beta":false,"boss_relics":[],"items_purged_floors":[],"is_endless":false,"potions_floor_spawned":[2,5,10,12],"killed_by":"The Guardian","ascension_level":3}}