{"host":"cvgfrai8nrtinf2y","time":1613035006,"event":{"mods":["A Magickal Journey","Act Like it!","BaseMod","Better Third Choice","Challenge The Spire","Colored Map","Downfall","Gensokyo","Googly Eyes","Hermit","Highlight Path","Hubris","Infinite Spire","Minty Spire (QoL Compilation)","Rare Cards Sparkle","Relic Sorter","Remilia??????","Spicy Shops","StSLib","The Disciple","The Hierophant","The Necromancer","The Runesmith"],"gold_per_floor":[116,116,135,152,164,191,100,100,100,131,144,144,170,182,182,285,285,303,303,322,167,167,167,417,428,455,455,455,455,473,502,502,603,603,620,620,634,549,549,582,356,356,409,426,443,443,743,743,743],"floor_reached":48,"language":"ENG","playtime":1992,"items_purged":["Strike_W"],"score":569,"play_id":"2979f119-992e-4893-a0dc-9f55f3fb0c54","local_time":"20210211101646","is_ascension_mode":true,"campfire_choices":[{"floor":12.0,"key":"REST"},{"floor":15.0,"key":"REST"},{"data":"Summon_Undead_Army","floor":23.0,"key":"SMITH"},{"floor":27.0,"key":"REST"},{"floor":29.0,"key":"REST"},{"floor":32.0,"key":"REST"},{"floor":42.0,"key":"REST"},{"floor":46,"key":"REST"}],"circlet_count":8,"master_deck":["Defend_W","Defend_W","Defend_W","Defend_W+1","Negative_Energy_Arrows","Bone_Wall","Summon_Lich","Bone_Armory","Blood_Curse","Bone_Spikes","Bone_Armor","infinitespire:Collect","Bones_to_Steel+1","Vampiric_Strike","Summon_Vampire_Lady","Spectral_Armor","Hellfire","Bone_Armory","Bone_Armory","Summon_Undead_Army+1","Summon_Undead_Army","hubris:NaturalOne","Skeleton_Dragon","Bone_Shift","Gensokyo:BlemishedSteel","Bone_Armory","Skeleton_Dragon","Bone_Armor+1"],"relics":["WristBlade","Cracked Core","Tough Bandages","hubris:GrandSneckoEye","Orrery","Circlet","infinitespire:Chaos","hubris:ToyBattleship","Old Coin"],"acts_visited":["Exordium","Gensokyo:Gensokyo","Gensokyo:Gensokyoer"],"potions_floor_usage":[],"damage_taken":[{"damage":0.0,"enemies":"Gensokyo:Gryphon","floor":1.0,"turns":1.0},{"damage":0.0,"enemies":"Gensokyo:Python","floor":3.0,"turns":1.0},{"damage":0.0,"enemies":"Gensokyo:3_Fairies","floor":4.0,"turns":1.0},{"damage":2.0,"enemies":"Gensokyo:VengefulSpirit","floor":5.0,"turns":5.0},{"damage":25.0,"enemies":"Gensokyo:Cirno","floor":6.0,"turns":4.0},{"damage":28.0,"enemies":"Gensokyo:Aya","floor":10.0,"turns":7.0},{"damage":13.0,"enemies":"Gensokyo:Gryphon_and_Rabbit","floor":11.0,"turns":8.0},{"damage":12.0,"enemies":"Gensokyo:Cirno","floor":13.0,"turns":6.0},{"damage":11.0,"enemies":"Gensokyo:LivingMonolith","floor":14.0,"turns":4.0},{"damage":5.0,"enemies":"Gensokyo:Kokoro","floor":16.0,"turns":13.0},{"damage":15.0,"enemies":"Gensokyo:AngelMirror","floor":18.0,"turns":7.0},{"damage":32.0,"enemies":"Gensokyo:3_Dogs","floor":20.0,"turns":6.0},{"damage":48.0,"enemies":"Gensokyo:Slime_Group","floor":25.0,"turns":6.0},{"damage":39.0,"enemies":"Gensokyo:Wraith","floor":30.0,"turns":5.0},{"damage":24.0,"enemies":"Gensokyo:Koishi","floor":31.0,"turns":7.0},{"damage":43.0,"enemies":"Gensokyo:Kaguya","floor":33.0,"turns":12.0},{"damage":22.0,"enemies":"Gensokyo:AncientGuardian","floor":35.0,"turns":12.0},{"damage":10.0,"enemies":"Gensokyo:3_Bats","floor":37.0,"turns":9.0},{"damage":68.0,"enemies":"Gensokyo:Marisa","floor":40.0,"turns":8.0},{"damage":33.0,"enemies":"Gensokyo:Dusk_and_Dawn","floor":44.0,"turns":5.0},{"damage":30,"enemies":"Gensokyo:SeedOfUnknown","floor":45,"turns":6},{"damage":21,"enemies":"Gensokyo:Doremy","floor":48,"turns":3}],"seed_played":"3592943509582837682","potions_obtained":[{"floor":3.0,"key":"Ancient Potion"},{"floor":6.0,"key":"GamblersBrew"},{"floor":10.0,"key":"hexamod:SoulburnPotion"},{"floor":11.0,"key":"Swift Potion"},{"floor":14.0,"key":"LiquidMemories"},{"floor":16.0,"key":"LiquidMemories"},{"floor":25.0,"key":"ColorlessPotion"},{"floor":30.0,"key":"FairyPotion"},{"floor":44.0,"key":"FairyPotion"}],"is_trial":false,"path_per_floor":["M","?","M","M","M","E","COS","?","T","E","M","R","E","M","R","B",null,"M","?","M","$","?","R","?","M","T","R","AVR","R","M","E","R","B",null,"M","?","M","COS","?","E","$","R","T","M","M","R","AVR","E"],"character_chosen":"NECROMANCER","items_purchased":["Bone_Armory","Vajra","infinitespire:Chaos"],"campfire_rested":7,"item_purchase_floors":[21,41,41],"current_hp_per_floor":[75,75,75,75,75,50,50,41,41,15,6,28,22,13,35,66,75,75,75,61,61,61,61,61,21,21,42,42,63,38,18,39,22,71,71,71,71,71,71,20,20,41,41,10,27,48,48,27,27],"gold":743,"neow_bonus":"THREE_ENEMY_KILL","is_daily":false,"chose_seed":false,"campfire_upgraded":1,"win_rate":0.0,"timestamp":1613035006,"path_taken":["M","?","M","M","M","E","COS","?","T","E","?","R","E","M","R","BOSS","M","?","M","?","?","R","?","?","T","R","AVR","R","?","E","R","BOSS","M","?","M","COS","?","E","?","R","T","?","M","R","AVR","E"],"items_purchased_type":["Card","Relic","Relic"],"build_version":"2020-12-22","purchased_purges":1,"victory":false,"max_hp_per_floor":[75,75,75,75,75,75,75,75,75,75,75,75,75,75,75,75,75,75,75,75,75,75,75,71,71,71,71,71,71,71,71,71,71,71,71,71,71,71,71,71,71,71,71,71,71,71,71,71,71],"card_choices":[{"not_picked":["Slay_Living","Necrotic_Claws"],"picked":"Summon_Lich","floor":1.0},{"not_picked":["Bones_to_Steel","Blood_Whip"],"picked":"Bone_Armory","floor":3.0},{"not_picked":["Death_March_Dance","Scare"],"picked":"Blood_Curse","floor":4.0},{"not_picked":["Chill_Blood","Pandemic"],"picked":"Bone_Spikes","floor":5.0},{"not_picked":["Chill_Blood","Shackles_Of_Pain"],"picked":"Bone_Armor","floor":6.0},{"not_picked":["infinitespire:Fortify","infinitespire:Oblivion"],"picked":"infinitespire:Collect","floor":8.0},{"not_picked":["Grasp_Heart","Blood_Whip"],"picked":"Bones_to_Steel","floor":10.0},{"not_picked":["Bone_Prison","Death_March_Dance"],"picked":"Vampiric_Strike","floor":11.0},{"not_picked":["Blood_Is_Power","Shade_Step","Whirlwind_of_Bones"],"picked":"SKIP","floor":13.0},{"not_picked":["Blood_Wake","Cloudkill"],"picked":"Summon_Vampire_Lady","floor":14.0},{"not_picked":["Pandemic","Siphon_Strength"],"picked":"Spectral_Armor","floor":14.0},{"not_picked":["Negative_Energy_Bomb","Requiem"],"picked":"Hellfire","floor":16.0},{"not_picked":["Bone_Spikes+1","Death_March_Dance","Stop_Heart"],"picked":"SKIP","floor":18.0},{"not_picked":["Spectral_Armor","Acid_Javelin"],"picked":"Bone_Armory","floor":20.0},{"not_picked":["Spectral_Walk","Death_March_Dance"],"picked":"Summon_Undead_Army","floor":25.0},{"not_picked":["Chill_Blood","Uncharnel+1","Negative_Energy_Sphere"],"picked":"SKIP","floor":30.0},{"not_picked":["Summon_Undead_Army","Vampiric_Strike","Negative_Energy_Mist"],"picked":"SKIP","floor":31.0},{"not_picked":["Reap_The_Weak","Negative_Energy_Bomb"],"picked":"Skeleton_Dragon","floor":33.0},{"not_picked":["Whirlwind_of_Bones+1","Necrotic_Claws+1"],"picked":"Bone_Shift","floor":35.0},{"not_picked":["Scare","Life_Drain+1","Negative_Energy_Shield"],"picked":"SKIP","floor":37.0},{"not_picked":["Negative_Energy_Javelin","Death_March_Dance+1","Life_Tap+1"],"picked":"SKIP","floor":40.0},{"not_picked":["Bone_Spikes+1","Flesh_Made_Foul+1"],"picked":"Bone_Armory","floor":41.0},{"not_picked":["Death_March_Dance+1","Scare"],"picked":"Skeleton_Dragon","floor":41.0},{"not_picked":["Epidemic+1","Blood_Whip+1"],"picked":"Bone_Armor+1","floor":44.0},{"not_picked":["Bone_Bullets+1","Scare","Slay_Living+1"],"picked":"SKIP","floor":45}],"player_experience":1253383,"relics_obtained":[{"floor":6.0,"key":"hubris:TenFootPole"},{"floor":9.0,"key":"Pen Nib"},{"floor":10.0,"key":"Akabeko"},{"floor":13.0,"key":"War Paint"},{"floor":26.0,"key":"infinitespire:Lucky Rock"},{"floor":31.0,"key":"Darkstone Periapt"},{"floor":40.0,"key":"Turnip"},{"floor":43.0,"key":"hubris:ToyBattleship"}],"event_choices":[],"is_beta":false,"boss_relics":[{"not_picked":["hubris:GrandSneckoEye","hubris:RunicObelisk","hubris:CrackedHourglass"]},{"not_picked":["Coffee Dripper","Calling Bell"],"picked":"Empty Cage"}],"items_purged_floors":[21],"is_endless":false,"potions_floor_spawned":[3,6,10,11,14,16,25,30,44],"killed_by":"Gensokyo:Doremy","ascension_level":1}}