{"host":"z2qbs5oitkx9dzyk","time":1613080679,"event":{"mods":["BaseMod","Colored Map","Colored Powertips","Minty Spire (QoL Compilation)"],"gold_per_floor":[367,383,46,63,63,63,63,63,139,167,177,190,190,209,209,313,313,329,347,272,272,300,300,316,65,65,97,108,108,108,122,122,218,218,234,234,113,133,144,163,188,188,188,188,188,188,188,201,201,201,201],"floor_reached":50,"language":"ENG","playtime":2124,"items_purged":["Normality","Pain"],"score":492,"play_id":"0a987e10-8f75-4be0-98ea-c12c8e22c3f9","local_time":"20210211155759","is_ascension_mode":false,"campfire_choices":[{"data":"Mayhem","floor":6.0,"key":"SMITH"},{"data":"Bash","floor":8.0,"key":"SMITH"},{"data":"Anger","floor":13.0,"key":"SMITH"},{"floor":15.0,"key":"REST"},{"floor":23,"key":"REST"},{"data":"Rampage","floor":29,"key":"SMITH"},{"floor":32,"key":"REST"},{"floor":42,"key":"RECALL"},{"data":"Caltrops","floor":45,"key":"SMITH"},{"data":"Buffer","floor":49,"key":"SMITH"}],"circlet_count":0,"master_deck":["Bash+1","Shrug It Off","Cleave","Mayhem+1","Heavy Blade","Ghostly Armor","Anger+1","Shockwave","Bludgeon","Shrug It Off+1","Metallicize+1","Fiend Fire+1","Iron Wave+1","Rage","Buffer+1","Rampage+1","Corpse Explosion","Fire Breathing","Demon Form","Thunderclap","Seeing Red","Blade Dance+1","Caltrops+1","Concentrate","Consecrate","Writhe","Armaments+1"],"relics":["Burning Blood","Red Skull","WarpedTongs","Kunai","Tiny Chest","Astrolabe","Enchiridion","Red Mask","PrismaticShard","Bag of Preparation","The Courier","Pandora\u0027s Box","Boot","Champion Belt","Dead Branch"],"acts_visited":["Exordium","TheCity","TheBeyond"],"potions_floor_usage":[18,19,19,33,39,39],"damage_taken":[{"damage":20.0,"enemies":"Jaw Worm","floor":1.0,"turns":5.0},{"damage":1.0,"enemies":"Cultist","floor":2.0,"turns":4.0},{"damage":0.0,"enemies":"Small Slimes","floor":4.0,"turns":3.0},{"damage":38.0,"enemies":"Lagavulin","floor":10.0,"turns":8.0},{"damage":13.0,"enemies":"Looter","floor":11.0,"turns":3.0},{"damage":10.0,"enemies":"Large Slime","floor":12.0,"turns":5.0},{"damage":13.0,"enemies":"Exordium Wildlife","floor":14.0,"turns":3.0},{"damage":36.0,"enemies":"Slime Boss","floor":16.0,"turns":8.0},{"damage":37,"enemies":"3 Byrds","floor":18,"turns":8},{"damage":14,"enemies":"Shell Parasite","floor":19,"turns":6},{"damage":13,"enemies":"Masked Bandits","floor":22,"turns":3},{"damage":8,"enemies":"Snecko","floor":24,"turns":4},{"damage":29,"enemies":"Slavers","floor":27,"turns":6},{"damage":0,"enemies":"Centurion and Healer","floor":28,"turns":6},{"damage":3,"enemies":"Chosen and Byrds","floor":31,"turns":5},{"damage":39,"enemies":"Collector","floor":33,"turns":11},{"damage":9,"enemies":"3 Darklings","floor":35,"turns":5},{"damage":13,"enemies":"3 Shapes","floor":38,"turns":3},{"damage":12,"enemies":"Transient","floor":39,"turns":5},{"damage":10,"enemies":"Sphere and 2 Shapes","floor":40,"turns":4},{"damage":26,"enemies":"Reptomancer","floor":41,"turns":5},{"damage":0,"enemies":"Maw","floor":48,"turns":6},{"damage":83,"enemies":"Time Eater","floor":50,"turns":10}],"seed_played":"-5336748956748399467","potions_obtained":[{"floor":2.0,"key":"Block Potion"},{"floor":11.0,"key":"Block Potion"},{"floor":12.0,"key":"SneckoOil"},{"floor":14.0,"key":"Regen Potion"},{"floor":27,"key":"LiquidBronze"},{"floor":28,"key":"Regen Potion"},{"floor":31,"key":"AttackPotion"},{"floor":35,"key":"SkillPotion"},{"floor":40,"key":"Dexterity Potion"}],"is_trial":false,"path_per_floor":["M","M","$","M","$","R","?","R","T","E","M","M","R","M","R","B",null,"M","M","$","?","?","R","M","$","T","E","M","R","?","M","R","B",null,"M","T","$","M","M","M","E","R","T","?","R","?","?","M","R","B"],"character_chosen":"IRONCLAD","items_purchased":["Mayhem","Red Skull","PrismaticShard","Boot"],"campfire_rested":3,"item_purchase_floors":[3,3,25,37],"current_hp_per_floor":[66,71,71,77,77,77,77,77,77,45,38,34,34,27,51,21,80,49,56,56,40,33,57,55,55,55,32,38,38,38,41,65,32,80,77,77,77,70,76,72,52,52,52,52,52,72,72,78,78,0,0],"gold":201,"neow_bonus":"TWO_FIFTY_GOLD","is_daily":false,"chose_seed":false,"campfire_upgraded":6,"win_rate":0.0,"timestamp":1613080679,"path_taken":["M","M","$","M","$","R","?","R","T","E","M","M","R","M","R","BOSS","M","M","$","?","?","R","M","$","T","E","M","R","?","M","R","BOSS","M","?","$","M","M","M","E","R","T","?","R","?","?","M","R","BOSS"],"items_purchased_type":["Card","Relic","Relic","Relic"],"build_version":"2020-12-22","purchased_purges":2,"victory":false,"max_hp_per_floor":[80,80,80,80,80,80,80,80,80,80,80,80,80,80,80,80,80,80,80,80,80,80,80,80,80,80,80,80,80,80,80,80,80,80,80,80,80,80,80,80,80,80,80,80,80,80,80,80,80,80,80],"card_choices":[{"not_picked":["Hemokinesis","Warcry"],"picked":"Shrug It Off","floor":1.0},{"not_picked":["Dual Wield","Heavy Blade"],"picked":"Cleave","floor":2.0},{"not_picked":["Armaments","Flex"],"picked":"Heavy Blade","floor":4.0},{"not_picked":["Wild Strike","Iron Wave"],"picked":"Ghostly Armor","floor":10.0},{"not_picked":["Thunderclap","Pummel"],"picked":"Anger","floor":11.0},{"not_picked":["Headbutt","Burning Pact","Heavy Blade"],"picked":"SKIP","floor":12.0},{"not_picked":["Hemokinesis","Cleave"],"picked":"Shockwave","floor":14.0},{"not_picked":["Juggernaut","Exhume"],"picked":"Bludgeon","floor":16.0},{"not_picked":["Combust","Twin Strike"],"picked":"Iron Wave+1","floor":18},{"not_picked":["Iron Wave","Armaments","Clothesline"],"picked":"SKIP","floor":19},{"not_picked":["True Grit","Sword Boomerang"],"picked":"Rage","floor":24},{"not_picked":["Meditate","Twin Strike"],"picked":"Buffer","floor":27},{"not_picked":["Thunderclap","Barrage"],"picked":"Rampage","floor":28},{"not_picked":["WheelKick","Deflect","PathToVictory"],"picked":"SKIP","floor":31},{"not_picked":["Grand Finale","Adrenaline"],"picked":"Corpse Explosion","floor":33},{"not_picked":["Warcry+1","Protect+1"],"picked":"Blade Dance+1","floor":35},{"not_picked":["Evaluate","Thunderclap"],"picked":"Caltrops","floor":38},{"not_picked":["Bouncing Flask+1","CutThroughFate"],"picked":"Concentrate","floor":39},{"not_picked":["BowlingBash+1","Cold Snap+1","True Grit+1"],"picked":"SKIP","floor":40},{"not_picked":["FTL+1","Perfected Strike+1"],"picked":"Consecrate","floor":41},{"not_picked":["Discovery","Recycle+1"],"picked":"Armaments+1","floor":48}],"player_experience":399712,"relics_obtained":[{"floor":9.0,"key":"Kunai"},{"floor":10.0,"key":"Tiny Chest"},{"floor":21,"key":"Enchiridion"},{"floor":22,"key":"Red Mask"},{"floor":26,"key":"Bag of Preparation"},{"floor":27,"key":"The Courier"},{"floor":41,"key":"Champion Belt"},{"floor":43,"key":"Dead Branch"}],"event_choices":[{"damage_healed":0.0,"max_hp_gain":0.0,"max_hp_loss":0.0,"gold_gain":0.0,"event_name":"Accursed Blacksmith","player_choice":"Rummage","floor":7.0,"gold_loss":0.0,"damage_taken":0.0,"relics_obtained":["WarpedTongs"],"cards_obtained":["Pain"]},{"damage_healed":0,"gold_gain":0,"player_choice":"Obtained Book","damage_taken":16,"max_hp_gain":0,"max_hp_loss":0,"event_name":"Cursed Tome","floor":21,"gold_loss":0},{"damage_healed":0,"gold_gain":0,"player_choice":"Fought Bandits","damage_taken":0,"max_hp_gain":0,"max_hp_loss":0,"event_name":"Masked Bandits","floor":22,"gold_loss":0},{"cards_removed":["Strike_R"],"damage_healed":0,"gold_gain":0,"player_choice":"Purged","damage_taken":0,"max_hp_gain":0,"max_hp_loss":0,"event_name":"Purifier","floor":30,"gold_loss":0},{"damage_healed":0,"gold_gain":0,"player_choice":"Ignored","damage_taken":0,"max_hp_gain":0,"max_hp_loss":0,"event_name":"Mysterious Sphere","floor":44,"gold_loss":0},{"damage_healed":20,"gold_gain":0,"player_choice":"Writhe","damage_taken":0,"max_hp_gain":0,"max_hp_loss":0,"event_name":"Winding Halls","floor":46,"gold_loss":0,"cards_obtained":["Writhe"]},{"cards_removed":["Clothesline"],"damage_healed":0,"gold_gain":0,"player_choice":"Removed Attack","damage_taken":0,"max_hp_gain":0,"max_hp_loss":0,"event_name":"Falling","floor":47,"gold_loss":0}],"is_beta":false,"boss_relics":[{"not_picked":["Philosopher\u0027s Stone","Coffee Dripper"],"picked":"Astrolabe"},{"not_picked":["Runic Pyramid","Runic Dome"],"picked":"Pandora\u0027s Box"}],"items_purged_floors":[20,25],"is_endless":false,"potions_floor_spawned":[2,11,12,14,27,28,31,35,40],"killed_by":"Time Eater","ascension_level":0}}