{"host":"67b023zx83deun0a","time":1613048646,"event":{"mods":["BaseMod","Block Reminder","Minty Spire (QoL Compilation)","Relic Stats","StSLib"],"gold_per_floor":[19,36,55,5,5,5,20,46,46,46,76,76,109,171,171,171,171],"floor_reached":16,"language":"ENG","playtime":721,"items_purged":[],"score":196,"play_id":"e00528fa-186a-4198-b804-fe279406ce37","local_time":"20210211050406","is_ascension_mode":true,"campfire_choices":[{"data":"Searing Blow","floor":6.0,"key":"SMITH"},{"data":"Searing Blow+1","floor":12.0,"key":"SMITH"},{"data":"Searing Blow+2","floor":15,"key":"SMITH"}],"circlet_count":0,"master_deck":["Strike_R","Strike_R","Strike_R+1","Defend_R","Defend_R","Defend_R","Defend_R","Bash","Feed+1","Feel No Pain","Searing Blow+3","True Grit","Clothesline","Pommel Strike","Brutality","Fire Breathing","Uppercut"],"relics":["Burning Blood","Anchor","Art of War","Letter Opener","Akabeko","Orichalcum"],"acts_visited":["Exordium"],"potions_floor_usage":[14],"damage_taken":[{"damage":0.0,"enemies":"Small Slimes","floor":1.0,"turns":3.0},{"damage":6.0,"enemies":"2 Louse","floor":2.0,"turns":3.0},{"damage":6.0,"enemies":"Cultist","floor":3.0,"turns":4.0},{"damage":0.0,"enemies":"3 Louse","floor":7.0,"turns":3.0},{"damage":23.0,"enemies":"Lagavulin","floor":8.0,"turns":5.0},{"damage":16.0,"enemies":"3 Sentries","floor":11.0,"turns":10.0},{"damage":12.0,"enemies":"Gremlin Nob","floor":13.0,"turns":3.0},{"damage":39,"enemies":"Lagavulin Event","floor":14,"turns":5},{"damage":22,"enemies":"Hexaghost","floor":16,"turns":9}],"seed_played":"147801390757465971","potions_obtained":[{"floor":2.0,"key":"AttackPotion"},{"floor":8.0,"key":"FearPotion"},{"floor":11.0,"key":"FearPotion"}],"is_trial":false,"path_per_floor":["M","M","M","?","?","R","M","E","T","?","E","R","E","?","R","B"],"character_chosen":"IRONCLAD","items_purchased":[],"campfire_rested":0,"item_purchase_floors":[],"current_hp_per_floor":[81,84,87,87,69,69,79,62,62,62,56,56,54,21,21,0,0],"gold":171,"neow_bonus":"THREE_RARE_CARDS","is_daily":false,"chose_seed":false,"campfire_upgraded":3,"win_rate":0.0,"timestamp":1613048646,"path_taken":["M","M","M","?","?","R","M","E","T","?","E","R","E","?","R","BOSS"],"items_purchased_type":[],"build_version":"2020-12-22","purchased_purges":0,"victory":false,"max_hp_per_floor":[83,86,89,89,89,89,93,93,93,93,97,97,101,101,101,101,101],"relic_stats":{"counters":[9,45],"Art of War":[1],"Letter Opener":[0],"Orichalcum":[12],"obtain_stats":[{"Anchor":8,"Art of War":9,"Letter Opener":11,"Orichalcum":14,"Burning Blood":0,"Akabeko":13},{"Anchor":5,"Art of War":5,"Letter Opener":6,"Orichalcum":8,"Burning Blood":0,"Akabeko":7},{"Anchor":18,"Art of War":18,"Letter Opener":28,"Orichalcum":36,"Burning Blood":0,"Akabeko":31}],"Burning Blood":48},"card_choices":[{"not_picked":["Bludgeon","Berserk"],"picked":"Feed","floor":0.0},{"not_picked":["Flex","Sever Soul"],"picked":"Feel No Pain","floor":1.0},{"not_picked":["Headbutt","Entrench"],"picked":"Searing Blow","floor":2.0},{"not_picked":["Rupture","Seeing Red"],"picked":"True Grit","floor":3.0},{"not_picked":["Carnage","Flex"],"picked":"Clothesline","floor":7.0},{"not_picked":["Rage","Thunderclap"],"picked":"Pommel Strike","floor":8.0},{"not_picked":["True Grit","Pommel Strike"],"picked":"Brutality","floor":11.0},{"not_picked":["Clash","Pommel Strike"],"picked":"Fire Breathing","floor":13.0},{"not_picked":["Twin Strike","Thunderclap"],"picked":"Uppercut","floor":14}],"player_experience":365130,"relics_obtained":[{"floor":8.0,"key":"Anchor"},{"floor":9.0,"key":"Art of War"},{"floor":11.0,"key":"Letter Opener"},{"floor":13.0,"key":"Akabeko"},{"floor":14,"key":"Orichalcum"}],"event_choices":[{"cards_removed":["Strike_R"],"damage_healed":0.0,"max_hp_gain":0.0,"max_hp_loss":0.0,"gold_gain":0.0,"event_name":"The Cleric","player_choice":"Card Removal","floor":4.0,"gold_loss":50.0,"damage_taken":0.0},{"damage_healed":0.0,"max_hp_gain":0.0,"max_hp_loss":0.0,"gold_gain":0.0,"event_name":"Shining Light","player_choice":"Entered Light","floor":5.0,"gold_loss":0.0,"damage_taken":18.0,"cards_upgraded":["Feed","Strike_R"]},{"cards_removed":["Strike_R"],"damage_healed":0.0,"max_hp_gain":0.0,"max_hp_loss":0.0,"gold_gain":0.0,"event_name":"Living Wall","player_choice":"Forget","floor":10.0,"gold_loss":0.0,"damage_taken":0.0},{"damage_healed":0,"gold_gain":30,"player_choice":"Searched \u00273\u0027 times","damage_taken":0,"max_hp_gain":0,"max_hp_loss":0,"event_name":"Dead Adventurer","floor":14,"gold_loss":0}],"is_beta":false,"boss_relics":[],"items_purged_floors":[],"is_endless":false,"potions_floor_spawned":[2,8,11],"killed_by":"Hexaghost","ascension_level":9}}