{"host":"dhlnk6yox2l1s6up","time":1613011141,"event":{"mods":["BaseMod","Minty Spire (QoL Compilation)","Relic Stats","StSLib","ojb\u0027s Info Mod"],"gold_per_floor":[213,225,243,47,47,79,79,118,164,204,204,204,204,239,251,383,395,432,189,207,222,101,101,144,144,214,237,271,271,296,329,329,449,449,472,493,493,516,38,71,71,105,158,158,46,46,80,101,101,101,101,101,42,73,73],"floor_reached":56,"language":"ENG","playtime":4301,"items_purged":["Strike_P","Decay","Pain"],"score":1966,"play_id":"72726e12-53f7-46fd-9f9c-33df8fa25fed","local_time":"20210210203901","is_ascension_mode":true,"campfire_choices":[{"data":"CrushJoints","floor":11.0,"key":"SMITH"},{"data":"EmptyFist","floor":13.0,"key":"SMITH"},{"data":"Eruption","floor":15.0,"key":"SMITH"},{"data":"Ragnarok","floor":23.0,"key":"SMITH"},{"data":"Vigilance","floor":25.0,"key":"SMITH"},{"floor":32.0,"key":"REST"},{"floor":41.0,"key":"RECALL"},{"floor":44.0,"key":"REST"},{"floor":49.0,"key":"REST"},{"floor":52.0,"key":"REST"}],"circlet_count":0,"master_deck":["AscendersBane","Strike_P+1","Strike_P+1","Strike_P","Defend_P","Defend_P","Defend_P","Defend_P","Eruption+1","Vigilance+1","Crescendo","EmptyFist+1","CrushJoints+1","DevaForm","JustLucky","ThirdEye","Ragnarok+1","Fasting2+1","Worship","Fasting2","Worship","Meditate","Fasting2+1","Vault","Omniscience","ThirdEye","TalkToTheHand+1","Protect+1","ThirdEye","Fasting2+1","ThirdEye+1","Tantrum","DeceiveReality","DevaForm+1"],"relics":["PureWater","Yang","Golden Idol","Whetstone","MealTicket","Bottled Flame","MawBank","Snecko Eye","ClockworkSouvenir","The Courier","Frozen Egg 2","Tiny Chest","Bronze Scales","Fusion Hammer","WarpedTongs","Meat on the Bone","Centennial Puzzle","Blue Candle","Letter Opener","Du-Vu Doll","Oddly Smooth Stone"],"acts_visited":["Exordium","TheCity","TheBeyond","TheEnding"],"potions_floor_usage":[55,55,55,55,55,55],"damage_taken":[{"damage":0.0,"enemies":"Cultist","floor":1.0,"turns":2.0},{"damage":0.0,"enemies":"Jaw Worm","floor":2.0,"turns":3.0},{"damage":0.0,"enemies":"2 Louse","floor":3.0,"turns":1.0},{"damage":7.0,"enemies":"Gremlin Nob","floor":6.0,"turns":3.0},{"damage":14.0,"enemies":"Lagavulin","floor":8.0,"turns":7.0},{"damage":18.0,"enemies":"Gremlin Nob","floor":10.0,"turns":5.0},{"damage":0.0,"enemies":"Lagavulin","floor":14.0,"turns":6.0},{"damage":28.0,"enemies":"Hexaghost","floor":16.0,"turns":9.0},{"damage":21.0,"enemies":"Spheric Guardian","floor":18.0,"turns":4.0},{"damage":2.0,"enemies":"Chosen","floor":20.0,"turns":3.0},{"damage":0.0,"enemies":"Snecko","floor":21.0,"turns":3.0},{"damage":4.0,"enemies":"Gremlin Leader","floor":24.0,"turns":4.0},{"damage":12.0,"enemies":"Shelled Parasite and Fungi","floor":27.0,"turns":2.0},{"damage":16.0,"enemies":"Book of Stabbing","floor":28.0,"turns":3.0},{"damage":21.0,"enemies":"Centurion and Healer","floor":30.0,"turns":3.0},{"damage":0.0,"enemies":"Slavers","floor":31.0,"turns":1.0},{"damage":16.0,"enemies":"Automaton","floor":33.0,"turns":6.0},{"damage":37.0,"enemies":"3 Darklings","floor":35.0,"turns":3.0},{"damage":10.0,"enemies":"3 Shapes","floor":36.0,"turns":4.0},{"damage":0.0,"enemies":"Sphere and 2 Shapes","floor":38.0,"turns":2.0},{"damage":1.0,"enemies":"Reptomancer","floor":40.0,"turns":6.0},{"damage":0.0,"enemies":"Nemesis","floor":42.0,"turns":5.0},{"damage":0.0,"enemies":"Giant Head","floor":47.0,"turns":5.0},{"damage":11.0,"enemies":"3 Darklings","floor":48.0,"turns":4.0},{"damage":20.0,"enemies":"Awakened One","floor":50.0,"turns":9.0},{"damage":8.0,"enemies":"Shield and Spear","floor":54.0,"turns":6.0},{"damage":70,"enemies":"The Heart","floor":55,"turns":10}],"seed_played":"5786812902373531453","potions_obtained":[{"floor":1.0,"key":"BlessingOfTheForge"},{"floor":6.0,"key":"Regen Potion"},{"floor":10.0,"key":"Strength Potion"},{"floor":14.0,"key":"DuplicationPotion"},{"floor":21.0,"key":"Fruit Juice"},{"floor":29.0,"key":"Fruit Juice"},{"floor":29.0,"key":"LiquidMemories"},{"floor":29.0,"key":"Explosive Potion"},{"floor":40.0,"key":"Block Potion"}],"is_trial":false,"path_per_floor":["M","M","M","$","?","E","?","E","T","E","R","?","R","E","R","B",null,"M","$","M","M","$","R","E","R","T","M","E","?","M","E","R","B",null,"M","M","?","M","$","E","R","E","T","R","$","T","E","M","R","B",null,"R","$","E","B",null],"character_chosen":"WATCHER","items_purchased":["Weak Potion","LiquidBronze","ClockworkSouvenir","Fasting2","BottledMiracle","Meat on the Bone","EntropicBrew","Regen Potion","ThirdEye","Tantrum","DeceiveReality","DuplicationPotion"],"campfire_rested":4,"item_purchase_floors":[4,4,19,22,22,39,39,39,39,45,45,53],"current_hp_per_floor":[65,65,65,65,70,63,63,49,49,45,45,45,45,45,45,17,58,37,52,50,50,70,70,66,66,66,54,38,43,22,22,46,30,68,31,21,21,21,36,50,50,50,50,74,81,81,81,70,81,61,76,81,81,73,15],"gold":73,"neow_bonus":"HUNDRED_GOLD","is_daily":false,"chose_seed":false,"campfire_upgraded":5,"win_rate":0.0,"timestamp":1613011141,"path_taken":["M","?","M","$","?","E","?","E","T","E","R","?","R","E","R","BOSS","M","?","M","M","$","R","E","R","T","?","E","?","?","E","R","BOSS","M","M","?","M","$","E","R","E","T","R","$","?","E","M","R","BOSS","R","$","E","BOSS"],"items_purchased_type":["Potion","Potion","Relic","Card","Potion","Relic","Potion","Potion","Card","Card","Card","Potion"],"build_version":"2020-12-22","purchased_purges":3,"victory":true,"max_hp_per_floor":[72,72,72,72,77,77,71,71,71,71,71,71,71,71,71,71,71,71,71,71,71,76,76,76,76,76,76,76,81,81,81,81,81,81,81,81,81,81,81,81,81,81,81,81,81,81,81,81,81,81,81,81,81,81,81],"relic_stats":{"counters":[27,119],"Golden Idol":210,"Blue Candle":[0],"Yang":[190],"Whetstone":["Strike_P","Strike_P"],"Letter Opener":[150],"MawBank":60,"WarpedTongs":[47],"Centennial Puzzle":[12],"Bronze Scales":[248],"Snecko Eye":[132,150,144,142],"MealTicket":52,"Tiny Chest":1,"obtain_stats":[{"Golden Idol":7,"Blue Candle":42,"Oddly Smooth Stone":54,"Yang":6,"The Courier":24,"Whetstone":8,"Letter Opener":46,"Frozen Egg 2":26,"MawBank":14,"ClockworkSouvenir":19,"WarpedTongs":37,"Du-Vu Doll":47,"Bottled Flame":10,"Centennial Puzzle":40,"Bronze Scales":31,"Snecko Eye":17,"MealTicket":9,"Tiny Chest":28,"Fusion Hammer":34,"PureWater":0,"Meat on the Bone":39},{"Golden Idol":4,"Blue Candle":22,"Oddly Smooth Stone":26,"Yang":4,"The Courier":12,"Whetstone":5,"Letter Opener":22,"Frozen Egg 2":12,"MawBank":7,"ClockworkSouvenir":9,"WarpedTongs":19,"Du-Vu Doll":23,"Bottled Flame":6,"Centennial Puzzle":21,"Bronze Scales":16,"Snecko Eye":8,"MealTicket":5,"Tiny Chest":14,"Fusion Hammer":17,"PureWater":0,"Meat on the Bone":20},{"Golden Idol":9,"Blue Candle":85,"Oddly Smooth Stone":109,"Yang":9,"The Courier":50,"Whetstone":16,"Letter Opener":85,"Frozen Egg 2":50,"MawBank":27,"ClockworkSouvenir":40,"WarpedTongs":72,"Du-Vu Doll":90,"Bottled Flame":21,"Centennial Puzzle":80,"Bronze Scales":59,"Snecko Eye":36,"MealTicket":16,"Tiny Chest":55,"Fusion Hammer":65,"PureWater":0,"Meat on the Bone":74}],"Meat on the Bone":12},"card_choices":[{"not_picked":["Collect","ClearTheMind"],"picked":"Crescendo","floor":1.0},{"not_picked":["Wireheading","Evaluate"],"picked":"EmptyFist","floor":2.0},{"not_picked":["Protect","Conclude"],"picked":"CrushJoints","floor":3.0},{"not_picked":["Pray","Nirvana"],"picked":"DevaForm","floor":6.0},{"not_picked":["Omniscience","WaveOfTheHand"],"picked":"JustLucky","floor":8.0},{"not_picked":["FollowUp","CrushJoints"],"picked":"ThirdEye","floor":10.0},{"not_picked":["EmptyFist","Conclude","CrushJoints"],"picked":"SKIP","floor":14.0},{"not_picked":["Judgement","Blasphemy"],"picked":"Ragnarok","floor":16.0},{"not_picked":["EmptyFist","FlyingSleeves+1"],"picked":"Fasting2+1","floor":18.0},{"not_picked":["JustLucky","BowlingBash","Prostrate"],"picked":"SKIP","floor":20.0},{"not_picked":["ThirdEye","Vengeance"],"picked":"Worship","floor":21.0},{"not_picked":["CrushJoints","Indignation"],"picked":"Worship","floor":24.0},{"not_picked":["WindmillStrike","Conclude+1","ClearTheMind"],"picked":"SKIP","floor":27.0},{"not_picked":["PathToVictory","Evaluate+1"],"picked":"Meditate","floor":28.0},{"not_picked":["CrushJoints","InnerPeace"],"picked":"Fasting2+1","floor":30.0},{"not_picked":["EmptyFist","Pray"],"picked":"Vault","floor":31.0},{"not_picked":["DeusExMachina","Vault"],"picked":"Omniscience","floor":33.0},{"not_picked":["SashWhip","FollowUp"],"picked":"ThirdEye","floor":35.0},{"not_picked":["WindmillStrike+1","FlurryOfBlows"],"picked":"TalkToTheHand+1","floor":36.0},{"not_picked":["BowlingBash+1","Evaluate"],"picked":"Protect+1","floor":38.0},{"not_picked":["Weave","CrushJoints+1"],"picked":"Fasting2+1","floor":40.0},{"not_picked":["CrushJoints","Consecrate+1"],"picked":"ThirdEye+1","floor":42.0},{"not_picked":["Weave","CutThroughFate+1"],"picked":"DevaForm+1","floor":47.0},{"not_picked":["FollowUp","Weave+1","CarveReality"],"picked":"SKIP","floor":48.0},{"not_picked":["Prostrate+1","SandsOfTime+1","BattleHymn+1"],"picked":"SKIP","floor":54.0}],"player_experience":6166119,"relics_obtained":[{"floor":6.0,"key":"Yang"},{"floor":8.0,"key":"Whetstone"},{"floor":9.0,"key":"MealTicket"},{"floor":10.0,"key":"Bottled Flame"},{"floor":14.0,"key":"MawBank"},{"floor":24.0,"key":"The Courier"},{"floor":26.0,"key":"Frozen Egg 2"},{"floor":28.0,"key":"Tiny Chest"},{"floor":31.0,"key":"Bronze Scales"},{"floor":40.0,"key":"Centennial Puzzle"},{"floor":42.0,"key":"Blue Candle"},{"floor":46.0,"key":"Letter Opener"},{"floor":47.0,"key":"Du-Vu Doll"},{"floor":54.0,"key":"Oddly Smooth Stone"}],"event_choices":[{"damage_healed":0.0,"max_hp_gain":5.0,"max_hp_loss":0.0,"gold_gain":0.0,"event_name":"Big Fish","player_choice":"Donut","floor":5.0,"gold_loss":0.0,"damage_taken":0.0},{"damage_healed":0.0,"max_hp_gain":0.0,"max_hp_loss":6.0,"gold_gain":0.0,"event_name":"Golden Idol","player_choice":"Lose Max HP","floor":7.0,"gold_loss":0.0,"damage_taken":0.0,"relics_obtained":["Golden Idol"]},{"damage_healed":0.0,"max_hp_gain":0.0,"max_hp_loss":0.0,"gold_gain":0.0,"event_name":"Wheel of Change","player_choice":"Cursed","floor":12.0,"gold_loss":0.0,"damage_taken":0.0,"cards_obtained":["Decay"]},{"damage_healed":0.0,"max_hp_gain":0.0,"max_hp_loss":0.0,"gold_gain":0.0,"event_name":"Lab","player_choice":"Got Potions","floor":29.0,"gold_loss":0.0,"damage_taken":0.0},{"damage_healed":0.0,"max_hp_gain":0.0,"max_hp_loss":0.0,"gold_gain":0.0,"event_name":"Accursed Blacksmith","player_choice":"Rummage","floor":37.0,"gold_loss":0.0,"damage_taken":0.0,"relics_obtained":["WarpedTongs"],"cards_obtained":["Pain"]}],"is_beta":false,"boss_relics":[{"not_picked":["Ectoplasm","Black Star"],"picked":"Snecko Eye"},{"not_picked":["Busted Crown","Empty Cage"],"picked":"Fusion Hammer"}],"items_purged_floors":[4,19,39],"is_endless":false,"potions_floor_spawned":[1,6,10,14,18,21,30,40],"ascension_level":10}}