{"host":"o1umn66c6cmsknp2","time":1613051464,"event":{"mods":["BaseMod","Colored Map","DeckTracker","Highlight Path","Keyboard Shortcuts","Minty Spire (QoL Compilation)","Permanent Neow","SuperFastMode","Unceasing Turn Reminder","everything is the same but u backflip on backflip"],"gold_per_floor":[118,218,228,242,19,19,10,345,345,359,375,375,391,391,391,463,463,475,176,91,109,129,129,149,174,174,174,174,94,122,137,137,216,216,228,244,256,24,35,35,65,65,65],"floor_reached":42,"language":"KOR","playtime":2038,"items_purged":["Strike_G","Strike_G"],"score":779,"play_id":"1f4078d9-eb87-4b5e-afab-6e2505b23eb0","local_time":"20210211225104","is_ascension_mode":true,"campfire_choices":[{"data":"Neutralize","floor":6.0,"key":"SMITH"},{"floor":12.0,"key":"REST"},{"data":"After Image","floor":15.0,"key":"SMITH"},{"data":"A Thousand Cuts","floor":23.0,"key":"SMITH"},{"floor":27.0,"key":"REST"},{"floor":32.0,"key":"REST"},{"floor":40,"key":"REST"}],"circlet_count":0,"master_deck":["AscendersBane","Strike_G+1","Strike_G+1","Strike_G","Defend_G","Defend_G+1","Defend_G","Defend_G","Defend_G","Survivor","Neutralize+1","After Image+1","Blade Dance","Dodge and Roll","Flying Knee","Footwork+1","Infinite Blades","PiercingWail","Die Die Die+1","Leg Sweep","Backflip","After Image","Cloak And Dagger","Footwork","A Thousand Cuts+1","Adrenaline","Blur+1","Caltrops+1","Caltrops","Blade Dance","Wraith Form v2","Prepared+1","Accuracy+1"],"relics":["Ring of the Snake","OrangePellets","Old Coin","Molten Egg 2","WristBlade","Orrery","Mercury Hourglass","HornCleat","The Courier","Girya","Cursed Key","War Paint","Whetstone","Bottled Lightning"],"acts_visited":["Exordium","TheCity","TheBeyond"],"potions_floor_usage":[42,42],"damage_taken":[{"damage":0.0,"enemies":"Jaw Worm","floor":1.0,"turns":5.0},{"damage":4.0,"enemies":"Cultist","floor":3.0,"turns":4.0},{"damage":0.0,"enemies":"Small Slimes","floor":4.0,"turns":5.0},{"damage":2.0,"enemies":"Exordium Thugs","floor":7.0,"turns":7.0},{"damage":38.0,"enemies":"Gremlin Nob","floor":8.0,"turns":6.0},{"damage":4.0,"enemies":"Large Slime","floor":10.0,"turns":8.0},{"damage":0.0,"enemies":"2 Fungi Beasts","floor":11.0,"turns":2.0},{"damage":0.0,"enemies":"Blue Slaver","floor":13.0,"turns":5.0},{"damage":4.0,"enemies":"The Guardian","floor":16.0,"turns":23.0},{"damage":4.0,"enemies":"Spheric Guardian","floor":18.0,"turns":7.0},{"damage":4.0,"enemies":"Chosen","floor":21.0,"turns":5.0},{"damage":16.0,"enemies":"Centurion and Healer","floor":22.0,"turns":8.0},{"damage":6.0,"enemies":"3 Cultists","floor":24.0,"turns":6.0},{"damage":29.0,"enemies":"Slavers","floor":25.0,"turns":4.0},{"damage":5.0,"enemies":"Gremlin Leader","floor":30.0,"turns":8.0},{"damage":11.0,"enemies":"Cultist and Chosen","floor":31.0,"turns":9.0},{"damage":26,"enemies":"Champ","floor":33,"turns":14},{"damage":14,"enemies":"3 Shapes","floor":35,"turns":4},{"damage":11,"enemies":"3 Darklings","floor":36,"turns":6},{"damage":2,"enemies":"Maw","floor":37,"turns":10},{"damage":15,"enemies":"4 Shapes","floor":39,"turns":5},{"damage":11,"enemies":"Reptomancer","floor":41,"turns":9},{"damage":22,"enemies":"Sphere and 2 Shapes","floor":42,"turns":5}],"seed_played":"8147444346049235670","potions_obtained":[{"floor":8.0,"key":"SkillPotion"},{"floor":10.0,"key":"EssenceOfSteel"},{"floor":22.0,"key":"Dexterity Potion"},{"floor":33,"key":"Poison Potion"},{"floor":35,"key":"Energy Potion"}],"is_trial":false,"path_per_floor":["M","?","M","M","$","R","M","E","T","M","M","R","M","?","R","B",null,"M","$","?","M","M","R","M","E","T","R","?","$","E","M","R","B",null,"M","M","M","$","M","R","E","M"],"character_chosen":"THE_SILENT","items_purchased":["Footwork","OrangePellets","Footwork","Orrery","War Paint","Whetstone"],"campfire_rested":4,"item_purchase_floors":[5,5,19,19,38,38],"current_hp_per_floor":[63,63,59,59,59,59,57,19,19,15,15,36,36,36,36,32,61,57,57,57,53,37,37,31,2,2,23,23,23,18,7,28,2,53,39,28,26,26,11,32,21,0,0],"gold":65,"neow_bonus":"ONE_RANDOM_RARE_CARD","is_daily":false,"chose_seed":false,"campfire_upgraded":3,"win_rate":0.0,"timestamp":1613051464,"path_taken":["M","?","M","M","?","R","?","E","T","M","M","R","M","?","R","BOSS","M","$","?","M","M","R","M","E","T","R","?","$","E","M","R","BOSS","M","M","M","$","M","R","E","M"],"items_purchased_type":["Card","Relic","Card","Relic","Relic","Relic"],"build_version":"2020-12-22","purchased_purges":2,"victory":false,"max_hp_per_floor":[70,70,70,70,70,70,70,70,70,70,70,70,70,70,70,70,70,70,70,70,70,70,70,70,70,70,70,70,70,70,70,70,70,70,70,70,70,70,70,70,70,70,70],"card_choices":[{"not_picked":["Deadly Poison","Sucker Punch"],"picked":"Blade Dance","floor":1.0},{"not_picked":["Poisoned Stab","Deadly Poison"],"picked":"Dodge and Roll","floor":3.0},{"not_picked":["Catalyst","Bane"],"picked":"Flying Knee","floor":4.0},{"not_picked":["Well Laid Plans","Deflect"],"picked":"Infinite Blades","floor":7.0},{"not_picked":["Crippling Poison","Slice"],"picked":"PiercingWail","floor":8.0},{"not_picked":["All Out Attack+1","Crippling Poison"],"picked":"Die Die Die+1","floor":10.0},{"not_picked":["Deflect","Bouncing Flask"],"picked":"Leg Sweep","floor":11.0},{"not_picked":["Finisher+1","Predator+1"],"picked":"Backflip","floor":13.0},{"not_picked":["Grand Finale+1","Tools of the Trade"],"picked":"After Image","floor":16.0},{"not_picked":["Predator+1","Poisoned Stab+1"],"picked":"Cloak And Dagger","floor":18.0},{"not_picked":["Poisoned Stab+1","Outmaneuver+1"],"picked":"A Thousand Cuts","floor":19.0},{"not_picked":["Sucker Punch+1","Distraction"],"picked":"Adrenaline","floor":19.0},{"not_picked":["Expertise","Prepared"],"picked":"Blur","floor":19.0},{"not_picked":["Leg Sweep","Acrobatics"],"picked":"Caltrops+1","floor":19.0},{"not_picked":["PiercingWail","Bouncing Flask"],"picked":"Caltrops","floor":21.0},{"not_picked":["Catalyst+1","PiercingWail","Calculated Gamble"],"picked":"SKIP","floor":22.0},{"not_picked":["Footwork","Accuracy"],"picked":"Blade Dance","floor":24.0},{"not_picked":["Dash+1","Deadly Poison","Malaise"],"picked":"SKIP","floor":25.0},{"not_picked":["Endless Agony+1","Concentrate","Blade Dance"],"picked":"SKIP","floor":30.0},{"not_picked":["Sucker Punch+1","Poisoned Stab+1","Concentrate"],"picked":"SKIP","floor":31.0},{"not_picked":["After Image","Tools of the Trade"],"picked":"Wraith Form v2","floor":33},{"not_picked":["Sucker Punch+1","Dodge and Roll"],"picked":"Prepared+1","floor":35},{"not_picked":["Backstab+1","All Out Attack+1","Quick Slash+1"],"picked":"SKIP","floor":36},{"not_picked":["Tactician","Cloak And Dagger+1"],"picked":"Accuracy+1","floor":37},{"not_picked":["Skewer+1","Endless Agony+1","Dagger Throw+1"],"picked":"SKIP","floor":39},{"not_picked":["Unload+1","Expertise","Prepared+1"],"picked":"SKIP","floor":41}],"player_experience":394299,"relics_obtained":[{"floor":8.0,"key":"Old Coin"},{"floor":9.0,"key":"Molten Egg 2"},{"floor":25.0,"key":"HornCleat"},{"floor":26.0,"key":"The Courier"},{"floor":30.0,"key":"Girya"},{"floor":41,"key":"Bottled Lightning"}],"event_choices":[{"damage_healed":0.0,"max_hp_gain":0.0,"max_hp_loss":0.0,"gold_gain":100.0,"event_name":"Golden Shrine","player_choice":"Pray","floor":2.0,"gold_loss":0.0,"damage_taken":0.0},{"damage_healed":0.0,"max_hp_gain":0.0,"max_hp_loss":0.0,"gold_gain":0.0,"event_name":"Living Wall","player_choice":"Grow","floor":14.0,"gold_loss":0.0,"damage_taken":0.0,"cards_upgraded":["Footwork"]},{"damage_healed":0.0,"max_hp_gain":0.0,"max_hp_loss":0.0,"gold_gain":0.0,"event_name":"Addict","player_choice":"Obtained Relic","floor":20.0,"gold_loss":85.0,"damage_taken":0.0,"relics_obtained":["Mercury Hourglass"]},{"damage_healed":0.0,"max_hp_gain":0.0,"max_hp_loss":0.0,"gold_gain":0.0,"event_name":"Cursed Tome","player_choice":"Ignored","floor":28.0,"gold_loss":0.0,"damage_taken":0.0}],"is_beta":false,"boss_relics":[{"not_picked":["Fusion Hammer","Ectoplasm"],"picked":"WristBlade"},{"not_picked":["Philosopher\u0027s Stone","Velvet Choker"],"picked":"Cursed Key"}],"items_purged_floors":[19,29],"is_endless":false,"potions_floor_spawned":[8,10,22,24,33,35,36,39],"killed_by":"Sphere and 2 Shapes","ascension_level":13}}