{"host":"1a8vswsp13vmqqwt","time":1613036859,"event":{"mods":["AchievementEnabler","BaseMod","Hermit","Minty Spire (QoL Compilation)","StSLib"],"gold_per_floor":[109,109,120,136,154,184,197,197,243,258,106,138,153,153,153,153,153],"floor_reached":16,"language":"ENG","playtime":490,"items_purged":[],"score":114,"play_id":"23a9cc2b-8302-4e7b-8a63-0d53b19b360f","local_time":"20210211124739","is_ascension_mode":false,"campfire_choices":[{"floor":8,"key":"REST"},{"floor":15,"key":"REST"}],"circlet_count":0,"master_deck":["hermit:Strike_Hermit","hermit:Strike_Hermit","hermit:Strike_Hermit","hermit:Strike_Hermit","hermit:Defend_Hermit","hermit:Defend_Hermit","hermit:Defend_Hermit","hermit:Defend_Hermit","hermit:Snapshot","hermit:Covet","hermit:Enervate","hermit:Ricochet","hermit:SprayPray","hermit:Showdown","hermit:FlashPowder","hermit:Shortfuse","hermit:Brawl","hermit:Maintenance","hermit:TrackingShot","Injury"],"relics":["hermit:Momento","NeowsBlessing","Akabeko","hermit:RyeStalk","Frozen Egg 2","Golden Idol"],"acts_visited":["Exordium"],"potions_floor_usage":[16,16,16],"damage_taken":[{"damage":0,"enemies":"Cultist","floor":1,"turns":1},{"damage":0,"enemies":"Jaw Worm","floor":3,"turns":1},{"damage":0,"enemies":"Small Slimes","floor":4,"turns":1},{"damage":12,"enemies":"Blue Slaver","floor":5,"turns":3},{"damage":49,"enemies":"Lagavulin","floor":6,"turns":7},{"damage":0,"enemies":"3 Louse","floor":7,"turns":3},{"damage":0,"enemies":"Red Slaver","floor":10,"turns":2},{"damage":20,"enemies":"3 Sentries","floor":12,"turns":6},{"damage":3,"enemies":"2 Fungi Beasts","floor":13,"turns":3},{"damage":35,"enemies":"The Guardian","floor":16,"turns":7}],"seed_played":"-8973491336041473718","potions_obtained":[{"floor":1,"key":"Strength Potion"},{"floor":5,"key":"Strength Potion"},{"floor":7,"key":"hermit:Tonic"},{"floor":12,"key":"ColorlessPotion"}],"is_trial":false,"path_per_floor":["M","?","M","M","M","E","M","R","T","M","$","E","M","?","R","B"],"character_chosen":"HERMIT","items_purchased":["hermit:Brawl","hermit:Maintenance"],"campfire_rested":2,"item_purchase_floors":[11,11],"current_hp_per_floor":[75,75,75,75,63,14,14,36,36,36,36,16,13,13,35,0,0],"gold":153,"neow_bonus":"THREE_ENEMY_KILL","is_daily":false,"chose_seed":false,"campfire_upgraded":0,"win_rate":0.0,"timestamp":1613036859,"path_taken":["M","?","M","M","M","E","?","R","T","M","?","E","M","?","R","BOSS"],"items_purchased_type":["Card","Card"],"build_version":"2020-12-22","purchased_purges":0,"victory":false,"max_hp_per_floor":[75,75,75,75,75,75,75,75,75,75,75,75,75,75,75,75,75],"card_choices":[{"not_picked":["hermit:ShadowCloak","hermit:EyeOfTheStorm"],"picked":"hermit:Enervate","floor":1},{"not_picked":["hermit:BodyArmor","hermit:Desperado"],"picked":"hermit:Ricochet","floor":3},{"not_picked":["hermit:CalledShot","hermit:TakeCover"],"picked":"hermit:SprayPray","floor":4},{"not_picked":["hermit:LoneWolf","hermit:Dive"],"picked":"hermit:Showdown","floor":5},{"not_picked":["hermit:Horror","hermit:Midnight"],"picked":"hermit:FlashPowder","floor":6},{"not_picked":["hermit:Grudge","hermit:Coalescence","hermit:SprayPray"],"picked":"SKIP","floor":7},{"not_picked":["hermit:HighNoon","hermit:Roulette"],"picked":"hermit:Shortfuse","floor":10},{"not_picked":["hermit:Coalescence","hermit:NoHoldsBarred","hermit:Maintenance"],"picked":"SKIP","floor":12},{"not_picked":["hermit:HoleUp","hermit:LowProfile"],"picked":"hermit:TrackingShot","floor":13}],"player_experience":216457,"relics_obtained":[{"floor":6,"key":"Akabeko"},{"floor":9,"key":"hermit:RyeStalk"},{"floor":12,"key":"Frozen Egg 2"}],"event_choices":[{"damage_healed":0,"gold_gain":0,"player_choice":"Ignored","damage_taken":0,"max_hp_gain":0,"max_hp_loss":0,"event_name":"NoteForYourself","floor":2,"gold_loss":0},{"damage_healed":0,"gold_gain":0,"player_choice":"Take Wound","damage_taken":0,"relics_obtained":["Golden Idol"],"max_hp_gain":0,"max_hp_loss":0,"event_name":"Golden Idol","floor":14,"gold_loss":0,"cards_obtained":["Injury"]}],"is_beta":false,"boss_relics":[],"items_purged_floors":[],"is_endless":false,"potions_floor_spawned":[1,5,7,12,13],"killed_by":"The Guardian","ascension_level":0}}