{"host":"d76q0rb9a0s9bgr5","time":1613046146,"event":{"mods":["BaseMod","Downfall","Hubris","Minty Spire (QoL Compilation)","StSLib"],"gold_per_floor":[99,115,125,125,225,260,306,41,41,76,94,4,4,4,20,125,125,125,138,156,156,41,141,164,174,174,174,186,202,247,261,272,272,272,272],"floor_reached":33,"language":"ENG","playtime":2020,"items_purged":["Guardian:Defend_Guardian","Guardian:Strike_Guardian"],"score":282,"play_id":"d10be211-d830-4756-b79c-05781fdebeb7","local_time":"20210211132226","is_ascension_mode":false,"campfire_choices":[{"data":"Guardian:TwinSlam","floor":1,"key":"SMITH"},{"data":"Guardian:SpikerProtocol","floor":9,"key":"SMITH"},{"data":"Guardian:MultiBeam","floor":13,"key":"SMITH"},{"data":"Guardian:TimeSifter","floor":18,"key":"SMITH"}],"circlet_count":0,"master_deck":["Guardian:Strike_Guardian","Guardian:Strike_Guardian","Guardian:Strike_Guardian","Guardian:Defend_Guardian","Guardian:Defend_Guardian","Guardian:Defend_Guardian+1","Guardian:CurlUp+1","Guardian:TwinSlam+1","Guardian:TimeCapacitor","Guardian:ShieldCharger","Guardian:SpikerProtocol+1","Guardian:ArmoredProtocol","Guardian:MultiBeam+1","Guardian:PiercingHide+1","Guardian:TimeSifter+1","Guardian:Gem_Fragmented","Guardian:Gem_Cyan","Guardian:Gem_Lightblue","Guardian:SentryBeam","Guardian:FloatingOrbs","Guardian:Harden+1"],"relics":["hubris:ScarierMask","hubris:Towel","Mummified Hand","Toy Ornithopter","Bottled Tornado","Toxic Egg 2","hubris:TerracottaHorce","hubris:BottledHeart","Tiny Chest","War Paint"],"acts_visited":["Exordium","TheCity"],"potions_floor_usage":[6,29,33,33],"damage_taken":[{"damage":0,"enemies":"2 Louse","floor":2,"turns":2},{"damage":0,"enemies":"Small Slimes","floor":3,"turns":2},{"damage":35,"enemies":"Gremlin Nob","floor":6,"turns":5},{"damage":0,"enemies":"downfall:FleeingMerchant","floor":8,"turns":4},{"damage":0,"enemies":"3 Sentries","floor":10,"turns":9},{"damage":0,"enemies":"Cultist","floor":11,"turns":4},{"damage":0,"enemies":"downfall:FleeingMerchant","floor":12,"turns":4},{"damage":0,"enemies":"Blue Slaver","floor":15,"turns":3},{"damage":19,"enemies":"SI_SHIV_ARCHETYPE","floor":16,"turns":10},{"damage":11,"enemies":"Spheric Guardian","floor":19,"turns":4},{"damage":0,"enemies":"3 Byrds","floor":20,"turns":4},{"damage":0,"enemies":"downfall:FleeingMerchant","floor":22,"turns":4},{"damage":0,"enemies":"Snake Plant","floor":25,"turns":4},{"damage":0,"enemies":"Centurion and Healer","floor":28,"turns":5},{"damage":0,"enemies":"3 Cultists","floor":29,"turns":4},{"damage":0,"enemies":"Snake Plant","floor":31,"turns":6},{"damage":0,"enemies":"Shelled Parasite and Fungi","floor":32,"turns":5},{"damage":24,"enemies":"IC_MUSHROOM_ARCHETYPE","floor":33,"turns":11}],"seed_played":"4205720042328107493","potions_obtained":[{"floor":3,"key":"champ:CounterPotion"},{"floor":6,"key":"bronze:BurnAndBuffPotion"},{"floor":10,"key":"Fruit Juice"},{"floor":11,"key":"EssenceOfSteel"},{"floor":29,"key":"SkillPotion"}],"is_trial":false,"path_per_floor":["R","M","M","?","?","E","T","$","R","E","M","$","R","?","M","B",null,"R","M","M","?","$","?","T","M","?","?","M","M","T","M","M","B"],"character_chosen":"GUARDIAN","items_purchased":["Bottled Tornado"],"campfire_rested":0,"item_purchase_floors":[8],"current_hp_per_floor":[80,80,80,80,80,45,45,45,45,45,45,45,45,45,45,26,67,67,56,56,1,1,1,1,1,1,1,1,1,1,1,1,0,0,0],"gold":272,"neow_bonus":"BOSS_RELIC","is_daily":false,"chose_seed":false,"campfire_upgraded":4,"win_rate":0.0,"timestamp":1613046146,"path_taken":["R","M","M","?","?","E","T","$","R","E","M","$","R","?","M","BOSS","R","M","M","?","$","?","T","?","?","?","M","M","?","M","M","BOSS"],"items_purchased_type":["Relic"],"build_version":"2020-12-22","purchased_purges":2,"victory":false,"max_hp_per_floor":[80,80,80,80,80,80,80,80,80,80,80,80,80,80,80,80,80,80,80,80,1,1,1,1,1,1,1,1,1,1,1,1,1,1,1],"card_choices":[{"not_picked":["Guardian:Gem_Green","Guardian:ShieldSpikes"],"picked":"Guardian:TimeCapacitor","floor":2},{"not_picked":["Guardian:GuardianWhirl","Guardian:RefractedBeam"],"picked":"Guardian:ShieldCharger","floor":3},{"not_picked":["Guardian:RollAttack","Guardian:TimeBomb"],"picked":"Guardian:SpikerProtocol","floor":6},{"not_picked":["Guardian:PrimingBeam","Guardian:Planning"],"picked":"Guardian:Gem_Synthetic","floor":8},{"not_picked":["Guardian:DecasProtection","Guardian:TemporalShield"],"picked":"Guardian:ArmoredProtocol","floor":10},{"not_picked":["Guardian:WalkerClaw","Guardian:Recover+1"],"picked":"Guardian:Gem_Blue","floor":11},{"not_picked":["Guardian:VentSteam+1","Guardian:RollAttack"],"picked":"Guardian:MultiBeam","floor":12},{"not_picked":["Guardian:VentSteam+1","Guardian:Gem_Purple"],"picked":"Guardian:PiercingHide+1","floor":15},{"not_picked":["Guardian:ExploitGems+1","Guardian:BaubleBeam"],"picked":"Guardian:TimeSifter","floor":16},{"not_picked":["Guardian:ShieldSpikes+1","Guardian:CrystalBeam","Guardian:PrimingBeam"],"picked":"SKIP","floor":19},{"not_picked":["Guardian:TimeCapacitor","Guardian:TemporalShield+1"],"picked":"Guardian:Gem_Fragmented","floor":20},{"not_picked":["Guardian:Preprogram+1","Guardian:TemporalShield+1","Guardian:TimeSifter"],"picked":"SKIP","floor":22},{"not_picked":["Guardian:VentSteam+1","Guardian:BronzeOrb"],"picked":"Guardian:Gem_Cyan","floor":25},{"not_picked":["Guardian:VentSteam+1","Guardian:ChargeCore"],"picked":"Guardian:Gem_Lightblue","floor":28},{"not_picked":["Guardian:Clone+1","Guardian:VentSteam+1"],"picked":"Guardian:SentryBeam","floor":29},{"not_picked":["Guardian:SentryBeam","Guardian:Gem_Fragmented"],"picked":"Guardian:FloatingOrbs","floor":31},{"not_picked":["Guardian:PiercingHide+1","Guardian:CrystalBeam"],"picked":"Guardian:Harden+1","floor":32}],"player_experience":131351,"relics_obtained":[{"floor":6,"key":"Mummified Hand"},{"floor":7,"key":"Toy Ornithopter"},{"floor":10,"key":"Toxic Egg 2"},{"floor":24,"key":"Tiny Chest"},{"floor":30,"key":"War Paint"}],"event_choices":[{"damage_healed":0,"gold_gain":0,"player_choice":"Ignored","damage_taken":0,"max_hp_gain":0,"max_hp_loss":0,"event_name":"NoteForYourself","floor":27,"gold_loss":0}],"is_beta":false,"boss_relics":[{"not_picked":["hubris:CrackedHourglass","hubris:Stopwatch"],"picked":"hubris:TerracottaHorce"}],"items_purged_floors":[12,22],"is_endless":false,"potions_floor_spawned":[3,6,10,11,20,25,29,31,32],"killed_by":"IC_MUSHROOM_ARCHETYPE","ascension_level":0}}