{"host":"pah2xi72mkoh8qg3","time":1613064531,"event":{"mods":["BaseMod","Colored Powertips","Conspire","FoggyMod","Highlight Path","Minty Spire (QoL Compilation)","Reliquary","Replay The Spire","RumiaBox-露米娅的神秘盒子","Shop Mod","StSLib","Waifu the Spire"],"gold_per_floor":[118,152,152,167,117,143,193,219,219,219,219,253,272,2,2,101,151,163,163,180,53,53,81,81,113,140,165,51,51,51,98,98,195,195,208,263,1262,908,116,116,116],"floor_reached":40,"language":"ZHS","playtime":2373,"items_purged":["Sickly","Pain","Normality"],"score":897,"play_id":"a8480a14-a57d-477d-9e89-0e6b6d246557","local_time":"20210212012851","is_ascension_mode":true,"campfire_choices":[{"floor":15,"key":"REST"},{"floor":24,"key":"RECALL"},{"floor":29,"key":"REST"},{"floor":32,"key":"REST"}],"circlet_count":0,"master_deck":["Strike_B+1","Strike_B+1","Strike_B+1","Strike_B+1","Defend_B+1","Zap","Dualcast","conspire:Banana","Conserve Battery","BootSequence+1","ReplayTheSpireMod:GoodbyeWorld","Rainbow","Compile Driver+1","Gash+1","Crow Ritual+1","ReplayTheSpireMod:Omega Cannon+1","Compile Driver+1","Panic Button","Coolheaded+1","ReplayTheSpireMod:Faulty Equipment","Conserve Battery+1","Compile Driver+1","ReplayTheSpireMod:Dual Polarity","Reinforced Body+1","Seek","Shame","All For One+1","Scrape+1","Static Discharge","Voices","ReplaySolidLightProjector+1","CommonCold","Injury","Delirium","Voices","Hallucinations","Normality","Transmutation"],"relics":["Cracked Core","MagicDraw4","reliquary:TuningFork","Ring of Greed","ReplayTheSpireMod:Ring of Addiction","Blue Doll","Smiling Mask","White Beast Statue","Replay:Ringing Soul","Prayer Wheel","Molten Egg 2","MerchantsRug","Medical Kit","conspire:IceCreamScoop","Bag of Preparation","ReplayTheSpireMod:TigerMarble","reliquary:Knoch","Happy Flower","Black Star","WingedGreaves","PreservedInsect","reliquary:SilkGlove","PrismaticShard","reliquary:QuartzCube","Boot"],"acts_visited":["Exordium","TheCity","TheBeyond"],"potions_floor_usage":[12,12,12,16,16,23,23,27,27,27,27,36,39,40],"damage_taken":[{"damage":0,"enemies":"2 Louse","floor":1,"turns":3},{"damage":9,"enemies":"conspire:MimicChest","floor":2,"turns":4},{"damage":0,"enemies":"Small Slimes","floor":4,"turns":3},{"damage":37,"enemies":"Gremlin Nob","floor":6,"turns":5},{"damage":12,"enemies":"Lagavulin","floor":12,"turns":6},{"damage":0,"enemies":"Cultist","floor":13,"turns":3},{"damage":41,"enemies":"The Guardian","floor":16,"turns":8},{"damage":26,"enemies":"Spheric Guardian","floor":18,"turns":4},{"damage":36,"enemies":"3 Byrds","floor":20,"turns":5},{"damage":29,"enemies":"Gremlin Leader","floor":23,"turns":8},{"damage":5,"enemies":"conspire:Head Lice","floor":25,"turns":5},{"damage":71,"enemies":"Slavers","floor":27,"turns":8},{"damage":58,"enemies":"Pondfish","floor":33,"turns":15},{"damage":42,"enemies":"3 Shapes","floor":35,"turns":3},{"damage":42,"enemies":"2 Orb Walkers","floor":36,"turns":4},{"damage":58,"enemies":"Nemesis","floor":40,"turns":4}],"seed_played":"-4640931600247230326","potions_obtained":[{"floor":1,"key":"Reflective Coating"},{"floor":7,"key":"ColorlessPotion"},{"floor":7,"key":"BlessingOfTheForge"},{"floor":7,"key":"Dexterity Potion"},{"floor":12,"key":"Explosive Potion"},{"floor":13,"key":"PowerPotion"},{"floor":16,"key":"Fire Potion"},{"floor":17,"key":"FocusPotion"},{"floor":18,"key":"Regen Potion"},{"floor":20,"key":"EssenceOfSteel"},{"floor":23,"key":"FocusPotion"},{"floor":25,"key":"FocusPotion"},{"floor":27,"key":"Explosive Potion"},{"floor":33,"key":"BlessingOfTheForge"},{"floor":35,"key":"Dexterity Potion"},{"floor":36,"key":"Swift Potion"}],"is_trial":false,"path_per_floor":["M","?","?","M","?","E","?","T","T","?","?","E","M","$","R","B",null,"M","?","M","$","?","E","R","E","T","E","$","R","?","T","R","B",null,"M","?","?","$","$","E"],"character_chosen":"DEFECT","items_purchased":["MerchantsRug","Crow Ritual+1","Medical Kit","reliquary:Knoch","PreservedInsect","reliquary:SilkGlove","PrismaticShard","Transmutation","reliquary:QuartzCube","Boot","Fruit Juice"],"campfire_rested":3,"item_purchase_floors":[14,14,21,28,38,38,39,39,39,39,39],"current_hp_per_floor":[76,68,68,69,69,33,33,33,33,33,18,11,15,18,44,8,100,78,104,70,70,70,62,62,61,61,53,53,87,87,90,115,61,117,79,41,44,44,52,0,0],"gold":116,"neow_bonus":"RANDOM_COLORLESS","is_daily":false,"chose_seed":false,"campfire_upgraded":0,"win_rate":0.0,"timestamp":1613064531,"path_taken":["M","?","?","?","?","E","?","?","T","?","?","E","?","$","R","BOSS","M","?","?","$","?","E","R","E","T","E","$","R","?","?","R","BOSS","M","?","?","?","$","E"],"items_purchased_type":["Relic","Card","Relic","Relic","Relic","Relic","Relic","Card","Relic","Relic","Potion"],"build_version":"2020-12-22","purchased_purges":3,"victory":false,"max_hp_per_floor":[76,77,77,78,78,79,79,79,79,79,77,82,86,89,89,92,100,104,104,106,106,106,108,108,112,112,114,114,114,114,115,115,119,117,121,125,128,128,136,137,137],"card_choices":[{"not_picked":["Enlightenment","Survey Options"],"picked":"conspire:Banana","floor":0},{"not_picked":["Aggregate","BasicCrystalCard"],"picked":"Conserve Battery","floor":1},{"not_picked":["Rip and Tear","Steam Power"],"picked":"BootSequence","floor":2},{"not_picked":["ReplayGash","Gash"],"picked":"ReplayTheSpireMod:GoodbyeWorld","floor":4},{"not_picked":["Undo","Rebound"],"picked":"ReplayTheSpireMod:Fabricate Wheel","floor":6},{"not_picked":["Ball Lightning+1","Steam"],"picked":"Rainbow","floor":12},{"not_picked":["Undo","Go for the Eyes+1"],"picked":"Compile Driver+1","floor":13},{"not_picked":["Steam","Time Bomb"],"picked":"Gash+1","floor":13},{"not_picked":["Mirror Shield","ReplayTheSpireMod:Fabricate Wheel"],"picked":"ReplayTheSpireMod:Omega Cannon+1","floor":16},{"not_picked":["BasicCrystalCard","Redo"],"picked":"Compile Driver+1","floor":17},{"not_picked":["Go for the Eyes+1","Coolheaded"],"picked":"Panic Button","floor":18},{"not_picked":["Cold Snap+1","Force Field"],"picked":"Coolheaded+1","floor":18},{"not_picked":["Recycle","Rebound+1"],"picked":"Conserve Battery+1","floor":20},{"not_picked":["ReplayTheSpireMod:GoodbyeWorld","Leap"],"picked":"Compile Driver+1","floor":20},{"not_picked":["Panic Button+1","Auto Shields+1"],"picked":"ReplayTheSpireMod:Dual Polarity","floor":23},{"not_picked":["Force Field","Stack"],"picked":"Reinforced Body+1","floor":25},{"not_picked":["Cold Snap+1","Conserve Battery"],"picked":"Seek","floor":27},{"not_picked":["ReplayRNGCard","Multi-Cast"],"picked":"All For One+1","floor":33},{"not_picked":["Barrage+1","BootSequence"],"picked":"Scrape+1","floor":35},{"not_picked":["Steam+1","Cold Snap+1"],"picked":"Static Discharge","floor":35},{"not_picked":["Aggregate+1","Coolheaded+1"],"picked":"ReplaySolidLightProjector+1","floor":36}],"player_experience":327218,"relics_obtained":[{"floor":2,"key":"MagicDraw4"},{"floor":6,"key":"reliquary:TuningFork"},{"floor":7,"key":"Ring of Greed"},{"floor":7,"key":"ReplayTheSpireMod:Ring of Addiction"},{"floor":7,"key":"Blue Doll"},{"floor":7,"key":"Smiling Mask"},{"floor":7,"key":"White Beast Statue"},{"floor":7,"key":"Potion Belt"},{"floor":9,"key":"Replay:Ringing Soul"},{"floor":12,"key":"Molten Egg 2"},{"floor":23,"key":"conspire:IceCreamScoop"},{"floor":25,"key":"Lizard Tail"},{"floor":26,"key":"Bag of Preparation"},{"floor":27,"key":"ReplayTheSpireMod:TigerMarble"},{"floor":31,"key":"Happy Flower"},{"floor":36,"key":"WingedGreaves"}],"event_choices":[{"cards_removed":["Defend_B"],"damage_healed":0,"gold_gain":0,"player_choice":"Purged","damage_taken":0,"max_hp_gain":0,"max_hp_loss":0,"event_name":"Purifier","floor":3,"gold_loss":0},{"cards_removed":["Defend_B"],"damage_healed":0,"gold_gain":0,"player_choice":"Card Removal","damage_taken":0,"max_hp_gain":0,"max_hp_loss":0,"event_name":"The Cleric","floor":5,"gold_loss":50},{"cards_removed":["Defend_B"],"damage_healed":0,"gold_gain":0,"player_choice":"Forget","damage_taken":0,"max_hp_gain":0,"max_hp_loss":0,"event_name":"Living Wall","floor":10,"gold_loss":0},{"damage_healed":0,"gold_gain":0,"player_choice":"Entered Light","damage_taken":15,"max_hp_gain":0,"max_hp_loss":0,"event_name":"Shining Light","floor":11,"gold_loss":0,"cards_upgraded":["Strike_B","BootSequence"]},{"damage_healed":26,"gold_gain":0,"player_choice":"Full Heal","damage_taken":0,"max_hp_gain":0,"max_hp_loss":0,"event_name":"Wheel of Change","floor":19,"gold_loss":0},{"damage_healed":0,"gold_gain":0,"player_choice":"Simplicity","damage_taken":0,"max_hp_gain":0,"max_hp_loss":0,"event_name":"Back to Basics","floor":30,"gold_loss":0,"cards_upgraded":["Strike_B","Strike_B","Defend_B"]},{"damage_healed":0,"gold_gain":0,"player_choice":"Fight","damage_taken":0,"max_hp_gain":0,"max_hp_loss":0,"event_name":"Mysterious Sphere","floor":36,"gold_loss":0},{"damage_healed":0,"gold_gain":999,"player_choice":"Gold","damage_taken":0,"max_hp_gain":0,"max_hp_loss":0,"event_name":"MindBloom","floor":37,"gold_loss":0,"cards_obtained":["Normality","Normality"]}],"is_beta":false,"boss_relics":[{"not_picked":["Replay:Grab Bag","Ectoplasm"],"picked":"Tiny House"},{"not_picked":["reliquary:WritOfMandamus","Calling Bell"],"picked":"Black Star"}],"items_purged_floors":[28,38,39],"is_endless":false,"potions_floor_spawned":[1,12,13,16,18,20,23,25,27,33,35,36],"killed_by":"Nemesis","ascension_level":1}}