{"host":"5hsgormuu0lj4iiq","time":1613014148,"event":{"mods":["AchievementEnabler","BaseMod","Colored Map","Colored Powertips","Minty Spire (QoL Compilation)","Quick Restart","Relic Stats","SuperFastMode","everything is the same but u backflip on backflip","slay the spire mod where everything is the same but ironclad has a cowboy hat"],"gold_per_floor":[209,229,229,245,91,91,125,135,217,217,282,25,25,40,40,136,136,152,112,122,42,60,60,60],"floor_reached":23,"language":"ENG","playtime":519,"items_purged":["Strike_B"],"score":306,"play_id":"72353d86-cef8-4468-a470-78cc0b97e850","local_time":"20210210222908","is_ascension_mode":true,"campfire_choices":[{"data":"Doom and Gloom","floor":6,"key":"SMITH"},{"data":"Ball Lightning","floor":13,"key":"SMITH"},{"floor":15,"key":"REST"}],"circlet_count":0,"master_deck":["AscendersBane","Strike_B","Strike_B","Defend_B","Defend_B","Defend_B","Defend_B","Zap","Dualcast","Doom and Gloom+1","Static Discharge","Ball Lightning+1","Core Surge+1","Defragment","Cold Snap"],"relics":["Cracked Core","Turnip","Shuriken","Question Card","Sozu"],"acts_visited":["Exordium","TheCity"],"potions_floor_usage":[],"damage_taken":[{"damage":14,"enemies":"Jaw Worm","floor":1,"turns":3},{"damage":6,"enemies":"Cultist","floor":2,"turns":4},{"damage":2,"enemies":"2 Louse","floor":4,"turns":2},{"damage":15,"enemies":"Lagavulin","floor":7,"turns":5},{"damage":5,"enemies":"2 Fungi Beasts","floor":8,"turns":3},{"damage":15,"enemies":"3 Louse","floor":14,"turns":2},{"damage":28,"enemies":"Slime Boss","floor":16,"turns":5},{"damage":7,"enemies":"Chosen","floor":18,"turns":4},{"damage":28,"enemies":"2 Thieves","floor":20,"turns":3},{"damage":8,"enemies":"Snecko","floor":22,"turns":4},{"damage":28,"enemies":"Gremlin Leader","floor":23,"turns":2}],"seed_played":"-7505114292563711475","potions_obtained":[{"floor":2,"key":"Swift Potion"},{"floor":4,"key":"CultistPotion"}],"is_trial":false,"path_per_floor":["M","M","?","M","$","R","E","M","T","?","?","$","R","M","R","B",null,"M","?","M","$","M","E"],"character_chosen":"DEFECT","items_purchased":["Static Discharge","Question Card","Defragment"],"campfire_rested":1,"item_purchase_floors":[5,12,21],"current_hp_per_floor":[54,48,48,46,46,46,31,26,26,51,51,51,51,36,58,30,64,57,57,29,29,21,0,0],"gold":60,"neow_bonus":"HUNDRED_GOLD","is_daily":false,"chose_seed":false,"campfire_upgraded":2,"win_rate":0.0,"timestamp":1613014148,"path_taken":["M","M","?","?","$","R","E","M","T","?","?","$","R","M","R","BOSS","M","?","?","$","?","E"],"items_purchased_type":["Card","Relic","Card"],"build_version":"2020-12-22","purchased_purges":1,"victory":false,"max_hp_per_floor":[75,75,75,75,75,75,75,75,75,75,75,75,75,75,75,75,75,75,75,75,75,75,75,75],"relic_stats":{"Sozu":2,"counters":[11,37],"Shuriken":[2],"Turnip":[0],"Question Card":5,"obtain_stats":[{"Sozu":17,"Shuriken":9,"Turnip":7,"Cracked Core":0,"Question Card":12},{"Sozu":7,"Shuriken":5,"Turnip":4,"Cracked Core":0,"Question Card":5},{"Sozu":24,"Shuriken":17,"Turnip":14,"Cracked Core":0,"Question Card":17}]},"card_choices":[{"not_picked":["Turbo","Reprogram","Scrape"],"picked":"SKIP","floor":1},{"not_picked":["Scrape","Beam Cell","Turbo"],"picked":"SKIP","floor":2},{"not_picked":["Steam","Hologram"],"picked":"Doom and Gloom","floor":4},{"not_picked":["Skim","Conserve Battery","Scrape"],"picked":"SKIP","floor":7},{"not_picked":["Leap","Undo"],"picked":"Ball Lightning","floor":8},{"not_picked":["FTL","Hologram","Meteor Strike","Leap"],"picked":"SKIP","floor":14},{"not_picked":["Meteor Strike","Seek","Amplify"],"picked":"Core Surge","floor":16},{"not_picked":["Beam Cell","Steam","Redo","Leap"],"picked":"SKIP","floor":18},{"not_picked":["Compile Driver","Force Field","Redo+1","Stack+1"],"picked":"SKIP","floor":20},{"not_picked":["Fission","Rebound","Turbo+1"],"picked":"Cold Snap","floor":22}],"player_experience":723423,"relics_obtained":[{"floor":7,"key":"Turnip"},{"floor":9,"key":"Shuriken"}],"event_choices":[{"cards_removed":["Strike_B"],"damage_healed":0,"gold_gain":0,"player_choice":"Purged","damage_taken":0,"max_hp_gain":0,"max_hp_loss":0,"event_name":"Purifier","floor":3,"gold_loss":0},{"damage_healed":25,"gold_gain":0,"player_choice":"Banana","damage_taken":0,"max_hp_gain":0,"max_hp_loss":0,"event_name":"Big Fish","floor":10,"gold_loss":0},{"damage_healed":0,"gold_gain":65,"player_choice":"Gained Gold","damage_taken":0,"max_hp_gain":0,"max_hp_loss":0,"event_name":"Golden Wing","floor":11,"gold_loss":0},{"damage_healed":0,"gold_gain":0,"player_choice":"Upgrade","damage_taken":0,"max_hp_gain":0,"max_hp_loss":0,"event_name":"Designer","floor":19,"gold_loss":40,"cards_upgraded":["Core Surge"]}],"is_beta":false,"boss_relics":[{"not_picked":["Busted Crown","SlaversCollar"],"picked":"Sozu"}],"items_purged_floors":[5],"is_endless":false,"potions_floor_spawned":[2,4,16,20,22],"killed_by":"Gremlin Leader","ascension_level":12}}