{"host":"mqhvlr3kpxebko0t","time":1613040639,"event":{"mods":["AchievementEnabler","BaseMod","Colored Map","Colored Powertips","KOR Keyword Fix","Keyboard Shortcuts","Minty Spire (QoL Compilation)","StSLib","SuperFastMode"],"gold_per_floor":[118,134,134,146,157,157,175,175,175,175,185,110,122,122,122,122,122],"floor_reached":16,"language":"KOR","playtime":186,"items_purged":["Strike_G"],"score":169,"play_id":"e035c671-74f7-41dd-83b7-f171c4f29316","local_time":"20210211195039","is_ascension_mode":true,"campfire_choices":[{"data":"Choke","floor":6,"key":"SMITH"},{"data":"Bouncing Flask","floor":8,"key":"SMITH"},{"data":"Neutralize","floor":10,"key":"SMITH"},{"data":"Noxious Fumes","floor":15,"key":"SMITH"}],"circlet_count":0,"master_deck":["AscendersBane","Strike_G","Strike_G","Strike_G","Defend_G","Defend_G","Defend_G","Defend_G","Defend_G","Survivor","Neutralize+1","Poisoned Stab","Noxious Fumes+1","Choke+1","Bouncing Flask+1"],"relics":["Ring of the Snake","Torii","Paper Crane"],"acts_visited":["Exordium"],"potions_floor_usage":[13],"damage_taken":[{"damage":0,"enemies":"Small Slimes","floor":1,"turns":3},{"damage":0,"enemies":"Cultist","floor":2,"turns":3},{"damage":1,"enemies":"Jaw Worm","floor":4,"turns":4},{"damage":11,"enemies":"Exordium Thugs","floor":5,"turns":5},{"damage":1,"enemies":"Looter","floor":7,"turns":4},{"damage":1,"enemies":"Exordium Wildlife","floor":11,"turns":2},{"damage":16,"enemies":"Lots of Slimes","floor":13,"turns":4},{"damage":22,"enemies":"Slime Boss","floor":16,"turns":3}],"seed_played":"-521330028107519235","potions_obtained":[{"floor":1,"key":"SkillPotion"},{"floor":2,"key":"SneckoOil"},{"floor":11,"key":"Swift Potion"},{"floor":14,"key":"DuplicationPotion"}],"is_trial":false,"path_per_floor":["M","M","?","M","M","R","M","R","T","R","M","$","M","?","R","B"],"character_chosen":"THE_SILENT","items_purchased":[],"campfire_rested":0,"item_purchase_floors":[],"current_hp_per_floor":[44,44,44,43,32,32,31,31,31,31,30,30,14,14,14,0,0],"gold":122,"neow_bonus":"ONE_RARE_RELIC","is_daily":false,"chose_seed":false,"campfire_upgraded":4,"win_rate":0.0,"timestamp":1613040639,"path_taken":["M","M","?","M","M","R","M","R","T","R","?","$","M","?","R","BOSS"],"items_purchased_type":[],"build_version":"2020-12-22","purchased_purges":1,"victory":false,"max_hp_per_floor":[66,66,66,66,66,66,66,66,66,66,66,66,66,66,66,66,66],"card_choices":[{"not_picked":["Caltrops","PiercingWail"],"picked":"Poisoned Stab","floor":1},{"not_picked":["Deflect","Dagger Spray"],"picked":"Noxious Fumes","floor":2},{"not_picked":["Deadly Poison","Reflex"],"picked":"Choke","floor":4},{"not_picked":["Caltrops","Poisoned Stab","Deflect"],"picked":"SKIP","floor":5},{"not_picked":["Dodge and Roll","Prepared"],"picked":"Bouncing Flask","floor":7},{"not_picked":["Caltrops","Blade Dance","Tactician"],"picked":"SKIP","floor":11},{"not_picked":["Caltrops","Blade Dance","Tactician"],"picked":"SKIP","floor":11},{"not_picked":["PiercingWail","Deflect","Distraction"],"picked":"SKIP","floor":13}],"player_experience":709709,"relics_obtained":[{"floor":9,"key":"Paper Crane"}],"event_choices":[{"cards_removed":["Strike_G"],"damage_healed":0,"gold_gain":0,"player_choice":"Offered Basic","damage_taken":0,"max_hp_gain":0,"max_hp_loss":0,"event_name":"Bonfire Elementals","floor":3,"gold_loss":0},{"damage_healed":0,"gold_gain":0,"player_choice":"Got Potions","damage_taken":0,"max_hp_gain":0,"max_hp_loss":0,"event_name":"Lab","floor":14,"gold_loss":0}],"is_beta":false,"boss_relics":[],"items_purged_floors":[12],"is_endless":false,"potions_floor_spawned":[1,2,7,11],"killed_by":"Slime Boss","ascension_level":16}}