{"host":"gfxjwtol062e9znw","time":1613047066,"event":{"mods":["BaseMod","Colored Map","Minty Spire (QoL Compilation)","Rare Cards Sparkle"],"gold_per_floor":[117,129,144,202,25,55,55,67,92,136,148,160,187,220,232,373,385,388,423,70,89,89,89,89,89],"floor_reached":24,"language":"ENG","playtime":3064,"items_purged":["Strike_G"],"score":302,"play_id":"86768f18-d593-4ee6-8618-25a40cbdf30f","local_time":"20210211233746","is_ascension_mode":true,"campfire_choices":[{"data":"Footwork","floor":7.0,"key":"SMITH"},{"floor":15,"key":"REST"},{"floor":23,"key":"REST"}],"circlet_count":0,"master_deck":["Strike_G","Strike_G+1","Strike_G","Strike_G+1","Defend_G","Defend_G","Defend_G","Defend_G","Defend_G","Survivor","Neutralize","Unload","PiercingWail","All Out Attack","Escape Plan","Well Laid Plans","Footwork+1","Dagger Spray","Caltrops","Deflect","Blade Dance","Adrenaline","Sucker Punch","Prepared","Accuracy","Cloak And Dagger","Dagger Throw"],"relics":["Ring of the Snake","Lantern","MawBank","Whetstone","Golden Idol","StrikeDummy","WristBlade","Pen Nib"],"acts_visited":["Exordium","TheCity"],"potions_floor_usage":[14,14,24],"damage_taken":[{"damage":3.0,"enemies":"Jaw Worm","floor":1.0,"turns":3.0},{"damage":0.0,"enemies":"2 Louse","floor":2.0,"turns":1.0},{"damage":0.0,"enemies":"Cultist","floor":3.0,"turns":3.0},{"damage":16.0,"enemies":"Lagavulin","floor":6.0,"turns":8.0},{"damage":8.0,"enemies":"Blue Slaver","floor":8.0,"turns":3.0},{"damage":18.0,"enemies":"3 Sentries","floor":10.0,"turns":9.0},{"damage":1,"enemies":"Exordium Wildlife","floor":13,"turns":4},{"damage":13,"enemies":"Exordium Thugs","floor":14,"turns":4},{"damage":23,"enemies":"Hexaghost","floor":16,"turns":14},{"damage":15,"enemies":"2 Thieves","floor":18,"turns":4},{"damage":0,"enemies":"Spheric Guardian","floor":19,"turns":3},{"damage":30,"enemies":"Shelled Parasite and Fungi","floor":21,"turns":5},{"damage":26,"enemies":"Book of Stabbing","floor":24,"turns":4}],"seed_played":"4928117300782034776","potions_obtained":[{"floor":2.0,"key":"Weak Potion"},{"floor":3.0,"key":"LiquidMemories"},{"floor":10.0,"key":"Strength Potion"},{"floor":14,"key":"Fruit Juice"}],"is_trial":false,"path_per_floor":["M","M","M","?","$","E","R","M","T","E","?","T","M","M","R","B",null,"M","M","$","M","?","R","E"],"character_chosen":"THE_SILENT","items_purchased":["All Out Attack","Escape Plan","Well Laid Plans","Pen Nib","Energy Potion","Accuracy","Cloak And Dagger"],"campfire_rested":2,"item_purchase_floors":[5,5,5,20,20,20,20],"current_hp_per_floor":[60,60,60,60,60,44,44,36,36,18,18,18,17,9,27,4,48,33,33,33,3,3,21,0,0],"gold":89,"neow_bonus":"THREE_RARE_CARDS","is_daily":false,"chose_seed":false,"campfire_upgraded":1,"win_rate":0.0,"timestamp":1613047066,"path_taken":["M","M","M","?","$","E","R","M","T","E","?","?","M","M","R","BOSS","M","M","$","?","?","R","E"],"items_purchased_type":["Card","Card","Card","Relic","Potion","Card","Card"],"build_version":"2020-12-22","purchased_purges":1,"victory":false,"max_hp_per_floor":[63,63,63,63,63,63,63,63,63,63,58,58,58,63,63,63,63,63,63,63,63,63,63,63,63],"card_choices":[{"not_picked":["Doppelganger","After Image"],"picked":"Unload","floor":0.0},{"not_picked":["Dagger Spray","Backflip"],"picked":"Masterful Stab","floor":1.0},{"not_picked":["Flechettes","Acrobatics","Distraction"],"picked":"SKIP","floor":2.0},{"not_picked":["Noxious Fumes","Concentrate"],"picked":"PiercingWail","floor":3.0},{"not_picked":["Backflip","PiercingWail"],"picked":"Footwork","floor":6.0},{"not_picked":["Bane","Slice"],"picked":"Dagger Spray","floor":8.0},{"not_picked":["Prepared","Eviscerate"],"picked":"Caltrops","floor":10.0},{"not_picked":["Finisher","Predator"],"picked":"Deflect","floor":13},{"not_picked":["Night Terror","Dagger Spray"],"picked":"Blade Dance","floor":14},{"not_picked":["Storm of Steel","Tools of the Trade"],"picked":"Adrenaline","floor":16},{"not_picked":["Deadly Poison","Backflip+1"],"picked":"Sucker Punch","floor":18},{"not_picked":["Flying Knee","Outmaneuver"],"picked":"Prepared","floor":19},{"not_picked":["Flying Knee+1","Slice"],"picked":"Dagger Throw","floor":21}],"player_experience":142176,"relics_obtained":[{"floor":6.0,"key":"Lantern"},{"floor":9.0,"key":"MawBank"},{"floor":10.0,"key":"Whetstone"},{"floor":12.0,"key":"StrikeDummy"}],"event_choices":[{"damage_healed":0.0,"max_hp_gain":0.0,"max_hp_loss":0.0,"gold_gain":58.0,"event_name":"Golden Wing","player_choice":"Gained Gold","floor":4.0,"gold_loss":0.0,"damage_taken":0.0},{"damage_healed":0.0,"max_hp_gain":0.0,"max_hp_loss":5.0,"gold_gain":0.0,"event_name":"Golden Idol","player_choice":"Lose Max HP","floor":11.0,"gold_loss":0.0,"damage_taken":0.0,"relics_obtained":["Golden Idol"]},{"cards_removed":["Masterful Stab"],"damage_healed":0,"gold_gain":0,"player_choice":"Elegance","damage_taken":0,"max_hp_gain":0,"max_hp_loss":0,"event_name":"Back to Basics","floor":22,"gold_loss":0}],"is_beta":false,"boss_relics":[{"not_picked":["Coffee Dripper","Tiny House"],"picked":"WristBlade"}],"items_purged_floors":[20],"is_endless":false,"potions_floor_spawned":[2,3,10,14],"killed_by":"Book of Stabbing","ascension_level":9}}