{"host":"yecadp3kwkksam5a","time":1613019630,"event":{"mods":["100% Spire Juice","BaseMod","Minty Spire (QoL Compilation)","StSLib","SuperFastMode","The Cursed","WarShipGirlsR/??á´Ò³R mod"],"gold_per_floor":[109,124,124,142,152,152,171,185,264,339,357,373,373,390,390,488,488,501,501,11,25,25,25,25,25],"floor_reached":24,"language":"KOR","playtime":873,"items_purged":["TheCursedMod:Strike_TheCursed"],"score":211,"play_id":"5341cbcf-fb39-4837-ba84-1ef4f4f9aeb7","local_time":"20210211140029","is_ascension_mode":true,"campfire_choices":[{"data":"TheCursedMod:EmpowerCircles","floor":6.0,"key":"SMITH"},{"data":"TheCursedMod:CircleOfFlame","floor":15.0,"key":"SMITH"},{"data":"TheCursedMod:CircleOfWindfury","floor":23,"key":"SMITH"}],"circlet_count":0,"master_deck":["TheCursedMod:Strike_TheCursed","TheCursedMod:Strike_TheCursed","TheCursedMod:Strike_TheCursed","TheCursedMod:Defend_TheCursed","TheCursedMod:Defend_TheCursed","TheCursedMod:Defend_TheCursed","TheCursedMod:Defend_TheCursed","TheCursedMod:CursedWand","TheCursedMod:CleanUpWorkshop","TheCursedMod:Dregs","TheCursedMod:Stigma","TheCursedMod:SpitefulStrike","TheCursedMod:EmpowerCircles+1","TheCursedMod:SurpriseAttack","TheCursedMod:CircleOfFlame+1","TheCursedMod:SoulReap","TheCursedMod:VoidForm","Necronomicurse","TheCursedMod:CircleOfWindfury+1","TheCursedMod:EmpowerCircles","TheCursedMod:SurpriseAttack"],"relics":["TheCursedMod:BlackMagic101","InkBottle","TheCursedMod:FourLeafCloverCharm","Necronomicon","TheCursedMod:PinkPellets","PreservedInsect"],"acts_visited":["Exordium","TheCity"],"potions_floor_usage":[],"damage_taken":[{"damage":6.0,"enemies":"2 Louse","floor":1.0,"turns":3.0},{"damage":0.0,"enemies":"Cultist","floor":2.0,"turns":4.0},{"damage":4.0,"enemies":"Jaw Worm","floor":4.0,"turns":3.0},{"damage":2.0,"enemies":"3 Louse","floor":5.0,"turns":3.0},{"damage":9.0,"enemies":"Exordium Thugs","floor":7.0,"turns":7.0},{"damage":23.0,"enemies":"Large Slime","floor":8.0,"turns":5.0},{"damage":6.0,"enemies":"Looter","floor":11.0,"turns":3.0},{"damage":0.0,"enemies":"3 Louse","floor":12.0,"turns":2.0},{"damage":9.0,"enemies":"2 Fungi Beasts","floor":14.0,"turns":5.0},{"damage":5.0,"enemies":"Hexaghost","floor":16.0,"turns":7.0},{"damage":37.0,"enemies":"Chosen","floor":18.0,"turns":5.0},{"damage":20,"enemies":"Shell Parasite","floor":21,"turns":7},{"damage":57,"enemies":"Gremlin Leader","floor":24,"turns":6}],"seed_played":"5685100221419431811","potions_obtained":[{"floor":2.0,"key":"GamblersBrew"},{"floor":4.0,"key":"EssenceOfSteel"},{"floor":8.0,"key":"LiquidBronze"},{"floor":12.0,"key":"AttackPotion"},{"floor":13.0,"key":"DistilledChaos"},{"floor":13.0,"key":"CultistPotion"},{"floor":21,"key":"LiquidBronze"}],"is_trial":false,"path_per_floor":["M","M","?","M","M","R","M","M","T","?","M","M","?","M","R","B",null,"M","?","$","M","?","R","E"],"character_chosen":"THE_CURSED","items_purchased":["TheCursedMod:CircleOfWindfury","TheCursedMod:EmpowerCircles","TheCursedMod:PinkPellets","PreservedInsect"],"campfire_rested":0,"item_purchase_floors":[20,20,20,20],"current_hp_per_floor":[76,76,76,72,70,70,61,38,38,27,21,21,21,12,12,12,82,52,36,36,27,27,27,0,0],"gold":25,"neow_bonus":"TEN_PERCENT_HP_BONUS","is_daily":false,"chose_seed":false,"campfire_upgraded":3,"win_rate":0.0,"timestamp":1613019629,"path_taken":["M","M","?","M","?","R","M","M","T","?","M","M","?","M","R","BOSS","M","?","$","M","?","R","E"],"items_purchased_type":["Card","Card","Relic","Relic"],"build_version":"2020-12-22","purchased_purges":1,"victory":false,"max_hp_per_floor":[82,82,82,82,82,82,82,82,82,82,82,82,82,82,82,82,82,82,82,82,82,82,82,82,82],"card_choices":[{"not_picked":["TheCursedMod:SmokeScreen","TheCursedMod:RavingStaff","TheCursedMod:RapidMovement"],"picked":"SKIP","floor":1.0},{"not_picked":["TheCursedMod:RavingStaff","TheCursedMod:Stretching"],"picked":"TheCursedMod:Stigma","floor":2.0},{"not_picked":["TheCursedMod:CursedShiv","TheCursedMod:CircleOfFlame"],"picked":"TheCursedMod:SpitefulStrike","floor":4.0},{"not_picked":["TheCursedMod:CircleOfFocus","TheCursedMod:SmokeScreen"],"picked":"TheCursedMod:EmpowerCircles","floor":5.0},{"not_picked":["TheCursedMod:VitalStrike","TheCursedMod:RavingStaff"],"picked":"TheCursedMod:SurpriseAttack","floor":7.0},{"not_picked":["TheCursedMod:Torture","TheCursedMod:CursedAmulet","TheCursedMod:CursedMace"],"picked":"SKIP","floor":8.0},{"not_picked":["TheCursedMod:TacticalStrike","TheCursedMod:VitalStrike"],"picked":"TheCursedMod:CircleOfFlame","floor":11.0},{"not_picked":["TheCursedMod:CursedStaff","TheCursedMod:CursedAmulet","TheCursedMod:CursedShiv"],"picked":"SKIP","floor":12.0},{"not_picked":["TheCursedMod:CursedBlade","TheCursedMod:VitalStrike"],"picked":"TheCursedMod:SoulReap","floor":14.0},{"not_picked":["TheCursedMod:UltimatePain","TheCursedMod:DemonicPact"],"picked":"TheCursedMod:VoidForm","floor":16.0},{"not_picked":["TheCursedMod:CursedBoomerang","TheCursedMod:VitalStrike+1","TheCursedMod:SpitefulStrike"],"picked":"SKIP","floor":18.0},{"not_picked":["TheCursedMod:RapidMovement","TheCursedMod:CursedBlade+1"],"picked":"TheCursedMod:SurpriseAttack","floor":21}],"player_experience":605817,"relics_obtained":[{"floor":19.0,"key":"Necronomicon"}],"event_choices":[{"damage_healed":0.0,"max_hp_gain":0.0,"max_hp_loss":0.0,"gold_gain":0.0,"event_name":"WeMeetAgain","player_choice":"Gave Potion","floor":3.0,"gold_loss":0.0,"damage_taken":0.0,"relics_obtained":["InkBottle"]},{"damage_healed":0.0,"max_hp_gain":0.0,"max_hp_loss":0.0,"gold_gain":75.0,"event_name":"World of Goop","player_choice":"Gather Gold","floor":10.0,"gold_loss":0.0,"damage_taken":11.0},{"damage_healed":0.0,"max_hp_gain":0.0,"max_hp_loss":0.0,"gold_gain":0.0,"event_name":"Lab","player_choice":"Got Potions","floor":13.0,"gold_loss":0.0,"damage_taken":0.0},{"damage_healed":0.0,"max_hp_gain":0.0,"max_hp_loss":0.0,"gold_gain":0.0,"event_name":"Cursed Tome","player_choice":"Obtained Book","floor":19.0,"gold_loss":0.0,"damage_taken":16.0},{"damage_healed":0,"gold_gain":0,"player_choice":"Ignored","damage_taken":0,"max_hp_gain":0,"max_hp_loss":0,"event_name":"Ghosts","floor":22,"gold_loss":0}],"is_beta":false,"boss_relics":[{"not_picked":["Busted Crown","TheCursedMod:BlackMagicAdvanced"],"picked":"TheCursedMod:FourLeafCloverCharm"}],"items_purged_floors":[20],"is_endless":false,"potions_floor_spawned":[2,4,8,12,21],"killed_by":"Gremlin Leader","ascension_level":2}}