{"host":"czzthkrvfe6r7fjf","time":1613037305,"event":{"mods":["ATMod(∞¢Ë™Mod)","Act Like it!","BaseMod","Downfall","GungeonMod","Marisa£®ÏF”Í°°ƒß¿Ì…≥£©","Minty Spire (QoL Compilation)","Quick Restart","StSLib","The Servant 0.9.4","Waifu the Spire","°æπ¶ƒ‹Mod°øªÏ„Á÷Æª∑–ﬁ∏¥≤π∂°"],"gold_per_floor":[119,119,119,119,42,42,86,109,190,231,254,254,273,273,273,396,396,417,480,41,56,106,106,149,174,174,217,217,290,325,375,375,499,499,514,564,451,466,174,218,242,242,242,351,734,734,745,419,419,419],"floor_reached":51,"language":"ZHS","playtime":2867,"items_purged":["Strike_MRS","Strike_MRS","Defend_MRS"],"score":1013,"play_id":"8881616c-8163-4d10-8e54-eb1f0175a718","local_time":"20210211175505","is_ascension_mode":true,"campfire_choices":[{"data":"AT_FamilyPortrait","floor":6.0,"key":"SMITH"},{"data":"PulseMagic","floor":12.0,"key":"SMITH"},{"data":"MysteriousBeam","floor":15.0,"key":"SMITH"},{"data":"Apotheosis","floor":23.0,"key":"SMITH"},{"floor":28.0,"key":"REST"},{"floor":32.0,"key":"REST"},{"floor":42,"key":"REST"},{"floor":46,"key":"RECALL"},{"data":"Acceleration","floor":49,"key":"SMITH"}],"circlet_count":0,"master_deck":["Strike_MRS","Strike_MRS","Defend_MRS","Defend_MRS","Defend_MRS","MasterSpark","UpSweep","AT_FamilyPortrait+1","MysteriousBeam+1","GrandCross","Acceleration+1","PulseMagic+1","ManaRampage","UltimateShortwave","GrandCross","Apotheosis+1","MagicChant+1","Acceleration","EventHorizon+1","Master of Strategy","Singularity+1","MillisecondPulsars+1"],"relics":["MiniHakkero","AT_ATBox","NeowsBlessing","Blue Candle","AT_DeathDance","TungstenRod","SsserpentHead","Busted Crown","Blood Vial","TheAbacus","Lantern","Toy Ornithopter","Sundial","Letter Opener","DemoMod:GreenGuonStone","SacredBark","Frozen Egg 2","Dream Catcher","CatCart"],"acts_visited":["Exordium","TheCity","TheBeyond"],"potions_floor_usage":[50,50,50],"damage_taken":[{"damage":0.0,"enemies":"Jaw Worm","floor":1.0,"turns":1.0},{"damage":0.0,"enemies":"Gremlin Nob","floor":7.0,"turns":1.0},{"damage":0.0,"enemies":"Small Slimes","floor":8.0,"turns":1.0},{"damage":8.0,"enemies":"Lagavulin","floor":10.0,"turns":4.0},{"damage":0.0,"enemies":"Cultist","floor":11.0,"turns":3.0},{"damage":10.0,"enemies":"Exordium Wildlife","floor":13.0,"turns":2.0},{"damage":20.0,"enemies":"The Guardian","floor":16.0,"turns":10.0},{"damage":3.0,"enemies":"Chosen","floor":18.0,"turns":2.0},{"damage":2.0,"enemies":"2 Thieves","floor":19.0,"turns":2.0},{"damage":12.0,"enemies":"Centurion and Healer","floor":21.0,"turns":4.0},{"damage":9.0,"enemies":"Gremlin Leader","floor":24.0,"turns":2.0},{"damage":3.0,"enemies":"Chosen and Byrds","floor":25.0,"turns":4.0},{"damage":2.0,"enemies":"Slavers","floor":27.0,"turns":3.0},{"damage":8.0,"enemies":"Cultist and Chosen","floor":29.0,"turns":3.0},{"damage":3.0,"enemies":"Book of Stabbing","floor":30.0,"turns":2.0},{"damage":48.0,"enemies":"Champ","floor":33.0,"turns":6.0},{"damage":0.0,"enemies":"3 Shapes","floor":35.0,"turns":3.0},{"damage":0.0,"enemies":"Orb Walker","floor":38.0,"turns":2.0},{"damage":0.0,"enemies":"Nemesis","floor":40.0,"turns":2.0},{"damage":1.0,"enemies":"3 Darklings","floor":41.0,"turns":3.0},{"damage":0,"enemies":"Orin","floor":44,"turns":5},{"damage":0,"enemies":"4 Shapes","floor":47,"turns":4},{"damage":36,"enemies":"Time Eater","floor":50,"turns":5}],"seed_played":"-5725184878734089145","potions_obtained":[{"floor":1.0,"key":"Fire Potion"},{"floor":4.0,"key":"EssenceOfSteel"},{"floor":4.0,"key":"champ:CounterPotion"},{"floor":10.0,"key":"Ancient Potion"},{"floor":16.0,"key":"SpeedPotion"},{"floor":21.0,"key":"BottledSpark"},{"floor":25.0,"key":"DuplicationPotion"},{"floor":29.0,"key":"AttackPotion"},{"floor":38.0,"key":"bronze:BurnAndBuffPotion"}],"is_trial":false,"path_per_floor":["M","?","$","?","$","R","E","M","T","E","M","R","M","?","R","B",null,"M","M","$","M","?","R","E","M","T","E","R","M","E","?","R","B",null,"M","T","$","M","$","E","M","R","T","?","?","R","M","$","R","B",null],"character_chosen":"MARISA","items_purchased":["GrandCross","Acceleration","Apotheosis","Blood Vial","TheAbacus","EventHorizon+1","Master of Strategy","MillisecondPulsars+1","Strength Potion"],"campfire_rested":3,"item_purchase_floors":[5,5,20,20,20,37,39,48,48],"current_hp_per_floor":[68,50,50,50,50,50,50,50,50,42,42,42,32,32,32,12,59,56,54,54,44,44,44,37,36,36,41,63,57,61,61,75,27,63,65,65,65,67,67,69,70,75,75,75,75,75,75,75,75,39],"gold":419,"neow_bonus":"THREE_ENEMY_KILL","is_daily":false,"chose_seed":false,"campfire_upgraded":5,"win_rate":0.0,"timestamp":1613037305,"path_taken":["M","?","$","?","$","R","E","?","T","E","M","R","M","?","R","BOSS","M","?","?","M","?","R","E","M","T","E","R","?","E","?","R","BOSS","M","?","$","M","$","E","M","R","T","?","?","R","M","$","R","BOSS"],"items_purchased_type":["Card","Card","Card","Relic","Relic","Card","Card","Card","Potion"],"build_version":"2020-12-22","purchased_purges":3,"victory":true,"max_hp_per_floor":[75,75,75,75,75,75,75,75,75,75,75,75,75,75,75,75,75,75,75,75,75,75,75,75,75,75,75,75,75,75,75,75,75,75,75,75,75,75,75,75,75,75,75,75,75,75,75,75,75,75],"card_choices":[{"not_picked":["UnstableBomb","OpenUniverse"],"picked":"MysteriousBeam","floor":1.0},{"not_picked":["WitchLeyline","PropBag"],"picked":"PulseMagic","floor":7.0},{"not_picked":["DC","PowerUp"],"picked":"ManaRampage","floor":8.0},{"not_picked":["LuminesStrike","MilkyWay"],"picked":"UltimateShortwave","floor":10.0},{"not_picked":["MilkyWay","DoubleSpark"],"picked":"GrandCross","floor":11.0},{"not_picked":["DarkMatter","UnstableBomb","GrandCross"],"picked":"SKIP","floor":13.0},{"not_picked":["Acceleration"],"picked":"SKIP","floor":18.0},{"not_picked":["RefractionSpark"],"picked":"SKIP","floor":19.0},{"not_picked":["UnstableBomb"],"picked":"SKIP","floor":21.0},{"not_picked":["MeteoricShower+1"],"picked":"SKIP","floor":24.0},{"not_picked":[],"picked":"MagicChant+1","floor":25.0},{"not_picked":["BlazingStar"],"picked":"SKIP","floor":27.0},{"not_picked":["Acceleration"],"picked":"SKIP","floor":29.0},{"not_picked":["IllusionStar"],"picked":"SKIP","floor":30.0},{"not_picked":["MysteriousBeam+1"],"picked":"SKIP","floor":35.0},{"not_picked":["SprinkleStarSeal"],"picked":"SKIP","floor":38.0},{"not_picked":["AlicesGift+1"],"picked":"SKIP","floor":40.0},{"not_picked":["ShootingEcho"],"picked":"SKIP","floor":41},{"not_picked":[],"picked":"Singularity+1","floor":47}],"player_experience":213802,"relics_obtained":[{"floor":7.0,"key":"Blue Candle"},{"floor":9.0,"key":"AT_DeathDance"},{"floor":10.0,"key":"TungstenRod"},{"floor":22.0,"key":"Lantern"},{"floor":24.0,"key":"Toy Ornithopter"},{"floor":26.0,"key":"Sundial"},{"floor":27.0,"key":"Letter Opener"},{"floor":30.0,"key":"DemoMod:GreenGuonStone"},{"floor":36.0,"key":"Frozen Egg 2"},{"floor":40.0,"key":"Dream Catcher"},{"floor":44,"key":"CatCart"}],"event_choices":[{"damage_healed":0.0,"max_hp_gain":0.0,"max_hp_loss":0.0,"gold_gain":0.0,"event_name":"Golden Idol","player_choice":"Take Damage","floor":2.0,"gold_loss":0.0,"damage_taken":18.0,"relics_obtained":["Golden Idol"]},{"damage_healed":0.0,"max_hp_gain":0.0,"max_hp_loss":0.0,"gold_gain":0.0,"event_name":"Lab","player_choice":"Got Potions","floor":4.0,"gold_loss":0.0,"damage_taken":0.0},{"damage_healed":0.0,"max_hp_gain":0.0,"max_hp_loss":0.0,"gold_gain":0.0,"event_name":"FaceTrader","player_choice":"Trade","floor":14.0,"gold_loss":0.0,"damage_taken":0.0,"relics_obtained":["SsserpentHead"]},{"damage_healed":0.0,"max_hp_gain":0.0,"max_hp_loss":0.0,"gold_gain":0.0,"event_name":"Wheel of Change","player_choice":"Relic","floor":22.0,"gold_loss":0.0,"damage_taken":0.0},{"damage_healed":0.0,"max_hp_gain":0.0,"max_hp_loss":0.0,"gold_gain":0.0,"event_name":"Duplicator","player_choice":"Copied","floor":31.0,"gold_loss":0.0,"damage_taken":0.0,"cards_obtained":["Acceleration"]},{"damage_healed":0,"gold_gain":0,"player_choice":"Fight","damage_taken":0,"max_hp_gain":0,"max_hp_loss":0,"event_name":"OrinTheCat","floor":44,"gold_loss":0},{"damage_healed":0,"gold_gain":333,"player_choice":"Gave Idol","damage_taken":0,"max_hp_gain":0,"max_hp_loss":0,"event_name":"The Moai Head","floor":45,"relics_lost":["Golden Idol"],"gold_loss":0}],"is_beta":false,"boss_relics":[{"not_picked":["Fusion Hammer","Velvet Choker"],"picked":"Busted Crown"},{"not_picked":["Philosopher\u0027s Stone","RampagingMagicTools"],"picked":"SacredBark"}],"items_purged_floors":[37,39,48],"is_endless":false,"potions_floor_spawned":[1,10,16,21,25,29,38,40,44],"ascension_level":6}}