{"host":"7ij4m6ehapfophuy","time":1613062972,"event":{"mods":["BaseMod","Bestiary","Curses Come First","Filter the Spire","Minty Spire (QoL Compilation)","Relic Stats","StSLib","ojb\u0027s Better Paths Mod"],"gold_per_floor":[116,7,19,19,38,71,83,114,141,66,80,114,134,36,36,110,110,124,138,228,228,228],"floor_reached":21,"language":"ENG","playtime":3797,"items_purged":[],"score":402,"play_id":"193d137f-8c25-4056-93da-94b08757b5be","local_time":"20210211120252","is_ascension_mode":true,"campfire_choices":[{"data":"Zap","floor":15.0,"key":"SMITH"}],"circlet_count":0,"master_deck":["AscendersBane","Strike_B","Strike_B","Strike_B","Strike_B","Defend_B","Defend_B","Defend_B","Defend_B","Zap+1","Dualcast","Cold Snap","Compile Driver","Lockon","Ball Lightning","Compile Driver","Self Repair","Electrodynamics","Skim","Reinforced Body","Steam","Machine Learning","Recycle+1","Aggregate"],"relics":["Cursed Key","Boot","Pen Nib","DataDisk","SacredBark"],"acts_visited":["Exordium","TheCity"],"potions_floor_usage":[21],"damage_taken":[{"damage":7.0,"enemies":"Small Slimes","floor":1.0,"turns":3.0},{"damage":0.0,"enemies":"Cultist","floor":3.0,"turns":4.0},{"damage":4.0,"enemies":"2 Louse","floor":5.0,"turns":4.0},{"damage":19.0,"enemies":"Lagavulin","floor":6.0,"turns":5.0},{"damage":8.0,"enemies":"Exordium Wildlife","floor":7.0,"turns":3.0},{"damage":8.0,"enemies":"3 Sentries","floor":8.0,"turns":5.0},{"damage":9.0,"enemies":"2 Fungi Beasts","floor":11.0,"turns":3.0},{"damage":8.0,"enemies":"Gremlin Nob","floor":12.0,"turns":3.0},{"damage":6.0,"enemies":"Looter","floor":13.0,"turns":3.0},{"damage":15.0,"enemies":"The Guardian","floor":16.0,"turns":10.0},{"damage":26.0,"enemies":"2 Thieves","floor":18.0,"turns":3.0},{"damage":21.0,"enemies":"Shell Parasite","floor":19.0,"turns":5.0},{"damage":16,"enemies":"Snake Plant","floor":21,"turns":2}],"seed_played":"-8188782793868888551","potions_obtained":[{"floor":3.0,"key":"SteroidPotion"},{"floor":6.0,"key":"EssenceOfDarkness"},{"floor":11.0,"key":"SmokeBomb"},{"floor":13.0,"key":"SteroidPotion"},{"floor":18.0,"key":"PowerPotion"}],"is_trial":false,"path_per_floor":["M","$","M","?","M","E","M","E","T","?","M","E","M","$","R","B",null,"M","M","?","M"],"character_chosen":"DEFECT","items_purchased":["EntropicBrew","Reinforced Body","Steam"],"campfire_rested":0,"item_purchase_floors":[2,14,14],"current_hp_per_floor":[57,57,57,62,58,39,31,23,23,23,21,20,21,21,21,13,60,41,27,15,0,0],"gold":228,"neow_bonus":"BOSS_RELIC","is_daily":false,"chose_seed":false,"campfire_upgraded":1,"win_rate":0.0,"timestamp":1613062972,"path_taken":["M","$","M","?","M","E","M","E","T","?","M","E","M","$","R","BOSS","M","M","?","?"],"items_purchased_type":["Potion","Card","Card"],"build_version":"2020-12-22","purchased_purges":0,"victory":false,"max_hp_per_floor":[71,71,71,76,76,76,76,76,76,76,76,76,76,76,76,76,76,76,76,76,76,76],"relic_stats":{"counters":[13,53],"Pen Nib":[4],"Cursed Key":1,"Boot":[5],"obtain_stats":[{"DataDisk":12,"SacredBark":17,"Pen Nib":8,"Cracked Core":0,"Cursed Key":0,"Boot":6},{"DataDisk":8,"SacredBark":10,"Pen Nib":6,"Cracked Core":0,"Cursed Key":0,"Boot":4},{"DataDisk":30,"SacredBark":43,"Pen Nib":24,"Cracked Core":0,"Cursed Key":0,"Boot":16}]},"card_choices":[{"not_picked":["Leap","Recycle"],"picked":"Cold Snap","floor":1.0},{"not_picked":["Double Energy","Go for the Eyes"],"picked":"Compile Driver","floor":3.0},{"not_picked":["Cold Snap","Hologram"],"picked":"Lockon","floor":5.0},{"not_picked":["Hello World","Capacitor"],"picked":"Ball Lightning","floor":6.0},{"not_picked":["Sweeping Beam","Beam Cell"],"picked":"Compile Driver","floor":7.0},{"not_picked":["Steam","Ball Lightning"],"picked":"Self Repair","floor":8.0},{"not_picked":["Recycle","Genetic Algorithm"],"picked":"Electrodynamics","floor":11.0},{"not_picked":["Gash","Force Field","Consume"],"picked":"SKIP","floor":12.0},{"not_picked":["Stack","Coolheaded"],"picked":"Skim","floor":13.0},{"not_picked":["Rainbow","Fission"],"picked":"Machine Learning","floor":16.0},{"not_picked":["Gash","Conserve Battery"],"picked":"Recycle+1","floor":18.0},{"not_picked":["Gash","Cold Snap"],"picked":"Aggregate","floor":19.0}],"player_experience":1081223,"relics_obtained":[{"floor":6.0,"key":"Boot"},{"floor":8.0,"key":"Pen Nib"},{"floor":12.0,"key":"DataDisk"}],"event_choices":[{"damage_healed":0.0,"max_hp_gain":5.0,"max_hp_loss":0.0,"gold_gain":0.0,"event_name":"Big Fish","player_choice":"Donut","floor":4.0,"gold_loss":0.0,"damage_taken":0.0},{"cards_removed":["Decay"],"damage_healed":0.0,"max_hp_gain":0.0,"max_hp_loss":0.0,"gold_gain":0.0,"event_name":"The Cleric","player_choice":"Card Removal","floor":10.0,"gold_loss":75.0,"damage_taken":0.0},{"damage_healed":0.0,"max_hp_gain":0.0,"max_hp_loss":0.0,"gold_gain":90.0,"event_name":"Knowing Skull","player_choice":"GOLD ","floor":20.0,"potions_obtained":[],"gold_loss":0.0,"damage_taken":12.0,"cards_obtained":[]}],"is_beta":false,"boss_relics":[{"not_picked":["Snecko Eye","Empty Cage"],"picked":"SacredBark"}],"items_purged_floors":[],"is_endless":false,"potions_floor_spawned":[3,6,11,13,18],"killed_by":"Snake Plant","ascension_level":20}}