{"host":"A Jargain","time":1613022524,"event":{"mods":["Act Like it!","Aspiration","BaseMod","Downfall","Halation","Hubris","Infinite Spire","Marisa????????","Minty Spire (QoL Compilation)","Replay The Spire","StSLib","The Servant 0.9.4","Waifu the Spire"],"gold_per_floor":[111,111,286,297,69,69,97,97,172,205,248,28,28,28,28],"floor_reached":14,"language":"ENG","playtime":500,"items_purged":["Doubt","Strike_P"],"score":139,"play_id":"8ab74607-4c22-405b-8ace-28b1389effbb","local_time":"20210211164844","is_ascension_mode":true,"campfire_choices":[{"data":"Eruption","floor":6,"key":"SMITH"}],"circlet_count":0,"master_deck":["Strike_P","Strike_P","Defend_P","Defend_P","Defend_P","Eruption+1","Vigilance","Halt+1","Evaluate+1","Consecrate","Wish","Halt","FlurryOfBlows","BattleHymn","Replay:Hysterical Blindness","hubris:Compulsion","infinitespire:Execution"],"relics":["PureWater","Guide Book","Mummified Hand","Chameleon Ring"],"acts_visited":["Exordium"],"potions_floor_usage":[7,14],"damage_taken":[{"damage":0,"enemies":"Small Slimes","floor":1,"turns":3},{"damage":8,"enemies":"Jaw Worm","floor":4,"turns":5},{"damage":0,"enemies":"Gremlin Nob","floor":7,"turns":3},{"damage":19,"enemies":"Lagavulin","floor":10,"turns":5},{"damage":0,"enemies":"2 Louse","floor":11,"turns":3},{"damage":51,"enemies":"Gremlin Nob","floor":14,"turns":3}],"seed_played":"1907897256064980571","potions_obtained":[{"floor":1,"key":"Strength Potion"},{"floor":10,"key":"Guardian:BlockOnCardUsePotion"}],"is_trial":false,"path_per_floor":["M","?","?","M","$","R","E","$","T","E","M","$","?","E"],"character_chosen":"WATCHER","items_purchased":["Guide Book","FlurryOfBlows","BattleHymn"],"campfire_rested":0,"item_purchase_floors":[5,12,12],"current_hp_per_floor":[72,65,65,57,57,57,57,57,57,38,38,38,38,0,0],"gold":28,"neow_bonus":"REMOVE_CARD","is_daily":false,"chose_seed":false,"campfire_upgraded":1,"win_rate":0.0,"timestamp":1613022524,"path_taken":["M","?","?","M","$","R","E","$","T","E","M","$","?","E"],"items_purchased_type":["Relic","Card","Card"],"build_version":"2020-12-18","purchased_purges":2,"victory":false,"max_hp_per_floor":[72,72,72,72,72,72,72,72,72,72,72,72,72,72,72],"card_choices":[{"not_picked":["Replay:AtTheReady","Nirvana"],"picked":"Halt","floor":1},{"not_picked":["FollowUp","Weave"],"picked":"Evaluate","floor":4},{"not_picked":["FollowUp","Crescendo"],"picked":"Consecrate","floor":7},{"not_picked":["Replay:ManipulateFuture","Consecrate"],"picked":"Wish","floor":10},{"not_picked":["Replay:BluntJabs","WindmillStrike"],"picked":"Halt","floor":11},{"not_picked":["ReplayTheSpireMod:Black Plague","infinitespire:FutureSight"],"picked":"infinitespire:Execution","floor":13}],"player_experience":287790,"relics_obtained":[{"floor":7,"key":"Mummified Hand"},{"floor":10,"key":"Chameleon Ring"}],"event_choices":[{"cards_removed":["Defend_P"],"damage_healed":0,"gold_gain":0,"player_choice":"Card Removal","damage_taken":7,"max_hp_gain":0,"max_hp_loss":0,"event_name":"Golden Wing","floor":2,"gold_loss":0},{"damage_healed":0,"gold_gain":175,"player_choice":"AGREE","damage_taken":0,"max_hp_gain":0,"max_hp_loss":0,"event_name":"Liars Game","floor":3,"gold_loss":0,"cards_obtained":["Doubt"]}],"is_beta":true,"boss_relics":[],"items_purged_floors":[5,12],"is_endless":false,"potions_floor_spawned":[1,10],"killed_by":"Gremlin Nob","ascension_level":3}}