{"host":"cvgfrai8nrtinf2y","time":1613035490,"event":{"mods":["A Magickal Journey","Act Like it!","BaseMod","Better Third Choice","Challenge The Spire","Colored Map","Downfall","Gensokyo","Googly Eyes","Hermit","Highlight Path","Hubris","Infinite Spire","Minty Spire (QoL Compilation)","Rare Cards Sparkle","Relic Sorter","Remilia??????","Spicy Shops","StSLib","The Disciple","The Hierophant","The Necromancer","The Runesmith"],"gold_per_floor":[113,40,7,27,55,90,90,101,101,101,117,117,117],"floor_reached":12,"language":"ENG","playtime":469,"items_purged":[],"score":88,"play_id":"d94933ed-b5bd-47e9-b4bd-a55c97e88fa0","local_time":"20210211102450","is_ascension_mode":false,"campfire_choices":[{"data":"hermit:Roulette","floor":7,"key":"SMITH"},{"data":"hermit:EternalForm","floor":10,"key":"SMITH"}],"circlet_count":0,"master_deck":["hermit:Strike_Hermit","hermit:Strike_Hermit","hermit:Strike_Hermit","hermit:Strike_Hermit","hermit:Defend_Hermit","hermit:Defend_Hermit","hermit:Defend_Hermit","hermit:Defend_Hermit","hermit:Snapshot","hermit:Covet","hermit:EternalForm+1","hermit:Roulette+1","hermit:TakeCover","hermit:ShadowCloak+1","hermit:Vantage","hermit:Dive","hermit:CalledShot","hermit:Cheat"],"relics":["hermit:Momento","hubris:Teleporter","hermit:CharredGlove","Question Card"],"acts_visited":["Exordium"],"potions_floor_usage":[12],"damage_taken":[{"damage":4,"enemies":"Gensokyo:3_Fairies","floor":1,"turns":4},{"damage":9,"enemies":"Gensokyo:2_Kodama","floor":4,"turns":5},{"damage":9,"enemies":"Gensokyo:Mamizou","floor":5,"turns":9},{"damage":6,"enemies":"Gensokyo:Mamizou","floor":6,"turns":11},{"damage":7,"enemies":"Gensokyo:Gryphon","floor":8,"turns":3},{"damage":8,"enemies":"Gensokyo:VengefulSpirit","floor":11,"turns":4},{"damage":36,"enemies":"Gensokyo:Aya","floor":12,"turns":6}],"seed_played":"-5211536621514861046","potions_obtained":[{"floor":8,"key":"DuplicationPotion"},{"floor":11,"key":"SkillPotion"}],"is_trial":false,"path_per_floor":["M","$","COS","M","?","E","R","M","T","R","M","E"],"character_chosen":"HERMIT","items_purchased":["hermit:TakeCover"],"campfire_rested":0,"item_purchase_floors":[2],"current_hp_per_floor":[71,71,71,62,53,47,47,40,40,40,32,0,0],"gold":117,"neow_bonus":"ONE_RANDOM_RARE_CARD","is_daily":false,"chose_seed":false,"campfire_upgraded":2,"win_rate":0.0,"timestamp":1613035490,"path_taken":["M","?","COS","M","?","E","R","?","T","R","M","E"],"items_purchased_type":["Card"],"build_version":"2020-12-22","purchased_purges":0,"victory":false,"max_hp_per_floor":[75,75,75,75,75,75,75,75,75,75,75,75,75],"card_choices":[{"not_picked":["hermit:Desperado","hermit:Vantage"],"picked":"hermit:Roulette","floor":1},{"not_picked":["hermit:HoleUp+1","hermit:Coalescence+1"],"picked":"hermit:ShadowCloak+1","floor":4},{"not_picked":["hermit:BodyArmor","hermit:Coalescence"],"picked":"hermit:Vantage","floor":4},{"not_picked":["hermit:Malice","hermit:CalledShot"],"picked":"hermit:Dive","floor":5},{"not_picked":["hermit:TakeCover","hermit:LuckOfTheDraw"],"picked":"hermit:CalledShot","floor":6},{"not_picked":["hermit:Spite","hermit:Glare"],"picked":"hermit:Cheat","floor":8},{"not_picked":["hermit:Vantage","hermit:Malice","hermit:DeadMansHand","hermit:Roulette"],"picked":"SKIP","floor":11}],"player_experience":1255375,"relics_obtained":[{"floor":5,"key":"hubris:Teleporter"},{"floor":6,"key":"hermit:CharredGlove"},{"floor":9,"key":"Question Card"}],"event_choices":[],"is_beta":false,"boss_relics":[],"items_purged_floors":[],"is_endless":false,"potions_floor_spawned":[8,11],"killed_by":"Gensokyo:Aya","ascension_level":0}}