{"host":"xt3o4iokwksypl90","time":1613038502,"event":{"mods":["AchievementEnabler","BaseMod","Googly Eyes","Highlight Path","Minty Spire (QoL Compilation)","Permanent Neow"],"gold_per_floor":[116,127,140,154,169,202,202,202,226,246,246,285,159,174,174,299,299,318,233,233,246,246,246,246],"floor_reached":23,"language":"ENG","playtime":1689,"items_purged":["Injury"],"score":264,"play_id":"5b865094-f253-473a-aeda-479b129b786d","local_time":"20210211111502","is_ascension_mode":true,"campfire_choices":[{"data":"Loop","floor":7.0,"key":"SMITH"},{"floor":15.0,"key":"REST"}],"circlet_count":0,"master_deck":["Strike_B","Strike_B","Strike_B","Strike_B","Defend_B","Defend_B","Defend_B","Defend_B","Zap","Dualcast","Sweeping Beam","Conserve Battery","Loop+1","Coolheaded","Leap","Steam","Core Surge","Skim+1","Capacitor","FTL+1","RitualDagger"],"relics":["Cracked Core","Ginger","Golden Idol","Potion Belt","Toy Ornithopter","Coffee Dripper","Pen Nib"],"acts_visited":["Exordium","TheCity"],"potions_floor_usage":[16,16,21,23,23],"damage_taken":[{"damage":3.0,"enemies":"Small Slimes","floor":1.0,"turns":3.0},{"damage":7.0,"enemies":"Jaw Worm","floor":2.0,"turns":4.0},{"damage":10.0,"enemies":"2 Louse","floor":3.0,"turns":2.0},{"damage":4.0,"enemies":"Blue Slaver","floor":4.0,"turns":5.0},{"damage":6.0,"enemies":"Looter","floor":5.0,"turns":4.0},{"damage":13.0,"enemies":"Lagavulin","floor":6.0,"turns":8.0},{"damage":0.0,"enemies":"Exordium Thugs","floor":10.0,"turns":5.0},{"damage":14.0,"enemies":"3 Sentries","floor":12.0,"turns":9.0},{"damage":1.0,"enemies":"Blue Slaver","floor":14.0,"turns":4.0},{"damage":20,"enemies":"The Guardian","floor":16,"turns":15},{"damage":15,"enemies":"Shell Parasite","floor":18,"turns":13},{"damage":9,"enemies":"Chosen","floor":21,"turns":6},{"damage":61,"enemies":"Gremlin Leader","floor":23,"turns":7}],"seed_played":"3439564749743170509","potions_obtained":[{"floor":0.0,"key":"Fire Potion"},{"floor":0.0,"key":"EssenceOfSteel"},{"floor":0.0,"key":"PowerPotion"},{"floor":6.0,"key":"Energy Potion"},{"floor":10.0,"key":"SpeedPotion"},{"floor":12.0,"key":"Swift Potion"},{"floor":21,"key":"Block Potion"}],"is_trial":false,"path_per_floor":["M","M","M","M","M","E","R","?","T","M","?","E","$","M","R","B",null,"M","?","?","M","?","E"],"character_chosen":"DEFECT","items_purchased":["ColorlessPotion"],"campfire_rested":1,"item_purchase_floors":[13],"current_hp_per_floor":[65,58,48,44,38,25,25,25,25,25,25,11,11,15,37,27,63,48,48,48,44,38,0,0],"gold":246,"neow_bonus":"THREE_SMALL_POTIONS","is_daily":false,"chose_seed":false,"campfire_upgraded":1,"win_rate":0.0,"timestamp":1613038502,"path_taken":["M","M","M","M","M","E","R","?","T","M","?","E","$","M","R","BOSS","M","?","?","M","?","E"],"items_purchased_type":["Potion"],"build_version":"2020-12-22","purchased_purges":1,"victory":false,"max_hp_per_floor":[75,75,75,75,75,75,75,75,75,75,75,75,75,75,75,75,75,75,75,75,75,75,75,75],"card_choices":[{"not_picked":["Beam Cell","BootSequence"],"picked":"Sweeping Beam","floor":1.0},{"not_picked":["Creative AI","Sweeping Beam"],"picked":"Conserve Battery","floor":2.0},{"not_picked":["Streamline","Leap"],"picked":"Loop","floor":3.0},{"not_picked":["Force Field","Heatsinks"],"picked":"Coolheaded","floor":4.0},{"not_picked":["Redo","Streamline"],"picked":"Leap","floor":5.0},{"not_picked":["Melter","Beam Cell"],"picked":"Steam","floor":6.0},{"not_picked":["Compile Driver","Steam Power","Scrape"],"picked":"SKIP","floor":10.0},{"not_picked":["Hyperbeam","Streamline","Rebound"],"picked":"SKIP","floor":12.0},{"not_picked":["Chill","Barrage","BootSequence"],"picked":"SKIP","floor":14.0},{"not_picked":["Meteor Strike","Echo Form"],"picked":"Core Surge","floor":16},{"not_picked":["Undo","Barrage"],"picked":"Skim+1","floor":18},{"not_picked":["Aggregate+1","Chaos"],"picked":"FTL+1","floor":21}],"player_experience":340718,"relics_obtained":[{"floor":6.0,"key":"Ginger"},{"floor":9.0,"key":"Potion Belt"},{"floor":12.0,"key":"Toy Ornithopter"}],"event_choices":[{"damage_healed":0.0,"max_hp_gain":0.0,"max_hp_loss":0.0,"gold_gain":0.0,"event_name":"Golden Idol","player_choice":"Take Wound","floor":8.0,"gold_loss":0.0,"damage_taken":0.0,"relics_obtained":["Golden Idol"],"cards_obtained":["Injury"]},{"damage_healed":0.0,"max_hp_gain":0.0,"max_hp_loss":0.0,"gold_gain":0.0,"event_name":"Liars Game","player_choice":"Ignored","floor":11.0,"gold_loss":0.0,"damage_taken":0.0},{"damage_healed":0,"gold_gain":0,"player_choice":"Obtained Relic","damage_taken":0,"relics_obtained":["Pen Nib"],"max_hp_gain":0,"max_hp_loss":0,"event_name":"Addict","floor":19,"gold_loss":85},{"damage_healed":0,"gold_gain":0,"player_choice":"Read","damage_taken":0,"max_hp_gain":0,"max_hp_loss":0,"event_name":"The Library","floor":20,"gold_loss":0,"cards_obtained":["Capacitor"]},{"damage_healed":0,"gold_gain":0,"player_choice":"Joined the Cult","damage_taken":6,"max_hp_gain":0,"max_hp_loss":0,"event_name":"Nest","floor":22,"gold_loss":0,"cards_obtained":["RitualDagger"]}],"is_beta":false,"boss_relics":[{"not_picked":["Velvet Choker","Ectoplasm"],"picked":"Coffee Dripper"}],"items_purged_floors":[13],"is_endless":false,"potions_floor_spawned":[4,6,10,12,21],"killed_by":"Gremlin Leader","ascension_level":6}}