{"host":"za9ilm1uiwmpmin1","time":1613086619,"event":{"mods":["AchievementEnabler","Act Like it!","BaseMod","Dota2Spire","Downfall","Friendly Minions","KomeijiMod","Lobotomy","LobotomyExtend","Minty Spire (QoL Compilation)","MostiFishMod","Reorder Act Four","RumiaBox-露米娅的神秘盒子","StSLib","TestMod","Waifu the Spire","[IsaacMod]以撒尖塔","【功能Mod】混沌之环修复补丁"],"gold_per_floor":[109,129,129,142,159,194,194,223,248,248,268,299,316,348,348,426,426,426,0,0,0,0,31,31,63,89,89,124,141,141,155,155,229,229,244,244,262,312,326,360,360,394,394,425,425,436,454,466,466,466,466,466,264,264,290,290],"floor_reached":57,"language":"ZHS","playtime":2050,"items_purged":["sneckomod:Strike","sneckomod:Strike","sneckomod:Strike"],"score":2949,"play_id":"328afe31-b6e2-4490-8586-a066639f0e7f","local_time":"20210212073659","is_ascension_mode":true,"campfire_choices":[{"data":"sneckomod:Rotation","floor":7,"key":"SMITH"},{"floor":10,"key":"RECALL"},{"data":"sneckomod:SerpentMind","floor":15,"key":"SMITH"},{"data":"sneckomod:SnekBite","floor":24,"key":"SMITH"},{"data":"sneckomod:TailWhip","floor":27,"key":"SMITH"},{"data":"sneckomod:Defend","floor":30,"key":"SMITH"},{"data":"sneckomod:UnknownClassAngela","floor":32,"key":"SMITH"},{"data":"sneckomod:Defend","floor":41,"key":"SMITH"},{"data":"sneckomod:Memorize","floor":45,"key":"SMITH"},{"data":"MostiFishMod:PathToVictory","floor":49,"key":"SMITH"},{"data":"sneckomod:SoulExchange","floor":54,"key":"SMITH"}],"circlet_count":0,"master_deck":["AscendersBane","sneckomod:Defend","sneckomod:Defend+1","sneckomod:Defend+1","sneckomod:TailWhip+1","sneckomod:SnekBite+1","sneckomod:Unknown+1","MostiFishMod:FrostNova+1","MostiFishMod:WinterMarkForm+1","sneckomod:SnakeSap+1","sneckomod:Rotation+1","sneckomod:SerpentMind+1","sneckomod:UnknownClassAngela+1","sneckomod:SlitherStrike+1","sneckomod:SoulExchange+1","MostiFishMod:PathToVictory+1","Twilight+1"],"relics":["DaveBox","HushsDoor","testmod-TestBox","testmod-TurbochargingSystem","GuppysHead","FrostBlade","Black Star","SynthV:TestCard","Vajra","Orichalcum","Dota2Spire:ShadowBlade","Nunchaku","Boot","Juzu Bracelet","MagicMushroom","StrikeDummy","MutagenicStrength","testmod-CasingShield","DianPoetry","Regal Pillow","GodSword6","Bronze Scales","Void","Molten Egg 2","RhineSuit","SatanicBible","BelialBook","HonorFeather","TuHaoJin","Bag of Preparation","Darkstone Periapt","MagicDraw4","SynthV:C4","Dota2Spire:DrumOfEndurance","testmod-OneHitWonder","BloodDonationMachine","hexamod:CandleOfCauterizing","Dota2Spire:UrnOfShadows","testmod-CrystalShield","HoshigumaDish"],"acts_visited":["Exordium","TheCity","TheBeyond","TheEnding"],"potions_floor_usage":[36,47,56],"damage_taken":[{"damage":0,"enemies":"Cultist","floor":1,"turns":2},{"damage":0,"enemies":"Small Slimes","floor":2,"turns":2},{"damage":7,"enemies":"Jaw Worm","floor":4,"turns":3},{"damage":12,"enemies":"2 Fungi Beasts","floor":5,"turns":2},{"damage":0,"enemies":"Lagavulin","floor":6,"turns":3},{"damage":0,"enemies":"3 Sentries","floor":8,"turns":1},{"damage":2,"enemies":"Looter","floor":11,"turns":3},{"damage":0,"enemies":"Lagavulin","floor":12,"turns":3},{"damage":0,"enemies":"3 Louse","floor":13,"turns":4},{"damage":11,"enemies":"Gremlin Nob","floor":14,"turns":4},{"damage":0,"enemies":"The Guardian","floor":16,"turns":4},{"damage":23,"enemies":"Slavers","floor":23,"turns":2},{"damage":0,"enemies":"Gremlin Leader","floor":25,"turns":4},{"damage":0,"enemies":"Book of Stabbing","floor":28,"turns":2},{"damage":0,"enemies":"Chosen","floor":29,"turns":2},{"damage":0,"enemies":"Shell Parasite","floor":31,"turns":2},{"damage":0,"enemies":"Champ","floor":33,"turns":3},{"damage":0,"enemies":"3 Darklings","floor":35,"turns":2},{"damage":33,"enemies":"3 Darklings","floor":36,"turns":2},{"damage":0,"enemies":"Orb Walker","floor":37,"turns":3},{"damage":0,"enemies":"Hiden Room Battle","floor":38,"turns":2},{"damage":11,"enemies":"Spire Growth","floor":39,"turns":2},{"damage":0,"enemies":"Reptomancer","floor":40,"turns":2},{"damage":0,"enemies":"Nemesis","floor":42,"turns":2},{"damage":0,"enemies":"Reptomancer","floor":44,"turns":1},{"damage":0,"enemies":"3 Darklings","floor":46,"turns":1},{"damage":6,"enemies":"Sphere and 2 Shapes","floor":47,"turns":3},{"damage":0,"enemies":"Maw","floor":48,"turns":3},{"damage":0,"enemies":"Awakened One","floor":50,"turns":4},{"damage":0,"enemies":"Shield and Spear","floor":55,"turns":2},{"damage":0,"enemies":"The Heart","floor":56,"turns":2}],"seed_played":"8425903666827299717","potions_obtained":[{"floor":1,"key":"Energy Potion"},{"floor":5,"key":"FearPotion"},{"floor":11,"key":"Guardian:BlockOnCardUsePotion"},{"floor":42,"key":"PowerPotion"},{"floor":47,"key":"testmod-SpacePotion"},{"floor":48,"key":"BlessingOfTheForge"}],"is_trial":false,"path_per_floor":["M","M","?","M","M","E","R","E","T","R","M","E","M","E","R","B",null,"M","?","?","?","?","E","R","E","T","R","E","M","R","M","R","B",null,"M","?","M","?","M","E","R","E","T","E","R","M","M","M","R","B",null,null,"$","R","E","B",null],"character_chosen":"THE_SNECKO","items_purchased":["SatanicBible","BelialBook","Dota2Spire:UrnOfShadows"],"campfire_rested":0,"item_purchase_floors":[34,34,53],"current_hp_per_floor":[75,75,75,68,56,56,56,56,56,56,54,54,54,43,43,43,76,76,76,76,76,76,54,54,55,55,55,56,57,57,58,58,59,58,58,58,58,44,34,35,58,58,58,58,58,58,52,53,58,58,58,58,58,58,58,58],"gold":290,"neow_bonus":"BOSS_RELIC","is_daily":false,"chose_seed":false,"campfire_upgraded":10,"win_rate":0.0,"timestamp":1613086619,"path_taken":["M","M","?","?","M","E","R","E","T","R","M","E","M","E","R","BOSS","M","?","?","?","?","E","R","E","T","R","E","M","R","M","R","BOSS","M","?","M","?","M","E","R","E","T","E","R","M","M","M","R","BOSS","$","R","E","BOSS"],"items_purchased_type":["Relic","Relic","Relic"],"build_version":"2020-12-22","purchased_purges":3,"victory":true,"max_hp_per_floor":[83,83,83,83,83,83,83,83,83,83,83,83,83,83,83,83,85,85,85,85,85,85,85,85,85,85,85,85,85,85,85,85,85,58,58,58,58,58,58,58,58,58,58,58,58,58,58,58,58,58,58,58,58,58,58,58],"card_choices":[{"not_picked":[],"picked":"ChaosCard","floor":0},{"not_picked":["sneckomod:WideSting","sneckomod:UnknownDraw"],"picked":"sneckomod:SnakeSap","floor":1},{"not_picked":["sneckomod:SoulDraw","sneckomod:UnknownWeak","sneckomod:Cheat","sneckomod:UnknownUncommonAttack"],"picked":"Bomb","floor":2},{"not_picked":["sneckomod:SoulDraw","sneckomod:UnknownDraw","sneckomod:UnknownCommonSkill","sneckomod:SoulRoll"],"picked":"Bomb","floor":4},{"not_picked":["sneckomod:UnknownCommonAttack","sneckomod:UnknownCommonSkill","sneckomod:UnknownBlock","sneckomod:RainOfDice","sneckomod:Mudshield"],"picked":"SKIP","floor":5},{"not_picked":["sneckomod:UnknownUncommonAttack","sneckomod:SoulCleanse","sneckomod:Nope","sneckomod:SoulDraw"],"picked":"sneckomod:Rotation","floor":6},{"not_picked":["sneckomod:RainOfDice","sneckomod:ImprovisedAttack","sneckomod:QuickBite","sneckomod:UnknownBlock","sneckomod:SoulRoll"],"picked":"SKIP","floor":8},{"not_picked":["sneckomod:SoulDraw","sneckomod:Unknown2Cost","sneckomod:UnknownCommonSkill","sneckomod:UnknownX"],"picked":"Bomb","floor":11},{"not_picked":["sneckomod:MixItUp","sneckomod:DiceBlock","sneckomod:QuickBite","sneckomod:ImprovisedAttack","sneckomod:UnknownCommonSkill"],"picked":"SKIP","floor":12},{"not_picked":["sneckomod:SoulDraw","sneckomod:RainOfDice","sneckomod:UnknownCommonAttack","sneckomod:Cheat"],"picked":"Bomb","floor":13},{"not_picked":["sneckomod:UnknownBoss","sneckomod:RainOfDice","sneckomod:UnknownBlock","sneckomod:IronFang"],"picked":"sneckomod:SerpentMind","floor":14},{"not_picked":["sneckomod:UnknownClassTHE_BRONZE_AUTOMATON","sneckomod:UnknownBlock","sneckomod:SnakeSap","sneckomod:SoulExchange","sneckomod:UnknownCommonSkill"],"picked":"SKIP","floor":23},{"not_picked":["sneckomod:UnknownBlock","sneckomod:SoulDraw","sneckomod:UnknownUncommonPower","sneckomod:DiceBlock","sneckomod:UnknownDexterity"],"picked":"SKIP","floor":25},{"not_picked":["sneckomod:QuickMove","sneckomod:Nope","sneckomod:MixItUp+1","sneckomod:SoulDraw","sneckomod:SoulCleanse+1"],"picked":"SKIP","floor":28},{"not_picked":["sneckomod:SnakeSap+1","sneckomod:Unknown1Cost","sneckomod:RainOfDice+1","sneckomod:UnknownVulnerable","sneckomod:DiceBlock"],"picked":"SKIP","floor":29},{"not_picked":["sneckomod:UnknownBlock","sneckomod:UnknownWeak","sneckomod:UnknownColorless","sneckomod:UnknownClassAngela","sneckomod:QuickBite+1"],"picked":"SKIP","floor":31},{"not_picked":["sneckomod:UnknownBlock","sneckomod:UnknownWeak","sneckomod:UnknownColorless","sneckomod:QuickBite+1"],"picked":"sneckomod:UnknownClassAngela","floor":31},{"not_picked":["sneckomod:UnknownCommonAttack+1","sneckomod:IronFang+1","sneckomod:DiceCrush+1","sneckomod:DiceBoulder+1","sneckomod:WideSting+1"],"picked":"SKIP","floor":35},{"not_picked":["sneckomod:DiceBlock","sneckomod:SoulDraw","sneckomod:Unknown3Cost","sneckomod:UnknownClassPURPLE","sneckomod:UnknownCommonAttack+1"],"picked":"SKIP","floor":37},{"not_picked":["sneckomod:SoulRoll","sneckomod:UnknownX","sneckomod:DiceCrush+1","sneckomod:Unknown1Cost","sneckomod:WideSting+1"],"picked":"SKIP","floor":39},{"not_picked":["sneckomod:SoulCleanse","sneckomod:QuickBite+1","sneckomod:UnknownWeak","sneckomod:UnknownRarePower"],"picked":"sneckomod:SlitherStrike+1","floor":40},{"not_picked":["sneckomod:UnknownDraw","sneckomod:UnknownUncommonAttack+1","sneckomod:UnknownRarePower","sneckomod:SoulRoll+1","sneckomod:SoulExchange"],"picked":"SKIP","floor":42},{"not_picked":["sneckomod:UnknownDraw","sneckomod:UnknownUncommonAttack+1","sneckomod:UnknownRarePower","sneckomod:SoulRoll+1"],"picked":"sneckomod:SoulExchange","floor":42},{"not_picked":["sneckomod:WideSting+1","sneckomod:UnknownStrike+1","sneckomod:SlitherStrike+1","sneckomod:SoulDraw"],"picked":"sneckomod:Memorize","floor":44},{"not_picked":["sneckomod:SnekBeam+1","sneckomod:IronFang+1","sneckomod:UnknownWeak","sneckomod:DiceCrush+1"],"picked":"sneckomod:Memorize","floor":46},{"not_picked":["sneckomod:UnknownColorless","sneckomod:Unknown1Cost","sneckomod:UnknownCommonAttack+1","sneckomod:DiceBlock+1"],"picked":"sneckomod:UnknownDraw+1","floor":47},{"not_picked":["sneckomod:Mudshield","sneckomod:UnknownWeak","sneckomod:ImprovisedGuard+1","sneckomod:IronFang+1","sneckomod:UnknownCommonSkill"],"picked":"SKIP","floor":48},{"not_picked":["sneckomod:UnknownDexterity+1","sneckomod:UnknownCommonAttack+1","sneckomod:Nope","sneckomod:SlitherStrike+1","sneckomod:RainOfDice+1"],"picked":"SKIP","floor":55}],"player_experience":1120857,"relics_obtained":[{"floor":1,"key":"SynthV:TestCard"},{"floor":1,"key":"LetterFromLob"},{"floor":6,"key":"Vajra"},{"floor":6,"key":"Orichalcum"},{"floor":8,"key":"Dota2Spire:ShadowBlade"},{"floor":12,"key":"Nunchaku"},{"floor":12,"key":"Boot"},{"floor":14,"key":"Smiling Mask"},{"floor":14,"key":"Juzu Bracelet"},{"floor":19,"key":"StrikeDummy"},{"floor":23,"key":"testmod-CasingShield"},{"floor":23,"key":"DianPoetry"},{"floor":25,"key":"Regal Pillow"},{"floor":25,"key":"GodSword6"},{"floor":26,"key":"Bronze Scales"},{"floor":28,"key":"Void"},{"floor":28,"key":"Molten Egg 2"},{"floor":29,"key":"LetterFromLob"},{"floor":31,"key":"LetterFromLob"},{"floor":33,"key":"LetterFromLob"},{"floor":35,"key":"LetterFromLob"},{"floor":37,"key":"LetterFromLob"},{"floor":38,"key":"TuHaoJin"},{"floor":38,"key":"Bag of Preparation"},{"floor":39,"key":"LetterFromLob"},{"floor":40,"key":"Darkstone Periapt"},{"floor":40,"key":"MagicDraw4"},{"floor":40,"key":"LetterFromLob"},{"floor":42,"key":"SynthV:C4"},{"floor":42,"key":"Dota2Spire:DrumOfEndurance"},{"floor":42,"key":"LetterFromLob"},{"floor":43,"key":"testmod-OneHitWonder"},{"floor":44,"key":"BloodDonationMachine"},{"floor":44,"key":"hexamod:CandleOfCauterizing"},{"floor":44,"key":"LetterFromLob"},{"floor":46,"key":"LetterFromLob"},{"floor":47,"key":"LetterFromLob"},{"floor":48,"key":"LetterFromLob"},{"floor":55,"key":"testmod-CrystalShield"},{"floor":55,"key":"LetterFromLob"},{"floor":55,"key":"HoshigumaDish"}],"event_choices":[{"damage_healed":0,"gold_gain":0,"player_choice":"Forge","damage_taken":0,"max_hp_gain":0,"max_hp_loss":0,"event_name":"Accursed Blacksmith","floor":3,"gold_loss":0,"cards_upgraded":["MostiFishMod:WinterMarkForm"]},{"damage_healed":0,"gold_gain":0,"player_choice":"Swap Relic","damage_taken":0,"relics_obtained":["Technique"],"max_hp_gain":0,"max_hp_loss":0,"event_name":"给自己的盒子","floor":20,"relics_lost":["Technique"],"gold_loss":0},{"damage_healed":0,"gold_gain":0,"player_choice":"Inject Mutagens","damage_taken":0,"relics_obtained":["MutagenicStrength"],"max_hp_gain":0,"max_hp_loss":0,"event_name":"Drug Dealer","floor":21,"gold_loss":0},{"damage_healed":0,"gold_gain":0,"player_choice":"Fight","damage_taken":0,"max_hp_gain":0,"max_hp_loss":0,"event_name":"HidenRoomEvent","floor":38,"gold_loss":0}],"is_beta":false,"boss_relics":[{"not_picked":["FixedStarFall","testmod-IncinerationGenerator"],"picked":"MagicMushroom"},{"not_picked":[]},{"not_picked":["ExusiaiGun","Tiny House"],"picked":"RhineSuit"},{"not_picked":[]}],"items_purged_floors":[17,34,53],"is_endless":false,"potions_floor_spawned":[1,5,8,11,13,14,29,33,36,39,42,47,48],"ascension_level":15}}