{"host":"xc18ixkpjvqrt8st","time":1613057594,"event":{"mods":["Act Like it!","BaseMod","Better Match","Better Third Choice","Conspire","Downfall","Hallownest","Hermit","Hubris","Minty Spire (QoL Compilation)","Reliquary","Robot Space Explorer","Shop Mod","Spicy Shops","Spire Arcade","StSLib","The Animator","The Edgeheg","The Jungle","The Sage"],"gold_per_floor":[110,141,151,151,0,42,42,42,42],"floor_reached":8,"language":"ENG","playtime":311,"items_purged":[],"score":62,"play_id":"b597e133-2cad-4ea0-87db-7250897e171b","local_time":"20210211093314","is_ascension_mode":true,"campfire_choices":[{"floor":7,"key":"REST"}],"circlet_count":0,"master_deck":["animator:Strike_MadokaMagica","animator:Defend_MadokaMagica","animator:Strike","animator:Strike","animator:Strike","animator:Defend","animator:Defend","animator:Defend","animator:IrohaTamaki","animator:YuiTsuruno","animator:Ciel","animator:Arpeggio","animator:Rena","Enlightenment","animator:SayakaMiki"],"relics":["animator:LivingPicture","animator:TheMissingPiece","NeowsBlessing","reliquary:WeakTea"],"acts_visited":["Exordium"],"potions_floor_usage":[8,8],"damage_taken":[{"damage":0,"enemies":"Small Slimes","floor":1,"turns":1},{"damage":0,"enemies":"Jaw Worm","floor":2,"turns":1},{"damage":0,"enemies":"Cultist","floor":3,"turns":1},{"damage":31,"enemies":"3 Sentries","floor":6,"turns":12},{"damage":83,"enemies":"Gremlin Nob","floor":8,"turns":7}],"seed_played":"1319524696173180370","potions_obtained":[{"floor":1,"key":"animator:FalseLifePotion"},{"floor":3,"key":"Energy Potion"}],"is_trial":false,"path_per_floor":["M","M","M","?","?","E","R","E"],"character_chosen":"THE_ANIMATOR","items_purchased":[],"campfire_rested":1,"item_purchase_floors":[],"current_hp_per_floor":[66,66,66,71,77,46,69,0,0],"gold":42,"neow_bonus":"THREE_ENEMY_KILL","is_daily":false,"chose_seed":false,"campfire_upgraded":0,"win_rate":0.0,"timestamp":1613057594,"path_taken":["M","M","M","?","?","E","R","E"],"items_purchased_type":[],"build_version":"2020-12-22","purchased_purges":0,"victory":false,"max_hp_per_floor":[66,66,66,71,77,77,77,77,77],"card_choices":[{"not_picked":["animator:Togame","animator:Ain"],"picked":"animator:Ciel","floor":1},{"not_picked":["animator:Shigure","animator:MumenRider"],"picked":"animator:Arpeggio","floor":2},{"not_picked":["animator:Shigure","animator:KyokoSakura"],"picked":"animator:Rena","floor":3},{"not_picked":["animator:MamiTomoe","animator:YachiyoNanami"],"picked":"animator:SayakaMiki","floor":6}],"player_experience":703187,"relics_obtained":[{"floor":6,"key":"reliquary:WeakTea"}],"event_choices":[{"damage_healed":0,"gold_gain":0,"player_choice":"Donut","damage_taken":0,"max_hp_gain":5,"max_hp_loss":0,"event_name":"Big Fish","floor":4,"gold_loss":0},{"damage_healed":0,"gold_gain":0,"player_choice":"RENOUNCE","damage_taken":151,"max_hp_gain":0,"max_hp_loss":0,"event_name":"betterThird:BetterSerpent","floor":5,"gold_loss":151,"cards_obtained":["Enlightenment"]}],"is_beta":false,"boss_relics":[],"items_purged_floors":[],"is_endless":false,"potions_floor_spawned":[1,3],"killed_by":"Gremlin Nob","ascension_level":2}}