{"host":"3j24k6gtmfx6ynrk","time":1613003289,"event":{"mods":["AchievementEnabler","BaseMod","Block Reminder","Colored Powertips","Highlight Path","Minty Spire (QoL Compilation)","StSLib"],"gold_per_floor":[111,66,80,100,100,100,113,142,189,208,208,221,255,255,255,360,360,380,362,375,375,392,392,420,112,112,112,27,27,47,65,65,65,65],"floor_reached":33,"language":"DEU","playtime":2694,"items_purged":["Strike_R"],"score":279,"play_id":"cc93dc22-88a1-40d3-98d1-456420ee18b5","local_time":"20210211012809","is_ascension_mode":false,"campfire_choices":[{"data":"Flame Barrier","floor":6,"key":"SMITH"},{"data":"Limit Break","floor":11,"key":"SMITH"},{"floor":15,"key":"REST"},{"data":"Flame Barrier","floor":23,"key":"SMITH"},{"floor":27,"key":"REST"},{"data":"Good Instincts","floor":29,"key":"SMITH"},{"floor":32,"key":"REST"}],"circlet_count":0,"master_deck":["Strike_R","Strike_R","Strike_R","Strike_R","Defend_R","Defend_R","Defend_R","Defend_R","Bash","Flame Barrier+1","Flex","Cleave","Demon Form","Metallicize","Limit Break+1","Headbutt","Heavy Blade","Shrug It Off","Flame Barrier+1","Pommel Strike","Spot Weakness","Shrug It Off+1","Good Instincts+1","Sword Boomerang"],"relics":["Burning Blood","Kunai","Potion Belt","Bronze Scales","Red Skull","Philosopher\u0027s Stone","CultistMask","Juzu Bracelet","Oddly Smooth Stone","Ornamental Fan","Self Forming Clay"],"acts_visited":["Exordium","TheCity"],"potions_floor_usage":[13,20,24,31,33],"damage_taken":[{"damage":4,"enemies":"2 Louse","floor":1,"turns":4},{"damage":5,"enemies":"Cultist","floor":3,"turns":4},{"damage":2,"enemies":"Small Slimes","floor":4,"turns":3},{"damage":6,"enemies":"Exordium Wildlife","floor":7,"turns":3},{"damage":5,"enemies":"Lagavulin","floor":8,"turns":6},{"damage":22,"enemies":"Exordium Thugs","floor":10,"turns":5},{"damage":3,"enemies":"Red Slaver","floor":12,"turns":5},{"damage":25,"enemies":"Gremlin Nob","floor":13,"turns":5},{"damage":43,"enemies":"Slime Boss","floor":16,"turns":7},{"damage":6,"enemies":"Chosen","floor":18,"turns":4},{"damage":28,"enemies":"2 Thieves","floor":19,"turns":4},{"damage":33,"enemies":"Snake Plant","floor":20,"turns":5},{"damage":1,"enemies":"Snecko","floor":22,"turns":5},{"damage":25,"enemies":"Book of Stabbing","floor":24,"turns":6},{"damage":13,"enemies":"3 Cultists","floor":30,"turns":5},{"damage":34,"enemies":"Chosen and Byrds","floor":31,"turns":8},{"damage":67,"enemies":"Champ","floor":33,"turns":14}],"seed_played":"-2270085208477195050","potions_obtained":[{"floor":1,"key":"Weak Potion"},{"floor":4,"key":"DistilledChaos"},{"floor":13,"key":"BlessingOfTheForge"},{"floor":19,"key":"BloodPotion"},{"floor":22,"key":"Dexterity Potion"},{"floor":24,"key":"PowerPotion"}],"is_trial":false,"path_per_floor":["M","$","M","M","?","R","M","E","T","M","R","M","E","T","R","B",null,"M","M","M","?","M","R","E","$","T","R","?","R","M","M","R","B"],"character_chosen":"IRONCLAD","items_purchased":["Flex","Oddly Smooth Stone","Good Instincts"],"campfire_rested":3,"item_purchase_floors":[2,25,25],"current_hp_per_floor":[88,88,88,88,88,88,88,88,88,72,72,75,56,56,82,45,88,88,66,56,56,61,61,42,42,42,68,68,68,61,33,59,0,0],"gold":65,"neow_bonus":"TEN_PERCENT_HP_BONUS","is_daily":false,"chose_seed":false,"campfire_upgraded":4,"win_rate":0.0,"timestamp":1613003289,"path_taken":["M","$","M","M","?","R","?","E","T","M","R","M","E","?","R","BOSS","M","M","?","?","M","R","E","$","T","R","?","R","M","M","R","BOSS"],"items_purchased_type":["Card","Relic","Card"],"build_version":"2020-12-22","purchased_purges":1,"victory":false,"max_hp_per_floor":[88,88,88,88,88,88,88,88,88,88,88,88,88,88,88,88,88,88,88,88,88,88,88,88,88,88,88,88,88,88,88,88,88,88],"card_choices":[{"not_picked":["Clothesline","Carnage"],"picked":"Flame Barrier","floor":1},{"not_picked":["Iron Wave","Thunderclap"],"picked":"Cleave","floor":3},{"not_picked":["Searing Blow","Armaments"],"picked":"Demon Form","floor":4},{"not_picked":["Pommel Strike","Bloodletting"],"picked":"Metallicize","floor":7},{"not_picked":["Thunderclap","Pommel Strike"],"picked":"Limit Break","floor":8},{"not_picked":["Uppercut","Clash"],"picked":"Headbutt","floor":10},{"not_picked":["Body Slam","Thunderclap"],"picked":"Heavy Blade","floor":12},{"not_picked":["Armaments","Rupture","Dark Embrace"],"picked":"SKIP","floor":13},{"not_picked":["Body Slam+1","Fire Breathing"],"picked":"Shrug It Off","floor":18},{"not_picked":["Power Through","Twin Strike+1"],"picked":"Flame Barrier","floor":19},{"not_picked":["Body Slam+1","Carnage"],"picked":"Pommel Strike","floor":20},{"not_picked":["Second Wind+1","Seeing Red"],"picked":"Spot Weakness","floor":22},{"not_picked":["Headbutt","Uppercut+1"],"picked":"Shrug It Off+1","floor":24},{"not_picked":["Body Slam","Anger","Reckless Charge"],"picked":"SKIP","floor":30},{"not_picked":["Heavy Blade+1","Intimidate"],"picked":"Sword Boomerang","floor":31}],"player_experience":63515,"relics_obtained":[{"floor":8,"key":"Potion Belt"},{"floor":13,"key":"Bronze Scales"},{"floor":14,"key":"Red Skull"},{"floor":24,"key":"Juzu Bracelet"},{"floor":26,"key":"Ornamental Fan"}],"event_choices":[{"damage_healed":0,"gold_gain":0,"player_choice":"Gave Potion","damage_taken":0,"relics_obtained":["Kunai"],"max_hp_gain":0,"max_hp_loss":0,"event_name":"WeMeetAgain","floor":5,"gold_loss":0},{"damage_healed":0,"gold_gain":0,"player_choice":"Trade","damage_taken":0,"relics_obtained":["CultistMask"],"max_hp_gain":0,"max_hp_loss":0,"event_name":"FaceTrader","floor":21,"gold_loss":0},{"damage_healed":0,"gold_gain":0,"player_choice":"Obtained Relic","damage_taken":0,"relics_obtained":["Self Forming Clay"],"max_hp_gain":0,"max_hp_loss":0,"event_name":"Addict","floor":28,"gold_loss":85}],"is_beta":false,"boss_relics":[{"not_picked":["Ectoplasm","Astrolabe"],"picked":"Philosopher\u0027s Stone"}],"items_purged_floors":[25],"is_endless":false,"potions_floor_spawned":[1,4,13,19,22,24],"killed_by":"Champ","ascension_level":0}}