{"host":"ek3xvuouaw6vk9if","time":1613011918,"event":{"mods":["AchievementEnabler","BaseMod","Better Third Choice","BetterRewards","Curses Come First","Dark Map","Hubris","Minty Spire (QoL Compilation)","Permanent Neow","Quick Restart","Relic Stats","Replay The Spire","Spire Arcade","StSLib","The Jungle"],"gold_per_floor":[112,125,142,153,172,172,172],"floor_reached":6,"language":"ENG","playtime":306,"items_purged":[],"score":80,"play_id":"68ce5463-6e51-4bc9-83cf-e61e2144175b","local_time":"20210210215158","is_ascension_mode":true,"campfire_choices":[],"circlet_count":0,"master_deck":["AscendersBane","Strike_G","Strike_G","Strike_G","Strike_G","Strike_G","Defend_G","Defend_G","Defend_G","Defend_G","Defend_G","Survivor","Neutralize","Sucker Punch","ReplayTheSpireMod:The Works","Blade Dance","hubris:Sniper","Concentrate","Dagger Throw"],"relics":["Ring of the Snake","Ginger","Paper Crane"],"acts_visited":["Exordium"],"potions_floor_usage":[6,6],"damage_taken":[{"damage":3,"enemies":"2 Louse","floor":1,"turns":3},{"damage":2,"enemies":"Small Slimes","floor":2,"turns":4},{"damage":0,"enemies":"Cultist","floor":3,"turns":3},{"damage":4,"enemies":"3 Louse","floor":4,"turns":4},{"damage":19,"enemies":"Exordium Thugs","floor":5,"turns":6},{"damage":46,"enemies":"Gremlin Nob","floor":6,"turns":4}],"seed_played":"-519421097869482279","potions_obtained":[{"floor":2,"key":"Poison Potion"},{"floor":3,"key":"BlessingOfTheForge"},{"floor":4,"key":"Block Potion"}],"is_trial":false,"path_per_floor":["M","M","M","M","M","E"],"character_chosen":"THE_SILENT","items_purchased":["Paper Crane"],"campfire_rested":0,"item_purchase_floors":[0],"current_hp_per_floor":[49,47,47,43,24,0,0],"gold":172,"neow_bonus":"","is_daily":false,"chose_seed":false,"campfire_upgraded":0,"win_rate":0.0,"timestamp":1613011918,"path_taken":["M","M","M","M","M","E"],"items_purchased_type":["Relic"],"build_version":"2020-12-22","purchased_purges":0,"victory":false,"max_hp_per_floor":[66,66,66,66,66,66,66],"relic_stats":{"counters":[42,216],"Ginger":[11],"obtain_stats":[{"Replay:Accelerometer":42,"Calipers":26,"CeramicFish":0,"Mango":0,"hubris:SlimyHat":46,"Bag of Preparation":0,"Ginger":0,"Pet Ghost":20,"Dream Catcher":8,"Sundial":43,"Fusion Hammer":17,"hubris:FunFungus":10,"WingedGreaves":0,"Red Mask":31,"Ring of the Snake":0,"Gremlin Food":9,"Quantum Egg":41,"Counterbalance":7,"Paper Crane":0,"Medical Kit":13,"White Beast Statue":6,"Replay:Arrowhead":0,"OrangePellets":0,"Replay:Baseball":41,"Ornamental Fan":25,"Bronze Scales":45,"Pandora\u0027s Box":34,"ReplayTheSpireMod:Lightbulb":39,"hubris:OldNail":0,"Unceasing Top":9},{"Replay:Accelerometer":18,"Calipers":11,"CeramicFish":0,"Mango":0,"hubris:SlimyHat":20,"Bag of Preparation":31,"Ginger":36,"Pet Ghost":9,"Dream Catcher":6,"Sundial":18,"Fusion Hammer":8,"hubris:FunFungus":28,"WingedGreaves":36,"Red Mask":14,"Ring of the Snake":0,"Gremlin Food":27,"Quantum Egg":17,"Counterbalance":27,"Paper Crane":36,"Medical Kit":7,"White Beast Statue":5,"Replay:Arrowhead":22,"OrangePellets":22,"Replay:Baseball":17,"Ornamental Fan":11,"Bronze Scales":20,"Pandora\u0027s Box":15,"ReplayTheSpireMod:Lightbulb":17,"hubris:OldNail":0,"Unceasing Top":6},{"Replay:Accelerometer":91,"Calipers":61,"CeramicFish":0,"Mango":0,"hubris:SlimyHat":99,"Bag of Preparation":170,"Ginger":192,"Pet Ghost":51,"Dream Catcher":32,"Sundial":91,"Fusion Hammer":46,"hubris:FunFungus":152,"WingedGreaves":192,"Red Mask":74,"Ring of the Snake":0,"Gremlin Food":143,"Quantum Egg":87,"Counterbalance":143,"Paper Crane":192,"Medical Kit":33,"White Beast Statue":24,"Replay:Arrowhead":107,"OrangePellets":107,"Replay:Baseball":87,"Ornamental Fan":61,"Bronze Scales":99,"Pandora\u0027s Box":81,"ReplayTheSpireMod:Lightbulb":87,"hubris:OldNail":0,"Unceasing Top":32}],"Ring of the Snake":[84]},"card_choices":[{"not_picked":["Fluid Movement","ReplayTheSpireMod:Exploit Weakness"],"picked":"ReplayTheSpireMod:The Works","floor":1},{"not_picked":["Bane","Outmaneuver"],"picked":"Blade Dance","floor":2},{"not_picked":["Distraction","Finisher"],"picked":"hubris:Sniper","floor":3},{"not_picked":["Deflect","Underhanded Strike"],"picked":"Concentrate","floor":4},{"not_picked":["Flying Knee","hubris:SlightOfHand"],"picked":"Dagger Throw","floor":5}],"player_experience":525999,"relics_obtained":[],"event_choices":[],"is_beta":false,"boss_relics":[],"items_purged_floors":[],"is_endless":false,"potions_floor_spawned":[2,3,4],"killed_by":"Gremlin Nob","ascension_level":20}}