{"host":"6affnl2vk6en9o4b","time":1613076577,"event":{"mods":["AchievementEnabler","Aspiration","BaseMod","BetterRewards","Colored Powertips","Conspire","Downfall","Friendly Minions","Googly Eyes","Highlight Path","Hubris","Minty Spire (QoL Compilation)","Quick Restart","Replay The Spire","StSLib","Unceasing Turn Reminder"],"gold_per_floor":[99,113,133,149,149,165,211,230,60,60,60,60],"floor_reached":10,"language":"ENG","playtime":382,"items_purged":[],"score":60,"play_id":"06d47915-4005-46f8-8979-494cc7bdd747","local_time":"20210211204937","is_ascension_mode":false,"campfire_choices":[{"floor":1,"key":"RECALL"}],"circlet_count":0,"master_deck":["sneckomod:Strike","sneckomod:Strike","sneckomod:Strike","sneckomod:Defend","sneckomod:Defend","sneckomod:Defend","sneckomod:TailWhip","sneckomod:SnekBite","sneckomod:Unknown","sneckomod:Unknown","sneckomod:DiceCrush","sneckomod:SoulRoll","sneckomod:UnknownCommonSkill","sneckomod:Unknown1Cost","sneckomod:CheapStock","sneckomod:SlitherStrike","sneckomod:ImprovisedAttack"],"relics":["sneckomod:SneckoSoul","sneckomod:LoadedDie","Blood Vial"],"acts_visited":["Exordium"],"potions_floor_usage":[6,9,10],"damage_taken":[{"damage":2,"enemies":"conspire:RoseBush","floor":2,"turns":3},{"damage":6,"enemies":"Jaw Worm","floor":3,"turns":3},{"damage":7,"enemies":"Small Slimes","floor":4,"turns":3},{"damage":19,"enemies":"conspire:2 RoseBushes","floor":6,"turns":4},{"damage":11,"enemies":"2 Fungi Beasts","floor":8,"turns":5},{"damage":5,"enemies":"downfall:FleeingMerchant","floor":9,"turns":4},{"damage":31,"enemies":"Replay:BlueRogue","floor":10,"turns":3}],"seed_played":"-8711409801557222563","potions_obtained":[{"floor":2,"key":"PowerPotion"},{"floor":6,"key":"champ:CounterPotion"},{"floor":8,"key":"sneckomod:DiceRollPotion"}],"is_trial":false,"path_per_floor":["R","M","M","M","?","M","T","M","$","E"],"character_chosen":"THE_SNECKO","items_purchased":["Blood Vial"],"campfire_rested":0,"item_purchase_floors":[9],"current_hp_per_floor":[90,88,82,75,57,38,38,27,22,0,0,0],"gold":60,"neow_bonus":"THREE_CARDS","is_daily":false,"chose_seed":false,"campfire_upgraded":0,"win_rate":0.0,"timestamp":1613076577,"path_taken":["R","M","M","M","?","M","T","M","$","E"],"items_purchased_type":["Relic"],"build_version":"2020-12-22","purchased_purges":0,"victory":false,"max_hp_per_floor":[90,90,90,90,90,90,90,90,90,90,90,90],"card_choices":[{"not_picked":["sneckomod:UnknownDraw","sneckomod:Rotation"],"picked":"sneckomod:DiceCrush","floor":0},{"not_picked":["sneckomod:Nope","sneckomod:DiceCrush"],"picked":"sneckomod:SoulRoll","floor":2},{"not_picked":["sneckomod:SoulCleanse","sneckomod:QuickBite"],"picked":"sneckomod:UnknownCommonSkill","floor":3},{"not_picked":["sneckomod:SnekBeam","sneckomod:DiceBlock"],"picked":"sneckomod:Unknown1Cost","floor":4},{"not_picked":["sneckomod:UnknownStrike","sneckomod:Nope"],"picked":"sneckomod:CheapStock","floor":6},{"not_picked":["sneckomod:DiceBlock","sneckomod:UnknownCommonAttack"],"picked":"sneckomod:SlitherStrike","floor":8},{"not_picked":["sneckomod:Restock","sneckomod:Nope"],"picked":"sneckomod:ImprovisedAttack","floor":9}],"player_experience":241932,"relics_obtained":[],"event_choices":[{"damage_healed":0,"gold_gain":0,"player_choice":"Success","damage_taken":18,"relics_obtained":["sneckomod:LoadedDie"],"max_hp_gain":0,"max_hp_loss":0,"event_name":"Scrap Ooze","floor":5,"gold_loss":0}],"is_beta":false,"boss_relics":[],"items_purged_floors":[],"is_endless":false,"potions_floor_spawned":[2,6,8],"killed_by":"Replay:BlueRogue","ascension_level":0}}