{"host":"61scwtj8sjvayefi","time":1613014587,"event":{"mods":["2.2 Compatiblity","BaseMod","Downfall","Koishi","Marisa????????","Minty Spire (QoL Compilation)","Remilia??????","StSLib","The Bug Knight","The Senshi","The Servant 0.9.4"],"gold_per_floor":[115,125,137,150,20,47,47,74,99,133,133,59,59,59],"floor_reached":13,"language":"ENG","playtime":1276,"items_purged":[],"score":108,"play_id":"f384393d-2272-40d8-8440-033eed6402df","local_time":"20210210213627","is_ascension_mode":true,"campfire_choices":[{"floor":7,"key":"REST"},{"floor":11,"key":"REST"}],"circlet_count":0,"master_deck":["Strike_MRS","Strike_MRS","Strike_MRS","Strike_MRS","Defend_MRS","Defend_MRS","Defend_MRS","Defend_MRS","MasterSpark","UpSweep+1","GasGiant","DoubleSpark","GrandCross","DeepEcoloBomb","Acceleration","DragonMeteor","GravityBeat","EnergyFlow","MagicChant","MilkyWay","IllusionStar"],"relics":["MiniHakkero","theSenshi:FeatherClipsRelic","HollowMod:PaleOreRelic","Tiny Chest","Blood Vial","Blue Candle"],"acts_visited":["Exordium"],"potions_floor_usage":[6,6],"damage_taken":[{"damage":7,"enemies":"2 Louse","floor":1,"turns":2},{"damage":2,"enemies":"Small Slimes","floor":2,"turns":3},{"damage":1,"enemies":"Cultist","floor":3,"turns":4},{"damage":0,"enemies":"Looter","floor":4,"turns":3},{"damage":25,"enemies":"Lagavulin","floor":6,"turns":8},{"damage":32,"enemies":"Gremlin Nob","floor":8,"turns":4},{"damage":22,"enemies":"Lagavulin","floor":10,"turns":5},{"damage":64,"enemies":"Gremlin Nob","floor":13,"turns":4}],"seed_played":"-5859705217737858434","potions_obtained":[{"floor":3,"key":"Weak Potion"},{"floor":4,"key":"sneckomod:MuddlingPotion"}],"is_trial":false,"path_per_floor":["M","M","M","M","$","E","R","E","T","E","R","$","E"],"character_chosen":"MARISA","items_purchased":["Acceleration","DragonMeteor","MilkyWay","IllusionStar"],"campfire_rested":2,"item_purchase_floors":[5,5,12,12],"current_hp_per_floor":[68,66,65,65,65,40,62,36,36,20,42,42,0,0],"gold":59,"neow_bonus":"UPGRADE_CARD","is_daily":false,"chose_seed":false,"campfire_upgraded":0,"win_rate":0.0,"timestamp":1613014587,"path_taken":["M","M","M","M","$","E","R","E","T","E","R","$","E"],"items_purchased_type":["Card","Card","Card","Card"],"build_version":"2020-12-22","purchased_purges":0,"victory":false,"max_hp_per_floor":[75,75,75,75,75,75,75,75,75,75,75,75,75,75],"card_choices":[{"not_picked":["LuminesStrike","GrandCross"],"picked":"GasGiant","floor":1},{"not_picked":["WitchLeyline","OneTimeOff"],"picked":"DoubleSpark","floor":2},{"not_picked":["GasGiant","BlazeAway"],"picked":"GrandCross","floor":3},{"not_picked":["StarBarrage","DoubleSpark"],"picked":"DeepEcoloBomb","floor":4},{"not_picked":["6A","DoubleSpark"],"picked":"GravityBeat","floor":6},{"not_picked":["TreasureHunter","LuminesStrike"],"picked":"EnergyFlow","floor":8},{"not_picked":["Robbery","GasGiant"],"picked":"MagicChant","floor":10}],"player_experience":51026,"relics_obtained":[{"floor":6,"key":"theSenshi:FeatherClipsRelic"},{"floor":8,"key":"HollowMod:PaleOreRelic"},{"floor":9,"key":"Tiny Chest"},{"floor":10,"key":"Blood Vial"}],"event_choices":[],"is_beta":false,"boss_relics":[],"items_purged_floors":[],"is_endless":false,"potions_floor_spawned":[3,4],"killed_by":"Gremlin Nob","ascension_level":1}}