{"host":"dhlnk6yox2l1s6up","time":1613065325,"event":{"mods":["BaseMod","Minty Spire (QoL Compilation)","Relic Stats","StSLib","ojb\u0027s Info Mod"],"gold_per_floor":[115,115,41,41,60,94,94,94,147,187,207,207,231,269,269,397,397,422,438,11,110,110,150,150,186,186,225,238,262,352,387,387,518,518,539,557,557,557,576,576,153,153,153,196,196,235,288,108,108,108,108,108,17,61,61],"floor_reached":56,"language":"ENG","playtime":3774,"items_purged":["Strike_G","Strike_G","Strike_G"],"score":2071,"play_id":"26d1e7d7-60cb-435b-8d3b-cde426742354","local_time":"20210211114205","is_ascension_mode":true,"campfire_choices":[{"data":"Distraction","floor":7,"key":"SMITH"},{"data":"Flying Knee","floor":12,"key":"SMITH"},{"data":"Leg Sweep","floor":15,"key":"SMITH"},{"floor":24,"key":"REST"},{"data":"Catalyst","floor":32,"key":"SMITH"},{"floor":40,"key":"REST"},{"floor":42,"key":"RECALL"},{"data":"Burst","floor":49,"key":"SMITH"},{"data":"Well Laid Plans","floor":52,"key":"SMITH"}],"circlet_count":0,"master_deck":["AscendersBane","Strike_G+1","Defend_G","Defend_G","Defend_G","Defend_G","Survivor","Neutralize","Flying Knee+1","Distraction+1","PiercingWail","Blade Dance","Leg Sweep+1","Flying Knee+1","Well Laid Plans+1","Noxious Fumes+1","Tools of the Trade","Corpse Explosion","Catalyst+1","Blade Dance+1","Burst+1","Acrobatics","Escape Plan","Terror","Finisher","Bullet Time","Dagger Throw+1","Acrobatics+1","Adrenaline+1","Adrenaline+1","Doubt","Deadly Poison+1","Footwork","Catalyst+1","Malaise+1"],"relics":["Ring of the Snake","NeowsBlessing","Golden Idol","The Courier","Whetstone","Question Card","Busted Crown","Membership Card","Toy Ornithopter","PreservedInsect","Bottled Tornado","Bird Faced Urn","Bag of Marbles","Centennial Puzzle","Boot","Torii","WristBlade","Toxic Egg 2","Art of War","Gremlin Horn","Blue Candle","Anchor","Darkstone Periapt","Vajra","TungstenRod","DollysMirror","Bag of Preparation"],"acts_visited":["Exordium","TheCity","TheBeyond","TheEnding"],"potions_floor_usage":[10,13,16,25,28,33,33,35,50,54,55],"damage_taken":[{"damage":0,"enemies":"Small Slimes","floor":1,"turns":1},{"damage":0,"enemies":"Cultist","floor":5,"turns":1},{"damage":0,"enemies":"3 Sentries","floor":6,"turns":1},{"damage":15,"enemies":"Lagavulin","floor":10,"turns":8},{"damage":0,"enemies":"2 Louse","floor":11,"turns":2},{"damage":10,"enemies":"Exordium Thugs","floor":13,"turns":5},{"damage":10,"enemies":"3 Sentries","floor":14,"turns":7},{"damage":0,"enemies":"The Guardian","floor":16,"turns":14},{"damage":11,"enemies":"Spheric Guardian","floor":18,"turns":4},{"damage":6,"enemies":"Shell Parasite","floor":19,"turns":6},{"damage":17,"enemies":"Gremlin Leader","floor":23,"turns":6},{"damage":7,"enemies":"Slavers","floor":25,"turns":3},{"damage":0,"enemies":"Gremlin Leader","floor":27,"turns":5},{"damage":0,"enemies":"Snake Plant","floor":28,"turns":5},{"damage":0,"enemies":"Centurion and Healer","floor":29,"turns":5},{"damage":7,"enemies":"Slavers","floor":31,"turns":3},{"damage":37,"enemies":"Champ","floor":33,"turns":9},{"damage":13,"enemies":"3 Darklings","floor":35,"turns":3},{"damage":0,"enemies":"Orb Walker","floor":36,"turns":1},{"damage":21,"enemies":"4 Shapes","floor":39,"turns":5},{"damage":23,"enemies":"Reptomancer","floor":44,"turns":5},{"damage":1,"enemies":"Giant Head","floor":46,"turns":1},{"damage":36,"enemies":"Donu and Deca","floor":50,"turns":4},{"damage":10,"enemies":"Shield and Spear","floor":54,"turns":2},{"damage":42,"enemies":"The Heart","floor":55,"turns":5}],"seed_played":"920393248441191873","potions_obtained":[{"floor":6,"key":"PowerPotion"},{"floor":10,"key":"GamblersBrew"},{"floor":13,"key":"CunningPotion"},{"floor":18,"key":"GhostInAJar"},{"floor":19,"key":"LiquidMemories"},{"floor":29,"key":"CunningPotion"},{"floor":39,"key":"Explosive Potion"},{"floor":46,"key":"LiquidBronze"}],"is_trial":false,"path_per_floor":["M","?","$","?","M","E","R","?","T","E","M","R","M","E","R","B",null,"M","M","$","?","?","E","R","E","T","E","M","M","?","E","R","B",null,"M","M","?","?","M","R","$","R","T","E","?","E","T","$","R","B",null,"R","$","E","B",null],"character_chosen":"THE_SILENT","items_purchased":["PiercingWail","BlessingOfTheForge","Membership Card","Toy Ornithopter","PreservedInsect","Bottled Tornado","Burst","Acrobatics","Toxic Egg 2","Adrenaline+1","Art of War","Gremlin Horn","Energy Potion","Regen Potion","TungstenRod","Footwork","DollysMirror"],"campfire_rested":2,"item_purchase_floors":[3,3,20,20,20,20,20,20,41,41,41,41,41,41,48,53,53],"current_hp_per_floor":[63,63,63,63,63,63,63,56,56,41,41,41,31,21,21,21,54,43,37,37,37,37,20,39,41,41,47,58,64,46,39,39,18,53,47,49,49,49,32,51,51,51,51,34,65,64,64,64,64,47,61,61,61,55,23],"gold":61,"neow_bonus":"THREE_ENEMY_KILL","is_daily":false,"chose_seed":false,"campfire_upgraded":6,"win_rate":0.0,"timestamp":1613065325,"path_taken":["M","?","?","?","M","E","R","?","T","E","M","R","M","E","R","BOSS","M","M","$","?","?","E","R","E","T","E","?","M","?","E","R","BOSS","M","?","?","?","M","R","$","R","T","E","?","E","?","$","R","BOSS","R","$","E","BOSS"],"items_purchased_type":["Card","Potion","Relic","Relic","Relic","Relic","Card","Card","Relic","Card","Relic","Relic","Potion","Potion","Relic","Card","Relic"],"build_version":"2020-12-22","purchased_purges":3,"victory":true,"max_hp_per_floor":[70,70,70,65,65,65,65,65,65,65,65,65,65,65,65,65,65,65,65,65,65,65,65,65,65,65,65,65,65,65,65,65,65,65,65,65,65,65,65,65,65,65,65,65,65,65,65,65,65,65,65,65,65,65,65],"relic_stats":{"Darkstone Periapt":0,"Torii":39,"Gremlin Horn":[3,3],"counters":[25,111],"Golden Idol":222,"Blue Candle":[1],"PreservedInsect":448,"Bag of Preparation":[2],"Whetstone":["Flying Knee","Strike_G"],"Question Card":17,"Boot":[34],"Centennial Puzzle":[27],"Busted Crown":32,"Bird Faced Urn":[56],"Art of War":[5],"obtain_stats":[{"Darkstone Periapt":46,"Torii":31,"Gremlin Horn":41,"Vajra":47,"Bag of Preparation":54,"Whetstone":10,"Bottled Tornado":20,"Boot":27,"Centennial Puzzle":26,"WristBlade":34,"DollysMirror":53,"Toxic Egg 2":41,"Ring of the Snake":0,"NeowsBlessing":0,"Golden Idol":4,"Blue Candle":43,"The Courier":6,"PreservedInsect":20,"Question Card":14,"Anchor":44,"Busted Crown":17,"Bird Faced Urn":23,"Bag of Marbles":25,"Art of War":41,"Membership Card":20,"Toy Ornithopter":20,"TungstenRod":48},{"Darkstone Periapt":22,"Torii":16,"Gremlin Horn":20,"Vajra":22,"Bag of Preparation":24,"Whetstone":4,"Bottled Tornado":10,"Boot":13,"Centennial Puzzle":12,"WristBlade":17,"DollysMirror":23,"Toxic Egg 2":20,"Ring of the Snake":0,"NeowsBlessing":0,"Golden Idol":1,"Blue Candle":20,"The Courier":3,"PreservedInsect":10,"Question Card":7,"Anchor":21,"Busted Crown":8,"Bird Faced Urn":11,"Bag of Marbles":12,"Art of War":20,"Membership Card":10,"Toy Ornithopter":10,"TungstenRod":22},{"Darkstone Periapt":100,"Torii":76,"Gremlin Horn":94,"Vajra":100,"Bag of Preparation":106,"Whetstone":11,"Bottled Tornado":49,"Boot":63,"Centennial Puzzle":58,"WristBlade":85,"DollysMirror":104,"Toxic Egg 2":94,"Ring of the Snake":0,"NeowsBlessing":0,"Golden Idol":1,"Blue Candle":94,"The Courier":3,"PreservedInsect":49,"Question Card":25,"Anchor":99,"Busted Crown":39,"Bird Faced Urn":55,"Bag of Marbles":58,"Art of War":94,"Membership Card":49,"Toy Ornithopter":49,"TungstenRod":100}],"Toy Ornithopter":35,"TungstenRod":38,"Ring of the Snake":[50]},"card_choices":[{"not_picked":["Bane","Dodge and Roll"],"picked":"Flying Knee","floor":1},{"not_picked":["Deflect","Underhanded Strike"],"picked":"Blade Dance","floor":5},{"not_picked":["Predator","Dagger Throw"],"picked":"Leg Sweep","floor":6},{"not_picked":["Sucker Punch","Backflip"],"picked":"Flying Knee","floor":10},{"not_picked":["Dagger Throw","Riddle With Holes"],"picked":"Well Laid Plans","floor":11},{"not_picked":["Dagger Throw","Accuracy"],"picked":"Noxious Fumes","floor":13},{"not_picked":["Tactician","Poisoned Stab"],"picked":"Tools of the Trade","floor":14},{"not_picked":["Glass Knife","After Image","Venomology"],"picked":"Corpse Explosion","floor":16},{"not_picked":["Underhanded Strike"],"picked":"Catalyst","floor":18},{"not_picked":["Deflect+1"],"picked":"Blade Dance+1","floor":19},{"not_picked":["Burst"],"picked":"Escape Plan","floor":23},{"not_picked":["Blade Dance"],"picked":"Dagger Spray","floor":25},{"not_picked":["Sucker Punch","Dodge and Roll"],"picked":"SKIP","floor":27},{"not_picked":["Deflect+1"],"picked":"Terror","floor":28},{"not_picked":["Bane","Quick Slash"],"picked":"SKIP","floor":29},{"not_picked":["Cloak And Dagger"],"picked":"Finisher","floor":31},{"not_picked":["A Thousand Cuts"],"picked":"Bullet Time","floor":33},{"not_picked":["Masterful Stab"],"picked":"Dagger Throw+1","floor":35},{"not_picked":["Infinite Blades","Calculated Gamble"],"picked":"SKIP","floor":36},{"not_picked":["Cloak And Dagger"],"picked":"Acrobatics+1","floor":39},{"not_picked":["Bane+1"],"picked":"Adrenaline+1","floor":44},{"not_picked":["Expertise+1"],"picked":"Deadly Poison+1","floor":46},{"not_picked":["Tactician+1"],"picked":"Malaise+1","floor":54}],"player_experience":6176924,"relics_obtained":[{"floor":6,"key":"The Courier"},{"floor":10,"key":"Whetstone"},{"floor":14,"key":"Question Card"},{"floor":23,"key":"Bird Faced Urn"},{"floor":25,"key":"Bag of Marbles"},{"floor":26,"key":"Centennial Puzzle"},{"floor":27,"key":"Boot"},{"floor":31,"key":"Torii"},{"floor":43,"key":"Blue Candle"},{"floor":44,"key":"Anchor"},{"floor":46,"key":"Darkstone Periapt"},{"floor":47,"key":"Vajra"},{"floor":54,"key":"Bag of Preparation"}],"event_choices":[{"damage_healed":0,"gold_gain":0,"cards_transformed":["Strike_G"],"player_choice":"Transformed","damage_taken":0,"max_hp_gain":0,"max_hp_loss":0,"event_name":"Transmorgrifier","floor":2,"gold_loss":0,"cards_obtained":["Distraction"]},{"damage_healed":0,"gold_gain":0,"player_choice":"Lose Max HP","damage_taken":0,"relics_obtained":["Golden Idol"],"max_hp_gain":0,"max_hp_loss":5,"event_name":"Golden Idol","floor":4,"gold_loss":0},{"cards_removed":["Defend_G"],"damage_healed":0,"gold_gain":0,"player_choice":"Card Removal","damage_taken":7,"max_hp_gain":0,"max_hp_loss":0,"event_name":"Golden Wing","floor":8,"gold_loss":0},{"damage_healed":0,"gold_gain":99,"player_choice":"Stole From Cult","damage_taken":0,"max_hp_gain":0,"max_hp_loss":0,"event_name":"Nest","floor":21,"gold_loss":0},{"damage_healed":0,"gold_gain":0,"player_choice":"Upgraded","damage_taken":0,"max_hp_gain":0,"max_hp_loss":0,"event_name":"Upgrade Shrine","floor":22,"gold_loss":0,"cards_upgraded":["Noxious Fumes"]},{"damage_healed":0,"gold_gain":90,"player_choice":"POTION GOLD ","damage_taken":18,"max_hp_gain":0,"max_hp_loss":0,"event_name":"Knowing Skull","floor":30,"potions_obtained":["Block Potion"],"gold_loss":0,"cards_obtained":[]},{"cards_removed":["Dagger Spray"],"damage_healed":0,"gold_gain":0,"player_choice":"Removed Attack","damage_taken":0,"max_hp_gain":0,"max_hp_loss":0,"event_name":"Falling","floor":37,"gold_loss":0},{"damage_healed":0,"gold_gain":0,"player_choice":"Memory 1","damage_taken":0,"max_hp_gain":0,"max_hp_loss":0,"event_name":"SensoryStone","floor":38,"gold_loss":0},{"damage_healed":31,"gold_gain":0,"player_choice":"Heal","damage_taken":0,"max_hp_gain":0,"max_hp_loss":0,"event_name":"MindBloom","floor":45,"gold_loss":0,"cards_obtained":["Doubt"]}],"is_beta":false,"boss_relics":[{"not_picked":["SacredBark","Empty Cage"],"picked":"Busted Crown"},{"not_picked":["Astrolabe","Fusion Hammer"],"picked":"WristBlade"}],"items_purged_floors":[20,41,48],"is_endless":false,"potions_floor_spawned":[6,10,13,18,19,29,31,39,46],"ascension_level":10}}