{"host":"mulvwr6fzlda1d2f","time":1613013062,"event":{"mods":["BaseMod","BetterRewards","Hermit","Marisa????????","Minty Spire (QoL Compilation)","Quick Restart","Remove Card Discount Mod","Replay The Spire","StSLib","The Bladedancer","The Runesmith","egg"],"gold_per_floor":[110,2,74,93,107,141,141,155,181,198,198,198,210,227,227,332,332,332,332],"floor_reached":18,"language":"ENG","playtime":942,"items_purged":["Pain","Runesmith:Strike_RS"],"score":189,"play_id":"d2f16081-ba80-47e4-8570-1f192c2352e0","local_time":"20210210191102","is_ascension_mode":false,"campfire_choices":[{"floor":7,"key":"RECALL"}],"circlet_count":0,"master_deck":["Runesmith:Strike_RS","Runesmith:Strike_RS","Runesmith:Strike_RS","Runesmith:Defend_RS","Runesmith:Defend_RS","Runesmith:Defend_RS","Runesmith:Defend_RS","Runesmith:CraftFirestone","Runesmith:Fortify","Runesmith:RuneHurl","Runesmith:ChiselStab","Runesmith:Permafrost","Runesmith:EnergizedChisel","Runesmith:Reinforce","Runesmith:RunicBlueprint+1","Runesmith:Firestorm+1","Runesmith:FissionHammer","Runesmith:CraftProtectio","Runesmith:CraftIndustria"],"relics":["Runesmith:CoreCrystal","ReplayTheSpireMod:CursedCoin","Ancient Tea Set"],"acts_visited":["Exordium","TheCity"],"potions_floor_usage":[6,6,10,16],"damage_taken":[{"damage":0,"enemies":"Small Slimes","floor":1,"turns":3},{"damage":4,"enemies":"Jaw Worm","floor":4,"turns":4},{"damage":6,"enemies":"2 Louse","floor":5,"turns":3},{"damage":0,"enemies":"Lagavulin","floor":6,"turns":6},{"damage":2,"enemies":"Exordium Wildlife","floor":8,"turns":5},{"damage":12,"enemies":"2 Fungi Beasts","floor":10,"turns":4},{"damage":1,"enemies":"Large Slime","floor":13,"turns":5},{"damage":7,"enemies":"3 Louse","floor":14,"turns":2},{"damage":40,"enemies":"The Guardian","floor":16,"turns":11},{"damage":19,"enemies":"Shell Parasite","floor":18,"turns":3}],"seed_played":"6604497211816428862","potions_obtained":[{"floor":4,"key":"Block Potion"},{"floor":5,"key":"ColorlessPotion"},{"floor":6,"key":"Explosive Potion"},{"floor":10,"key":"Ancient Potion"},{"floor":13,"key":"Adrenaline Potion"}],"is_trial":false,"path_per_floor":["M","$","?","M","M","E","R","M","T","M","?","?","M","M","R","B",null,"M"],"character_chosen":"RUNESMITH_CLASS","items_purchased":["ReplayTheSpireMod:CursedCoin","Runesmith:ChiselStab","Runesmith:Permafrost","Runesmith:EnergizedChisel","FairyPotion"],"campfire_rested":0,"item_purchase_floors":[2,2,2,2,2],"current_hp_per_floor":[77,77,77,73,67,67,67,65,65,53,53,53,52,45,68,28,77,58,58],"gold":332,"neow_bonus":"TEN_PERCENT_HP_BONUS","is_daily":false,"chose_seed":false,"campfire_upgraded":0,"win_rate":0.0,"timestamp":1613013062,"path_taken":["M","$","?","M","M","E","R","M","T","M","?","?","?","M","R","BOSS","M"],"items_purchased_type":["Relic","Card","Card","Card","Potion"],"build_version":"2020-12-22","purchased_purges":2,"victory":false,"max_hp_per_floor":[77,77,77,77,77,77,77,77,77,77,77,77,77,77,77,77,77,77,77],"card_choices":[{"not_picked":["Runesmith:Overpower","Runesmith:CraftProtectio"],"picked":"Runesmith:RuneHurl","floor":1},{"not_picked":["Runesmith:HammerThrow","Runesmith:Augment"],"picked":"Runesmith:Reinforce","floor":4},{"not_picked":["Runesmith:BackupBattery","Runesmith:EnergizedChisel"],"picked":"Runesmith:RunicBlueprint","floor":5},{"not_picked":["Runesmith:NanitesCloud","Runesmith:PoweredAnvil","Runesmith:ChaoticBlast"],"picked":"SKIP","floor":6},{"not_picked":["Runesmith:Repurpose","Runesmith:CraftReservo"],"picked":"Runesmith:Firestorm","floor":8},{"not_picked":["Runesmith:ChiselStab","Runesmith:Overpower"],"picked":"Runesmith:FissionHammer","floor":10},{"not_picked":["Runesmith:EnergizedChisel","Runesmith:CreatorForm"],"picked":"Runesmith:CraftProtectio","floor":13},{"not_picked":["Runesmith:ChargedHammer","Runesmith:Reinforce","Runesmith:HammerThrow"],"picked":"SKIP","floor":14},{"not_picked":["Runesmith:Duplicate","Runesmith:DuctTape"],"picked":"Runesmith:CraftIndustria","floor":16}],"player_experience":250372,"relics_obtained":[{"floor":6,"key":"Ancient Tea Set"}],"event_choices":[{"damage_healed":0,"gold_gain":72,"player_choice":"Gained Gold","damage_taken":0,"max_hp_gain":0,"max_hp_loss":0,"event_name":"Golden Wing","floor":3,"gold_loss":0},{"damage_healed":0,"gold_gain":0,"player_choice":"Grow","damage_taken":0,"max_hp_gain":0,"max_hp_loss":0,"event_name":"Living Wall","floor":12,"gold_loss":0,"cards_upgraded":["Runesmith:RunicBlueprint"]}],"is_beta":false,"boss_relics":[{"not_picked":["Kintsugi","ChewingGum"],"picked":"Runesmith:CoreCrystal"}],"items_purged_floors":[2,2],"is_endless":false,"potions_floor_spawned":[4,5,6,10,13],"killed_by":"Shell Parasite","ascension_level":0}}