{"host":"3d7yvplr5ovcyppx","time":1613078398,"event":{"mods":["AchievementEnabler","BaseMod","Hermit","Jorbs\u0027s Wanderer Trilogy","Minty Spire (QoL Compilation)","Quick Restart","Somnambulant","StSLib","The Cursed","The Disciple","The Servant 0.9.4"],"gold_per_floor":[114,114,114,133,147,172,182,182,182,182,200,230,230,230,230,230,230],"floor_reached":16,"language":"ENG","playtime":1476,"items_purged":[],"score":110,"play_id":"729dbd12-2965-46a2-bc15-f9e7c3c90b4d","local_time":"20210212024958","is_ascension_mode":false,"campfire_choices":[{"floor":8.0,"key":"REST"},{"data":"Distraction","floor":10.0,"key":"SMITH"},{"data":"Deadly Poison","floor":15.0,"key":"SMITH"}],"circlet_count":0,"master_deck":["Strike_G","Strike_G","Strike_G","Strike_G","Strike_G","Defend_G","Defend_G","Defend_G+1","Defend_G","Defend_G","Survivor+1","Neutralize","Blade Dance","Deadly Poison+1","Backflip","Distraction+1","Calculated Gamble","Quick Slash","Bane"],"relics":["Ring of the Snake","Pen Nib","Snake Skull","Darkstone Periapt","Golden Idol"],"acts_visited":["Exordium"],"potions_floor_usage":[],"damage_taken":[{"damage":2.0,"enemies":"Small Slimes","floor":1.0,"turns":4.0},{"damage":0.0,"enemies":"2 Louse","floor":4.0,"turns":3.0},{"damage":0.0,"enemies":"Jaw Worm","floor":5.0,"turns":3.0},{"damage":48.0,"enemies":"3 Sentries","floor":6.0,"turns":11.0},{"damage":5.0,"enemies":"Looter","floor":7.0,"turns":4.0},{"damage":16.0,"enemies":"Gremlin Gang","floor":11.0,"turns":5.0},{"damage":3.0,"enemies":"Lagavulin","floor":12.0,"turns":6.0},{"damage":6,"enemies":"The Guardian","floor":16,"turns":3}],"seed_played":"-3149256655582780167","potions_obtained":[{"floor":6.0,"key":"Regen Potion"},{"floor":7.0,"key":"SteroidPotion"},{"floor":11.0,"key":"SkillPotion"}],"is_trial":false,"path_per_floor":["M","?","?","M","M","E","M","R","T","R","M","E","?","$","R","B"],"character_chosen":"THE_SILENT","items_purchased":[],"campfire_rested":1,"item_purchase_floors":[],"current_hp_per_floor":[75,60,60,60,60,12,7,30,30,30,14,25,6,6,6,0,0],"gold":230,"neow_bonus":"TEN_PERCENT_HP_BONUS","is_daily":false,"chose_seed":false,"campfire_upgraded":2,"win_rate":0.0,"timestamp":1613078398,"path_taken":["M","?","?","M","M","E","M","R","T","R","M","E","?","$","R","BOSS"],"items_purchased_type":[],"build_version":"2020-12-22","purchased_purges":0,"victory":false,"max_hp_per_floor":[77,77,77,77,77,77,77,77,77,77,77,77,77,77,77,77,77],"card_choices":[{"not_picked":["Poisoned Stab","Deadly Poison"],"picked":"Blade Dance","floor":1.0},{"not_picked":["Dodge and Roll","Sucker Punch"],"picked":"Deadly Poison","floor":4.0},{"not_picked":["Expertise","Deflect"],"picked":"Backflip","floor":5.0},{"not_picked":["Night Terror","Bane"],"picked":"Distraction","floor":6.0},{"not_picked":["Deflect","Backflip"],"picked":"Calculated Gamble","floor":7.0},{"not_picked":["Sucker Punch","Prepared"],"picked":"Quick Slash","floor":11.0},{"not_picked":["Dodge and Roll","Acrobatics"],"picked":"Bane","floor":12.0}],"player_experience":43144,"relics_obtained":[{"floor":6.0,"key":"Pen Nib"},{"floor":9.0,"key":"Snake Skull"},{"floor":12.0,"key":"Darkstone Periapt"}],"event_choices":[{"damage_healed":0.0,"max_hp_gain":0.0,"max_hp_loss":0.0,"gold_gain":0.0,"event_name":"Shining Light","player_choice":"Entered Light","floor":2.0,"gold_loss":0.0,"damage_taken":15.0,"cards_upgraded":["Defend_G","Survivor"]},{"damage_healed":0.0,"max_hp_gain":0.0,"max_hp_loss":0.0,"gold_gain":0.0,"event_name":"The Cleric","player_choice":"Leave","floor":3.0,"gold_loss":0.0,"damage_taken":0.0},{"damage_healed":0.0,"max_hp_gain":0.0,"max_hp_loss":0.0,"gold_gain":0.0,"event_name":"Golden Idol","player_choice":"Take Damage","floor":13.0,"gold_loss":0.0,"damage_taken":19.0,"relics_obtained":["Golden Idol"]}],"is_beta":false,"boss_relics":[],"items_purged_floors":[],"is_endless":false,"potions_floor_spawned":[6,7,11],"killed_by":"The Guardian","ascension_level":0}}