{"host":"h7xtspmc2x3i8s2i","time":1613025679,"event":{"mods":["2.2 Compatiblity","AchievementEnabler","Act Like it!","AlwaysNeverKeys","Aspiration","Astrologer","BaseMod","Bestiary","Better Altar","Better Match","Better Note","Better Sensory Stone","Better Skull","Better Third Choice","Better Vampires","Better-Laid Plans","Colored Map","Colored Powertips","Conjunction","Curses Come First","Defuse TimeMaze Blight","Dio Mod","Disable Question Mark Monsters","Dota2Spire","Downfall","EXCEPTION","Emptier Cage","Energized Spire","Evolution","Friendly Minions","GifTheSpireLib","Gold Saver","Gremlin Skip","Halation","Hubris","Hyrulean Relics","Jedi Mod","Key Reminder","Marked Mod","Minty Spire (QoL Compilation)","Permanent Neow","Potion Indicator Mod","Quick Restart","Random Character Button","Random Character Mod","Rare Cards Sparkle","Relic Filter","Relic Stats","Reliquary","Replay The Spire","SacredBarkPlus","Shop Mod","Smile Girya","Somnambulant","Spicy Shops","Spikes Relics","Spire Birthday Party","StSLib","Steal the Spire","Stuff the Spire","SuperFastMode","The Awakened One except there are too many feathers","The Blue Laboratory","The Cursed","The Death Knight","The Edgeheg","The Problem Sleuth","The Runesmith","The Wild Card","Trackpad","Transform Curses","Uncapped","Unceasing Turn Reminder","Virulent Crown","Wide Potions","everything is the same but u backflip on backflip","slay the spire mod where everything is the same but ironclad has a cowboy hat"],"gold_per_floor":[358,375,375,435,447,472,472,372,403,138,38,72,23,38,56,153,153,153,153,153,170,181,194,213,233,303,30,30,30,43,73,44,54,72,169,169,169,182,182,132,132,142,142,142,177,193,93,93,124,46,66,66,66,91,53,53,53,53],"floor_reached":59,"language":"ENG","playtime":3590,"items_purged":["somnambulantmod: Mindlessness"],"score":1768,"play_id":"82b06616-8c81-4bd6-9c20-9da29990eae2","local_time":"20210211014119","is_ascension_mode":true,"campfire_choices":[{"floor":1,"key":"RECALL"},{"floor":8,"key":"REST"},{"floor":11,"key":"REST"},{"data":"somnambulantmod: GalaxyBrain","floor":20,"key":"SMITH"},{"floor":29,"key":"REST"},{"data":"somnambulantmod: Lucidity","floor":47,"key":"SMITH"},{"data":"somnambulantmod: ImpenetrableMind","floor":56,"key":"SMITH"}],"circlet_count":0,"master_deck":["somnambulantmod: SomnambulantStrike+1","somnambulantmod: SomnambulantStrike+1","somnambulantmod: SomnambulantStrike+1","somnambulantmod: SomnambulantStrike","somnambulantmod: SomnambulantStrike","somnambulantmod: Defend_Somnambulant","somnambulantmod: Defend_Somnambulant","somnambulantmod: Defend_Somnambulant","somnambulantmod: Defend_Somnambulant","somnambulantmod: Defend_Somnambulant","somnambulantmod: Blink","somnambulantmod: TrepanningBlow+1","somnambulantmod: GalaxyBrain+1","hubris:DuctTapeCard","somnambulantmod: InLimbo+1","somnambulantmod: Blink","somnambulantmod: SleepingBody+1","Assess","somnambulantmod: LightSleeper+1","somnambulantmod: LightSleeper","somnambulantmod: Hush","somnambulantmod: BrainFeeder+1","somnambulantmod: ImpenetrableMind+1","expansioncontent:StudyTheSpire+1","somnambulantmod: BrainFeeder","somnambulantmod: Lucidity+1","somnambulantmod: DeeperSleep+1","somnambulantmod: DeeperSleep+1","somnambulantmod: LightSleeper+1","somnambulantmod: Refracture","somnambulantmod: DarkeningMind","somnambulantmod: Wake+1","somnambulantmod: ImpenetrableMind+1"],"relics":["somnambulantmod: DreamJournal","EVO:Axolotl","StuffTheSpire:Mouthbags","Blue Doll","Bottled Lightning","downfall:HeartBlessingRed","hubris:DuctTape","Dota2Spire:ArcaneBoots","MerchantsRug","trackpad:PetRock","downfall:HeartBlessingGreen","Smiling Mask","DeathKnight:PutricidesVial","ReplayTheSpireMod:Ninjato","SpikesRelics:DaevaFist","Sundial","halation:QuantumPhysicsTextbook","downfall:HeartBlessingBlue","halation:PapillonHeart","Oddly Smooth Stone","Happy Flower","Lantern","OrangePellets","Prayer Wheel"],"acts_visited":["Exordium","TheCity","TheBeyond","TheEnding"],"potions_floor_usage":[5,6,6,10,21,23,24,46,51,58,58,58],"damage_taken":[{"damage":0,"enemies":"2 Louse","floor":2,"turns":2},{"damage":8,"enemies":"Small Slimes","floor":5,"turns":3},{"damage":9,"enemies":"Lagavulin","floor":6,"turns":6},{"damage":21,"enemies":"Replay:BlueRogue","floor":9,"turns":6},{"damage":2,"enemies":"downfall:FleeingMerchant","floor":10,"turns":4},{"damage":0,"enemies":"Gremlin Nob","floor":12,"turns":2},{"damage":7,"enemies":"Jaw Worm","floor":14,"turns":3},{"damage":16,"enemies":"Blue Slaver","floor":15,"turns":4},{"damage":0,"enemies":"WA_ARCHETYPE_RETAIN","floor":16,"turns":6},{"damage":0,"enemies":"3 Byrds","floor":21,"turns":2},{"damage":5,"enemies":"Spheric Guardian","floor":22,"turns":3},{"damage":18,"enemies":"Cultist and Chosen","floor":23,"turns":5},{"damage":0,"enemies":"Shelled Parasite and Fungi","floor":24,"turns":2},{"damage":0,"enemies":"Chosen and Byrds","floor":25,"turns":4},{"damage":0,"enemies":"Centurion and Healer","floor":30,"turns":6},{"damage":0,"enemies":"Slavers","floor":31,"turns":4},{"damage":0,"enemies":"3 Cultists","floor":33,"turns":5},{"damage":0,"enemies":"Shelled Parasite and Fungi","floor":34,"turns":3},{"damage":0,"enemies":"SI_MIRROR_ARCHETYPE","floor":35,"turns":4},{"damage":0,"enemies":"Orb Walker","floor":38,"turns":5},{"damage":0,"enemies":"3 Shapes","floor":42,"turns":3},{"damage":0,"enemies":"Giant Head","floor":45,"turns":6},{"damage":0,"enemies":"Maw","floor":46,"turns":4},{"damage":0,"enemies":"Reptomancer","floor":49,"turns":3},{"damage":8,"enemies":"Spire Growth","floor":51,"turns":4},{"damage":0,"enemies":"IC_BLOCK_ARCHETYPE","floor":52,"turns":5},{"damage":0,"enemies":"downfall:CharBossMerchant","floor":54,"turns":7},{"damage":0,"enemies":"downfall:NeowBoss","floor":57,"turns":8},{"damage":1,"enemies":"downfall:NeowBossFinal","floor":58,"turns":7}],"seed_played":"-5132184235284707227","potions_obtained":[{"floor":2,"key":"Block Potion"},{"floor":4,"key":"EssenceOfSteel"},{"floor":5,"key":"SkillPotion"},{"floor":9,"key":"Guardian:BlockOnCardUsePotion"},{"floor":16,"key":"blueLaboratory:FrostheartPotion"},{"floor":21,"key":"Dota2Spire:HealingSalve"},{"floor":22,"key":"Slimebound:ThreeZeroPotion"},{"floor":30,"key":"SteroidPotion"},{"floor":31,"key":"blueLaboratory:AbyssPotion"},{"floor":35,"key":"blueLaboratory:PhilterOfMotion"},{"floor":45,"key":"AttackPotion"},{"floor":46,"key":"blueLaboratory:PolymorphPotion"},{"floor":49,"key":"blueLaboratory:PyrophylliteBrew"},{"floor":54,"key":"EntropicBrew"}],"is_trial":false,"path_per_floor":["R","M","?","?","M","E","T","R","E","$","R","E","$","M","M","B",null,"R_BF","PTL","R","M","M","M","M","M","T","$","?","R","M","E","$","M","M","B",null,"R_BF","M","?","$","$","M","T","?","E","M","R","?","E","$","M","B",null,"E","$","R","B","B",null],"character_chosen":"THE_SOMNAMBULANT","items_purchased":["somnambulantmod: SleepingBody","Dota2Spire:ArcaneBoots","MerchantsRug","Assess","trackpad:PetRock","somnambulantmod: LightSleeper","somnambulantmod: ImpenetrableMind+1","SpikesRelics:DaevaFist","expansioncontent:StudyTheSpire","somnambulantmod: DeeperSleep","Happy Flower","OrangePellets"],"campfire_rested":3,"item_purchase_floors":[10,10,10,10,10,13,27,27,27,32,50,55],"current_hp_per_floor":[70,70,70,42,34,25,25,48,27,25,48,48,48,41,25,25,74,74,74,74,74,69,51,54,54,54,54,54,76,76,76,76,76,76,76,76,78,78,55,55,55,55,55,55,55,55,65,65,65,65,60,60,84,84,84,84,84,83],"gold":53,"neow_bonus":"RANDOM_COMMON_RELIC","is_daily":false,"chose_seed":false,"campfire_upgraded":3,"win_rate":0.0,"timestamp":1613025679,"path_taken":["R","M","?","?","M","E","T","R","E","?","R","E","$","?","M","BOSS","R_BF","PTL","R","M","M","M","?","?","T","$","?","R","M","E","?","?","M","BOSS","R_BF","M","?","?","$","M","T","?","E","?","R","?","E","?","M","BOSS","E","$","R","BOSS","BOSS"],"items_purchased_type":["Card","Relic","Relic","Card","Relic","Card","Card","Relic","Card","Card","Relic","Relic"],"build_version":"2020-12-22","purchased_purges":1,"victory":true,"max_hp_per_floor":[70,70,70,70,70,70,70,72,72,72,74,74,74,74,74,74,74,74,74,74,74,74,74,74,74,74,74,74,76,76,76,76,76,76,76,76,78,78,78,78,78,78,78,78,78,78,88,84,84,84,84,84,84,84,84,84,84,84],"relic_stats":{"OrangePellets":[14],"Happy Flower":[10],"counters":[29,124],"Sundial":[2],"Prayer Wheel":0,"Smiling Mask":25,"obtain_stats":[{"halation:PapillonHeart":48,"Lantern":54,"Blue Doll":4,"trackpad:PetRock":10,"downfall:HeartBlessingGreen":11,"EVO:Axolotl":0,"Whetstone":6,"Smiling Mask":12,"hubris:Backtick":17,"Sundial":31,"downfall:HeartBlessingBlue":47,"somnambulantmod: DreamJournal":0,"Prayer Wheel":58,"Dota2Spire:ArcaneBoots":10,"MerchantsRug":10,"ReplayTheSpireMod:Ninjato":26,"downfall:HeartBlessingRed":8,"hubris:DuctTape":9,"halation:QuantumPhysicsTextbook":45,"Happy Flower":50,"Oddly Smooth Stone":49,"keyreminder:keyreminder":1,"OrangePellets":55,"StuffTheSpire:Mouthbags":0,"DeathKnight:PutricidesVial":17,"SpikesRelics:DaevaFist":27,"Bottled Lightning":7},{"halation:PapillonHeart":23,"Lantern":27,"Blue Doll":1,"trackpad:PetRock":5,"downfall:HeartBlessingGreen":5,"EVO:Axolotl":0,"Whetstone":3,"Smiling Mask":6,"hubris:Backtick":9,"Sundial":16,"downfall:HeartBlessingBlue":23,"somnambulantmod: DreamJournal":0,"Prayer Wheel":29,"Dota2Spire:ArcaneBoots":5,"MerchantsRug":5,"ReplayTheSpireMod:Ninjato":14,"downfall:HeartBlessingRed":3,"hubris:DuctTape":4,"halation:QuantumPhysicsTextbook":22,"Happy Flower":24,"Oddly Smooth Stone":24,"keyreminder:keyreminder":0,"OrangePellets":27,"StuffTheSpire:Mouthbags":0,"DeathKnight:PutricidesVial":9,"SpikesRelics:DaevaFist":14,"Bottled Lightning":3},{"halation:PapillonHeart":90,"Lantern":109,"Blue Doll":2,"trackpad:PetRock":21,"downfall:HeartBlessingGreen":21,"EVO:Axolotl":0,"Whetstone":11,"Smiling Mask":23,"hubris:Backtick":36,"Sundial":62,"downfall:HeartBlessingBlue":90,"somnambulantmod: DreamJournal":0,"Prayer Wheel":124,"Dota2Spire:ArcaneBoots":21,"MerchantsRug":21,"ReplayTheSpireMod:Ninjato":52,"downfall:HeartBlessingRed":11,"hubris:DuctTape":17,"halation:QuantumPhysicsTextbook":86,"Happy Flower":93,"Oddly Smooth Stone":93,"keyreminder:keyreminder":0,"OrangePellets":109,"StuffTheSpire:Mouthbags":0,"DeathKnight:PutricidesVial":36,"SpikesRelics:DaevaFist":52,"Bottled Lightning":11}]},"card_choices":[{"not_picked":["somnambulantmod: Bloom","somnambulantmod: MindWave","somnambulantmod: RecurringDream"],"picked":"SKIP","floor":2},{"not_picked":["somnambulantmod: NightmareFuel","somnambulantmod: HeavyLids"],"picked":"somnambulantmod: Blink","floor":4},{"not_picked":["somnambulantmod: Overshare","somnambulantmod: NightmareFuel"],"picked":"somnambulantmod: TrepanningBlow","floor":5},{"not_picked":["somnambulantmod: Trauma","somnambulantmod: Harden"],"picked":"somnambulantmod: GalaxyBrain","floor":6},{"not_picked":["somnambulantmod: HorrificThought","somnambulantmod: Overshare"],"picked":"somnambulantmod: InLimbo","floor":9},{"not_picked":["somnambulantmod: BadIdea","somnambulantmod: Repression"],"picked":"somnambulantmod: Blink","floor":10},{"not_picked":["somnambulantmod: Withdraw","somnambulantmod: Unknow","somnambulantmod: DreamBig"],"picked":"SKIP","floor":12},{"not_picked":["somnambulantmod: Repression","somnambulantmod: MindWave"],"picked":"somnambulantmod: Hush","floor":14},{"not_picked":["somnambulantmod: Nosebleed","somnambulantmod: MindWave","somnambulantmod: BadIdea"],"picked":"SKIP","floor":15},{"not_picked":["somnambulantmod: GalaxyBrain","somnambulantmod: Narcolepsy"],"picked":"somnambulantmod: Mindlessness","floor":16},{"not_picked":["somnambulantmod: Repression","somnambulantmod: TrepanningBlow","somnambulantmod: Harden"],"picked":"SKIP","floor":21},{"not_picked":["somnambulantmod: LeechFears","somnambulantmod: Stumble","somnambulantmod: Unmake"],"picked":"SKIP","floor":22},{"not_picked":["somnambulantmod: Bruise","somnambulantmod: BadIdea","somnambulantmod: HeadSmack"],"picked":"SKIP","floor":23},{"not_picked":["somnambulantmod: LeechFears+1","somnambulantmod: Unknow"],"picked":"somnambulantmod: BrainFeeder+1","floor":24},{"not_picked":["somnambulantmod: LeechFears","somnambulantmod: TrepanningBlow","somnambulantmod: Bruise"],"picked":"SKIP","floor":25},{"not_picked":["somnambulantmod: Stumble","somnambulantmod: DreamBig"],"picked":"somnambulantmod: BrainFeeder","floor":30},{"not_picked":["somnambulantmod: RacingThoughts","somnambulantmod: Cower+1"],"picked":"somnambulantmod: Lucidity","floor":31},{"not_picked":["somnambulantmod: Bruise+1","somnambulantmod: LeechFears+1"],"picked":"somnambulantmod: DeeperSleep","floor":33},{"not_picked":["somnambulantmod: Unknow+1","somnambulantmod: PillowFort"],"picked":"somnambulantmod: LightSleeper","floor":34},{"not_picked":["somnambulantmod: NewDawn","somnambulantmod: Damping"],"picked":"somnambulantmod: Refracture","floor":35},{"not_picked":["somnambulantmod: InLimbo","somnambulantmod: Unknow","somnambulantmod: MindWave+1"],"picked":"SKIP","floor":38},{"not_picked":["somnambulantmod: Unknow+1","somnambulantmod: Bloom+1","somnambulantmod: RecurringDream+1"],"picked":"SKIP","floor":42},{"not_picked":["somnambulantmod: Unmake","somnambulantmod: Relive+1"],"picked":"somnambulantmod: DarkeningMind","floor":45},{"not_picked":["somnambulantmod: SickeningSwathe","somnambulantmod: Blink+1","somnambulantmod: HeadSmack+1"],"picked":"SKIP","floor":46},{"not_picked":["somnambulantmod: TrepanningBlow","somnambulantmod: SnuggleUp+1"],"picked":"somnambulantmod: Wake+1","floor":49},{"not_picked":["somnambulantmod: LayeredDefense+1","somnambulantmod: MindWave+1","somnambulantmod: Stumble"],"picked":"SKIP","floor":51},{"not_picked":["somnambulantmod: TrepanningBlow","somnambulantmod: Blink+1"],"picked":"somnambulantmod: ImpenetrableMind","floor":54}],"player_experience":399324,"relics_obtained":[{"floor":4,"key":"Blue Doll"},{"floor":6,"key":"Whetstone"},{"floor":7,"key":"Bottled Lightning"},{"floor":9,"key":"hubris:DuctTape"},{"floor":12,"key":"Smiling Mask"},{"floor":26,"key":"ReplayTheSpireMod:Ninjato"},{"floor":31,"key":"Sundial"},{"floor":45,"key":"halation:QuantumPhysicsTextbook"},{"floor":49,"key":"Oddly Smooth Stone"},{"floor":54,"key":"Lantern"}],"event_choices":[],"is_beta":false,"boss_relics":[{"not_picked":["Replay:Drink Me","halation:MonkeysPaw"],"picked":"hubris:Backtick"},{"not_picked":["reliquary:RedCape","ReplayTheSpireMod:DimensionalGlitch","aspiration:RunicSpoon"]}],"items_purged_floors":[40],"is_endless":false,"potions_floor_spawned":[2,5,9,16,21,22,30,31,35,42,45,46,49,54],"ascension_level":2}}