{"host":"3y9j540ftq0by6cq","time":1613045691,"event":{"mods":["BaseMod","Minty Spire (QoL Compilation)","StSLib"],"gold_per_floor":[118,13,27,86,161,186,197,197,197,214,225,225,225,139,139,241,241,258,218,235,21,37,37,54,54,54,54,70,82,82,94,94,94,94],"floor_reached":33,"language":"ZHT","playtime":1311,"items_purged":[],"score":274,"play_id":"55defcd8-6b7d-49c9-b5ca-68ce17062bae","local_time":"20210211201451","is_ascension_mode":false,"campfire_choices":[{"data":"Inflame","floor":8,"key":"SMITH"},{"data":"Heavy Blade","floor":13,"key":"SMITH"},{"data":"Flex","floor":15,"key":"SMITH"},{"data":"Reaper","floor":23,"key":"SMITH"},{"data":"Dual Wield","floor":25,"key":"SMITH"},{"floor":27,"key":"REST"},{"data":"Rage","floor":32,"key":"SMITH"}],"circlet_count":0,"master_deck":["Strike_R","Strike_R","Strike_R","Strike_R","Strike_R","Defend_R","Defend_R","Defend_R","Defend_R+1","Bash","Thunderclap","Reckless Charge+1","Shrug It Off","Uppercut","Inflame+1","Spot Weakness","Dual Wield+1","Heavy Blade+1","Flex+1","Metallicize+1","Offering","Sword Boomerang","Twin Strike","Reaper+1","Heavy Blade","Cleave","Shrug It Off","Cleave","Rage+1"],"relics":["Burning Blood","NeowsBlessing","HornCleat","Bottled Lightning","Velvet Choker","Red Skull","Matryoshka","Bottled Flame","Smiling Mask"],"acts_visited":["Exordium","TheCity"],"potions_floor_usage":[16,16,31,31,33],"damage_taken":[{"damage":0,"enemies":"2 Louse","floor":1,"turns":1},{"damage":0,"enemies":"Small Slimes","floor":3,"turns":1},{"damage":0,"enemies":"Gremlin Nob","floor":6,"turns":1},{"damage":0,"enemies":"Cultist","floor":7,"turns":3},{"damage":17,"enemies":"Exordium Thugs","floor":10,"turns":4},{"damage":8,"enemies":"3 Louse","floor":11,"turns":2},{"damage":13,"enemies":"Slime Boss","floor":16,"turns":7},{"damage":20,"enemies":"2 Thieves","floor":18,"turns":4},{"damage":20,"enemies":"3 Byrds","floor":20,"turns":6},{"damage":30,"enemies":"3 Cultists","floor":22,"turns":5},{"damage":24,"enemies":"Snake Plant","floor":24,"turns":3},{"damage":0,"enemies":"Cultist and Chosen","floor":28,"turns":4},{"damage":19,"enemies":"Snecko","floor":29,"turns":5},{"damage":21,"enemies":"Centurion and Healer","floor":31,"turns":5},{"damage":85,"enemies":"Collector","floor":33,"turns":5}],"seed_played":"-4888066053897013164","potions_obtained":[{"floor":3,"key":"Dexterity Potion"},{"floor":11,"key":"Fire Potion"},{"floor":22,"key":"Strength Potion"},{"floor":24,"key":"Ancient Potion"},{"floor":28,"key":"ColorlessPotion"}],"is_trial":false,"path_per_floor":["M","$","M","?","?","E","M","R","T","M","M","?","R","$","R","B",null,"M","?","M","$","M","R","M","R","T","R","M","M","T","M","R","B"],"character_chosen":"IRONCLAD","items_purchased":["Reckless Charge","Shrug It Off","Flex","Metallicize","Reaper","Red Skull"],"campfire_rested":1,"item_purchase_floors":[2,2,14,14,21,21],"current_hp_per_floor":[80,80,80,80,69,75,80,80,80,69,67,51,51,51,51,44,80,66,66,52,52,52,52,34,34,34,58,72,64,64,65,65,0,0],"gold":94,"neow_bonus":"THREE_ENEMY_KILL","is_daily":false,"chose_seed":false,"campfire_upgraded":6,"win_rate":0.0,"timestamp":1613045691,"path_taken":["M","$","M","?","?","E","M","R","T","M","M","?","R","$","R","BOSS","M","?","M","$","M","R","M","R","T","R","M","?","?","M","R","BOSS"],"items_purchased_type":["Card","Card","Card","Card","Card","Relic"],"build_version":"2020-12-22","purchased_purges":0,"victory":false,"max_hp_per_floor":[80,80,80,80,80,80,80,80,80,80,80,80,80,80,80,80,80,80,80,80,80,80,80,80,80,80,80,80,80,80,80,80,80,80],"card_choices":[{"not_picked":["Cleave","Clash"],"picked":"Thunderclap","floor":1},{"not_picked":["Perfected Strike","Hemokinesis"],"picked":"Uppercut","floor":3},{"not_picked":["Burning Pact","Clash"],"picked":"Inflame","floor":6},{"not_picked":["Thunderclap","True Grit"],"picked":"Spot Weakness","floor":7},{"not_picked":["Twin Strike","Sword Boomerang"],"picked":"Dual Wield","floor":10},{"not_picked":["Sword Boomerang","Thunderclap"],"picked":"Heavy Blade","floor":11},{"not_picked":["Berserk","Corruption"],"picked":"Offering","floor":16},{"not_picked":["Perfected Strike","Shockwave"],"picked":"Sword Boomerang","floor":18},{"not_picked":["Whirlwind","Entrench+1"],"picked":"Twin Strike","floor":20},{"not_picked":["Twin Strike","Infernal Blade"],"picked":"Heavy Blade","floor":22},{"not_picked":["Body Slam","Ghostly Armor"],"picked":"Cleave","floor":24},{"not_picked":["Uppercut","Clothesline+1"],"picked":"Shrug It Off","floor":28},{"not_picked":["Sword Boomerang","Warcry"],"picked":"Cleave","floor":29},{"not_picked":["Clothesline","Headbutt"],"picked":"Rage","floor":31}],"player_experience":64172,"relics_obtained":[{"floor":6,"key":"HornCleat"},{"floor":9,"key":"Bottled Lightning"},{"floor":26,"key":"Matryoshka"},{"floor":30,"key":"Bottled Flame"},{"floor":30,"key":"Smiling Mask"}],"event_choices":[{"damage_healed":0,"gold_gain":59,"player_choice":"Gained Gold","damage_taken":0,"max_hp_gain":0,"max_hp_loss":0,"event_name":"Golden Wing","floor":4,"gold_loss":0},{"damage_healed":0,"gold_gain":75,"player_choice":"Gather Gold","damage_taken":11,"max_hp_gain":0,"max_hp_loss":0,"event_name":"World of Goop","floor":5,"gold_loss":0},{"damage_healed":0,"gold_gain":0,"player_choice":"Entered Light","damage_taken":16,"max_hp_gain":0,"max_hp_loss":0,"event_name":"Shining Light","floor":12,"gold_loss":0,"cards_upgraded":["Reckless Charge","Defend_R"]},{"damage_healed":0,"gold_gain":0,"player_choice":"Upgrade","damage_taken":0,"max_hp_gain":0,"max_hp_loss":0,"event_name":"Designer","floor":19,"gold_loss":40,"cards_upgraded":["Metallicize"]}],"is_beta":false,"boss_relics":[{"not_picked":["Black Star","Coffee Dripper"],"picked":"Velvet Choker"}],"items_purged_floors":[],"is_endless":false,"potions_floor_spawned":[3,11,22,24,28],"killed_by":"Collector","ascension_level":0}}