{"host":"mwb0clku6crgv6yl","time":1613062611,"event":{"mods":["AchievementEnabler","BaseMod","Highlight Path","Koishi","Minty Spire (QoL Compilation)","Replay The Spire","StSLib","The Construct","The Cursed","The Gatherer","The Hierophant"],"gold_per_floor":[116,131,151,79,154,154,154,170,170,202,221,221,238,249,249,249,249],"floor_reached":16,"language":"ZHS","playtime":632,"items_purged":[],"score":146,"play_id":"f42208b7-365d-4e87-9aa8-ef0a3f9a338e","local_time":"20210212005651","is_ascension_mode":true,"campfire_choices":[{"floor":6,"key":"REST"},{"floor":12,"key":"REST"}],"circlet_count":0,"master_deck":["TheCursedMod:Strike_TheCursed","TheCursedMod:Strike_TheCursed","TheCursedMod:Strike_TheCursed","TheCursedMod:Strike_TheCursed","TheCursedMod:Defend_TheCursed","TheCursedMod:Defend_TheCursed","TheCursedMod:Defend_TheCursed","TheCursedMod:CursedWand","TheCursedMod:CleanUpWorkshop","TheCursedMod:Dregs","TheCursedMod:CursedMace","TheCursedMod:SmokeScreen","TheCursedMod:TacticalStrike","TheCursedMod:SpitefulPlan","TheCursedMod:CircleOfFlame","TheCursedMod:SpitefulStrike","TheCursedMod:LuckyCharm","TheCursedMod:Stigma"],"relics":["SlaversCollar","Golden Egg","Bottled Tornado"],"acts_visited":["Exordium"],"potions_floor_usage":[10,11,16],"damage_taken":[{"damage":5,"enemies":"Cultist","floor":1,"turns":4},{"damage":10,"enemies":"Small Slimes","floor":2,"turns":4},{"damage":4,"enemies":"2 Louse","floor":3,"turns":2},{"damage":33,"enemies":"Exordium Thugs","floor":8,"turns":6},{"damage":5,"enemies":"3 Sentries","floor":10,"turns":6},{"damage":11,"enemies":"Exordium Wildlife","floor":11,"turns":5},{"damage":16,"enemies":"3 Louse","floor":13,"turns":5},{"damage":15,"enemies":"Large Slime","floor":14,"turns":4},{"damage":15,"enemies":"Fading Forest","floor":16,"turns":4}],"seed_played":"-6812483079611145865","potions_obtained":[{"floor":1,"key":"SkillPotion"},{"floor":2,"key":"TheCursedMod:DregsPotion"},{"floor":8,"key":"TheCursedMod:DregsPotion"},{"floor":15,"key":"Ancient Potion"},{"floor":15,"key":"Adrenaline Potion"}],"is_trial":false,"path_per_floor":["M","M","M","$","?","R","?","M","T","E","M","R","M","M","R","B"],"character_chosen":"THE_CURSED","items_purchased":["TheCursedMod:SpitefulPlan"],"campfire_rested":2,"item_purchase_floors":[4],"current_hp_per_floor":[63,53,49,49,38,60,60,27,27,22,11,33,17,2,2,0,0],"gold":249,"neow_bonus":"BOSS_RELIC","is_daily":false,"chose_seed":false,"campfire_upgraded":0,"win_rate":0.0,"timestamp":1613062611,"path_taken":["M","?","M","$","?","R","?","M","T","E","M","R","M","?","R","BOSS"],"items_purchased_type":["Card"],"build_version":"2020-12-22","purchased_purges":0,"victory":false,"max_hp_per_floor":[75,75,75,75,75,75,75,75,75,75,75,75,75,75,75,75,75],"card_choices":[{"not_picked":["TheCursedMod:CircleOfAmplification","TheCursedMod:RavingStaff"],"picked":"TheCursedMod:CursedMace","floor":1},{"not_picked":["TheCursedMod:RavingStaff","TheCursedMod:Torture"],"picked":"TheCursedMod:SmokeScreen","floor":2},{"not_picked":["TheCursedMod:CursedAmulet","TheCursedMod:Torture"],"picked":"TheCursedMod:TacticalStrike","floor":3},{"not_picked":["TheCursedMod:ReleasedKnowledge","TheCursedMod:Mangle"],"picked":"TheCursedMod:SpitefulStrike","floor":8},{"not_picked":["TheCursedMod:FleshFromBone","TheCursedMod:ForbiddenAlchemy"],"picked":"TheCursedMod:LuckyCharm","floor":10},{"not_picked":["TheCursedMod:RavingStaff","TheCursedMod:FuryStrike","TheCursedMod:SpitefulPray"],"picked":"SKIP","floor":11},{"not_picked":["TheCursedMod:HellsGateOpen","TheCursedMod:FleshFromBone","TheCursedMod:VitalStrike"],"picked":"SKIP","floor":13},{"not_picked":["TheCursedMod:VitalStrike","TheCursedMod:Grudge"],"picked":"TheCursedMod:Stigma","floor":14}],"player_experience":295849,"relics_obtained":[{"floor":9,"key":"Golden Egg"},{"floor":10,"key":"Bottled Tornado"}],"event_choices":[{"damage_healed":0,"gold_gain":75,"player_choice":"Gather Gold","damage_taken":11,"max_hp_gain":0,"max_hp_loss":0,"event_name":"World of Goop","floor":5,"gold_loss":0},{"damage_healed":0,"gold_gain":0,"cards_transformed":["TheCursedMod:Defend_TheCursed"],"player_choice":"Change","damage_taken":0,"max_hp_gain":0,"max_hp_loss":0,"event_name":"Living Wall","floor":7,"gold_loss":0,"cards_obtained":["TheCursedMod:CircleOfFlame"]}],"is_beta":false,"boss_relics":[],"items_purged_floors":[],"is_endless":false,"potions_floor_spawned":[1,2,8],"killed_by":"Fading Forest","ascension_level":8}}