{"host":"74rphcgmhz43g39u","time":1613050797,"event":{"mods":["Act Like it!","BaseMod","Gensokyo","Minty Spire (QoL Compilation)","Quick Restart","Remilia£®¿Ÿ√◊¿Ú—«£©","StSLib"],"gold_per_floor":[115,115,128,160,174,210,210,239,263,44,44,68,110,137,137,219,219,236,116,366,375,404,448,448,478,478,264,264,264,293,137,137,226,235,255,255,115,327,339,378,398,428,428,428,482,482,46,112,112,112,112,112,112,62,89,89],"floor_reached":57,"language":"ZHS","playtime":3132,"items_purged":["Strike_RM","Strike_RM","Defend_RM","Defend_RM","ScarletShoot"],"score":3084,"play_id":"b23f0e09-f7f2-428a-a3ed-d5a812f05c26","local_time":"20210211213957","is_ascension_mode":true,"campfire_choices":[{"data":"ScarletSymphony","floor":7.0,"key":"SMITH"},{"data":"HeartBreak","floor":15.0,"key":"SMITH"},{"data":"DemonKingCradle","floor":24.0,"key":"SMITH"},{"data":"SuperhumanBloodyKnife","floor":32.0,"key":"SMITH"},{"floor":49.0,"key":"RECALL"},{"data":"TransientEternity","floor":53.0,"key":"SMITH"}],"circlet_count":0,"master_deck":["AscendersBane","Defend_RM+1","ScarletImprint","LeisurelyOfLord","BombardNight","RedMagic+1","HeartBreak+1","SuperhumanBloodyKnife+1","EternalNight","TransientEternity+1","DemonKingCradle+1","FitfulNightmare","ScarletDevilSign+1","TransientEternity+1","BloodyCatastrophe+1","CurseOfTheBell","ScarletMeister+1","TransientEternity+1"],"relics":["ScarletHat","NeowsBlessing","Pear","Smiling Mask","CeramicFish","War Paint","PreservedInsect","Juzu Bracelet","Empty Cage","Gensokyo:FoxMask","Darkstone Periapt","Frozen Egg 2","MealTicket","Potion Belt","Centennial Puzzle","Orichalcum","Calling Bell","Akabeko","The Courier","Bird Faced Urn","Boot","Gensokyo:DualWield","Anchor","White Beast Statue","Sundial","Dead Branch","Nunchaku","Gensokyo:EmptyGrave","TungstenRod","DollysMirror","Vajra","Mummified Hand"],"acts_visited":["Exordium","Gensokyo:Gensokyo","Gensokyo:Gensokyoer","TheEnding"],"potions_floor_usage":[56,56,56],"damage_taken":[{"damage":0.0,"enemies":"Gensokyo:2_Kodama","floor":1.0,"turns":1.0},{"damage":0.0,"enemies":"Gensokyo:3_Fairies","floor":3.0,"turns":3.0},{"damage":0.0,"enemies":"Gensokyo:Aya","floor":4.0,"turns":3.0},{"damage":0.0,"enemies":"Gensokyo:Python","floor":5.0,"turns":4.0},{"damage":15.0,"enemies":"Gensokyo:Mamizou","floor":6.0,"turns":14.0},{"damage":11.0,"enemies":"Gensokyo:Cirno","floor":8.0,"turns":6.0},{"damage":0.0,"enemies":"Gensokyo:Kitsune","floor":12.0,"turns":2.0},{"damage":2.0,"enemies":"Gensokyo:Mamizou","floor":13.0,"turns":12.0},{"damage":1.0,"enemies":"Gensokyo:CorruptedTreant","floor":14.0,"turns":6.0},{"damage":14.0,"enemies":"Gensokyo:Reimu","floor":16.0,"turns":9.0},{"damage":0.0,"enemies":"Gensokyo:3_Dogs","floor":18.0,"turns":2.0},{"damage":5.0,"enemies":"Gensokyo:Chomper","floor":22.0,"turns":3.0},{"damage":18.0,"enemies":"Gensokyo:Tenshi","floor":23.0,"turns":4.0},{"damage":2.0,"enemies":"Gensokyo:Reisen","floor":25.0,"turns":5.0},{"damage":7.0,"enemies":"Gensokyo:Koishi","floor":30.0,"turns":3.0},{"damage":57.0,"enemies":"Gensokyo:Eiki","floor":33.0,"turns":4.0},{"damage":35.0,"enemies":"Gensokyo:3_Boulders","floor":35.0,"turns":5.0},{"damage":4.0,"enemies":"Gensokyo:3_Bats","floor":38.0,"turns":1.0},{"damage":27.0,"enemies":"Gensokyo:Sharpion","floor":39.0,"turns":3.0},{"damage":27.0,"enemies":"Gensokyo:Marisa","floor":40.0,"turns":3.0},{"damage":0.0,"enemies":"Gensokyo:3_Boulders","floor":41.0,"turns":2.0},{"damage":19.0,"enemies":"Gensokyo:Doremy","floor":42.0,"turns":4.0},{"damage":48.0,"enemies":"Gensokyo:Kasen","floor":45.0,"turns":3.0},{"damage":14.0,"enemies":"Gensokyo:Doremy","floor":48.0,"turns":4.0},{"damage":0.0,"enemies":"Gensokyo:Yuyuko","floor":50.0,"turns":2.0},{"damage":73.0,"enemies":"Gensokyo:Scarlet_Devils","floor":51.0,"turns":3.0},{"damage":18,"enemies":"Shield and Spear","floor":55,"turns":2},{"damage":55,"enemies":"The Heart","floor":56,"turns":1}],"seed_played":"5014367553533763787","potions_obtained":[{"floor":3.0,"key":"DestinyDice"},{"floor":4.0,"key":"Block Potion"},{"floor":5.0,"key":"Dexterity Potion"},{"floor":18.0,"key":"LiquidBronze"},{"floor":22.0,"key":"Block Potion"},{"floor":23.0,"key":"Dexterity Potion"},{"floor":35.0,"key":"SteroidPotion"},{"floor":41.0,"key":"Fire Potion"},{"floor":42.0,"key":"Weak Potion"},{"floor":48.0,"key":"SpeedPotion"},{"floor":48.0,"key":"GamblersBrew"},{"floor":55,"key":"Swift Potion"}],"is_trial":false,"path_per_floor":["M","?","M","?","M","E","R","E","T","$","?","M","E","M","R","B",null,"M","?","?","?","M","E","R","E","T","$","?","T","E","COS","R","B",null,"M","?","$","M","M","E","M","E","T","?","E","?","$","E","R","B","B",null,"R","$","E","B",null],"character_chosen":"REMILIA","items_purchased":["PreservedInsect","Potion Belt","EntropicBrew","TungstenRod","DollysMirror"],"campfire_rested":0,"item_purchase_floors":[10,27,37,47,47],"current_hp_per_floor":[63,53,53,55,57,46,46,38,38,38,38,42,44,45,45,34,69,69,69,69,69,66,54,54,55,55,70,70,70,66,66,66,32,70,44,44,59,58,45,43,45,45,45,45,72,72,72,71,72,72,72,72,72,72,63,38],"gold":89,"neow_bonus":"THREE_ENEMY_KILL","is_daily":false,"chose_seed":false,"campfire_upgraded":5,"win_rate":0.0,"timestamp":1613050797,"path_taken":["M","?","?","?","M","E","R","E","T","$","?","M","E","M","R","BOSS","M","?","?","?","M","E","R","E","T","$","?","?","E","COS","R","BOSS","M","?","$","M","M","E","M","E","T","?","E","?","$","E","R","BOSS","BOSS","R","$","E","BOSS"],"items_purchased_type":["Relic","Relic","Potion","Relic","Relic"],"build_version":"2020-12-22","purchased_purges":5,"victory":true,"max_hp_per_floor":[70,80,80,80,80,80,80,80,80,80,80,80,80,80,80,80,80,80,80,74,74,74,74,74,74,74,74,74,74,74,74,74,74,80,80,80,80,80,80,80,80,80,80,80,80,72,72,72,72,72,72,72,72,72,72,72],"card_choices":[{"not_picked":["ScarletDevil","VampireKiss"],"picked":"ScarletImprint","floor":1.0},{"not_picked":["BloodyTrap","VampireKiss"],"picked":"LeisurelyOfLord","floor":3.0},{"not_picked":["MastersStateliness","CharismaGuard"],"picked":"ScarletSymphony","floor":4.0},{"not_picked":["VampireKiss","ScarletImprint"],"picked":"BombardNight","floor":5.0},{"not_picked":["DiffusionOfMisfortune","VampireClaw"],"picked":"RedMagic","floor":6.0},{"not_picked":["UnstableMagic","VampireKiss","ScarletDevilSign"],"picked":"SKIP","floor":8.0},{"not_picked":["CharismaGuard","BombardNight"],"picked":"HeartBreak","floor":12.0},{"not_picked":["BloodHunter","RedRainbow"],"picked":"SuperhumanBloodyKnife","floor":13.0},{"not_picked":["EternalNight","UnstableMagic","FavorOfDestiny"],"picked":"SKIP","floor":14.0},{"not_picked":["UnstableMagic","FavorOfDestiny"],"picked":"EternalNight","floor":14.0},{"not_picked":["CeilingFear","BloodySeventeenLaser"],"picked":"TransientEternity","floor":16.0},{"not_picked":["Stigmanizer","StarOfDavid+1","BlasphemousPunishment"],"picked":"SKIP","floor":18.0},{"not_picked":["BloodAndWine","BloodHunter"],"picked":"FitfulNightmare","floor":22.0},{"not_picked":["NightDance","SuperhumanBloodyKnife"],"picked":"ScarletDevilSign+1","floor":23.0},{"not_picked":["VampireSweep","Stigmanizer","BombardNight"],"picked":"SKIP","floor":25.0},{"not_picked":["ScarletDevilSign","FavorOfDestiny","UnderTheZenith+1"],"picked":"SKIP","floor":30.0},{"not_picked":["KillingBlow+1","BloodRain+1"],"picked":"TransientEternity+1","floor":33.0},{"not_picked":["EquivalentExchange+1","ChaoticDestiny"],"picked":"BloodyCatastrophe","floor":33.0},{"not_picked":["KillingBlow","EquivalentExchange","HellCatastrophe"],"picked":"SKIP","floor":35.0},{"not_picked":["Stigmanizer","MastersStateliness+1","MiserableFate"],"picked":"SKIP","floor":35.0},{"not_picked":["BloodHunter","CharismaGuard+1","BombardNight"],"picked":"SKIP","floor":38.0},{"not_picked":["BadLadyScramble+1","Septette+1","UnderTheZenith"],"picked":"SKIP","floor":39.0},{"not_picked":["BadLadyScramble+1","Septette+1","UnderTheZenith"],"picked":"SKIP","floor":39.0},{"not_picked":["HunterOfTheNight","DiffusionOfMisfortune+1"],"picked":"ScarletMeister+1","floor":40.0},{"not_picked":["StarOfDavid","Stigmanizer","MastersStateliness+1"],"picked":"SKIP","floor":41.0},{"not_picked":["MastersStateliness+1","StarOfDavid","CharismaGuard+1"],"picked":"SKIP","floor":42.0},{"not_picked":["MastersStateliness+1","StarOfDavid","CharismaGuard+1"],"picked":"SKIP","floor":42.0},{"not_picked":["ScarletSymphony","VampireKiss","ScarletDevil"],"picked":"SKIP","floor":45.0},{"not_picked":["RedRainbow","BloodAndWine","Stigmanizer"],"picked":"SKIP","floor":48.0},{"not_picked":["BadLadyScramble","ScarletImprint","ScarletDevilSign"],"picked":"SKIP","floor":55}],"player_experience":859596,"relics_obtained":[{"floor":4.0,"key":"Smiling Mask"},{"floor":6.0,"key":"CeramicFish"},{"floor":8.0,"key":"War Paint"},{"floor":13.0,"key":"Juzu Bracelet"},{"floor":23.0,"key":"Darkstone Periapt"},{"floor":25.0,"key":"Frozen Egg 2"},{"floor":26.0,"key":"MealTicket"},{"floor":29.0,"key":"Centennial Puzzle"},{"floor":30.0,"key":"Orichalcum"},{"floor":34.0,"key":"Akabeko"},{"floor":34.0,"key":"The Courier"},{"floor":34.0,"key":"Bird Faced Urn"},{"floor":40.0,"key":"White Beast Statue"},{"floor":42.0,"key":"Sundial"},{"floor":43.0,"key":"Dead Branch"},{"floor":45.0,"key":"Nunchaku"},{"floor":48.0,"key":"Vajra"},{"floor":55,"key":"Mummified Hand"}],"event_choices":[],"is_beta":false,"boss_relics":[{"not_picked":["Busted Crown","Tiny House"],"picked":"Empty Cage"},{"not_picked":["Velvet Choker","Philosopher\u0027s Stone"],"picked":"Calling Bell"}],"items_purged_floors":[10,27,37,47,54],"is_endless":false,"potions_floor_spawned":[3,4,5,18,22,23,35,41,42,45,48,55],"ascension_level":20}}