{"host":"3ovdp3kj1t94ivgi","time":1613046950,"event":{"mods":["BaseMod","Downfall","Luminous","Minty Spire (QoL Compilation)","Shade Mod","StSLib","The Necromancer"],"gold_per_floor":[109,128,128,53,53,53,83,83,83,113,123,135,135,135,135,233,233,250,250,250,250,250],"floor_reached":21,"language":"ENG","playtime":1067,"items_purged":["Regret"],"score":231,"play_id":"1c20e51a-9ff4-4a57-836e-1f0ad785f7f4","local_time":"20210211203550","is_ascension_mode":true,"campfire_choices":[{"data":"Luminous:Light_Glare","floor":6,"key":"SMITH"},{"data":"Luminous:Dark_Crescendo_Luminous","floor":8,"key":"SMITH"},{"data":"Luminous:Photic_Meditation_Luminous","floor":13,"key":"SMITH"},{"data":"Luminous:Dark_Dim_Erosion","floor":15,"key":"SMITH"}],"circlet_count":0,"master_deck":["Luminous:Light_Flash_Shower","Luminous:Light_Flash_Shower","Luminous:Light_Flash_Shower","Luminous:Dark_Abyssal_Drop","Luminous:Dark_Abyssal_Drop","Luminous:Dark_Abyssal_Drop","Luminous:Defend_Luminous","Luminous:Defend_Luminous","Luminous:Defend_Luminous","Luminous:Defend_Luminous","Luminous:Switch_Luminous","Luminous:Light_Glare+1","Luminous:Light_Disperse+1","Luminous:Dark_Crescendo_Luminous+1","Luminous:Photic_Meditation_Luminous+1","Luminous:Dark_Dim_Erosion+1","Luminous:Lunar_Tide_Luminous+1","Luminous:Arcane_Rage_Luminous","CurseOfTheBell","Luminous:Dark_Pressure_Void","J.A.X.","Luminous:Photic_Meditation_Luminous+1"],"relics":["Luminous:MirrorRelic","NeowsBlessing","Toy Ornithopter","Bag of Marbles","Torii","Nunchaku","Calling Bell","Ancient Tea Set","Matryoshka","Shovel"],"acts_visited":["Exordium","TheCity"],"potions_floor_usage":[16,21],"damage_taken":[{"damage":0,"enemies":"2 Louse","floor":1,"turns":1},{"damage":0,"enemies":"Jaw Worm","floor":2,"turns":1},{"damage":0,"enemies":"Lagavulin","floor":7,"turns":1},{"damage":10,"enemies":"Gremlin Nob","floor":10,"turns":5},{"damage":8,"enemies":"Cultist","floor":11,"turns":4},{"damage":10,"enemies":"Exordium Wildlife","floor":12,"turns":5},{"damage":26,"enemies":"The Guardian","floor":16,"turns":8},{"damage":49,"enemies":"2 Thieves","floor":18,"turns":5},{"damage":56,"enemies":"Spheric Guardian","floor":21,"turns":5}],"seed_played":"1635175318520323265","potions_obtained":[{"floor":11,"key":"FearPotion"},{"floor":16,"key":"bronze:BurnAndBuffPotion"}],"is_trial":false,"path_per_floor":["M","M","?","$","?","R","E","R","T","E","M","M","R","?","R","B",null,"M","?","?","M"],"character_chosen":"LuminousClass","items_purchased":[],"campfire_rested":0,"item_purchase_floors":[],"current_hp_per_floor":[75,75,75,75,75,75,75,75,75,65,60,56,56,56,56,41,75,32,32,32,0,0],"gold":250,"neow_bonus":"THREE_ENEMY_KILL","is_daily":false,"chose_seed":false,"campfire_upgraded":4,"win_rate":0.0,"timestamp":1613046950,"path_taken":["M","M","?","$","?","R","E","R","T","E","M","?","R","?","R","BOSS","M","?","?","M"],"items_purchased_type":[],"build_version":"2020-12-13","purchased_purges":1,"victory":false,"max_hp_per_floor":[75,75,75,75,75,75,75,75,75,75,75,75,75,75,75,75,75,75,75,75,75,75],"card_choices":[{"not_picked":["Luminous:Concentrate_Luminous","Luminous:Light_Sylvan_Lance"],"picked":"Luminous:Light_Glare","floor":1},{"not_picked":["Luminous:Light_Wash_Luminous","Luminous:Magic_Boost_Luminous"],"picked":"Luminous:Light_Disperse","floor":2},{"not_picked":["Luminous:Light_Sylvan_Lance","Luminous:Concentrate_Luminous"],"picked":"Luminous:Dark_Crescendo_Luminous","floor":7},{"not_picked":["Luminous:Hero_Will_Luminous","Luminous:Light_Sylvan_Lance"],"picked":"Luminous:Photic_Meditation_Luminous","floor":10},{"not_picked":["Luminous:Magic_Accelerate_Luminous","Luminous:Light_Sylvan_Lance"],"picked":"Luminous:Dark_Dim_Erosion","floor":11},{"not_picked":["Luminous:Light_Ray_of_Redemption","Luminous:Hero_Will_Luminous"],"picked":"Luminous:Lunar_Tide_Luminous","floor":12},{"not_picked":["Luminous:Ethereal_Form_Luminous","Luminous:Freud_Wisdom1_Luminous"],"picked":"Luminous:Arcane_Rage_Luminous","floor":16},{"not_picked":["Luminous:Light_Wash_Luminous","Luminous:Concentrate_Luminous"],"picked":"Luminous:Dark_Pressure_Void","floor":18}],"player_experience":54058,"relics_obtained":[{"floor":7,"key":"Bag of Marbles"},{"floor":9,"key":"Torii"},{"floor":10,"key":"Nunchaku"},{"floor":17,"key":"Ancient Tea Set"},{"floor":17,"key":"Matryoshka"},{"floor":17,"key":"Shovel"}],"event_choices":[{"damage_healed":0,"gold_gain":0,"player_choice":"Box","damage_taken":0,"relics_obtained":["Toy Ornithopter"],"max_hp_gain":0,"max_hp_loss":0,"event_name":"Big Fish","floor":3,"gold_loss":0,"cards_obtained":["Regret"]},{"damage_healed":0,"gold_gain":0,"player_choice":"Upgraded","damage_taken":0,"max_hp_gain":0,"max_hp_loss":0,"event_name":"Upgrade Shrine","floor":5,"gold_loss":0,"cards_upgraded":["Luminous:Light_Disperse"]},{"damage_healed":0,"gold_gain":0,"player_choice":"Forge","damage_taken":0,"max_hp_gain":0,"max_hp_loss":0,"event_name":"Accursed Blacksmith","floor":14,"gold_loss":0,"cards_upgraded":["Luminous:Lunar_Tide_Luminous"]},{"damage_healed":0,"gold_gain":0,"player_choice":"Obtain J.A.X.","damage_taken":0,"max_hp_gain":0,"max_hp_loss":0,"event_name":"Drug Dealer","floor":19,"gold_loss":0,"cards_obtained":["J.A.X."]},{"damage_healed":0,"gold_gain":0,"player_choice":"Copied","damage_taken":0,"max_hp_gain":0,"max_hp_loss":0,"event_name":"Duplicator","floor":20,"gold_loss":0,"cards_obtained":["Luminous:Photic_Meditation_Luminous"]}],"is_beta":false,"boss_relics":[{"not_picked":["Cursed Key","Empty Cage"],"picked":"Calling Bell"}],"items_purged_floors":[4],"is_endless":false,"potions_floor_spawned":[11,16],"killed_by":"Spheric Guardian","ascension_level":2}}