{"host":"d4km6p8r92tm3vpl","time":1613069319,"event":{"mods":["AchievementEnabler","BaseMod","Colored Map","Colored Powertips","DeckTracker","Minty Spire (QoL Compilation)","Relic Stats","StSLib"],"gold_per_floor":[110,123,43,143,154,154,179,179,231,246,260,292,310,323,323,397,397,411,411,36,48,77,77,97,97,97,124,224,242,253,266,266,342,342,352,322,341,356,381,381,393,422,422,107,107,107],"floor_reached":45,"language":"ENG","playtime":2235,"items_purged":["Strike_G","Shame"],"score":882,"play_id":"7f00dc19-b03b-4fa0-9e2a-7453cf7d157c","local_time":"20210211134839","is_ascension_mode":true,"campfire_choices":[{"data":"Noxious Fumes","floor":6,"key":"SMITH"},{"data":"Glass Knife","floor":8,"key":"SMITH"},{"data":"Predator","floor":15,"key":"SMITH"},{"floor":23,"key":"REST"},{"data":"Footwork","floor":25,"key":"SMITH"},{"floor":32,"key":"REST"},{"data":"Adrenaline","floor":40,"key":"SMITH"}],"circlet_count":0,"master_deck":["AscendersBane","Strike_G","Strike_G","Defend_G+1","Defend_G","Defend_G","Defend_G","Defend_G","Survivor","Neutralize","Sucker Punch","Predator+1","Noxious Fumes+1","Blade Dance","Glass Knife+1","Blur+1","Poisoned Stab","Calculated Gamble","Backstab","Adrenaline+1","Backflip","Dramatic Entrance","Neutralize","Deflect","Prepared","Outmaneuver","Dagger Spray","Footwork+1","Bouncing Flask","Escape Plan","Prepared","Dodge and Roll","Deflect","After Image","Dodge and Roll","Cloak And Dagger","Footwork","Dagger Throw","Dodge and Roll","Flying Knee","Footwork"],"relics":["Ring of the Snake","MealTicket","Smiling Mask","Ancient Tea Set","Empty Cage","Membership Card","Gremlin Horn","Red Mask","Shuriken","War Paint","Lizard Tail","Bottled Tornado","Cursed Key","WingedGreaves","Toy Ornithopter","OrangePellets","TungstenRod"],"acts_visited":["Exordium","TheCity","TheBeyond"],"potions_floor_usage":[7,14,16,27,28,33,33,45,45],"damage_taken":[{"damage":0,"enemies":"Small Slimes","floor":1,"turns":5},{"damage":7,"enemies":"Cultist","floor":2,"turns":4},{"damage":0,"enemies":"2 Louse","floor":5,"turns":4},{"damage":12,"enemies":"3 Sentries","floor":7,"turns":7},{"damage":3,"enemies":"Gremlin Gang","floor":10,"turns":5},{"damage":6,"enemies":"3 Louse","floor":11,"turns":3},{"damage":13,"enemies":"Gremlin Nob","floor":12,"turns":4},{"damage":3,"enemies":"Large Slime","floor":13,"turns":6},{"damage":6,"enemies":"Lots of Slimes","floor":14,"turns":4},{"damage":22,"enemies":"Slime Boss","floor":16,"turns":9},{"damage":9,"enemies":"Chosen","floor":18,"turns":4},{"damage":7,"enemies":"Shell Parasite","floor":21,"turns":8},{"damage":17,"enemies":"Masked Bandits","floor":22,"turns":4},{"damage":24,"enemies":"Sentry and Sphere","floor":24,"turns":6},{"damage":0,"enemies":"Gremlin Leader","floor":27,"turns":4},{"damage":5,"enemies":"Colosseum Slavers","floor":28,"turns":3},{"damage":0,"enemies":"Colosseum Nobs","floor":28,"turns":5},{"damage":0,"enemies":"Centurion and Healer","floor":29,"turns":8},{"damage":7,"enemies":"Shelled Parasite and Fungi","floor":30,"turns":5},{"damage":14,"enemies":"Snake Plant","floor":31,"turns":5},{"damage":14,"enemies":"Collector","floor":33,"turns":13},{"damage":20,"enemies":"3 Darklings","floor":35,"turns":5},{"damage":0,"enemies":"Orb Walker","floor":37,"turns":5},{"damage":52,"enemies":"Writhing Mass","floor":38,"turns":8},{"damage":0,"enemies":"Mind Bloom Boss Battle","floor":39,"turns":9},{"damage":18,"enemies":"Spire Growth","floor":41,"turns":7},{"damage":3,"enemies":"Reptomancer","floor":42,"turns":8},{"damage":57,"enemies":"Giant Head","floor":45,"turns":10}],"seed_played":"-558453988222628950","potions_obtained":[{"floor":2,"key":"Regen Potion"},{"floor":11,"key":"Energy Potion"},{"floor":12,"key":"CunningPotion"},{"floor":13,"key":"GamblersBrew"},{"floor":14,"key":"DuplicationPotion"},{"floor":18,"key":"LiquidMemories"},{"floor":29,"key":"Explosive Potion"},{"floor":30,"key":"SkillPotion"},{"floor":36,"key":"EntropicBrew"},{"floor":36,"key":"BlessingOfTheForge"}],"is_trial":false,"path_per_floor":["M","M","$","?","M","R","E","R","T","M","M","E","M","M","R","B",null,"M","?","$","M","?","R","M","R","T","E","?","M","M","M","R","B",null,"M","?","M","M","?","R","M","E","T","$","E"],"character_chosen":"THE_SILENT","items_purchased":["Noxious Fumes","Membership Card","Gremlin Horn","Deflect","Prepared","OrangePellets","Footwork","TungstenRod"],"campfire_rested":2,"item_purchase_floors":[3,20,20,20,20,44,44,44],"current_hp_per_floor":[65,58,58,58,58,58,61,61,61,58,52,39,36,30,30,8,56,47,47,62,55,38,59,35,35,35,35,30,30,23,9,30,16,58,38,38,38,36,36,36,18,15,15,30,0,0],"gold":107,"neow_bonus":"TEN_PERCENT_HP_BONUS","is_daily":false,"chose_seed":false,"campfire_upgraded":5,"win_rate":0.0,"timestamp":1613069319,"path_taken":["M","M","$","?","M","R","E","R","T","M","?","E","M","M","R","BOSS","M","?","$","?","?","R","M","R","T","E","?","M","M","M","R","BOSS","M","?","?","M","?","R","M","E","T","$","E"],"items_purchased_type":["Card","Relic","Relic","Card","Card","Relic","Card","Relic"],"build_version":"2020-12-22","purchased_purges":2,"victory":false,"max_hp_per_floor":[72,72,72,72,72,72,72,72,72,72,72,72,72,72,72,72,72,72,72,72,72,72,72,72,72,72,72,72,72,72,72,72,72,72,72,72,72,72,72,72,72,72,72,72,72,72],"relic_stats":{"Gremlin Horn":[24,24],"counters":[28,168],"War Paint":["Blur","Defend_G"],"Smiling Mask":-12,"Cursed Key":1,"OrangePellets":[2],"Lizard Tail":36,"Shuriken":[47],"MealTicket":30,"obtain_stats":[{"Gremlin Horn":20,"War Paint":27,"Bottled Tornado":28,"Smiling Mask":9,"Ancient Tea Set":12,"Empty Cage":17,"Cursed Key":34,"OrangePellets":44,"Lizard Tail":28,"Shuriken":26,"MealTicket":7,"WingedGreaves":39,"Red Mask":22,"Membership Card":20,"Toy Ornithopter":42,"TungstenRod":44,"Ring of the Snake":0},{"Gremlin Horn":11,"War Paint":15,"Bottled Tornado":17,"Smiling Mask":4,"Ancient Tea Set":7,"Empty Cage":10,"Cursed Key":21,"OrangePellets":27,"Lizard Tail":17,"Shuriken":14,"MealTicket":4,"WingedGreaves":25,"Red Mask":13,"Membership Card":11,"Toy Ornithopter":27,"TungstenRod":27,"Ring of the Snake":0},{"Gremlin Horn":55,"War Paint":77,"Bottled Tornado":85,"Smiling Mask":20,"Ancient Tea Set":32,"Empty Cage":51,"Cursed Key":116,"OrangePellets":158,"Lizard Tail":85,"Shuriken":73,"MealTicket":20,"WingedGreaves":143,"Red Mask":67,"Membership Card":55,"Toy Ornithopter":158,"TungstenRod":158,"Ring of the Snake":0}],"Toy Ornithopter":10,"TungstenRod":2,"Ring of the Snake":[56]},"card_choices":[{"not_picked":["Quick Slash","Backflip"],"picked":"Sucker Punch","floor":1},{"not_picked":["Setup","Prepared"],"picked":"Predator","floor":2},{"not_picked":["Poisoned Stab","Flying Knee"],"picked":"Blade Dance","floor":5},{"not_picked":["Leg Sweep","Quick Slash"],"picked":"Glass Knife","floor":7},{"not_picked":["Expertise","Dagger Spray"],"picked":"Blur","floor":10},{"not_picked":["Eviscerate","Dagger Spray"],"picked":"Poisoned Stab","floor":11},{"not_picked":["Dagger Spray","Underhanded Strike","Skewer"],"picked":"SKIP","floor":12},{"not_picked":["Prepared","Backflip"],"picked":"Calculated Gamble","floor":13},{"not_picked":["Sucker Punch","Poisoned Stab"],"picked":"Backstab","floor":14},{"not_picked":["Bullet Time","Night Terror"],"picked":"Adrenaline","floor":16},{"not_picked":["Finisher","PiercingWail"],"picked":"Backflip","floor":18},{"not_picked":["Poisoned Stab","Backstab"],"picked":"Outmaneuver","floor":21},{"not_picked":["Backstab","Flying Knee"],"picked":"Dagger Spray","floor":22},{"not_picked":["Sucker Punch","Dagger Throw"],"picked":"Footwork","floor":24},{"not_picked":["Storm of Steel","Finisher"],"picked":"Bouncing Flask","floor":27},{"not_picked":["Blade Dance","PiercingWail"],"picked":"Escape Plan","floor":28},{"not_picked":["Reflex","Expertise"],"picked":"Prepared","floor":29},{"not_picked":["Deflect","Blade Dance"],"picked":"Dodge and Roll","floor":30},{"not_picked":["Infinite Blades","Bane"],"picked":"Deflect","floor":31},{"not_picked":["Unload","Doppelganger"],"picked":"After Image","floor":33},{"not_picked":["Acrobatics","Slice"],"picked":"Dodge and Roll","floor":35},{"not_picked":["Outmaneuver","Prepared"],"picked":"Cloak And Dagger","floor":37},{"not_picked":["Venomology","Slice+1"],"picked":"Footwork","floor":38},{"not_picked":["Poisoned Stab+1","Quick Slash"],"picked":"Dagger Throw","floor":39},{"not_picked":["Dagger Spray","Caltrops"],"picked":"Dodge and Roll","floor":41},{"not_picked":["Expertise","Riddle With Holes"],"picked":"Flying Knee","floor":42}],"player_experience":849898,"relics_obtained":[{"floor":7,"key":"MealTicket"},{"floor":9,"key":"Smiling Mask"},{"floor":12,"key":"Ancient Tea Set"},{"floor":22,"key":"Red Mask"},{"floor":26,"key":"Shuriken"},{"floor":27,"key":"War Paint"},{"floor":28,"key":"Lizard Tail"},{"floor":28,"key":"Bottled Tornado"},{"floor":39,"key":"WingedGreaves"},{"floor":42,"key":"Toy Ornithopter"}],"event_choices":[{"damage_healed":0,"gold_gain":100,"player_choice":"Pray","damage_taken":0,"max_hp_gain":0,"max_hp_loss":0,"event_name":"Golden Shrine","floor":4,"gold_loss":0},{"damage_healed":0,"gold_gain":0,"player_choice":"2 cards matched","damage_taken":0,"max_hp_gain":0,"max_hp_loss":0,"event_name":"Match and Keep!","floor":19,"gold_loss":0,"cards_obtained":["Dramatic Entrance","Neutralize"]},{"damage_healed":0,"gold_gain":0,"player_choice":"Fought Bandits","damage_taken":0,"max_hp_gain":0,"max_hp_loss":0,"event_name":"Masked Bandits","floor":22,"gold_loss":0},{"damage_healed":0,"gold_gain":0,"player_choice":"Fight","damage_taken":0,"max_hp_gain":0,"max_hp_loss":0,"event_name":"Colosseum","floor":28,"gold_loss":0},{"damage_healed":0,"gold_gain":0,"player_choice":"Fought Nobs","damage_taken":0,"max_hp_gain":0,"max_hp_loss":0,"event_name":"Colosseum","floor":28,"gold_loss":0},{"damage_healed":0,"gold_gain":0,"player_choice":"Bought 2 Potions","damage_taken":0,"max_hp_gain":0,"max_hp_loss":0,"event_name":"The Woman in Blue","floor":36,"gold_loss":0},{"damage_healed":0,"gold_gain":0,"player_choice":"Fight","damage_taken":0,"max_hp_gain":0,"max_hp_loss":0,"event_name":"MindBloom","floor":39,"gold_loss":0}],"is_beta":false,"boss_relics":[{"not_picked":["Ring of the Serpent","Calling Bell"],"picked":"Empty Cage"},{"not_picked":["Velvet Choker","Pandora\u0027s Box"],"picked":"Cursed Key"}],"items_purged_floors":[20,44],"is_endless":false,"potions_floor_spawned":[2,11,12,13,14,18,22,29,30,31,37,38,41,42],"killed_by":"Giant Head","ascension_level":14}}