{"host":"61scwtj8sjvayefi","time":1613013265,"event":{"mods":["2.2 Compatiblity","BaseMod","Downfall","Koishi","Marisa????????","Minty Spire (QoL Compilation)","Remilia??????","StSLib","The Bug Knight","The Senshi","The Servant 0.9.4"],"gold_per_floor":[110,110,35,46,46,79,97,97,97,110,110,144,144,161,161,264,264,276,292,302,71,71,71],"floor_reached":22,"language":"ENG","playtime":2463,"items_purged":["HollowMod:QuickDashStart"],"score":196,"play_id":"ca666032-310c-454f-a37a-e00e843259eb","local_time":"20210210211425","is_ascension_mode":false,"campfire_choices":[{"floor":8,"key":"REST"},{"floor":13,"key":"REST"},{"data":"HollowMod:SlysStrikes","floor":15,"key":"SMITH"}],"circlet_count":0,"master_deck":["HollowMod:NailStrikeStart","HollowMod:NailStrikeStart","HollowMod:NailStrikeStart","HollowMod:NailStrikeStart","HollowMod:QuickDashStart+1","HollowMod:QuickDashStart+1","HollowMod:QuickDashStart","HollowMod:FocusHealStart+1","HollowMod:PogoStrike","HollowMod:GrimmsGift","HollowMod:CycloneSlash","HollowMod:HeavyBlow","HollowMod:SlysStrikes+1","HollowMod:MantisMark","HollowMod:LifebloodCocoon","HollowMod:theNailsmith","HollowMod:ChannelNail","HollowMod:SiblingsSouls+1","HollowMod:CloakDash","HollowMod:RecoilStrike"],"relics":["HollowMod:VesselMask","HollowMod:MillibellesNoteRelic","Mercury Hourglass","AntiCross","Sozu","Centennial Puzzle"],"acts_visited":["Exordium","TheCity"],"potions_floor_usage":[6,12,16],"damage_taken":[{"damage":2,"enemies":"Small Slimes","floor":1,"turns":3},{"damage":7,"enemies":"Cultist","floor":4,"turns":4},{"damage":28,"enemies":"Lagavulin","floor":6,"turns":7},{"damage":0,"enemies":"2 Louse","floor":7,"turns":3},{"damage":9,"enemies":"Blue Slaver","floor":10,"turns":3},{"damage":19,"enemies":"3 Sentries","floor":12,"turns":4},{"damage":14,"enemies":"Gremlin Gang","floor":14,"turns":3},{"damage":47,"enemies":"The Guardian","floor":16,"turns":9},{"damage":28,"enemies":"3 Byrds","floor":18,"turns":4},{"damage":3,"enemies":"Shell Parasite","floor":19,"turns":3},{"damage":53,"enemies":"Centurion and Healer","floor":20,"turns":6},{"damage":9,"enemies":"Snake Plant","floor":22,"turns":3}],"seed_played":"5369733207886257851","potions_obtained":[{"floor":4,"key":"ColorlessPotion"},{"floor":10,"key":"Strength Potion"},{"floor":12,"key":"SkillPotion"}],"is_trial":false,"path_per_floor":["M","?","$","M","$","E","M","R","T","M","?","E","R","M","R","B",null,"M","M","M","$","M"],"character_chosen":"THE_BUGKNIGHT","items_purchased":["Centennial Puzzle","HollowMod:RecoilStrike"],"campfire_rested":2,"item_purchase_floors":[21,21],"current_hp_per_floor":[73,58,58,63,63,47,57,75,75,66,66,47,69,61,61,26,75,53,56,9,9,0,0],"gold":71,"neow_bonus":"UPGRADE_CARD","is_daily":false,"chose_seed":false,"campfire_upgraded":1,"win_rate":0.0,"timestamp":1613013265,"path_taken":["M","?","$","M","$","E","M","R","T","M","?","E","R","M","R","BOSS","M","M","M","$","?"],"items_purchased_type":["Relic","Card"],"build_version":"2020-12-22","purchased_purges":1,"victory":false,"max_hp_per_floor":[75,75,75,75,75,75,75,75,75,75,75,75,75,75,75,75,75,75,75,75,75,75,75],"card_choices":[{"not_picked":["HollowMod:InfectedCysts","HollowMod:HeavyBlow"],"picked":"HollowMod:GrimmsGift","floor":1},{"not_picked":["HollowMod:NewLittleFool","HollowMod:HeavyBlow"],"picked":"HollowMod:CycloneSlash","floor":4},{"not_picked":["HollowMod:DescendingDark","HollowMod:WraithStrike","HollowMod:SharpenedNail"],"picked":"SKIP","floor":6},{"not_picked":["HollowMod:DescendingDark","HollowMod:WraithStrike"],"picked":"HollowMod:HeavyBlow","floor":7},{"not_picked":["HollowMod:TaintedHusks","HollowMod:DoubleDash"],"picked":"HollowMod:SlysStrikes","floor":10},{"not_picked":["HollowMod:LifebloodCore","HollowMod:VoidDash"],"picked":"HollowMod:MantisMark","floor":12},{"not_picked":["HollowMod:WraithStrike","HollowMod:MawleksShell"],"picked":"HollowMod:LifebloodCocoon","floor":14},{"not_picked":["HollowMod:MidwifesHunger","HollowMod:LifebloodCore"],"picked":"HollowMod:theNailsmith","floor":16},{"not_picked":["HollowMod:DoubleDash","HollowMod:SharpenedNail+1"],"picked":"HollowMod:ChannelNail","floor":18},{"not_picked":["HollowMod:WraithStrike","HollowMod:NewLittleFool"],"picked":"HollowMod:SiblingsSouls+1","floor":19},{"not_picked":["HollowMod:DungDefenderAura","HollowMod:SharpenedNail"],"picked":"HollowMod:CloakDash","floor":20}],"player_experience":48563,"relics_obtained":[{"floor":6,"key":"HollowMod:MillibellesNoteRelic"},{"floor":9,"key":"Mercury Hourglass"},{"floor":12,"key":"AntiCross"}],"event_choices":[{"damage_healed":0,"gold_gain":0,"player_choice":"Entered Light","damage_taken":15,"max_hp_gain":0,"max_hp_loss":0,"event_name":"Shining Light","floor":2,"gold_loss":0,"cards_upgraded":["HollowMod:QuickDashStart","HollowMod:QuickDashStart"]},{"damage_healed":0,"gold_gain":0,"player_choice":"0 cards matched","damage_taken":0,"max_hp_gain":0,"max_hp_loss":0,"event_name":"Match and Keep!","floor":11,"gold_loss":0,"cards_obtained":[]}],"is_beta":false,"boss_relics":[{"not_picked":["bronze:MakeshiftBattery","Black Star"],"picked":"Sozu"}],"items_purged_floors":[3],"is_endless":false,"potions_floor_spawned":[4,10,12,19],"killed_by":"Snake Plant","ascension_level":0}}