{"host":"zs3tguvuxkh90jf4","time":1613019533,"event":{"mods":["AchievementEnabler","BaseMod","Better Silent Start","Better-Laid Plans","BetterRewards","Block Reminder","Colored Map","Colored Powertips","Gold Saver","Minty Spire (QoL Compilation)","Shop Mod","StSLib","Transform Curses"],"gold_per_floor":[3605,3621,2443,2456,2456,2456,2487,2487,2512,2544,2554,2572,2497,2497,2497,2576,2576,2591,2591,2506,1779,1791,1821,986,986,986,986,997,997,1017,1032,1032,1108,1108,1122,1142,1142,652,652,652,665,697,697,697,697,697,732,29,29,29,29,29,3005,1766,1798,1798],"floor_reached":57,"language":"ENG","playtime":3163,"items_purged":["Strike_G","Defend_G","Defend_G","Strike_G","Strike_G"],"score":3247,"play_id":"16570f1d-a177-4a2f-93c5-f0ba6f27c856","local_time":"20210210205853","is_ascension_mode":true,"campfire_choices":[{"floor":8.0,"key":"REST"},{"data":"Infinite Blades","floor":15.0,"key":"SMITH"},{"floor":25.0,"key":"RECALL"},{"floor":29.0,"key":"REST"},{"floor":32.0,"key":"REST"},{"floor":40.0,"key":"REST"},{"data":"Adrenaline","floor":44.0,"key":"SMITH"},{"data":"Catalyst","floor":46.0,"key":"SMITH"},{"data":"Accuracy","floor":49.0,"key":"SMITH"},{"data":"Neutralize","floor":53,"key":"SMITH"}],"circlet_count":0,"master_deck":["AscendersBane","Defend_G","Survivor","Neutralize+1","Apotheosis+1","Crippling Poison","Caltrops","Poisoned Stab","Blade Dance","Backflip","Footwork","Outmaneuver","Bandage Up","Adrenaline+1","Deadly Poison","Infinite Blades+1","Envenom","CurseOfTheBell","Bane","Ghostly","Ghostly","Ghostly","Catalyst+1","Accuracy+1","Infinite Blades+1","Cloak And Dagger","Bane+1","Caltrops+1","PiercingWail+1","Crippling Poison+1","Sadistic Nature","Madness","Night Terror"],"relics":["Ring of the Snake","OrangePellets","Shuriken","Singing Bowl","Medical Kit","Strawberry","Sundial","MerchantsRug","Regal Pillow","Ancient Tea Set","Tough Bandages","Calling Bell","Happy Flower","Mercury Hourglass","Unceasing Top","Letter Opener","Potion Belt","Tiny Chest","Cauldron","Bronze Scales","Pen Nib","Strange Spoon","Kunai","Vajra","TwistedFunnel","MealTicket","Orichalcum","Dead Branch","Gremlin Horn","Thread and Needle","Smiling Mask","Lee\u0027s Waffle","Torii","Anchor","Snake Skull","Ninja Scroll","TheAbacus","InkBottle"],"acts_visited":["Exordium","TheCity","TheBeyond","TheEnding"],"potions_floor_usage":[56,56,56],"damage_taken":[{"damage":9.0,"enemies":"Small Slimes","floor":1.0,"turns":4.0},{"damage":1.0,"enemies":"2 Louse","floor":2.0,"turns":3.0},{"damage":3.0,"enemies":"Cultist","floor":4.0,"turns":4.0},{"damage":21.0,"enemies":"3 Sentries","floor":7.0,"turns":8.0},{"damage":16.0,"enemies":"Lagavulin","floor":10.0,"turns":6.0},{"damage":4.0,"enemies":"2 Fungi Beasts","floor":11.0,"turns":3.0},{"damage":4.0,"enemies":"3 Louse","floor":12.0,"turns":4.0},{"damage":39.0,"enemies":"Slime Boss","floor":16.0,"turns":8.0},{"damage":26.0,"enemies":"2 Thieves","floor":18.0,"turns":4.0},{"damage":10.0,"enemies":"Spheric Guardian","floor":22.0,"turns":5.0},{"damage":1.0,"enemies":"Gremlin Leader","floor":23.0,"turns":6.0},{"damage":3.0,"enemies":"Snake Plant","floor":28.0,"turns":3.0},{"damage":19.0,"enemies":"Snecko","floor":30.0,"turns":4.0},{"damage":13.0,"enemies":"Cultist and Chosen","floor":31.0,"turns":4.0},{"damage":5.0,"enemies":"Collector","floor":33.0,"turns":6.0},{"damage":12.0,"enemies":"Orb Walker","floor":35.0,"turns":4.0},{"damage":19.0,"enemies":"3 Shapes","floor":36.0,"turns":3.0},{"damage":0.0,"enemies":"Transient","floor":41.0,"turns":6.0},{"damage":1.0,"enemies":"Reptomancer","floor":42.0,"turns":5.0},{"damage":15.0,"enemies":"Giant Head","floor":47.0,"turns":7.0},{"damage":31.0,"enemies":"Time Eater","floor":50.0,"turns":8.0},{"damage":1.0,"enemies":"Awakened One","floor":51.0,"turns":9.0},{"damage":9,"enemies":"Shield and Spear","floor":55,"turns":6},{"damage":58,"enemies":"The Heart","floor":56,"turns":8}],"seed_played":"4765723684517792561","potions_obtained":[{"floor":2.0,"key":"Swift Potion"},{"floor":7.0,"key":"LiquidBronze"},{"floor":18.0,"key":"Ancient Potion"},{"floor":21.0,"key":"DistilledChaos"},{"floor":21.0,"key":"CunningPotion"},{"floor":21.0,"key":"DuplicationPotion"},{"floor":31.0,"key":"GamblersBrew"},{"floor":33.0,"key":"Strength Potion"},{"floor":37.0,"key":"SkillPotion"},{"floor":42.0,"key":"ColorlessPotion"},{"floor":47.0,"key":"GhostInAJar"}],"is_trial":false,"path_per_floor":["M","M","$","M","?","?","E","R","T","E","M","M","?","?","R","B",null,"M","?","?","$","M","E","$","R","T","?","M","R","M","M","R","B",null,"M","M","?","$","T","R","M","E","T","R","?","R","E","$","R","B","B",null,"R","$","E","B",null],"character_chosen":"THE_SILENT","items_purchased":["OrangePellets","Shuriken","Singing Bowl","Apotheosis","Crippling Poison","Caltrops","Medical Kit","Strawberry","Sundial","Footwork","Outmaneuver","MerchantsRug","Bandage Up","EssenceOfSteel","Potion Belt","Catalyst","Accuracy","Tiny Chest","Cauldron","Pen Nib","Strange Spoon","Kunai","Cloak And Dagger","SkillPotion","TwistedFunnel","MealTicket","Orichalcum","Lee\u0027s Waffle","Torii","Anchor","Snake Skull","Ninja Scroll","TheAbacus","Sadistic Nature","Madness","Regen Potion","SteroidPotion","Energy Potion","Night Terror"],"campfire_rested":4,"item_purchase_floors":[0,0,0,0,0,0,3,3,3,3,3,3,3,3,21,21,21,21,21,24,24,24,24,24,38,38,38,48,48,48,54,54,54,54,54,54,54,54,54],"current_hp_per_floor":[43,44,51,56,56,56,43,79,79,68,70,70,70,70,70,37,69,49,39,39,39,31,36,36,36,36,30,27,41,24,17,45,44,46,37,24,24,24,24,49,49,48,48,48,50,50,38,60,60,29,32,53,53,60,54,21],"gold":1798,"neow_bonus":"","is_daily":false,"chose_seed":false,"campfire_upgraded":5,"win_rate":0.0,"timestamp":1613019533,"path_taken":["M","M","$","M","?","?","E","R","T","E","M","?","?","?","R","BOSS","M","?","?","$","M","E","$","R","T","?","?","R","M","M","R","BOSS","M","M","?","$","?","R","M","E","T","R","?","R","E","$","R","BOSS","BOSS","R","$","E","BOSS"],"items_purchased_type":["Relic","Relic","Relic","Card","Card","Card","Relic","Relic","Relic","Card","Card","Relic","Card","Potion","Relic","Card","Card","Relic","Relic","Relic","Relic","Relic","Card","Potion","Relic","Relic","Relic","Relic","Relic","Relic","Relic","Relic","Relic","Card","Card","Potion","Potion","Potion","Card"],"build_version":"2020-12-22","purchased_purges":5,"victory":true,"max_hp_per_floor":[66,68,75,77,77,77,79,79,79,79,79,79,79,79,79,79,79,79,39,39,39,41,41,41,41,41,41,41,41,43,45,45,47,47,49,49,49,49,49,49,49,49,49,49,51,51,53,60,60,60,60,60,60,60,62,62],"card_choices":[{"not_picked":["Masterful Stab","Eviscerate"],"picked":"Backflip","floor":1.0},{"not_picked":["Prepared","Backflip","Slice"],"picked":"Singing Bowl","floor":2.0},{"not_picked":["Sucker Punch","Prepared","Poisoned Stab"],"picked":"Singing Bowl","floor":4.0},{"not_picked":["Acrobatics","Dagger Throw","Tools of the Trade"],"picked":"Singing Bowl","floor":7.0},{"not_picked":["Blade Dance","All Out Attack"],"picked":"Adrenaline","floor":10.0},{"not_picked":["Dagger Throw","Underhanded Strike"],"picked":"Deadly Poison","floor":11.0},{"not_picked":["Dagger Spray","Underhanded Strike"],"picked":"Infinite Blades","floor":12.0},{"not_picked":["Glass Knife","Malaise"],"picked":"Envenom","floor":16.0},{"not_picked":["PiercingWail","Footwork"],"picked":"Bane","floor":18.0},{"not_picked":["Dagger Throw+1","Underhanded Strike","Flying Knee"],"picked":"Singing Bowl","floor":22.0},{"not_picked":["Choke","Setup"],"picked":"Infinite Blades+1","floor":23.0},{"not_picked":["Prepared+1","Endless Agony"],"picked":"Bane+1","floor":28.0},{"not_picked":["Deflect","Sucker Punch","Dagger Spray+1"],"picked":"Singing Bowl","floor":30.0},{"not_picked":["Slice","Grand Finale","Underhanded Strike"],"picked":"Singing Bowl","floor":31.0},{"not_picked":["Die Die Die","Unload","Wraith Form v2"],"picked":"Singing Bowl","floor":33.0},{"not_picked":["All Out Attack+1","Choke","Underhanded Strike"],"picked":"Singing Bowl","floor":35.0},{"not_picked":["Dagger Spray","Predator"],"picked":"Caltrops+1","floor":36.0},{"not_picked":["Flying Knee+1","Slice"],"picked":"PiercingWail+1","floor":41.0},{"not_picked":["Finisher","Bane"],"picked":"Crippling Poison+1","floor":42.0},{"not_picked":["Dark Shackles","Deep Breath","Madness"],"picked":"Singing Bowl","floor":45.0},{"not_picked":["Leg Sweep","Deflect","Doppelganger"],"picked":"Singing Bowl","floor":47.0},{"not_picked":["Skewer","Outmaneuver","Deflect"],"picked":"Singing Bowl","floor":55}],"player_experience":560419,"relics_obtained":[{"floor":7.0,"key":"Ancient Tea Set"},{"floor":10.0,"key":"Tough Bandages"},{"floor":17.0,"key":"Happy Flower"},{"floor":17.0,"key":"Mercury Hourglass"},{"floor":17.0,"key":"Unceasing Top"},{"floor":23.0,"key":"Bronze Scales"},{"floor":26.0,"key":"Vajra"},{"floor":39.0,"key":"Dead Branch"},{"floor":42.0,"key":"Gremlin Horn"},{"floor":43.0,"key":"Thread and Needle"},{"floor":47.0,"key":"Smiling Mask"},{"floor":55,"key":"InkBottle"}],"event_choices":[{"damage_healed":0.0,"max_hp_gain":0.0,"max_hp_loss":0.0,"gold_gain":0.0,"event_name":"Living Wall","player_choice":"Grow","floor":5.0,"gold_loss":0.0,"damage_taken":0.0,"cards_upgraded":["Apotheosis"]},{"damage_healed":0.0,"max_hp_gain":0.0,"max_hp_loss":0.0,"gold_gain":0.0,"event_name":"WeMeetAgain","player_choice":"Gave Potion","floor":6.0,"gold_loss":0.0,"damage_taken":0.0,"relics_obtained":["Regal Pillow"]},{"cards_removed":["Defend_G"],"damage_healed":0.0,"max_hp_gain":0.0,"max_hp_loss":0.0,"gold_gain":0.0,"event_name":"The Cleric","player_choice":"Card Removal","floor":13.0,"gold_loss":75.0,"damage_taken":0.0},{"cards_removed":["Strike_G"],"damage_healed":0.0,"max_hp_gain":0.0,"max_hp_loss":0.0,"gold_gain":0.0,"event_name":"Bonfire Elementals","player_choice":"Offered Basic","floor":14.0,"gold_loss":0.0,"damage_taken":0.0},{"damage_healed":0.0,"max_hp_gain":0.0,"max_hp_loss":40.0,"gold_gain":0.0,"event_name":"Ghosts","player_choice":"Became a Ghost","floor":19.0,"gold_loss":0.0,"damage_taken":0.0,"cards_obtained":["Ghostly","Ghostly","Ghostly"]},{"damage_healed":0.0,"max_hp_gain":0.0,"max_hp_loss":0.0,"gold_gain":0.0,"event_name":"Addict","player_choice":"Obtained Relic","floor":20.0,"gold_loss":85.0,"damage_taken":0.0,"relics_obtained":["Letter Opener"]},{"damage_healed":0.0,"max_hp_gain":0.0,"max_hp_loss":0.0,"gold_gain":0.0,"event_name":"Wheel of Change","player_choice":"Damaged","floor":27.0,"gold_loss":0.0,"damage_taken":6.0},{"damage_healed":0.0,"max_hp_gain":0.0,"max_hp_loss":0.0,"gold_gain":0.0,"event_name":"Lab","player_choice":"Got Potions","floor":37.0,"gold_loss":0.0,"damage_taken":0.0},{"damage_healed":0.0,"max_hp_gain":0.0,"max_hp_loss":0.0,"gold_gain":0.0,"event_name":"SensoryStone","player_choice":"Memory 1","floor":45.0,"gold_loss":0.0,"damage_taken":0.0}],"is_beta":false,"boss_relics":[{"not_picked":["Sozu","HoveringKite"],"picked":"Calling Bell"},{"not_picked":["Runic Dome","Cursed Key","Snecko Eye"]}],"items_purged_floors":[3,21,24,48,54],"is_endless":false,"potions_floor_spawned":[2,7,12,16,18,31,33,36,41,42,47,55],"ascension_level":20}}