{"host":"lehbxtjrpalkmwwj","time":1613055000,"event":{"mods":["ATMod(°¢èªMod)","Aspiration","BaseMod","Challenge The Spire","Colored Map","Colored Powertips","Conspire","Dota2Spire","Energized Spire","Hunter ÁÔÈË","Minty Spire (QoL Compilation)","Quick Restart","Relic Stats","Reliquary","Replay The Spire","Spicy Shops","StSLib","TestMod","The Cursed","The IronCluck","The Poker Player","Waifu the Spire","Wide Potions","[IsaacMod]ÒÔÈö¼âËþ","¡¾ÒÅÎï¿¨ÅÆ¡¿REMEMod","É³µñ²ÄÖÊ°ümod","óô»ðÖ¸ÄÏ"],"gold_per_floor":[109,126,126,203,254,284,284,316,340,374,387,402,413,429,429,429,429],"floor_reached":16,"language":"ZHS","playtime":483,"items_purged":[],"score":184,"play_id":"9c51a17d-36d9-4806-8266-a39622aa1579","local_time":"20210211225000","is_ascension_mode":true,"campfire_choices":[{"floor":7,"key":"RECALL"},{"data":"EpicFetus","floor":15,"key":"SMITH"}],"circlet_count":0,"master_deck":["Strike_B","Strike_B","Strike_B","Strike_B","Defend_B","Defend_B","Defend_B","Defend_B","Zap","Dualcast","EpicFetus+1","Recover HP","AT_FamilyPortrait","Hyperbeam","Sweeping Beam","REME_ForAll","Beam Cell","Fan","Loop","Crystallizer","Self Repair","Compile Driver"],"relics":["Cracked Core","HushsDoor","AT_ATBox","testmod-TestBox","REME_ComplimentaryCards","testmod-BouquetWithThorns","Leech","NeowsBlessing","Replay:Baseball","Dota2Spire:EtherealBlade","reliquary:Knoch","DoctorsRemote"],"acts_visited":["Exordium"],"potions_floor_usage":[12,12,16],"damage_taken":[{"damage":0,"enemies":"Small Slimes","floor":1,"turns":1},{"damage":0,"enemies":"Cultist","floor":2,"turns":1},{"damage":0,"enemies":"Gremlin Nob","floor":6,"turns":1},{"damage":10,"enemies":"3 Sentries","floor":8,"turns":2},{"damage":30,"enemies":"Lagavulin","floor":10,"turns":5},{"damage":6,"enemies":"2 Louse","floor":11,"turns":2},{"damage":0,"enemies":"Gremlin Gang","floor":12,"turns":3},{"damage":1,"enemies":"Looter","floor":13,"turns":2},{"damage":4,"enemies":"Blue Slaver","floor":14,"turns":2},{"damage":28,"enemies":"Fading Forest","floor":16,"turns":8}],"seed_played":"7416939240529338807","potions_obtained":[{"floor":8,"key":"Reflective Coating"},{"floor":10,"key":"Block Potion"},{"floor":11,"key":"Explosive Potion"},{"floor":12,"key":"Block Potion"}],"is_trial":false,"path_per_floor":["M","M","?","?","T","E","R","E","T","E","M","M","M","M","R","B"],"character_chosen":"DEFECT","items_purchased":[],"campfire_rested":0,"item_purchase_floors":[],"current_hp_per_floor":[75,75,75,60,60,60,60,51,51,25,20,22,22,19,19,0,0],"gold":429,"neow_bonus":"THREE_ENEMY_KILL","is_daily":false,"chose_seed":false,"campfire_upgraded":1,"win_rate":0.0,"timestamp":1613055000,"path_taken":["M","M","?","?","?","E","R","E","T","E","M","?","M","M","R","BOSS"],"items_purchased_type":[],"build_version":"2020-12-22","purchased_purges":0,"victory":false,"max_hp_per_floor":[75,75,75,75,75,75,75,75,75,75,75,75,75,75,75,75,75],"relic_stats":{"counters":[10,27],"obtain_stats":[{"KeepersGift":0,"DoctorsRemote":10,"AT_ATBox":0,"testmod-TestBox":0,"NeowsBlessing":0,"Dota2Spire:EtherealBlade":8,"testmod-BouquetWithThorns":0,"Leech":0,"Replay:Baseball":6,"reliquary:Knoch":9,"Cracked Core":0,"HushsDoor":0,"REME_ComplimentaryCards":0},{"KeepersGift":0,"DoctorsRemote":5,"AT_ATBox":0,"testmod-TestBox":0,"NeowsBlessing":0,"Dota2Spire:EtherealBlade":4,"testmod-BouquetWithThorns":0,"Leech":0,"Replay:Baseball":3,"reliquary:Knoch":4,"Cracked Core":0,"HushsDoor":0,"REME_ComplimentaryCards":0},{"KeepersGift":0,"DoctorsRemote":10,"AT_ATBox":0,"testmod-TestBox":0,"NeowsBlessing":0,"Dota2Spire:EtherealBlade":5,"testmod-BouquetWithThorns":0,"Leech":0,"Replay:Baseball":3,"reliquary:Knoch":5,"Cracked Core":0,"HushsDoor":0,"REME_ComplimentaryCards":0}]},"card_choices":[{"not_picked":[],"picked":"EpicFetus","floor":0},{"not_picked":["Cold Snap","Panic Button"],"picked":"Hyperbeam","floor":1},{"not_picked":["Compile Driver","Steam"],"picked":"Sweeping Beam","floor":2},{"not_picked":["Coolheaded","Rebound"],"picked":"REME_ForAll","floor":6},{"not_picked":["conspire:Rain","Steam"],"picked":"Beam Cell","floor":8},{"not_picked":["Go for the Eyes","ReplaySolidLightProjector"],"picked":"Fan","floor":10},{"not_picked":["Bomb","Rebound"],"picked":"Loop","floor":11},{"not_picked":["Streamline","Hologram"],"picked":"Crystallizer","floor":12},{"not_picked":["Bomb","Barrage"],"picked":"Self Repair","floor":13},{"not_picked":["Gash","Barrage"],"picked":"Compile Driver","floor":14}],"player_experience":165474,"relics_obtained":[{"floor":6,"key":"Replay:Baseball"},{"floor":8,"key":"Dota2Spire:EtherealBlade"},{"floor":9,"key":"reliquary:Knoch"},{"floor":10,"key":"DoctorsRemote"}],"event_choices":[{"damage_healed":0,"gold_gain":0,"player_choice":"Bought 0 Potions","damage_taken":0,"max_hp_gain":0,"max_hp_loss":0,"event_name":"The Woman in Blue","floor":3,"gold_loss":0}],"is_beta":false,"boss_relics":[],"items_purged_floors":[],"is_endless":false,"potions_floor_spawned":[8,10,11,12,13],"killed_by":"Fading Forest","ascension_level":5}}