{"host":"chv1qanoipyt46jc","time":1613021716,"event":{"mods":["2.2 Compatiblity","AchievementEnabler","BaseMod","BetterRewards","CapriCore","Card Filter","Evolution","Gold Saver","Jorbs\u0027s Wanderer Trilogy","Minty Spire (QoL Compilation)","Rare Cards Sparkle","Relic Filter","Remove Card Discount Mod","Reorder Act Four","StSLib"],"gold_per_floor":[804,820,820,832,753,753,753],"floor_reached":6,"language":"ENG","playtime":300,"items_purged":["Bash","Iron Wave","Iron Wave","Iron Wave","Iron Wave","Iron Wave"],"score":86,"play_id":"1e8a307e-d8dc-4a21-bf24-ce2390d417d2","local_time":"20210210233516","is_ascension_mode":false,"campfire_choices":[],"circlet_count":0,"master_deck":["Armaments","Armaments","Armaments","Armaments","Dark Embrace","Seeing Red","Searing Blow"],"relics":["Burning Blood","EVO:Axolotl","Membership Card","Potion Belt","Ice Cream","Medical Kit"],"acts_visited":["Exordium"],"potions_floor_usage":[],"damage_taken":[{"damage":6,"enemies":"2 Louse","floor":1,"turns":3},{"damage":0,"enemies":"Jaw Worm","floor":2,"turns":4},{"damage":5,"enemies":"Small Slimes","floor":4,"turns":4},{"damage":31,"enemies":"Gremlin Nob","floor":6,"turns":4}],"seed_played":"6011523028331940484","potions_obtained":[{"floor":2,"key":"Dexterity Potion"}],"is_trial":false,"path_per_floor":["M","M","?","M","$","E"],"character_chosen":"IRONCLAD","items_purchased":["Dark Embrace","Membership Card","Potion Belt","Seeing Red","Searing Blow","Ice Cream","Medical Kit"],"campfire_rested":0,"item_purchase_floors":[0,0,0,0,0,0,5],"current_hp_per_floor":[23,29,29,30,30,0,0],"gold":753,"neow_bonus":"","is_daily":false,"chose_seed":false,"campfire_upgraded":0,"win_rate":0.0,"timestamp":1613021716,"path_taken":["M","M","?","M","$","E"],"items_purchased_type":["Card","Relic","Relic","Card","Card","Relic","Relic"],"build_version":"2020-12-22","purchased_purges":6,"victory":false,"max_hp_per_floor":[99,99,99,99,99,99,99],"card_choices":[{"not_picked":["Pommel Strike","Shrug It Off","Anger"],"picked":"SKIP","floor":1},{"not_picked":["Carnage","Armaments","Pommel Strike"],"picked":"SKIP","floor":2},{"not_picked":["Iron Wave","Bloodletting","Pommel Strike"],"picked":"SKIP","floor":4}],"player_experience":342726,"relics_obtained":[],"event_choices":[{"damage_healed":0,"gold_gain":0,"player_choice":"Fled","damage_taken":0,"max_hp_gain":0,"max_hp_loss":0,"event_name":"Scrap Ooze","floor":3,"gold_loss":0}],"is_beta":false,"boss_relics":[],"items_purged_floors":[0,0,0,0,0,0],"is_endless":false,"potions_floor_spawned":[2],"killed_by":"Gremlin Nob","ascension_level":0}}