{"host":"kfd0jpqqxt101ydt","time":1613080018,"event":{"mods":["BaseMod","Downfall","Googly Eyes","Highlight Path","Minty Spire (QoL Compilation)","StSLib"],"gold_per_floor":[349,362,57,57,16,16,16,16,30,44,79,64,64,92,109,213,213,213,213,313,313,413,513,563,563,330,330,358,156,188,207,224,328,328,328,340,356,367,51,61,61,61,61,61,61],"floor_reached":43,"language":"ENG","playtime":1728,"items_purged":["Pain","Pain"],"score":515,"play_id":"e404ad7c-db0c-4c62-8335-e7108bddb368","local_time":"20210211234658","is_ascension_mode":true,"campfire_choices":[{"data":"Slimebound:Split","floor":1,"key":"SMITH"},{"data":"Slimebound:PressTheAttack","floor":6,"key":"SMITH"},{"data":"Slimebound:ForwardTackle","floor":13,"key":"SMITH"},{"floor":18,"key":"RECALL"},{"floor":23,"key":"REST"},{"floor":27,"key":"REST"},{"floor":35,"key":"REST"},{"floor":42,"key":"REST"}],"circlet_count":0,"master_deck":["Slimebound:Strike_Slimebound+1","Slimebound:Tackle+1","Slimebound:Defend_Slimebound","Slimebound:Defend_Slimebound","Slimebound:Defend_Slimebound","Slimebound:Defend_Slimebound","Slimebound:Split+1","Slimebound:CorrosiveSpit","Slimebound:Schlurp","Slimebound:Repurpose","Slimebound:ProtectTheBoss","Slimebound:PressTheAttack+1","Slimebound:ForwardTackle+1","Slimebound:SplitAcid+1","Slimebound:HauntingLick","Slimebound:MinionMaster","Slimebound:Gluttony","Slimebound:Overexert+1","Slimebound:Darklings","Slimebound:SplitLeeching","J.A.X.","Slimebound:GoopSpray","Slimebound:PressTheAttack+1","Slimebound:Equalize","Slimebound:LevelUp+1","Slimebound:PressTheAttack","CurseOfTheBell","Slimebound:LevelUp+1","Slimebound:SplitBruiser+1","Slimebound:LevelUp+1"],"relics":["Slimebound:AbsorbEndCombat","Juzu Bracelet","Orichalcum","Bronze Scales","Sundial","Oddly Smooth Stone","Fusion Hammer","Frozen Egg 2","MutagenicStrength","downfall:GremlinWheel","downfall:HeartBlessingRed","Bag of Preparation","ClockworkSouvenir","Slimebound:MaxSlimesRelic","HandDrill","White Beast Statue","Toy Ornithopter","Whetstone","Calling Bell","Anchor","Ornamental Fan","TungstenRod","Membership Card","Nunchaku"],"acts_visited":["Exordium","TheCity","TheBeyond"],"potions_floor_usage":[14,14,16,26,30,32,33,33,43],"damage_taken":[{"damage":4,"enemies":"Cultist","floor":2,"turns":4},{"damage":0,"enemies":"downfall:FleeingMerchant","floor":3,"turns":4},{"damage":0,"enemies":"downfall:FleeingMerchant","floor":5,"turns":4},{"damage":7,"enemies":"Jaw Worm","floor":9,"turns":4},{"damage":0,"enemies":"2 Louse","floor":10,"turns":3},{"damage":15,"enemies":"Lagavulin","floor":11,"turns":6},{"damage":15,"enemies":"downfall:FleeingMerchant","floor":12,"turns":4},{"damage":3,"enemies":"3 Sentries","floor":14,"turns":4},{"damage":13,"enemies":"Lots of Slimes","floor":15,"turns":3},{"damage":14,"enemies":"SI_SHIV_ARCHETYPE","floor":16,"turns":5},{"damage":26,"enemies":"downfall:Augmenter","floor":20,"turns":5},{"damage":0,"enemies":"downfall:Augmenter","floor":22,"turns":2},{"damage":0,"enemies":"Chosen","floor":25,"turns":1},{"damage":15,"enemies":"downfall:FleeingMerchant","floor":26,"turns":4},{"damage":25,"enemies":"Book of Stabbing","floor":28,"turns":3},{"damage":4,"enemies":"downfall:FleeingMerchant","floor":29,"turns":2},{"damage":18,"enemies":"Gremlin Leader","floor":30,"turns":5},{"damage":1,"enemies":"3 Byrds","floor":31,"turns":2},{"damage":15,"enemies":"Snecko","floor":32,"turns":3},{"damage":17,"enemies":"WA_ARCHETYPE_CALM","floor":33,"turns":5},{"damage":5,"enemies":"3 Shapes","floor":36,"turns":2},{"damage":0,"enemies":"Orb Walker","floor":37,"turns":3},{"damage":11,"enemies":"Writhing Mass","floor":38,"turns":5},{"damage":2,"enemies":"Maw","floor":40,"turns":5},{"damage":90,"enemies":"Giant Head","floor":43,"turns":8}],"seed_played":"-3980622967531552305","potions_obtained":[{"floor":4,"key":"BlessingOfTheForge"},{"floor":4,"key":"Slimebound:SpawnSlimePotion"},{"floor":4,"key":"LiquidBronze"},{"floor":9,"key":"AttackPotion"},{"floor":14,"key":"bronze:BurnAndBuffPotion"},{"floor":16,"key":"Guardian:BlockOnCardUsePotion"},{"floor":22,"key":"Fruit Juice"},{"floor":28,"key":"BlessingOfTheForge"},{"floor":30,"key":"Slimebound:SlimedPotion"},{"floor":32,"key":"FearPotion"},{"floor":33,"key":"ColorlessPotion"},{"floor":36,"key":"bronze:BurnAndBuffPotion"},{"floor":38,"key":"Block Potion"}],"is_trial":false,"path_per_floor":["R","M","$","?","$","R","T","?","M","M","E","$","R","E","M","B",null,"R","?","?","?","?","R","T","M","$","R","E","$","E","M","M","B",null,"R","M","M","M","$","M","T","R","E"],"character_chosen":"SLIMEBOUND","items_purchased":["Juzu Bracelet","Orichalcum","Slimebound:PressTheAttack","ClockworkSouvenir","HandDrill","White Beast Statue","Toy Ornithopter","Membership Card","Nunchaku","Slimebound:LevelUp+1"],"campfire_rested":4,"item_purchase_floors":[3,3,5,26,29,29,29,39,39,39],"current_hp_per_floor":[47,47,55,55,63,63,63,63,62,65,52,43,43,46,35,29,65,65,65,45,45,47,65,65,65,59,70,49,49,40,51,43,40,70,70,70,70,61,61,70,70,70,0,0,0],"gold":61,"neow_bonus":"TWO_FIFTY_GOLD","is_daily":false,"chose_seed":false,"campfire_upgraded":3,"win_rate":0.0,"timestamp":1613080018,"path_taken":["R","M","$","?","?","R","T","?","M","M","E","?","R","E","M","BOSS","R","?","?","?","?","R","T","M","?","R","E","$","E","M","M","BOSS","R","M","M","M","$","M","T","R","E"],"items_purchased_type":["Relic","Relic","Card","Relic","Relic","Relic","Relic","Relic","Relic","Card"],"build_version":"2020-12-22","purchased_purges":2,"victory":false,"max_hp_per_floor":[65,65,65,65,65,65,65,65,65,65,65,65,65,65,65,65,65,65,65,65,65,65,65,65,65,70,70,70,70,70,70,70,70,70,70,70,70,70,70,70,70,70,70,70,70],"card_choices":[{"not_picked":["Slimebound:GoopTackle","Slimebound:Prepare"],"picked":"Slimebound:Schlurp","floor":2},{"not_picked":["Slimebound:ForwardTackle","Slimebound:GoopTackle"],"picked":"Slimebound:Repurpose","floor":3},{"not_picked":["Slimebound:SplitLeeching","Slimebound:DivideAndConquer"],"picked":"Slimebound:ProtectTheBoss","floor":5},{"not_picked":["Slimebound:LeechingTouch","Slimebound:DivideAndConquer","Slimebound:ServeAndProtect"],"picked":"SKIP","floor":9},{"not_picked":["Slimebound:FinishingTackle","Slimebound:PressTheAttack"],"picked":"Slimebound:ForwardTackle","floor":10},{"not_picked":["Slimebound:TongueLash","Slimebound:SlimeTap"],"picked":"Slimebound:SplitAcid","floor":11},{"not_picked":["Slimebound:RainOfGoop","Slimebound:Replication"],"picked":"Slimebound:HauntingLick","floor":12},{"not_picked":["Slimebound:ItLooksTasty","Slimebound:Equalize"],"picked":"Slimebound:MinionMaster","floor":14},{"not_picked":["Slimebound:LeechEnergy","Slimebound:LeechingTouch"],"picked":"Slimebound:Gluttony","floor":15},{"not_picked":["Slimebound:MassFeed","Slimebound:DouseInSlime"],"picked":"Slimebound:Overexert","floor":16},{"not_picked":[],"picked":"J.A.X.","floor":20},{"not_picked":["Slimebound:SlimeSpikes+1","Slimebound:Gluttony+1"],"picked":"Slimebound:GoopSpray","floor":20},{"not_picked":["Slimebound:HauntingLick","Slimebound:SpikyOuterGoop+1"],"picked":"Slimebound:PressTheAttack+1","floor":25},{"not_picked":["Slimebound:WasteNot","Slimebound:LeechEnergy","Slimebound:ComboTackle"],"picked":"SKIP","floor":26},{"not_picked":["Slimebound:SlimeTap+1","Slimebound:SpikyOuterGoop+1"],"picked":"Slimebound:Equalize","floor":28},{"not_picked":["Slimebound:SlimeSpikes","Slimebound:ComboTackle","Slimebound:GoopSpray"],"picked":"SKIP","floor":29},{"not_picked":["Slimebound:ServeAndProtect+1","Slimebound:FlameTackle"],"picked":"Slimebound:LevelUp+1","floor":30},{"not_picked":["Slimebound:FinishingTackle+1","Slimebound:DivideAndConquer","Slimebound:GrowthPunch"],"picked":"SKIP","floor":31},{"not_picked":["Slimebound:FinishingTackle+1","Slimebound:DivideAndConquer","Slimebound:GrowthPunch"],"picked":"SKIP","floor":31},{"not_picked":["Slimebound:SamplingLick+1","Slimebound:Chomp"],"picked":"Slimebound:PressTheAttack","floor":32},{"not_picked":["Slimebound:SplitMire","Slimebound:FinishingTackle"],"picked":"Slimebound:LevelUp+1","floor":36},{"not_picked":["Slimebound:Chomp+1","Slimebound:Prepare+1","Slimebound:SpikyOuterGoop+1"],"picked":"SKIP","floor":37},{"not_picked":["Slimebound:Chomp+1","Slimebound:Prepare+1","Slimebound:SpikyOuterGoop+1"],"picked":"SKIP","floor":37},{"not_picked":["Slimebound:Nibble+1","Slimebound:Grow+1"],"picked":"Slimebound:SplitBruiser+1","floor":38},{"not_picked":["Slimebound:HungryTackle+1","Slimebound:Prepare+1","Slimebound:AcidTongue+1"],"picked":"SKIP","floor":40}],"player_experience":29556,"relics_obtained":[{"floor":7,"key":"Bronze Scales"},{"floor":11,"key":"Sundial"},{"floor":14,"key":"Oddly Smooth Stone"},{"floor":20,"key":"MutagenicStrength"},{"floor":22,"key":"downfall:GremlinWheel"},{"floor":24,"key":"Bag of Preparation"},{"floor":28,"key":"Slimebound:MaxSlimesRelic"},{"floor":30,"key":"Whetstone"},{"floor":34,"key":"Anchor"},{"floor":34,"key":"Ornamental Fan"},{"floor":34,"key":"TungstenRod"}],"event_choices":[{"damage_healed":0,"gold_gain":0,"player_choice":"Got Potions","damage_taken":0,"max_hp_gain":0,"max_hp_loss":0,"event_name":"Lab","floor":4,"gold_loss":0},{"damage_healed":0,"gold_gain":200,"player_choice":"Gold","damage_taken":0,"max_hp_gain":0,"max_hp_loss":0,"event_name":"Wheel of Change","floor":23,"gold_loss":0}],"is_beta":false,"boss_relics":[{"not_picked":["Black Star","Philosopher\u0027s Stone"],"picked":"Fusion Hammer"},{"not_picked":["Astrolabe","SacredBark"],"picked":"Calling Bell"}],"items_purged_floors":[26,39],"is_endless":false,"potions_floor_spawned":[9,11,14,16,22,28,30,31,32,33,36,37,38,40],"killed_by":"Giant Head","ascension_level":2}}