{"host":"tner83jrcdd0m6a5","time":1613025453,"event":{"mods":["AchievementEnabler","BaseMod","Bestiary","Colored Map","Colored Powertips","DeckTracker","Highlight Path","Keyboard Shortcuts","Minty Spire (QoL Compilation)","Quick Restart","Rare Cards Sparkle","Relic Stats","Slay-I","SuperFastMode"],"gold_per_floor":[115,115,129,142,142,177,177,205,205,205,280,280,292,320,320,320,320],"floor_reached":16,"language":"ENG","playtime":528,"items_purged":[],"score":172,"play_id":"4224c78d-df99-426e-896c-f74c3cac10fd","local_time":"20210211063733","is_ascension_mode":true,"campfire_choices":[{"data":"Leg Sweep","floor":7,"key":"SMITH"},{"data":"Neutralize","floor":10,"key":"SMITH"},{"data":"Finisher","floor":12,"key":"SMITH"},{"data":"Skewer","floor":15,"key":"SMITH"}],"circlet_count":0,"master_deck":["Strike_G","Strike_G","Strike_G","Strike_G","Defend_G","Defend_G","Defend_G","Defend_G","Defend_G","Survivor","Neutralize+1","Skewer+1","Leg Sweep+1","Finisher+1"],"relics":["Ring of the Snake","PreservedInsect","Regal Pillow","Dead Branch","StrikeDummy","Gremlin Horn"],"acts_visited":["Exordium"],"potions_floor_usage":[6,8,13],"damage_taken":[{"damage":1,"enemies":"2 Louse","floor":1,"turns":3},{"damage":0,"enemies":"Cultist","floor":3,"turns":4},{"damage":0,"enemies":"Jaw Worm","floor":4,"turns":4},{"damage":6,"enemies":"3 Sentries","floor":6,"turns":4},{"damage":9,"enemies":"Lagavulin","floor":8,"turns":9},{"damage":0,"enemies":"Large Slime","floor":13,"turns":1},{"damage":0,"enemies":"Gremlin Nob","floor":14,"turns":4},{"damage":49,"enemies":"Hexaghost","floor":16,"turns":15}],"seed_played":"-6246278773515873695","potions_obtained":[{"floor":1,"key":"PowerPotion"},{"floor":4,"key":"ColorlessPotion"},{"floor":8,"key":"AttackPotion"},{"floor":13,"key":"Weak Potion"}],"is_trial":false,"path_per_floor":["M","?","M","M","?","E","R","E","T","R","?","R","M","E","R","B"],"character_chosen":"THE_SILENT","items_purchased":[],"campfire_rested":0,"item_purchase_floors":[],"current_hp_per_floor":[69,69,69,69,74,68,68,59,59,59,48,48,48,48,48,0,0],"gold":320,"neow_bonus":"RANDOM_COMMON_RELIC","is_daily":false,"chose_seed":false,"campfire_upgraded":4,"win_rate":0.0,"timestamp":1613025453,"path_taken":["M","?","M","?","?","E","R","E","T","R","?","R","M","E","R","BOSS"],"items_purchased_type":[],"build_version":"2020-12-22","purchased_purges":0,"victory":false,"max_hp_per_floor":[70,70,70,70,75,75,75,75,75,75,75,75,75,75,75,75,75],"relic_stats":{"Regal Pillow":0,"Gremlin Horn":[0,0],"counters":[8,44],"Dead Branch":[0],"PreservedInsect":79,"obtain_stats":[{"Regal Pillow":6,"Gremlin Horn":14,"Dead Branch":8,"PreservedInsect":0,"StrikeDummy":9,"Ring of the Snake":0},{"Regal Pillow":4,"Gremlin Horn":7,"Dead Branch":5,"PreservedInsect":0,"StrikeDummy":5,"Ring of the Snake":0},{"Regal Pillow":15,"Gremlin Horn":29,"Dead Branch":24,"PreservedInsect":0,"StrikeDummy":24,"Ring of the Snake":0}],"Ring of the Snake":[16]},"card_choices":[{"not_picked":["Expertise","Slice","Caltrops"],"picked":"SKIP","floor":1},{"not_picked":["Calculated Gamble","Concentrate","Prepared"],"picked":"SKIP","floor":3},{"not_picked":["Dodge and Roll","Deflect"],"picked":"Leg Sweep","floor":4},{"not_picked":["Dodge and Roll","Flying Knee"],"picked":"Finisher","floor":6},{"not_picked":["Dodge and Roll","Bouncing Flask","Leg Sweep"],"picked":"SKIP","floor":8},{"not_picked":["Reflex","Prepared","Underhanded Strike"],"picked":"SKIP","floor":13},{"not_picked":["Deflect","Reflex","Bouncing Flask"],"picked":"SKIP","floor":14}],"player_experience":374823,"relics_obtained":[{"floor":6,"key":"Regal Pillow"},{"floor":8,"key":"Dead Branch"},{"floor":9,"key":"StrikeDummy"},{"floor":14,"key":"Gremlin Horn"}],"event_choices":[{"damage_healed":0,"gold_gain":0,"cards_transformed":["Strike_G"],"player_choice":"Transformed","damage_taken":0,"max_hp_gain":0,"max_hp_loss":0,"event_name":"Transmorgrifier","floor":2,"gold_loss":0,"cards_obtained":["Skewer"]},{"damage_healed":0,"gold_gain":0,"player_choice":"Donut","damage_taken":0,"max_hp_gain":5,"max_hp_loss":0,"event_name":"Big Fish","floor":5,"gold_loss":0},{"damage_healed":0,"gold_gain":75,"player_choice":"Gather Gold","damage_taken":11,"max_hp_gain":0,"max_hp_loss":0,"event_name":"World of Goop","floor":11,"gold_loss":0}],"is_beta":false,"boss_relics":[],"items_purged_floors":[],"is_endless":false,"potions_floor_spawned":[1,4,8,13],"killed_by":"Hexaghost","ascension_level":4}}