{"host":"o3b7ow6d1xe49css","time":1613037180,"event":{"mods":["Act Like it!","Aspiration","BaseMod","Bestiary","Better Altar","Better Match","Better Note","Better Sensory Stone","Better Skull","Better Third Choice","Colored Powertips","Conspire","Energized Spire","GifTheSpireLib","Halation","Hermit","Hubris","Infinite Spire","Lobotomy","Marisa????????","Minty Spire (QoL Compilation)","Quick Restart","Rare Cards Sparkle","Relic Filter Mod","Reliquary","Replay The Spire","Spicy Shops","Spikes Relics","Spire Arcade","StSLib","Stuff the Spire","The Blue Laboratory","Wandering Minibosses"],"gold_per_floor":[110,135,161,187,187,226,226,273,273,273,10,55,55,104,104,104,104],"floor_reached":16,"language":"ENG","playtime":652,"items_purged":["Strike_MRS"],"score":160,"play_id":"5603d532-0195-4522-a705-b428c73cf49c","local_time":"20210211005300","daily_mods":["Heirloom","Flight"],"is_ascension_mode":true,"campfire_choices":[{"floor":7,"key":"REST"},{"data":"Robbery","floor":7,"key":"SMITH"},{"floor":10,"key":"REST"},{"data":"StarDustReverie","floor":10,"key":"SMITH"},{"floor":15,"key":"REST"},{"data":"Master of Strategy","floor":15,"key":"SMITH"}],"circlet_count":0,"master_deck":["Strike_MRS","Strike_MRS","Strike_MRS","Defend_MRS","Defend_MRS","Defend_MRS","Defend_MRS","MasterSpark","UpSweep","Robbery+1","StarDustReverie+1","NonDirectionalLaser","GalacticHalo","GrandCross","Master of Strategy+1","NonDirectionalLaser","DeepEcoloBomb"],"relics":["MiniHakkero","infinitespire:Magic Flask","CogitoBucket","conspire:GlowingRock","Tiny Chest","Peace Pipe","AmplifyWand","reliquary:Aerogel","conspire:Boomerang"],"acts_visited":["Exordium"],"potions_floor_usage":[3],"damage_taken":[{"damage":5,"enemies":"2 Louse","floor":1,"turns":3},{"damage":1,"enemies":"Cultist","floor":2,"turns":3},{"damage":4,"enemies":"Jaw Worm","floor":3,"turns":4},{"damage":5,"enemies":"Blue Slaver","floor":4,"turns":6},{"damage":34,"enemies":"Gremlin Nob","floor":6,"turns":5},{"damage":30,"enemies":"3 Sentries","floor":8,"turns":6},{"damage":8,"enemies":"Gremlin Nob","floor":12,"turns":3},{"damage":11,"enemies":"3 Sentries","floor":14,"turns":6},{"damage":0,"enemies":"Hexaghost","floor":16,"turns":2}],"seed_played":"1161575956152422584","potions_obtained":[{"floor":1,"key":"Block Potion"},{"floor":12,"key":"blueLaboratory:LouseDecoction"}],"is_trial":true,"path_per_floor":["M","M","M","M","?","E","R","E","T","R","$","E","?","E","R","B"],"character_chosen":"MARISA","items_purchased":["Master of Strategy"],"campfire_rested":3,"item_purchase_floors":[11],"current_hp_per_floor":[70,69,65,60,60,26,48,18,18,40,40,32,32,21,43,43,43],"gold":104,"neow_bonus":"","is_daily":false,"chose_seed":false,"campfire_upgraded":3,"win_rate":0.0,"timestamp":1613037180,"path_taken":["M","M","M","M","?","E","R","E","T","R","$","E","?","E","R","BOSS"],"items_purchased_type":["Card"],"build_version":"2020-12-22","purchased_purges":1,"victory":false,"max_hp_per_floor":[75,75,75,75,75,75,75,75,75,75,75,75,75,75,75,75,75],"card_choices":[{"not_picked":["SporeBomb","DoubleSpark"],"picked":"Robbery","floor":1},{"not_picked":["Laetitia","WallGazer","Wellcheers"],"picked":"Singing Bowl","floor":1},{"not_picked":["DragonMeteor","Singularity"],"picked":"StarDustReverie","floor":2},{"not_picked":["BeautyBeast","RedShoes","VoidDream"],"picked":"Singing Bowl","floor":2},{"not_picked":["DC","SuperPerseids"],"picked":"NonDirectionalLaser","floor":3},{"not_picked":["BeautyBeast","PunishingBird","CrumblingArmor"],"picked":"Singing Bowl","floor":3},{"not_picked":["LuminesStrike","DC"],"picked":"GalacticHalo","floor":4},{"not_picked":["Bloodbath","SpiderBud","Wellcheers"],"picked":"Singing Bowl","floor":4},{"not_picked":["OneTimeOff","DC","StarBarrage"],"picked":"SKIP","floor":6},{"not_picked":["DC","BigCrunch"],"picked":"GrandCross","floor":8},{"not_picked":["Variant","MHz","WallGazer"],"picked":"Singing Bowl","floor":8},{"not_picked":["WitchOfGreed","UnstableBomb"],"picked":"NonDirectionalLaser","floor":12},{"not_picked":["WitchOfGreed","UnstableBomb"],"picked":"DeepEcoloBomb","floor":14}],"player_experience":1362511,"relics_obtained":[{"floor":6,"key":"conspire:GlowingRock"},{"floor":8,"key":"Tiny Chest"},{"floor":9,"key":"Peace Pipe"},{"floor":12,"key":"AmplifyWand"},{"floor":14,"key":"conspire:Boomerang"}],"event_choices":[{"damage_healed":0,"gold_gain":0,"player_choice":"Gave Potion","damage_taken":0,"relics_obtained":["reliquary:Aerogel"],"max_hp_gain":0,"max_hp_loss":0,"event_name":"WeMeetAgain","floor":13,"gold_loss":0}],"is_beta":false,"boss_relics":[],"items_purged_floors":[11],"is_endless":false,"potions_floor_spawned":[1,12],"killed_by":"Hexaghost","ascension_level":5}}