{"host":"dztixnx9b0gu6w9i","time":1613078663,"event":{"mods":["BaseMod","Bestiary","Minty Spire (QoL Compilation)","Relic Stats","Slay the Relics Exporter","SpireBot","ojb\u0027s Better Paths Mod","ojb\u0027s Info Mod"],"gold_per_floor":[118,268,69,69,82,136,136,200,200,218,269,269,344,383,383,462,462,472,472,487,523,4,4,4],"floor_reached":23,"language":"ENG","playtime":2962,"items_purged":["Doubt"],"score":452,"play_id":"1d445e8e-dd32-4e23-b356-7b6b7feeb0ae","local_time":"20210211162423","is_ascension_mode":true,"campfire_choices":[{"data":"HandOfGreed","floor":7,"key":"SMITH"},{"data":"Hologram","floor":12,"key":"SMITH"},{"floor":15,"key":"REST"}],"circlet_count":0,"master_deck":["AscendersBane","Strike_B","Strike_B","Defend_B+1","Defend_B","Defend_B","Defend_B","Zap","Dualcast+1","Leap","HandOfGreed+1","Chill","Undo","Biased Cognition","Cold Snap","Hologram+1","Electrodynamics","Fusion","White Noise","Capacitor","Compile Driver","Go for the Eyes+1","Stack+1","Hologram+1","Amplify"],"relics":["Cracked Core","NeowsBlessing","Symbiotic Virus","White Beast Statue","Turnip","Philosopher\u0027s Stone","Orrery","Meat on the Bone"],"acts_visited":["Exordium","TheCity"],"potions_floor_usage":[11,14,16,16,20,21,23,23],"damage_taken":[{"damage":0,"enemies":"Cultist","floor":1,"turns":1},{"damage":0,"enemies":"Jaw Worm","floor":5,"turns":1},{"damage":0,"enemies":"Lagavulin","floor":6,"turns":1},{"damage":0,"enemies":"2 Louse","floor":8,"turns":4},{"damage":1,"enemies":"Looter","floor":10,"turns":5},{"damage":9,"enemies":"Gremlin Nob","floor":11,"turns":3},{"damage":4,"enemies":"Exordium Thugs","floor":14,"turns":5},{"damage":13,"enemies":"The Guardian","floor":16,"turns":10},{"damage":0,"enemies":"Chosen","floor":18,"turns":3},{"damage":17,"enemies":"Shell Parasite","floor":20,"turns":3},{"damage":7,"enemies":"Snake Plant","floor":21,"turns":5},{"damage":37,"enemies":"Gremlin Leader","floor":23,"turns":4}],"seed_played":"-1628373350283658183","potions_obtained":[{"floor":1,"key":"Ancient Potion"},{"floor":5,"key":"Fire Potion"},{"floor":10,"key":"ColorlessPotion"},{"floor":11,"key":"PotionOfCapacity"},{"floor":14,"key":"BlessingOfTheForge"},{"floor":16,"key":"AttackPotion"},{"floor":18,"key":"SteroidPotion"},{"floor":20,"key":"PowerPotion"},{"floor":21,"key":"Ancient Potion"}],"is_trial":false,"path_per_floor":["M","?","$","?","M","E","R","M","T","M","E","R","?","M","R","B",null,"M","?","M","M","$","E"],"character_chosen":"DEFECT","items_purchased":["HandOfGreed","Orrery","Meat on the Bone"],"campfire_rested":1,"item_purchase_floors":[3,22,22],"current_hp_per_floor":[64,64,64,43,43,43,43,43,43,42,33,33,22,18,39,26,60,60,60,43,36,36,0,0],"gold":4,"neow_bonus":"THREE_ENEMY_KILL","is_daily":false,"chose_seed":false,"campfire_upgraded":2,"win_rate":0.0,"timestamp":1613078663,"path_taken":["M","?","$","?","M","E","R","M","T","M","E","R","?","M","R","BOSS","M","?","M","M","?","E"],"items_purchased_type":["Card","Relic","Relic"],"build_version":"2020-12-22","purchased_purges":1,"victory":false,"max_hp_per_floor":[71,71,71,71,71,71,71,71,71,71,71,71,71,71,71,71,71,71,71,71,71,71,71,71],"relic_stats":{"counters":[12,45],"Turnip":[4],"obtain_stats":[{"NeowsBlessing":0,"Orrery":22,"Philosopher\u0027s Stone":17,"Turnip":11,"Cracked Core":0,"Symbiotic Virus":6,"White Beast Statue":9,"Meat on the Bone":22},{"NeowsBlessing":0,"Orrery":11,"Philosopher\u0027s Stone":8,"Turnip":6,"Cracked Core":0,"Symbiotic Virus":3,"White Beast Statue":4,"Meat on the Bone":11},{"NeowsBlessing":0,"Orrery":41,"Philosopher\u0027s Stone":30,"Turnip":15,"Cracked Core":0,"Symbiotic Virus":3,"White Beast Statue":7,"Meat on the Bone":41}],"Meat on the Bone":0},"card_choices":[{"not_picked":["Heatsinks","Turbo"],"picked":"Leap","floor":1},{"not_picked":["Aggregate","Chill","Gash"],"picked":"SKIP","floor":5},{"not_picked":["Aggregate","Gash"],"picked":"Chill","floor":5},{"not_picked":["Leap","Storm"],"picked":"Undo","floor":6},{"not_picked":["Coolheaded","Streamline"],"picked":"Biased Cognition","floor":8},{"not_picked":["Double Energy","Blizzard"],"picked":"Cold Snap","floor":10},{"not_picked":["Stack","Chill"],"picked":"Hologram","floor":11},{"not_picked":["Blizzard","White Noise","Streamline"],"picked":"SKIP","floor":14},{"not_picked":["Blizzard","White Noise","Streamline"],"picked":"SKIP","floor":14},{"not_picked":["Thunder Strike","Buffer"],"picked":"Electrodynamics","floor":16},{"not_picked":["Rip and Tear","Conserve Battery","Gash"],"picked":"SKIP","floor":18},{"not_picked":["Rip and Tear","Conserve Battery","Gash"],"picked":"SKIP","floor":18},{"not_picked":["Rebound+1","Steam"],"picked":"Capacitor","floor":20},{"not_picked":["Hologram","Auto Shields"],"picked":"Compile Driver","floor":21},{"not_picked":["Cold Snap+1","Steam"],"picked":"Go for the Eyes+1","floor":22},{"not_picked":["Rebound","Ball Lightning"],"picked":"Stack+1","floor":22},{"not_picked":["Chill","Sweeping Beam"],"picked":"Hologram+1","floor":22},{"not_picked":["Ball Lightning","Redo+1"],"picked":"Amplify","floor":22}],"player_experience":8567942,"relics_obtained":[{"floor":6,"key":"Symbiotic Virus"},{"floor":9,"key":"White Beast Statue"},{"floor":11,"key":"Turnip"}],"event_choices":[{"damage_healed":0,"gold_gain":150,"player_choice":"AGREE","damage_taken":0,"max_hp_gain":0,"max_hp_loss":0,"event_name":"Liars Game","floor":2,"gold_loss":0,"cards_obtained":["Doubt"]},{"damage_healed":0,"gold_gain":0,"player_choice":"Entered Light","damage_taken":21,"max_hp_gain":0,"max_hp_loss":0,"event_name":"Shining Light","floor":4,"gold_loss":0,"cards_upgraded":["Dualcast","Defend_B"]},{"damage_healed":0,"gold_gain":75,"player_choice":"Gather Gold","damage_taken":11,"max_hp_gain":0,"max_hp_loss":0,"event_name":"World of Goop","floor":13,"gold_loss":0},{"damage_healed":0,"gold_gain":0,"cards_transformed":["Strike_B","Strike_B"],"player_choice":"Became Test Subject","damage_taken":0,"max_hp_gain":0,"max_hp_loss":0,"event_name":"Drug Dealer","floor":19,"gold_loss":0,"cards_obtained":["Fusion","White Noise"]}],"is_beta":false,"boss_relics":[{"not_picked":["Cursed Key","Busted Crown"],"picked":"Philosopher\u0027s Stone"}],"items_purged_floors":[22],"is_endless":false,"potions_floor_spawned":[1,5,10,11,14,16,18,20,21],"killed_by":"Gremlin Leader","ascension_level":20}}