{"host":"5m2js577gj4e7pak","time":1613020550,"event":{"mods":["AchievementEnabler","BaseMod","Better Match","BetterRewards","Colored Map","Colored Powertips","Googly Eyes","Highlight Path","Lobotomy","LobotomyExtend","Minty Spire (QoL Compilation)","Quick Restart","Relic Filter","StSLib"],"gold_per_floor":[116,291,107,125,125,163,179,199,199,199,223,223,223,223,223],"floor_reached":14,"language":"ENG","playtime":349,"items_purged":[],"score":121,"play_id":"e28257d6-cfbe-459f-84d9-a1079f97ad3d","local_time":"20210211061550","is_ascension_mode":true,"campfire_choices":[],"circlet_count":0,"master_deck":["SpecialBullet","SpecialBullet","SpecialBullet","SpecialBullet","SpecialBullet","SpecialBullet","SpecialBullet","ControlCode","InformationCode","SecurityCode","RedEyes+1","Doubt","Madness","Penitence+1","Ecstasy+1","WristCuter","Injury","Adoration","Horn","WristCuter","BeautyBeast","Horn"],"relics":["CogitoBucket","NeowsBlessing","LetterFromLob","Golden Idol","Juzu Bracelet","War Paint","MagicBullet_r","ShedSkin_r"],"acts_visited":["Exordium"],"potions_floor_usage":[14,14],"damage_taken":[{"damage":0,"enemies":"2 Louse","floor":1,"turns":1},{"damage":0,"enemies":"Jaw Worm","floor":4,"turns":1},{"damage":0,"enemies":"3 Sentries","floor":6,"turns":2},{"damage":17,"enemies":"Small Slimes","floor":7,"turns":3},{"damage":25,"enemies":"2 Fungi Beasts","floor":8,"turns":4},{"damage":40,"enemies":"Exordium Thugs","floor":11,"turns":5},{"damage":78,"enemies":"Gremlin Nob","floor":14,"turns":4}],"seed_played":"1378934414174098645","potions_obtained":[{"floor":4,"key":"SteroidPotion"},{"floor":7,"key":"Weak Potion"}],"is_trial":false,"path_per_floor":["M","?","$","M","?","E","M","M","T","E","M","R","?","E"],"character_chosen":"Angela","items_purchased":["Madness","Penitence","Ecstasy"],"campfire_rested":0,"item_purchase_floors":[3,3,3],"current_hp_per_floor":[70,70,70,70,70,70,61,69,69,52,26,26,26,0,0],"gold":223,"neow_bonus":"THREE_ENEMY_KILL","is_daily":false,"chose_seed":false,"campfire_upgraded":0,"win_rate":0.0,"timestamp":1613020550,"path_taken":["M","?","$","M","?","E","M","M","T","E","M","R","?","E"],"items_purchased_type":["Card","Card","Card"],"build_version":"2020-12-22","purchased_purges":0,"victory":false,"max_hp_per_floor":[70,70,70,70,70,70,70,70,70,67,67,67,67,67,67],"card_choices":[{"not_picked":["Discord"],"picked":"RedEyes","floor":1},{"not_picked":["TodaysExpression"],"picked":"WristCuter","floor":4},{"not_picked":["BlackSwan_ego"],"picked":"Adoration","floor":6},{"not_picked":["FourthMatchFlame"],"picked":"Horn","floor":7},{"not_picked":["FeatherOfHonor"],"picked":"WristCuter","floor":8},{"not_picked":["Bloodbath","SingingMachine"],"picked":"BeautyBeast","floor":11},{"not_picked":["Loneliness"],"picked":"Horn","floor":11}],"player_experience":61730,"relics_obtained":[{"floor":1,"key":"LetterFromLob"},{"floor":6,"key":"Juzu Bracelet"},{"floor":9,"key":"War Paint"}],"event_choices":[{"damage_healed":0,"gold_gain":175,"player_choice":"AGREE","damage_taken":0,"max_hp_gain":0,"max_hp_loss":0,"event_name":"Liars Game","floor":2,"gold_loss":0,"cards_obtained":["Doubt"]},{"damage_healed":0,"gold_gain":0,"player_choice":"Take Wound","damage_taken":0,"relics_obtained":["Golden Idol"],"max_hp_gain":0,"max_hp_loss":0,"event_name":"Golden Idol","floor":5,"gold_loss":0,"cards_obtained":["Injury"]},{"damage_healed":0,"gold_gain":0,"player_choice":"Grow","damage_taken":0,"max_hp_gain":0,"max_hp_loss":0,"event_name":"Living Wall","floor":13,"gold_loss":0,"cards_upgraded":["Ecstasy"]}],"is_beta":false,"boss_relics":[],"items_purged_floors":[],"is_endless":false,"potions_floor_spawned":[4,7],"killed_by":"Gremlin Nob","ascension_level":1}}