{"host":"syozzdlzcqop4jia","time":1613003436,"event":{"mods":["AchievementEnabler","BaseMod","Colored Map","Colored Powertips","Minty Spire (QoL Compilation)","Quick Restart"],"gold_per_floor":[126,126,146,174,199,199,217,242,242,242,279,305,330,48,48,48,48],"floor_reached":16,"language":"ENG","playtime":923,"items_purged":[],"score":106,"play_id":"3f3d1fd9-8823-4352-ac08-ca15792a072d","local_time":"20210211013036","is_ascension_mode":false,"campfire_choices":[{"floor":6,"key":"RECALL"},{"data":"Pummel","floor":10,"key":"SMITH"},{"floor":15,"key":"REST"}],"circlet_count":0,"master_deck":["Strike_R","Strike_R","Strike_R","Strike_R","Strike_R","Defend_R","Defend_R","Defend_R","Defend_R","Bash","Wild Strike+1","Seeing Red","Flex","Pummel+1","Flex","Twin Strike","Infernal Blade","Flex","Demon Form"],"relics":["Burning Blood","CeramicFish","Shuriken","Blood Vial"],"acts_visited":["Exordium"],"potions_floor_usage":[7,11,16],"damage_taken":[{"damage":7,"enemies":"2 Louse","floor":1,"turns":3},{"damage":0,"enemies":"Cultist","floor":3,"turns":2},{"damage":0,"enemies":"Small Slimes","floor":4,"turns":2},{"damage":9,"enemies":"Blue Slaver","floor":5,"turns":3},{"damage":20,"enemies":"Exordium Wildlife","floor":7,"turns":6},{"damage":13,"enemies":"Exordium Thugs","floor":8,"turns":5},{"damage":30,"enemies":"3 Sentries","floor":11,"turns":12},{"damage":13,"enemies":"Red Slaver","floor":12,"turns":2},{"damage":10,"enemies":"Looter","floor":13,"turns":2},{"damage":50,"enemies":"Hexaghost","floor":16,"turns":8}],"seed_played":"-8001515349851965896","potions_obtained":[{"floor":3,"key":"SpeedPotion"},{"floor":7,"key":"Fruit Juice"},{"floor":8,"key":"DuplicationPotion"},{"floor":11,"key":"Weak Potion"},{"floor":12,"key":"GamblersBrew"}],"is_trial":false,"path_per_floor":["M","?","M","M","M","R","M","M","T","R","E","M","M","$","R","B"],"character_chosen":"IRONCLAD","items_purchased":["Blood Vial","Demon Form"],"campfire_rested":1,"item_purchase_floors":[14,14],"current_hp_per_floor":[79,79,80,80,77,77,68,61,61,61,37,30,26,26,51,3,3],"gold":48,"neow_bonus":"RANDOM_COMMON_RELIC","is_daily":false,"chose_seed":false,"campfire_upgraded":1,"win_rate":0.0,"timestamp":1613003436,"path_taken":["M","?","M","M","M","R","M","M","T","R","E","M","M","$","R","BOSS"],"items_purchased_type":["Relic","Card"],"build_version":"2020-12-22","purchased_purges":0,"victory":false,"max_hp_per_floor":[80,80,80,80,80,80,85,85,85,85,85,85,85,85,85,85,85],"card_choices":[{"not_picked":["Entrench","Warcry"],"picked":"Wild Strike","floor":1},{"not_picked":["Cleave","Havoc"],"picked":"Seeing Red","floor":3},{"not_picked":["Searing Blow","Heavy Blade"],"picked":"Flex","floor":4},{"not_picked":["Headbutt","Shrug It Off"],"picked":"Pummel","floor":5},{"not_picked":["Combust","Warcry","Hemokinesis"],"picked":"SKIP","floor":7},{"not_picked":["Hemokinesis","Iron Wave"],"picked":"Flex","floor":8},{"not_picked":["Shrug It Off","Combust"],"picked":"Twin Strike","floor":11},{"not_picked":["Disarm","Intimidate"],"picked":"Infernal Blade","floor":12},{"not_picked":["Pommel Strike","Iron Wave"],"picked":"Flex","floor":13}],"player_experience":666790,"relics_obtained":[{"floor":11,"key":"Shuriken"}],"event_choices":[{"damage_healed":0,"gold_gain":0,"player_choice":"Upgraded","damage_taken":0,"max_hp_gain":0,"max_hp_loss":0,"event_name":"Upgrade Shrine","floor":2,"gold_loss":0,"cards_upgraded":["Wild Strike"]}],"is_beta":false,"boss_relics":[],"items_purged_floors":[],"is_endless":false,"potions_floor_spawned":[3,7,8,11,12],"killed_by":"Hexaghost","ascension_level":0}}