{"host":"kh91mfnoze99ny0y","time":1613057020,"event":{"mods":["Act Like it!","BaseMod","Downfall","Gensokyo","KinomotoSakuraMod(Ä¾Ö®±¾Ó£)","Minty Spire (QoL Compilation)","StSLib","The Bug Knight","The Cursed"],"gold_per_floor":[118,135,154,167,187,220,10016,10016,10016,10042,10061,8980,8980,9014,9014,9116,9116,9136,8367,8367,7401,7401,7429,7429,7429,7454,6806,6839,6849,6849,6849,6849,6945,6945,6960,6960,5956,5956,5125,5150,4323,4195,4221,4221,4221,3685,3685,3700,3700,3700],"floor_reached":51,"language":"ZHS","playtime":4421,"items_purged":["HollowMod:QuickDashStart","HollowMod:NailStrikeStart","HollowMod:QuickDashStart","HollowMod:NailStrikeStart","HollowMod:InfectedAttack","HollowMod:InfectedAttack"],"score":852,"play_id":"b612c73d-be64-4645-9e65-d0e5a4c264ea","local_time":"20210211232340","is_ascension_mode":false,"campfire_choices":[{"data":"HollowMod:FocusHealStart","floor":8,"key":"SMITH"},{"data":"Chrysalis","floor":15,"key":"SMITH"},{"data":"HollowMod:SlysStrikes","floor":24,"key":"SMITH"},{"data":"HollowMod:ZotesMagnificence","floor":30,"key":"SMITH"},{"data":"Gensokyo:FourOfAKind","floor":32,"key":"SMITH"},{"data":"Gensokyo:FourOfAKind","floor":49,"key":"SMITH"}],"circlet_count":0,"master_deck":["HollowMod:QuickDashStart","HollowMod:FocusHealStart+1","HollowMod:PogoStrike","HollowMod:CloakDash","HollowMod:FastStrike","HollowMod:NewLittleFool","HollowMod:CycloneSlash","HollowMod:FastStrike+1","HollowMod:CloakDash","Chrysalis+1","HollowMod:SoulSplash","HollowMod:SlysStrikes+1","CurseOfTheBell","HollowMod:SiblingsSouls+1","Gensokyo:FourOfAKind+1","Gensokyo:FourOfAKind+1","Gensokyo:FourOfAKind","Gensokyo:FourOfAKind","HollowMod:CloakDash","HollowMod:ZotesMagnificence+1","Dash+1","HollowMod:CloakDash","HollowMod:InfectedAttack","HollowMod:InfectedAttack","HollowMod:theNailsmith","HollowMod:CloakDash","HollowMod:HerrahsAnger","HollowMod:BrokenVessel+1","Secret Technique","Gensokyo:RPG","HollowMod:BrokenVessel+1","Apotheosis","HollowMod:CloakDash","Gensokyo:Shovel","Gensokyo:ScrapIron","HollowMod:ZotesMagnificence+1","HollowMod:GoodIntentions+1"],"relics":["HollowMod:VesselMask","Boot","Ginger","Bottled Flame","Pantograph","HollowMod:LumaflyLanternRelic","Kunai","Frozen Eye","Unceasing Top","Calling Bell","Gambling Chip","Bag of Marbles","HollowMod:MantisClawRelic","Dream Catcher","Sling","Question Card","Thread and Needle","Lizard Tail","Frozen Egg 2","Peace Pipe","Blood Vial","Strange Spoon","Pen Nib","Bronze Scales","Matryoshka","Sozu","Toolbox","Strawberry","Shuriken","Medical Kit","HollowMod:PaleOreRelic","Ornamental Fan","Whetstone","OrangePellets","Bag of Preparation","Du-Vu Doll","Blue Candle","Lantern","DollysMirror","Orichalcum","Darkstone Periapt","Regal Pillow","InkBottle"],"acts_visited":["Exordium","Gensokyo:Gensokyo","Gensokyo:Gensokyoer"],"potions_floor_usage":[10,10,10,10,10,14,16,16,18,23,28,28,33,33,50],"damage_taken":[{"damage":2,"enemies":"Gensokyo:Gryphon","floor":1,"turns":3},{"damage":0,"enemies":"Gensokyo:3_Fairies","floor":2,"turns":3},{"damage":0,"enemies":"Gensokyo:2_Kodama","floor":3,"turns":3},{"damage":4,"enemies":"Gensokyo:CorruptedTreant","floor":4,"turns":4},{"damage":2,"enemies":"Gensokyo:5_Fairies","floor":5,"turns":5},{"damage":8,"enemies":"Gensokyo:Cirno","floor":6,"turns":5},{"damage":0,"enemies":"Gensokyo:LivingMonolith","floor":7,"turns":2},{"damage":0,"enemies":"Gensokyo:Aya","floor":10,"turns":4},{"damage":5,"enemies":"Gensokyo:3_Kodama","floor":11,"turns":2},{"damage":18,"enemies":"Gensokyo:Mamizou","floor":14,"turns":7},{"damage":28,"enemies":"Gensokyo:Kokoro","floor":16,"turns":6},{"damage":21,"enemies":"Gensokyo:CosmicMonolith","floor":18,"turns":5},{"damage":10,"enemies":"Gensokyo:Tenshi","floor":23,"turns":2},{"damage":17,"enemies":"Gensokyo:Reisen","floor":28,"turns":4},{"damage":0,"enemies":"Gensokyo:Chomper","floor":29,"turns":1},{"damage":49,"enemies":"Gensokyo:Kaguya","floor":33,"turns":7},{"damage":0,"enemies":"Gensokyo:3_Bats","floor":35,"turns":3},{"damage":46,"enemies":"Gensokyo:Marisa","floor":40,"turns":6},{"damage":5,"enemies":"Gensokyo:3_Boulders","floor":48,"turns":3},{"damage":14,"enemies":"Gensokyo:Yuyuko","floor":50,"turns":3}],"seed_played":"-7106664665825900948","potions_obtained":[{"floor":2,"key":"bronze:BurnAndBuffPotion"},{"floor":3,"key":"EntropicBrew"},{"floor":7,"key":"SkillPotion"},{"floor":14,"key":"SteroidPotion"},{"floor":16,"key":"Guardian:BlockOnCardUsePotion"},{"floor":28,"key":"Fire Potion"},{"floor":29,"key":"BlessingOfTheForge"}],"is_trial":false,"path_per_floor":["M","M","M","M","M","E","M","R","T","E","M","$","?","E","R","B",null,"M","$","?","$","?","E","R","?","T","$","E","M","R","?","R","B",null,"M","?","$","?","$","E","$","COS","T","?","?","$","T","M","R","B",null],"character_chosen":"THE_BUGKNIGHT","items_purchased":["HollowMod:LumaflyLanternRelic","Kunai","Frozen Eye","Strength Potion","Energy Potion","HollowMod:CloakDash","Chrysalis","HollowMod:SoulSplash","Dream Catcher","Sling","Question Card","DuplicationPotion","BlessingOfTheForge","Thread and Needle","Lizard Tail","HollowMod:CloakDash","HollowMod:ZotesMagnificence","DuplicationPotion","Strange Spoon","Pen Nib","Bronze Scales","AttackPotion","Toolbox","Strawberry","Shuriken","HollowMod:BrokenVessel+1","Secret Technique","Medical Kit","HollowMod:PaleOreRelic","Ornamental Fan","HollowMod:BrokenVessel+1","OrangePellets","Bag of Preparation","Du-Vu Doll","Apotheosis","HollowMod:CloakDash","DollysMirror","Orichalcum","Darkstone Periapt"],"campfire_rested":0,"item_purchase_floors":[12,12,12,12,12,12,12,12,19,19,19,19,19,21,21,21,21,21,27,27,27,27,37,37,37,37,37,39,39,39,39,41,41,41,41,41,46,46,46],"current_hp_per_floor":[73,73,75,75,75,73,73,73,73,73,68,68,61,55,55,47,75,54,54,53,53,49,39,39,39,39,39,30,32,32,32,32,49,48,48,48,48,48,48,48,48,48,48,48,48,48,48,48,48,48],"gold":3700,"neow_bonus":"RANDOM_COMMON_RELIC","is_daily":false,"chose_seed":false,"campfire_upgraded":6,"win_rate":0.0,"timestamp":1613057020,"path_taken":["M","?","M","M","M","E","?","R","T","E","M","$","?","E","R","BOSS","M","$","?","$","?","E","R","?","T","?","E","M","R","?","R","BOSS","M","?","$","?","$","E","?","COS","T","?","?","?","?","?","R","BOSS"],"items_purchased_type":["Relic","Relic","Relic","Potion","Potion","Card","Card","Card","Relic","Relic","Relic","Potion","Potion","Relic","Relic","Card","Card","Potion","Relic","Relic","Relic","Potion","Relic","Relic","Relic","Card","Card","Relic","Relic","Relic","Card","Relic","Relic","Relic","Card","Card","Relic","Relic","Relic"],"build_version":"2020-12-22","purchased_purges":6,"victory":true,"max_hp_per_floor":[75,75,75,75,75,75,75,75,75,75,75,75,75,75,75,75,75,75,75,53,53,49,49,49,49,49,49,49,49,49,49,49,49,49,49,49,56,56,56,56,56,56,56,56,56,56,56,56,56,56],"card_choices":[{"not_picked":["HollowMod:InfectedCysts","HollowMod:DescendingDark","HollowMod:BlackTendrils"],"picked":"SKIP","floor":1},{"not_picked":["HollowMod:DoubleDash","HollowMod:InfectedAttack"],"picked":"HollowMod:CloakDash","floor":2},{"not_picked":["HollowMod:InfectedAttack","HollowMod:CornifersMapStart","HollowMod:LuriensSpire"],"picked":"SKIP","floor":3},{"not_picked":["HollowMod:SoulMaster","HollowMod:PerfectDash"],"picked":"HollowMod:FastStrike","floor":4},{"not_picked":["HollowMod:ChannelNail","HollowMod:LuriensSpire"],"picked":"HollowMod:NewLittleFool","floor":5},{"not_picked":["HollowMod:DescendingDark","HollowMod:ShadowDash","HollowMod:TaintedHusks"],"picked":"SKIP","floor":6},{"not_picked":["HollowMod:SoulStrike","HollowMod:ShadowDash"],"picked":"HollowMod:CycloneSlash","floor":7},{"not_picked":["HollowMod:ElderbugsWisdom","HollowMod:BrokenVessel"],"picked":"HollowMod:FastStrike","floor":10},{"not_picked":["HollowMod:SiblingsSouls","HollowMod:NewJinnsSoul","HollowMod:BrokenVessel"],"picked":"SKIP","floor":11},{"not_picked":["HollowMod:InfectedAttack","HollowMod:InfectedCysts","HollowMod:GreatSlash"],"picked":"SKIP","floor":14},{"not_picked":["HollowMod:ZotesMagnificence","HollowMod:Hiveblood"],"picked":"HollowMod:SlysStrikes","floor":16},{"not_picked":["HollowMod:DoubleDash+1","HollowMod:SiblingsShadow"],"picked":"HollowMod:SiblingsSouls+1","floor":18},{"not_picked":["HollowMod:LuriensSpire","HollowMod:SiblingsShadow","HollowMod:BlackTendrils","HollowMod:SharpenedShadows+1"],"picked":"SKIP","floor":23},{"not_picked":["HollowMod:HerrahsAnger","HollowMod:GreatSlash","HollowMod:InfectionAssault+1"],"picked":"HollowMod:CloakDash","floor":28},{"not_picked":["HollowMod:BlackTendrils+1","HollowMod:SharpenedShadows+1","HollowMod:SoulVessel+1","HollowMod:HeavyBlow"],"picked":"SKIP","floor":29},{"not_picked":["HollowMod:Hiveblood","HollowMod:LifebloodCore","HollowMod:LordofShades+1"],"picked":"HollowMod:theNailsmith","floor":33},{"not_picked":["HollowMod:FastStrike+1","HollowMod:TaintedHusks+1","HollowMod:GreatSlash"],"picked":"HollowMod:CloakDash","floor":35},{"not_picked":["HollowMod:SoulStrike","HollowMod:PerfectDash+1","HollowMod:VengefulVoid+1","HollowMod:RecoilStrike"],"picked":"SKIP","floor":40},{"not_picked":["HollowMod:SiblingsShadow+1","HollowMod:MonarchWings+1","HollowMod:HeavyBlow+1"],"picked":"HollowMod:GoodIntentions+1","floor":48},{"not_picked":["HollowMod:ChannelNail+1","HollowMod:NewLittleFool","HollowMod:NewJinnsSoul+1","HollowMod:MawleksShell"],"picked":"SKIP","floor":48}],"player_experience":195564,"relics_obtained":[{"floor":6,"key":"Ginger"},{"floor":9,"key":"Bottled Flame"},{"floor":10,"key":"Pantograph"},{"floor":14,"key":"Unceasing Top"},{"floor":17,"key":"Gambling Chip"},{"floor":17,"key":"Bag of Marbles"},{"floor":17,"key":"HollowMod:MantisClawRelic"},{"floor":23,"key":"Peace Pipe"},{"floor":26,"key":"Blood Vial"},{"floor":28,"key":"Matryoshka"},{"floor":40,"key":"Whetstone"},{"floor":43,"key":"Blue Candle"},{"floor":43,"key":"Lantern"},{"floor":47,"key":"Regal Pillow"},{"floor":47,"key":"InkBottle"}],"event_choices":[],"is_beta":false,"boss_relics":[{"not_picked":["SacredBark","Coffee Dripper"],"picked":"Calling Bell"},{"not_picked":["Pandora\u0027s Box","Runic Dome"],"picked":"Sozu"}],"items_purged_floors":[12,19,21,27,37,39],"is_endless":false,"potions_floor_spawned":[2,3,7,14,16,28,29,40,48],"ascension_level":0}}