{"host":"9jkzatiwan7o33sr","time":1613058590,"event":{"mods":["AchievementEnabler","Act Like it!","Aspiration","BaseMod","Colored Map","Colored Powertips","Conspire","Downfall","GifTheSpireLib","Hallownest","Hermit","Hubris","Infinite Spire","Jorbs\u0027s Wanderer Trilogy","Mad Scientist","Mimic Mod","Minty Spire (QoL Compilation)","Permanent Neow","Shade Mod","StSLib","Stuff the Spire","Td1madao Mod","The Bladedancer","The Bug Knight","The Cursed","The Forsaken","The Hierophant","The Jungle","The Mystic","The Necromancer","The Poker Player","The Servant 0.9.4","The Witch","[IsaacMod]????"],"gold_per_floor":[118,118,118,130,7,7,33,44,44,61,77,77,90,124,124,222,222,240,250,265,285,66,66,100,111,136,148,148,168,168,168,168,168,168],"floor_reached":33,"language":"ENG","playtime":2138,"items_purged":[],"score":365,"play_id":"ec5eafaf-be4a-491a-a746-823fa25fbb8a","local_time":"20210211164950","is_ascension_mode":true,"campfire_choices":[{"data":"Pommel Strike","floor":6,"key":"SMITH"},{"data":"Flex","floor":12,"key":"SMITH"},{"floor":15,"key":"REST"},{"floor":23,"key":"REST"},{"data":"Berserk","floor":28,"key":"SMITH"},{"data":"Infernal Blade","floor":32,"key":"SMITH"}],"circlet_count":0,"master_deck":["Strike_R","Strike_R","Strike_R","Strike_R","Strike_R","Defend_R+1","Defend_R+1","Defend_R","Defend_R","Bash","Dramatic Entrance","Searing Blow","Pommel Strike+1","Flex+1","Rampage","Cleave","Ghostly Armor","Reaper","Armaments","Berserk+1","Rage","Cleave+1","Clash+1","Flex","Inflame","Infernal Blade+1","hubris:ReadiedAction+1","Inflame","Twin Strike+1"],"relics":["Burning Blood","HushsDoor","GuppysHead","Regal Pillow","StuffTheSpire:GrapeVine","Black Star","Membership Card","hubris:64BitClover","Bag of Marbles","TheBean","Sundial"],"acts_visited":["Exordium","TheCity"],"potions_floor_usage":[24,24],"damage_taken":[{"damage":7,"enemies":"Jaw Worm","floor":1,"turns":3},{"damage":0,"enemies":"Small Slimes","floor":4,"turns":2},{"damage":32,"enemies":"Lagavulin","floor":7,"turns":4},{"damage":0,"enemies":"Cultist","floor":8,"turns":2},{"damage":0,"enemies":"Looter","floor":10,"turns":2},{"damage":0,"enemies":"2 Fungi Beasts","floor":11,"turns":2},{"damage":0,"enemies":"Large Slime","floor":13,"turns":4},{"damage":25,"enemies":"3 Sentries","floor":14,"turns":5},{"damage":43,"enemies":"The Guardian","floor":16,"turns":13},{"damage":17,"enemies":"Spheric Guardian","floor":18,"turns":4},{"damage":12,"enemies":"Chosen","floor":19,"turns":4},{"damage":26,"enemies":"Shelled Parasite and Fungi","floor":20,"turns":6},{"damage":12,"enemies":"conspire:HollyBat","floor":21,"turns":10},{"damage":42,"enemies":"Gremlin Leader","floor":24,"turns":4},{"damage":7,"enemies":"Cultist and Chosen","floor":25,"turns":4},{"damage":5,"enemies":"Snecko","floor":27,"turns":3},{"damage":13,"enemies":"Chosen and Byrds","floor":29,"turns":3},{"damage":102,"enemies":"Champ","floor":33,"turns":9}],"seed_played":"-1247309185571723857","potions_obtained":[{"floor":10,"key":"Energy Potion"},{"floor":13,"key":"HeartOfIron"},{"floor":14,"key":"Dexterity Potion"},{"floor":18,"key":"conspire:TimeTravelPotion"},{"floor":21,"key":"hexamod:SoulburnPotion"}],"is_trial":false,"path_per_floor":["M","$","?","M","$","R","E","M","T","M","M","R","M","E","R","B",null,"M","M","M","M","$","R","E","M","T","M","R","M","AVR","?","R","B"],"character_chosen":"IRONCLAD","items_purchased":["Flex","Rampage","Membership Card","Inflame","Infernal Blade"],"campfire_rested":2,"item_purchase_floors":[5,5,22,22,22],"current_hp_per_floor":[71,71,55,61,61,61,35,41,41,47,53,53,67,60,80,43,71,60,62,42,36,36,75,79,78,78,79,79,72,72,72,72,0,0],"gold":168,"neow_bonus":"RANDOM_COLORLESS","is_daily":false,"chose_seed":false,"campfire_upgraded":4,"win_rate":0.0,"timestamp":1613058590,"path_taken":["M","$","?","M","$","R","E","M","T","M","M","R","M","E","R","BOSS","M","M","M","M","?","R","E","M","T","M","R","M","AVR","?","R","BOSS"],"items_purchased_type":["Card","Card","Relic","Card","Card"],"build_version":"2020-12-22","purchased_purges":0,"victory":false,"max_hp_per_floor":[80,80,80,80,80,80,80,80,80,80,80,80,80,80,80,80,80,80,80,80,80,80,80,80,80,80,80,80,80,80,80,80,80,80],"card_choices":[{"not_picked":["Purity","Madness"],"picked":"Dramatic Entrance","floor":0},{"not_picked":["Entrench","Feel No Pain"],"picked":"Searing Blow","floor":1},{"not_picked":["Combust","Iron Wave"],"picked":"Pommel Strike","floor":4},{"not_picked":["Dual Wield","Warcry","Entrench"],"picked":"SKIP","floor":7},{"not_picked":["Bomb","Havoc"],"picked":"Cleave","floor":8},{"not_picked":["Bomb","StuffTheSpire:RockThrow"],"picked":"Ghostly Armor","floor":10},{"not_picked":["Blood for Blood","Cleave"],"picked":"Reaper","floor":11},{"not_picked":["Searing Blow","Wild Strike"],"picked":"Armaments","floor":13},{"not_picked":["Seeing Red","Power Through","hubris:ReadiedAction"],"picked":"SKIP","floor":14},{"not_picked":["Offering","StuffTheSpire:TitanForm"],"picked":"Berserk","floor":16},{"not_picked":["True Grit","StuffTheSpire:Resist+1"],"picked":"Rage","floor":18},{"not_picked":["Clothesline","Ghostly Armor"],"picked":"Cleave+1","floor":19},{"not_picked":["StuffTheSpire:BloodClot","Dual Wield"],"picked":"Clash+1","floor":20},{"not_picked":["True Grit","Sword Boomerang"],"picked":"Flex","floor":21},{"not_picked":["Body Slam","StuffTheSpire:RockThrow+1","StuffTheSpire:BloodClot"],"picked":"SKIP","floor":24},{"not_picked":["Body Slam+1","Headbutt+1"],"picked":"hubris:ReadiedAction+1","floor":25},{"not_picked":["Wild Strike","Thunderclap+1"],"picked":"Inflame","floor":27},{"not_picked":["Sword Boomerang","Armaments"],"picked":"Twin Strike+1","floor":29}],"player_experience":641282,"relics_obtained":[{"floor":7,"key":"Regal Pillow"},{"floor":14,"key":"StuffTheSpire:GrapeVine"},{"floor":24,"key":"hubris:64BitClover"},{"floor":24,"key":"Bag of Marbles"},{"floor":26,"key":"TheBean"}],"event_choices":[{"damage_healed":0,"gold_gain":0,"player_choice":"Entered Light","damage_taken":16,"max_hp_gain":0,"max_hp_loss":0,"event_name":"Shining Light","floor":3,"gold_loss":0,"cards_upgraded":["Defend_R","Defend_R"]}],"is_beta":false,"boss_relics":[{"not_picked":["bronze:MakeshiftBattery","Sozu"],"picked":"Black Star"},{"not_picked":[]}],"items_purged_floors":[],"is_endless":false,"potions_floor_spawned":[8,10,13,14,18,19,21],"killed_by":"Champ","ascension_level":6}}