{"host":"ln8zowmpyx5bxamj","time":1613075953,"event":{"mods":["Act Like it!","BaseMod","CapriCore","Colored Map","Conspire","Gensokyo","GifTheSpireLib","Hallownest","Hubris","KomeijiMod","Minty Spire (QoL Compilation)","Permanent Neow","Replay The Spire","StSLib","The Immortal","Uncapped","Yuyuko"],"gold_per_floor":[119,131,131,141,141,141,167,167,167,178,211,211,211,225,225,320,320,333,333,32,44,63,63,63,63,63],"floor_reached":24,"language":"ENG","playtime":2620,"items_purged":[],"score":206,"play_id":"b8986426-1b99-444b-a323-bc18757990d2","local_time":"20210211143913","is_ascension_mode":false,"campfire_choices":[{"data":"MokouMod:HeatSpark","floor":6,"key":"SMITH"},{"floor":8,"key":"REST"},{"floor":12,"key":"REST"},{"floor":23,"key":"REST"}],"circlet_count":0,"master_deck":["MokouMod:HeatSpark+1","MokouMod:ScorchedEarth+1","MokouMod:RoaringFlare","MokouMod:ShiftIgnition","MokouMod:HeartofFire+1","MokouMod:Combust","MokouMod:CrimsonArmoury","MokouMod:IgnitionBlast","MokouMod:Burn","MokouMod:Extinguish","MokouMod:RadiantBlade","MokouMod:BlazingComet","MokouMod:EnchantingBambooForest+1","MokouMod:Trailblazer","MokouMod:BurningHiddenBullet","MokouMod:ResonanceReactor","MokouMod:ImperishableFlame","MokouMod:Burn","MokouMod:BlazingComet","MokouMod:CrimsonArmoury","MokouMod:Geothermal","MokouMod:Refresh","MokouMod:FlareStarter+1","MokouMod:SearingShot"],"relics":["MokouMod:PhoenixFeather","HornCleat","Matryoshka","Bird Faced Urn","Pandora\u0027s Box"],"acts_visited":["Exordium","Gensokyo:Gensokyo"],"potions_floor_usage":[14,18,22],"damage_taken":[{"damage":4,"enemies":"Gensokyo:3_Fairies","floor":1,"turns":4},{"damage":7,"enemies":"Gensokyo:2_Kodama","floor":2,"turns":3},{"damage":12,"enemies":"Gensokyo:Gryphon","floor":4,"turns":3},{"damage":51,"enemies":"Gensokyo:Cirno","floor":7,"turns":7},{"damage":7,"enemies":"Gensokyo:2_Rabbits","floor":10,"turns":4},{"damage":13,"enemies":"Gensokyo:Mamizou","floor":11,"turns":10},{"damage":2,"enemies":"Gensokyo:VengefulSpirit","floor":14,"turns":4},{"damage":75,"enemies":"Gensokyo:Reimu","floor":16,"turns":14},{"damage":42,"enemies":"Hallownest:Guard_and_Sentry","floor":18,"turns":8},{"damage":0,"enemies":"Hallownest:Flukemon_and_Top","floor":21,"turns":5},{"damage":20,"enemies":"Hallownest:Master_and_Novice","floor":22,"turns":6},{"damage":8152060,"enemies":"Hallownest:eliteSoulWarrior","floor":24,"turns":10}],"seed_played":"6604102105113700978","potions_obtained":[{"floor":11,"key":"Milkshake"},{"floor":16,"key":"PowerPotion"},{"floor":18,"key":"LiquidBronze"}],"is_trial":false,"path_per_floor":["M","M","?","M","?","R","E","R","T","M","E","R","?","M","R_BF","B",null,"M","?","$","M","M","R","E"],"character_chosen":"MKU","items_purchased":["MokouMod:CrimsonArmoury","MokouMod:Geothermal","MokouMod:Refresh"],"campfire_rested":3,"item_purchase_floors":[20,20,20],"current_hp_per_floor":[71,64,64,52,52,52,1,23,23,16,3,25,25,29,29,9,75,37,37,37,47,37,59,0,0,0],"gold":63,"neow_bonus":"THREE_CARDS","is_daily":false,"chose_seed":false,"campfire_upgraded":1,"win_rate":0.0,"timestamp":1613075953,"path_taken":["M","M","?","M","?","R","E","R","T","M","E","R","?","M","R_BF","BOSS","M","?","$","M","M","R","E"],"items_purchased_type":["Card","Card","Card"],"build_version":"2020-12-22","purchased_purges":0,"victory":false,"max_hp_per_floor":[75,75,75,75,75,75,75,75,75,75,75,75,75,75,75,75,75,75,75,75,75,75,75,75,75,75],"card_choices":[{"not_picked":["MokouMod:CrimsonArmoury","MokouMod:Afterburner"],"picked":"MokouMod:ScorchedEarth","floor":0},{"not_picked":["MokouMod:TemporalFireSeal","MokouMod:Ember"],"picked":"MokouMod:RoaringFlare","floor":1},{"not_picked":["MokouMod:InfernalWave","MokouMod:TemporalFireSeal"],"picked":"MokouMod:ShiftIgnition","floor":2},{"not_picked":["MokouMod:Singe","MokouMod:FlickeringFlame"],"picked":"MokouMod:HeartofFire","floor":4},{"not_picked":["MokouMod:HeartofFire","MokouMod:BurningDraft"],"picked":"MokouMod:Combust","floor":7},{"not_picked":["MokouMod:ResoluteFlare","MokouMod:Meltdown"],"picked":"MokouMod:CrimsonArmoury","floor":10},{"not_picked":["MokouMod:Stoke","MokouMod:ThermalPressure"],"picked":"MokouMod:IgnitionBlast","floor":11},{"not_picked":["MokouMod:IndiscriminateIgnition","MokouMod:Meltdown"],"picked":"MokouMod:TemporalFireSeal","floor":14},{"not_picked":["MokouMod:RadiantBlade","MokouMod:SacredFire"],"picked":"MokouMod:Extinguish","floor":16},{"not_picked":["MokouMod:EternalBurstReactor","MokouMod:FlickeringFlame"],"picked":"MokouMod:BlazingComet","floor":18},{"not_picked":["MokouMod:UncontrollableSolarReaction+1","MokouMod:ScorchingColumn"],"picked":"MokouMod:FlareStarter+1","floor":21},{"not_picked":["MokouMod:ResoluteFlare","MokouMod:ScorchedEarth"],"picked":"MokouMod:SearingShot","floor":22}],"player_experience":330999,"relics_obtained":[{"floor":7,"key":"HornCleat"},{"floor":9,"key":"Matryoshka"},{"floor":11,"key":"Bird Faced Urn"}],"event_choices":[],"is_beta":false,"boss_relics":[{"not_picked":["hubris:TerracottaHorce","Replay:Drink Me"],"picked":"Pandora\u0027s Box"}],"items_purged_floors":[],"is_endless":false,"potions_floor_spawned":[11,16,18],"killed_by":"Hallownest:eliteSoulWarrior","ascension_level":0}}