{"host":"a1eatafr7pisesky","time":1613039619,"event":{"mods":["AchievementEnabler","BaseMod","Colored Map","Keyboard Shortcuts","Minty Spire (QoL Compilation)","Say the Spire","StSLib","SuperFastMode","everything is the same but u backflip on backflip"],"gold_per_floor":[19,32,32,32,32,61,61,90,90,90,105,30,46,71,71,147,147,162,212,212,7,21,49,20,20,20],"floor_reached":25,"language":"KOR","playtime":494,"items_purged":["Strike_R"],"score":462,"play_id":"4ba2ef06-0c0c-4142-bed4-465b169ab7df","local_time":"20210211193339","is_ascension_mode":true,"campfire_choices":[{"floor":7.0,"key":"REST"},{"floor":10.0,"key":"REST"},{"floor":15,"key":"REST"}],"circlet_count":0,"master_deck":["AscendersBane","Bash","Sadistic Nature","Anger","Clash","Shrug It Off","Corruption","Second Wind","Fiend Fire","Thunderclap","Shockwave","Disarm","Demon Form","Anger","Spot Weakness","Impervious","Fire Breathing","Reckless Charge","Reckless Charge","Searing Blow","Dual Wield","Wild Strike","Sadistic Nature","Evolve","Clash","Fire Breathing"],"relics":["Burning Blood","Bottled Tornado","Oddly Smooth Stone","Happy Flower","Dream Catcher","InkBottle","Pandora\u0027s Box","Membership Card","Centennial Puzzle"],"acts_visited":["Exordium","TheCity"],"potions_floor_usage":[16,23,24,25],"damage_taken":[{"damage":6.0,"enemies":"Cultist","floor":1.0,"turns":3.0},{"damage":12.0,"enemies":"Jaw Worm","floor":2.0,"turns":2.0},{"damage":40.0,"enemies":"Lagavulin","floor":6.0,"turns":6.0},{"damage":32.0,"enemies":"3 Sentries","floor":8.0,"turns":11.0},{"damage":9.0,"enemies":"2 Louse","floor":11.0,"turns":3.0},{"damage":24.0,"enemies":"Large Slime","floor":13.0,"turns":6.0},{"damage":8,"enemies":"Lagavulin","floor":14,"turns":6},{"damage":40,"enemies":"Slime Boss","floor":16,"turns":11},{"damage":22,"enemies":"Spheric Guardian","floor":18,"turns":5},{"damage":7,"enemies":"3 Byrds","floor":22,"turns":4},{"damage":45,"enemies":"Book of Stabbing","floor":23,"turns":5},{"damage":39,"enemies":"Centurion and Healer","floor":25,"turns":4}],"seed_played":"-3798334469441601663","potions_obtained":[{"floor":6.0,"key":"Block Potion"},{"floor":8.0,"key":"Swift Potion"},{"floor":14,"key":"SkillPotion"},{"floor":16,"key":"GamblersBrew"},{"floor":18,"key":"Regen Potion"}],"is_trial":false,"path_per_floor":["M","M","$","?","T","E","R","E","T","R","M","$","M","E","R","B",null,"M","?","?","$","M","E","$","M"],"character_chosen":"IRONCLAD","items_purchased":["Membership Card","Evolve","BloodPotion"],"campfire_rested":3,"item_purchase_floors":[21,21,24],"current_hp_per_floor":[68,62,62,67,67,33,57,31,31,55,52,52,34,32,56,22,66,50,50,50,50,49,10,26,0,0],"gold":20,"neow_bonus":"RANDOM_COLORLESS_2","is_daily":false,"chose_seed":false,"campfire_upgraded":0,"win_rate":0.0,"timestamp":1613039619,"path_taken":["M","?","?","?","?","E","R","E","T","R","?","$","M","E","R","BOSS","M","?","?","$","M","E","$","M"],"items_purchased_type":["Relic","Card","Potion"],"build_version":"2020-12-22","purchased_purges":1,"victory":false,"max_hp_per_floor":[75,75,75,80,80,80,80,80,80,80,80,80,80,80,80,80,80,80,80,80,80,80,80,80,80,80],"card_choices":[{"not_picked":["The Bomb","Mayhem"],"picked":"Sadistic Nature","floor":0.0},{"not_picked":["Intimidate","Shrug It Off"],"picked":"Anger","floor":1.0},{"not_picked":["Flame Barrier","Twin Strike"],"picked":"Clash","floor":2.0},{"not_picked":["Armaments","Combust"],"picked":"Shrug It Off","floor":6.0},{"not_picked":["Rage","True Grit"],"picked":"Corruption","floor":8.0},{"not_picked":["Thunderclap","Sword Boomerang"],"picked":"Second Wind","floor":10.0},{"not_picked":["Sever Soul","Thunderclap"],"picked":"Fiend Fire","floor":11.0},{"not_picked":["Clash","Pommel Strike"],"picked":"Thunderclap","floor":13.0},{"not_picked":["Inflame","Clothesline"],"picked":"Shockwave","floor":14},{"not_picked":["Headbutt","Clothesline"],"picked":"Disarm","floor":15},{"not_picked":["Corruption","Brutality"],"picked":"Demon Form","floor":16},{"not_picked":["Flex","Clothesline"],"picked":"Wild Strike","floor":18},{"not_picked":["Wild Strike","Thunderclap"],"picked":"Clash","floor":22},{"not_picked":["True Grit","Warcry"],"picked":"Fire Breathing","floor":23}],"player_experience":446450,"relics_obtained":[{"floor":5.0,"key":"Bottled Tornado"},{"floor":6.0,"key":"Oddly Smooth Stone"},{"floor":8.0,"key":"Happy Flower"},{"floor":9.0,"key":"Dream Catcher"},{"floor":14,"key":"InkBottle"},{"floor":23,"key":"Centennial Puzzle"}],"event_choices":[{"damage_healed":0.0,"max_hp_gain":5.0,"max_hp_loss":0.0,"gold_gain":0.0,"event_name":"Big Fish","player_choice":"Donut","floor":4.0,"gold_loss":0.0,"damage_taken":0.0},{"damage_healed":0,"gold_gain":50,"player_choice":"Stole From Cult","damage_taken":0,"max_hp_gain":0,"max_hp_loss":0,"event_name":"Nest","floor":19,"gold_loss":0},{"damage_healed":0,"gold_gain":0,"player_choice":"Copied","damage_taken":0,"max_hp_gain":0,"max_hp_loss":0,"event_name":"Duplicator","floor":20,"gold_loss":0,"cards_obtained":["Sadistic Nature"]}],"is_beta":false,"boss_relics":[{"not_picked":["Tiny House","Fusion Hammer"],"picked":"Pandora\u0027s Box"}],"items_purged_floors":[12],"is_endless":false,"potions_floor_spawned":[6,8,14,16,18,22],"killed_by":"Centurion and Healer","ascension_level":19}}