{"host":"duy7hn61njv7ibc3","time":1613051970,"event":{"mods":["2.2 Compatiblity","AchievementEnabler","BaseMod","Colored Powertips","Faster Ascension Climbing","GifTheSpireLib","Minty Spire (QoL Compilation)","Permanent Neow","Quick Restart","Relic Filter","Remove Card Discount Mod","StSLib","Stuff the Spire","Uncapped"],"gold_per_floor":[110,110,125,1705,1705,1749,1767,1811,1893,1902,1929,1957,2003,2012,2012,2119,2119,2151,1649,1649,1649,1649,1649,1693,1718,1718,868,270,293,334,359,359,461,461,479,529,543,1836,1836,1836,1836],"floor_reached":40,"language":"ENG","playtime":2032,"items_purged":["Regret","Strike_P","Defend_P","Defend_P","StuffTheSpire:CuriosityCurse","Regret","Evaluate","Omniscience"],"score":1064,"play_id":"6d0a1c31-d098-48e5-9148-7a2d3617109a","local_time":"20210211155930","is_ascension_mode":true,"campfire_choices":[{"data":"DeusExMachina","floor":15,"key":"SMITH"},{"data":"Prostrate","floor":23,"key":"SMITH"},{"floor":32,"key":"RECALL"}],"circlet_count":0,"master_deck":["AscendersBane","Strike_P","Strike_P","Strike_P","Defend_P","Defend_P","Eruption","Vigilance","Prostrate","Adaptation","Prostrate","Protect","Protect","DeusExMachina+1","Brilliance","Prostrate+1","MasterReality+1","StuffTheSpire:Brawn","Establishment+1","Prostrate"],"relics":["PureWater","NeowsBlessing","StuffTheSpire:RedRose","DollysMirror","Bag of Preparation","Golden Idol","Ornamental Fan","Ancient Tea Set","Frozen Egg 2","CeramicFish","Mango","Philosopher\u0027s Stone","Blood Vial","StuffTheSpire:HeavyRock","Cauldron","Nilry\u0027s Codex","MutagenicStrength","Molten Egg 2","Matryoshka","Orichalcum","StuffTheSpire:HistoryBook","Thread and Needle","Cursed Key","Chemical X","Dream Catcher","Bag of Marbles"],"acts_visited":["Exordium","TheCity","TheBeyond"],"potions_floor_usage":[16,16,24,24,31],"damage_taken":[{"damage":0,"enemies":"Small Slimes","floor":1,"turns":1},{"damage":0,"enemies":"2 Louse","floor":3,"turns":1},{"damage":0,"enemies":"Lagavulin","floor":6,"turns":1},{"damage":7,"enemies":"Cultist","floor":7,"turns":3},{"damage":99,"enemies":"3 Sentries","floor":8,"turns":11},{"damage":0,"enemies":"Exordium Thugs","floor":11,"turns":5},{"damage":30,"enemies":"Lots of Slimes","floor":12,"turns":5},{"damage":199,"enemies":"Slime Boss","floor":16,"turns":18},{"damage":25,"enemies":"Spheric Guardian","floor":18,"turns":4},{"damage":38,"enemies":"Slavers","floor":24,"turns":4},{"damage":64,"enemies":"3 Byrds","floor":25,"turns":4},{"damage":14,"enemies":"Snake Plant","floor":29,"turns":4},{"damage":15,"enemies":"Book of Stabbing","floor":30,"turns":5},{"damage":32,"enemies":"Cultist and Chosen","floor":31,"turns":7},{"damage":46,"enemies":"Champ","floor":33,"turns":8},{"damage":27,"enemies":"3 Darklings","floor":35,"turns":7},{"damage":28,"enemies":"3 Shapes","floor":37,"turns":3},{"damage":33,"enemies":"Giant Head","floor":40,"turns":4}],"seed_played":"-6199410359432417238","potions_obtained":[{"floor":1,"key":"Weak Potion"},{"floor":3,"key":"Dexterity Potion"},{"floor":11,"key":"BottledMiracle"},{"floor":19,"key":"DistilledChaos"},{"floor":19,"key":"SkillPotion"},{"floor":25,"key":"LiquidMemories"},{"floor":29,"key":"FearPotion"},{"floor":33,"key":"EssenceOfSteel"}],"is_trial":false,"path_per_floor":["M","?","M","$","?","E","M","E","T","?","M","M","T","?","R","B",null,"M","$","?","?","?","R","E","M","T","?","$","M","E","M","R","B",null,"M","?","M","$","?","E"],"character_chosen":"WATCHER","items_purchased":["Adaptation","DollysMirror","Bag of Preparation","Blood Vial","StuffTheSpire:HeavyRock","Cauldron","Matryoshka","Orichalcum","StuffTheSpire:HistoryBook","Chemical X","Dream Catcher","Bag of Marbles","Establishment+1","Prostrate"],"campfire_rested":0,"item_purchase_floors":[4,4,4,19,19,19,28,28,28,38,38,38,38,38],"current_hp_per_floor":[61,61,61,61,38,38,31,48,48,48,48,18,18,32,32,5,63,38,38,17,17,17,17,44,49,49,49,49,37,24,74,74,30,69,44,44,18,18,18,0,0],"gold":1836,"neow_bonus":"THREE_ENEMY_KILL","is_daily":false,"chose_seed":false,"campfire_upgraded":2,"win_rate":0.0,"timestamp":1613051970,"path_taken":["M","?","M","$","?","E","M","E","T","?","M","M","?","?","R","BOSS","M","$","?","?","?","R","E","M","T","?","$","M","E","M","R","BOSS","M","?","?","$","?","E"],"items_purchased_type":["Card","Relic","Relic","Relic","Relic","Relic","Relic","Relic","Relic","Relic","Relic","Relic","Card","Card"],"build_version":"2020-12-22","purchased_purges":8,"victory":false,"max_hp_per_floor":[68,68,68,68,68,68,68,68,68,68,68,68,68,82,82,82,82,82,82,82,82,82,82,82,82,82,82,82,82,82,82,82,82,82,82,82,82,82,82,82,82],"card_choices":[{"not_picked":["Sanctity","SashWhip","Swivel"],"picked":"SKIP","floor":1},{"not_picked":["CutThroughFate","BattleHymn"],"picked":"Prostrate","floor":3},{"not_picked":["Fasting2","ThirdEye"],"picked":"Protect","floor":6},{"not_picked":["CrushJoints","PathToVictory","EmptyBody"],"picked":"SKIP","floor":7},{"not_picked":["PathToVictory","FollowUp"],"picked":"Protect","floor":8},{"not_picked":["BattleHymn+1","FollowUp"],"picked":"Evaluate","floor":11},{"not_picked":["ClearTheMind","Adaptation+1"],"picked":"DeusExMachina","floor":12},{"not_picked":["Blasphemy","Scrawl"],"picked":"Brilliance","floor":16},{"not_picked":["Evaluate","PathToVictory"],"picked":"Prostrate","floor":18},{"not_picked":["CutThroughFate","MentalFortress+1"],"picked":"MasterReality+1","floor":24},{"not_picked":["Weave","Vengeance","Halt"],"picked":"SKIP","floor":25},{"not_picked":["ClearTheMind","Adaptation+1","DeceiveReality"],"picked":"SKIP","floor":29},{"not_picked":["Protect","BowlingBash+1","Swivel+1"],"picked":"SKIP","floor":30},{"not_picked":["Weave+1","WheelKick+1","PathToVictory"],"picked":"SKIP","floor":31},{"not_picked":["SpiritShield","Scrawl"],"picked":"Omniscience","floor":33},{"not_picked":["DeceiveReality","Halt+1","SignatureMove+1"],"picked":"SKIP","floor":35},{"not_picked":["SashWhip+1","Wireheading+1","FlurryOfBlows+1"],"picked":"SKIP","floor":37}],"player_experience":48674,"relics_obtained":[{"floor":6,"key":"Ornamental Fan"},{"floor":8,"key":"Ancient Tea Set"},{"floor":9,"key":"Frozen Egg 2"},{"floor":20,"key":"Nilry\u0027s Codex"},{"floor":26,"key":"Molten Egg 2"},{"floor":30,"key":"Thread and Needle"}],"event_choices":[{"damage_healed":0,"gold_gain":0,"player_choice":"Take Damage","damage_taken":23,"relics_obtained":["Golden Idol"],"max_hp_gain":0,"max_hp_loss":0,"event_name":"Golden Idol","floor":5,"gold_loss":0},{"damage_healed":0,"gold_gain":0,"player_choice":"Box","damage_taken":0,"relics_obtained":["Mango"],"max_hp_gain":0,"max_hp_loss":0,"event_name":"Big Fish","floor":14,"gold_loss":0,"cards_obtained":["Regret"]},{"damage_healed":0,"gold_gain":0,"player_choice":"Obtained Book","damage_taken":21,"max_hp_gain":0,"max_hp_loss":0,"event_name":"Cursed Tome","floor":20,"gold_loss":0},{"damage_healed":0,"gold_gain":0,"player_choice":"Inject Mutagens","damage_taken":0,"relics_obtained":["MutagenicStrength"],"max_hp_gain":0,"max_hp_loss":0,"event_name":"Drug Dealer","floor":21,"gold_loss":0},{"damage_healed":0,"gold_gain":0,"player_choice":"Ignored","damage_taken":0,"max_hp_gain":0,"max_hp_loss":0,"event_name":"Ghosts","floor":22,"gold_loss":0},{"damage_healed":0,"gold_gain":50,"player_choice":"Pray","damage_taken":0,"max_hp_gain":0,"max_hp_loss":0,"event_name":"Golden Shrine","floor":36,"gold_loss":0},{"damage_healed":0,"gold_gain":0,"player_choice":"Ignored","damage_taken":0,"max_hp_gain":0,"max_hp_loss":0,"event_name":"Duplicator","floor":39,"gold_loss":0}],"is_beta":false,"boss_relics":[{"not_picked":["Sozu","Coffee Dripper"],"picked":"Philosopher\u0027s Stone"},{"not_picked":["Astrolabe","Snecko Eye"],"picked":"Cursed Key"}],"items_purged_floors":[4,4,4,4,19,19,19,38],"is_endless":false,"potions_floor_spawned":[1,3,8,11,25,29,33,37],"killed_by":"Giant Head","ascension_level":20}}