{"host":"fj5i6t4nkss7815d","time":1613022695,"event":{"mods":["AchievementEnabler","BaseMod","Minty Spire (QoL Compilation)","Quick Restart","Relic Stats"],"gold_per_floor":[18,35,51,67,83,116,116,116,116],"floor_reached":8,"language":"ENG","playtime":594,"items_purged":[],"score":117,"play_id":"24514b60-f832-4f8f-945b-3da8713e8b2b","local_time":"20210210215135","is_ascension_mode":true,"campfire_choices":[{"floor":7,"key":"REST"}],"circlet_count":0,"master_deck":["AscendersBane","Strike_G","Strike_G","Strike_G","Strike_G","Strike_G","Defend_G","Defend_G","Defend_G","Defend_G","Defend_G","Survivor","Neutralize","Infinite Blades","Caltrops","Dagger Throw","Skewer","Outmaneuver","Flying Knee","Leg Sweep","Bullet Time","Acrobatics"],"relics":["Ring of the Snake","Prayer Wheel","Tiny Chest"],"acts_visited":["Exordium"],"potions_floor_usage":[8,8],"damage_taken":[{"damage":0,"enemies":"Cultist","floor":1,"turns":4},{"damage":6,"enemies":"Small Slimes","floor":2,"turns":4},{"damage":6,"enemies":"2 Louse","floor":3,"turns":4},{"damage":3,"enemies":"Looter","floor":4,"turns":4},{"damage":16,"enemies":"Gremlin Gang","floor":5,"turns":6},{"damage":20,"enemies":"3 Sentries","floor":6,"turns":10},{"damage":13,"enemies":"Gremlin Nob","floor":8,"turns":4}],"seed_played":"-548390867833314217","potions_obtained":[{"floor":4,"key":"SpeedPotion"},{"floor":6,"key":"BlessingOfTheForge"}],"is_trial":false,"path_per_floor":["M","M","M","M","M","E","R","E"],"character_chosen":"THE_SILENT","items_purchased":[],"campfire_rested":1,"item_purchase_floors":[],"current_hp_per_floor":[59,53,47,44,28,8,27,14,14],"gold":116,"neow_bonus":"ONE_RARE_RELIC","is_daily":false,"chose_seed":false,"campfire_upgraded":0,"win_rate":0.0,"timestamp":1613022695,"path_taken":["M","M","M","M","M","E","R","E"],"items_purchased_type":[],"build_version":"2020-12-22","purchased_purges":0,"victory":false,"max_hp_per_floor":[66,66,66,66,66,66,66,66,66],"relic_stats":{"counters":[7,36],"Prayer Wheel":5,"Tiny Chest":0,"obtain_stats":[{"Prayer Wheel":0,"Tiny Chest":6,"Ring of the Snake":0},{"Prayer Wheel":0,"Tiny Chest":6,"Ring of the Snake":0},{"Prayer Wheel":0,"Tiny Chest":32,"Ring of the Snake":0}],"Ring of the Snake":[14]},"card_choices":[{"not_picked":["Quick Slash","PiercingWail"],"picked":"Infinite Blades","floor":1},{"not_picked":["Escape Plan","Slice"],"picked":"Caltrops","floor":1},{"not_picked":["Masterful Stab","Eviscerate"],"picked":"Dagger Throw","floor":2},{"not_picked":["Dash","Noxious Fumes"],"picked":"Skewer","floor":2},{"not_picked":["Sucker Punch","Blade Dance"],"picked":"Outmaneuver","floor":3},{"not_picked":["Slice","Crippling Poison"],"picked":"Flying Knee","floor":3},{"not_picked":["PiercingWail","Bane"],"picked":"Leg Sweep","floor":4},{"not_picked":["Outmaneuver","Choke","Deflect"],"picked":"SKIP","floor":4},{"not_picked":["Bane","Deflect"],"picked":"Bullet Time","floor":5},{"not_picked":["Quick Slash","Underhanded Strike"],"picked":"Acrobatics","floor":5},{"not_picked":["All Out Attack","Prepared","Flying Knee"],"picked":"SKIP","floor":6}],"player_experience":1040510,"relics_obtained":[{"floor":6,"key":"Tiny Chest"}],"event_choices":[],"is_beta":false,"boss_relics":[],"items_purged_floors":[],"is_endless":false,"potions_floor_spawned":[4,6],"killed_by":"Gremlin Nob","ascension_level":19}}