{"host":"eedodlo27pfhzv3w","time":1613039880,"event":{"mods":["BaseMod","Colored Map","Downfall","Minty Spire (QoL Compilation)","StSLib","SuperFastMode","The Death Knight","The Necromancer","Yuri Mod"],"gold_per_floor":[114,289,38,38,55,84,22,22,22,34,62,79,98,108,108,209,209,209,209,209],"floor_reached":19,"language":"ENG","playtime":676,"items_purged":[],"score":197,"play_id":"844ce849-9077-4623-a419-15209b79e9b6","local_time":"20210211113800","is_ascension_mode":true,"campfire_choices":[{"floor":8,"key":"RECALL"},{"floor":15,"key":"REST"}],"circlet_count":0,"master_deck":["Strike_G","Strike_G","Strike_G+1","Strike_G","Strike_G","Defend_G","Defend_G","Defend_G","Defend_G","Defend_G","Survivor","Neutralize","Footwork+1","Backflip","Doubt","Deadly Poison","Noxious Fumes","Slice","Glass Knife","Bouncing Flask","Catalyst","Bouncing Flask","Flying Knee","A Thousand Cuts","Cloak And Dagger"],"relics":["Ring of the Snake","Boot","Snake Skull","Blue Candle","Potion Belt","Ectoplasm"],"acts_visited":["Exordium","TheCity"],"potions_floor_usage":[6,11,14,16],"damage_taken":[{"damage":3,"enemies":"2 Louse","floor":1,"turns":4},{"damage":0,"enemies":"Small Slimes","floor":5,"turns":5},{"damage":18,"enemies":"3 Sentries","floor":6,"turns":7},{"damage":0,"enemies":"Cultist","floor":10,"turns":3},{"damage":22,"enemies":"Gremlin Nob","floor":11,"turns":4},{"damage":18,"enemies":"3 Louse","floor":12,"turns":4},{"damage":3,"enemies":"Blue Slaver","floor":13,"turns":3},{"damage":0,"enemies":"Exordium Wildlife","floor":14,"turns":2},{"damage":14,"enemies":"The Guardian","floor":16,"turns":7},{"damage":24,"enemies":"Shell Parasite","floor":18,"turns":4},{"damage":64,"enemies":"Masked Bandits","floor":19,"turns":3}],"seed_played":"-6226161659435852834","potions_obtained":[{"floor":1,"key":"Regen Potion"},{"floor":10,"key":"Energy Potion"},{"floor":12,"key":"LiquidMemories"},{"floor":14,"key":"Weak Potion"}],"is_trial":false,"path_per_floor":["M","?","$","?","M","E","?","R","T","M","E","M","M","M","R","B",null,"M","?"],"character_chosen":"THE_SILENT","items_purchased":["Boot","Deadly Poison","Noxious Fumes"],"campfire_rested":1,"item_purchase_floors":[3,3,3],"current_hp_per_floor":[67,67,67,53,53,50,50,50,50,50,28,10,7,7,28,14,70,46,0,0],"gold":209,"neow_bonus":"THREE_CARDS","is_daily":false,"chose_seed":false,"campfire_upgraded":0,"win_rate":0.0,"timestamp":1613039880,"path_taken":["M","?","$","?","M","E","?","R","T","M","E","?","M","M","R","BOSS","M","?"],"items_purchased_type":["Relic","Card","Card"],"build_version":"2020-12-22","purchased_purges":0,"victory":false,"max_hp_per_floor":[70,70,70,70,70,70,70,70,70,70,70,70,70,70,70,70,70,70,70,70],"card_choices":[{"not_picked":["Slice","Crippling Poison"],"picked":"Footwork","floor":0},{"not_picked":["Finisher","Underhanded Strike"],"picked":"Backflip","floor":1},{"not_picked":["Infinite Blades","Deadly Poison"],"picked":"Slice","floor":5},{"not_picked":["Blade Dance","Heel Hook"],"picked":"Glass Knife","floor":6},{"not_picked":["Predator","Dagger Spray"],"picked":"Bouncing Flask","floor":10},{"not_picked":["Outmaneuver","Backflip"],"picked":"Catalyst","floor":11},{"not_picked":["Dagger Throw","Terror","Well Laid Plans"],"picked":"SKIP","floor":12},{"not_picked":["Footwork","Distraction"],"picked":"Bouncing Flask","floor":13},{"not_picked":["Prepared","Sucker Punch"],"picked":"Flying Knee","floor":14},{"not_picked":["Die Die Die","Corpse Explosion"],"picked":"A Thousand Cuts","floor":16},{"not_picked":["Distraction","Slice"],"picked":"Cloak And Dagger","floor":18}],"player_experience":226596,"relics_obtained":[{"floor":6,"key":"Snake Skull"},{"floor":11,"key":"Potion Belt"}],"event_choices":[{"damage_healed":0,"gold_gain":175,"player_choice":"AGREE","damage_taken":0,"max_hp_gain":0,"max_hp_loss":0,"event_name":"Liars Game","floor":2,"gold_loss":0,"cards_obtained":["Doubt"]},{"damage_healed":0,"gold_gain":0,"player_choice":"Entered Light","damage_taken":14,"max_hp_gain":0,"max_hp_loss":0,"event_name":"Shining Light","floor":4,"gold_loss":0,"cards_upgraded":["Strike_G","Footwork"]},{"damage_healed":0,"gold_gain":0,"player_choice":"Paid Gold","damage_taken":0,"relics_obtained":["Blue Candle"],"max_hp_gain":0,"max_hp_loss":0,"event_name":"WeMeetAgain","floor":7,"gold_loss":62},{"damage_healed":0,"gold_gain":0,"player_choice":"Fought Bandits","damage_taken":0,"max_hp_gain":0,"max_hp_loss":0,"event_name":"Masked Bandits","floor":19,"gold_loss":0}],"is_beta":false,"boss_relics":[{"not_picked":["Velvet Choker","HoveringKite"],"picked":"Ectoplasm"}],"items_purged_floors":[],"is_endless":false,"potions_floor_spawned":[1,10,12,14],"killed_by":"Masked Bandits","ascension_level":2}}