{"host":"qgrlfjrqk9z96gfi","time":1613006726,"event":{"mods":["BaseMod","Block Reminder","Colored Map","Custom Start","DeckTracker","Minty Spire (QoL Compilation)"],"gold_per_floor":[115,129,32,32,32,64,64,64,91,108,138,138,168,168,168,263,263,278,313,313,34,34,34,34],"floor_reached":23,"language":"ENG","playtime":561,"items_purged":[],"score":506,"play_id":"7d88eaba-06df-465a-bab6-b9c48113bf8b","local_time":"20210210152526","is_ascension_mode":true,"campfire_choices":[{"data":"A Thousand Cuts","floor":7,"key":"SMITH"},{"floor":8,"key":"DIG"},{"floor":12,"key":"DIG"},{"floor":15,"key":"REST"}],"circlet_count":0,"master_deck":["AscendersBane","Strike_G","Strike_G","Defend_G","Defend_G","Defend_G","Defend_G","Defend_G","Survivor","Neutralize","Blade Dance","Blade Dance","Masterful Stab","Outmaneuver","A Thousand Cuts+1","Noxious Fumes","Endless Agony","Endless Agony","After Image","Infinite Blades+1","Accuracy+1"],"relics":["Ring of the Snake","WingedGreaves","Shovel","Bag of Preparation","Anchor","Ancient Tea Set","Shuriken","Singing Bowl","Bloody Idol","Empty Cage","Red Mask","InkBottle"],"acts_visited":["Exordium","TheCity"],"potions_floor_usage":[6,6,19,23],"damage_taken":[{"damage":2,"enemies":"2 Louse","floor":1,"turns":5},{"damage":0,"enemies":"Cultist","floor":2,"turns":3},{"damage":11,"enemies":"Gremlin Nob","floor":6,"turns":3},{"damage":0,"enemies":"Small Slimes","floor":10,"turns":2},{"damage":7,"enemies":"3 Sentries","floor":11,"turns":5},{"damage":10,"enemies":"Lagavulin","floor":13,"turns":3},{"damage":0,"enemies":"Slime Boss","floor":16,"turns":5},{"damage":11,"enemies":"Chosen","floor":18,"turns":6},{"damage":32,"enemies":"Masked Bandits","floor":19,"turns":5},{"damage":19,"enemies":"Gremlin Leader","floor":23,"turns":2}],"seed_played":"-7885845452530389333","potions_obtained":[{"floor":1,"key":"Fire Potion"},{"floor":10,"key":"Energy Potion"},{"floor":19,"key":"Block Potion"}],"is_trial":false,"path_per_floor":["M","M","$","?","?","E","R","R","T","M","E","R","E","?","R","B",null,"M","?","?","$","$","E"],"character_chosen":"THE_SILENT","items_purchased":["Masterful Stab","SteroidPotion","InkBottle"],"campfire_rested":1,"item_purchase_floors":[3,3,21],"current_hp_per_floor":[57,57,57,57,57,46,46,46,46,46,39,39,29,29,45,45,52,41,9,9,9,9,0,0],"gold":34,"neow_bonus":"ONE_RARE_RELIC","is_daily":false,"chose_seed":false,"campfire_upgraded":1,"win_rate":0.0,"timestamp":1613006726,"path_taken":["M","M","$","?","?","E","R","R","T","?","E","R","E","?","R","BOSS","M","?","?","?","$","E"],"items_purchased_type":["Card","Potion","Relic"],"build_version":"2020-12-22","purchased_purges":0,"victory":false,"max_hp_per_floor":[60,60,60,60,60,60,60,60,60,60,60,60,60,54,54,54,54,54,54,54,54,54,54,54],"card_choices":[{"not_picked":["Expertise","Caltrops"],"picked":"Blade Dance","floor":1},{"not_picked":["Bane","Slice"],"picked":"Blade Dance","floor":2},{"not_picked":["Dodge and Roll","Caltrops"],"picked":"A Thousand Cuts","floor":6},{"not_picked":["Masterful Stab","Prepared"],"picked":"Noxious Fumes","floor":10},{"not_picked":["Outmaneuver","Masterful Stab"],"picked":"Endless Agony","floor":11},{"not_picked":["Quick Slash","Poisoned Stab"],"picked":"Endless Agony","floor":13},{"not_picked":["Burst","A Thousand Cuts"],"picked":"After Image","floor":16},{"not_picked":["Dagger Spray","Cloak And Dagger"],"picked":"Infinite Blades+1","floor":18},{"not_picked":["PiercingWail","Dagger Spray"],"picked":"Accuracy+1","floor":19}],"player_experience":1125271,"relics_obtained":[{"floor":6,"key":"Shovel"},{"floor":8,"key":"Bag of Preparation"},{"floor":9,"key":"Anchor"},{"floor":11,"key":"Ancient Tea Set"},{"floor":12,"key":"Shuriken"},{"floor":13,"key":"Singing Bowl"},{"floor":19,"key":"Red Mask"}],"event_choices":[{"damage_healed":0,"gold_gain":0,"player_choice":"Ignored","damage_taken":0,"max_hp_gain":0,"max_hp_loss":0,"event_name":"Liars Game","floor":4,"gold_loss":0},{"damage_healed":0,"gold_gain":0,"cards_transformed":["Strike_G"],"player_choice":"Transformed","damage_taken":0,"max_hp_gain":0,"max_hp_loss":0,"event_name":"Transmorgrifier","floor":5,"gold_loss":0,"cards_obtained":["Outmaneuver"]},{"damage_healed":0,"gold_gain":0,"player_choice":"Lose Max HP","damage_taken":0,"relics_obtained":["Golden Idol"],"max_hp_gain":0,"max_hp_loss":6,"event_name":"Golden Idol","floor":14,"gold_loss":0},{"damage_healed":0,"gold_gain":0,"player_choice":"Fought Bandits","damage_taken":0,"max_hp_gain":0,"max_hp_loss":0,"event_name":"Masked Bandits","floor":19,"gold_loss":0},{"damage_healed":0,"gold_gain":0,"player_choice":"Gave Idol","damage_taken":0,"relics_obtained":["Bloody Idol"],"max_hp_gain":0,"max_hp_loss":0,"event_name":"Forgotten Altar","floor":20,"relics_lost":["Golden Idol"],"gold_loss":0}],"is_beta":false,"boss_relics":[{"not_picked":["Black Star","Snecko Eye"],"picked":"Empty Cage"}],"items_purged_floors":[],"is_endless":false,"potions_floor_spawned":[1,10,19],"killed_by":"Gremlin Leader","ascension_level":20}}